2066 3126
618 399 1414 509 PB/EFATIO

997 615 1029 636 IN

736 729 1027 782 QUARTUM
1063 727 1302 774 TOMUM.

227 1061 298 1091 Iam
313 1060 478 1099 attigimus
491 1058 729 1089 Commentaria
743 1068 801 1089 seu
814 1059 971 1090 Homilias
985 1058 1017 1089 S.
1038 1058 1173 1090 Joannis
1189 1058 1457 1099 Chrysostomiin
1471 1058 1669 1099 Scripturam
1683 1068 1807 1092 sacram
1820 1084 1830 1098 ,

190 1109 262 1139 quae
275 1100 349 1139 jure
372 1098 421 1129 vel
433 1099 665 1139 commentaria
684 1099 734 1128 vel
760 1099 933 1139 conciones
949 1099 1056 1129 vocari
1073 1101 1231 1137 possunt,
1248 1098 1326 1137 quia
1341 1098 1373 1128 in
1392 1098 1661 1139 illis_interpretis
1684 1100 1780 1130 simul
1796 1105 1828 1132 et

189 1137 378 1170 Christianae
396 1139 570 1177 disciplinae
596 1138 735 1169 doctoris
751 1138 818 1177 agit
835 1137 986 1169 ofﬁcium.
1002 1139 1149 1168 Prmeunt
1165 1140 1275 1169 autem
1297 1138 1419 1167 caeteris
1442 1137 1589 1168 Homilize
1607 1139 1640 1168 in
1660 1139 1828 1175 Genesim,

212 1189 261 1210 me
274 1187 410 1209 numero
426 1176 595 1218 sexaginta
609 1180 731 1218 septem
745 1176 849 1208 totum
857 1178 978 1218 librum
992 1178 1176 1208 absolvunt.
1191 1177 1247 1218 His
1260 1176 1477 1218 subjiciuntur
1491 1176 1660 1218 Sermones
1670 1187 1785 1210 novem
1799 1180 1830 1209 in

218 1219 352 1254 enesim,
365 1219 500 1256 aliquot,
511 1216 552 1248 ut
566 1217 704 1252 videtur,
715 1217 809 1248 annis
828 1217 903 1248 editi
915 1220 1091 1256 antequam
1105 1219 1207 1247 totum
1221 1217 1339 1247 librum
1360 1216 1638 1256 interpretaretur.
1655 1217 1720 1248 Hos
1740 1219 1832 1249 exci-

188 1255 435 1297 piuntHomilial
450 1258 595 1297 quinque
607 1257 640 1287 in
656 1259 783 1297 Annam
795 1259 931 1287 matrem
945 1255 1115 1297 Samuelis,
1131 1265 1203 1297 quae
1211 1256 1294 1297 olim
1301 1264 1369 1297 sex
1383 1255 1483 1292 fuere,
1503 1256 1557 1286 sed
1570 1265 1635 1286 una
1645 1265 1762 1297 earum
1778 1258 1832 1288 in-

188 1295 286 1328 teriit.
310 1298 433 1337 Agmen
460 1295 615 1327 claudunt
629 1299 695 1327 tres
713 1296 861 1327 Homiliaa
884 1297 918 1327 in
933 1296 1086 1328 Davidem
1100 1298 1132 1326 et
1144 1296 1284 1327 Saﬁlcm.
1301 1295 1338 1326 In
1357 1295 1426 1326 hzec
1439 1298 1547 1326 autem
1565 1296 1674 1327 omnia
1683 1297 1830 1336 quaedam

189 1337 240 1366 hic
252 1336 453 1366 observanda
464 1338 551 1366 sunt.

189 1337 240 1368 hic
252 1337 453 1368 observanda
464 1338 551 1367 sunt.

207 1399 220 1434 §
237 1399 261 1429 I.
278 1399 323 1429 De
338 1407 465 1428 numero
481 1397 694 1428 Homitiarum
707 1398 742 1428 in
754 1398 905 1432 Genesim,
927 1402 956 1428 et
972 1397 1185 1429 Antiochiam
1198 1406 1239 1427 an
1252 1396 1531 1437 Constantinopoli
1546 1397 1660 1428 habitae
1673 1398 1804 1436 fuerint.

229 1462 275 1491 De
288 1460 429 1491 homiliis
451 1460 539 1491 hisce
553 1468 620 1490 non
634 1468 739 1499 pauca
753 1459 881 1490 disserit
894 1459 1038 1496 Photius,
1054 1468 1126 1498 quas
1140 1459 1172 1490 in
1188 1461 1350 1498 postremo
1360 1460 1461 1490 Tomo
1472 1468 1538 1490 una
1554 1469 1626 1490 cum
1640 1461 1712 1491 aliis
1725 1471 1766 1492 ex
1783 1471 1831 1493 co-

187 1500 258 1530 dem
269 1501 426 1541 scriptore
439 1500 599 1541 excerptis
609 1500 865 1541 publicabuntur
880 1509 887 1529 :
901 1500 1031 1541 interim
1042 1508 1119 1530 vero
1135 1499 1202 1541 haec
1217 1499 1402 1541 annotanda
1418 1501 1493 1530 sunt
1513 1509 1521 1529 :
1547 1500 1694 1541 Photium
1715 1510 1829 1541 nempe

187 1538 354 1579 sexaginta
371 1543 401 1569 et
414 1548 512 1576 “nan
531 1540 678 1570 homilias
693 1541 725 1569 in
741 1539 891 1570 Genesim
907 1548 942 1569 se
957 1539 1074 1570 vidisse
1089 1538 1252 1569 testiﬁcari
1268 1548 1276 1568 :
1293 1547 1334 1568 ne
1357 1541 1465 1579 autem
1480 1548 1625 1570 errorem
1640 1539 1673 1569 in
1692 1538 1827 1572 numero

187 1578 292 1610 inesse
308 1582 471 1618 putemus,
487 1579 573 1609 addit
587 1587 642 1610 eas
660 1588 696 1609 se
710 1579 862 1610 habuisse
873 1579 975 1609 tribus
991 1579 1210 1618 voluminibus
1224 1578 1489 1618 comprehensas,
1505 1588 1645 1617 quorum
1665 1589 1768 1610 unum
1784 1581 1829 1611 vi-

186 1619 265 1658 ginti
289 1617 438 1649 homilias
454 1619 603 1653 habebat,
629 1618 807 1649 secundum
824 1618 1004 1655 sexdecim,
1020 1619 1151 1648 tertium
1168 1617 1444 1658 vigintiquinque
1459 1628 1467 1654 ;
1487 1618 1572 1649 unde
1595 1619 1627 1648 id
1644 1621 1828 1651 necessario

188 1657 398 1698 consequitur
413 1680 422 1694 ,
437 1659 488 1688 vel
506 1658 577 1688 illas
592 1666 673 1696 quas
698 1667 834 1688 numero
847 1658 891 1698 677
908 1657 1004 1688 hodie
1028 1657 1369 1698 habemushomilias,
1386 1658 1464 1687 olim
1475 1658 1509 1698 in
1523 1658 1693 1697 pauciores
1708 1660 1827 1691 divisas

187 1697 301 1733 fuisse,
316 1699 365 1728 vel
378 1698 481 1728 Photii
497 1698 663 1736 exemplar
677 1706 743 1728 non
759 1706 870 1728 omnes
883 1697 917 1727 in
933 1697 1084 1728 Genesim
1100 1697 1249 1728 homilias
1265 1697 1469 1736 complexum
1483 1697 1592 1728 fuisse.
1612 1697 1680 1728 Hoc
1694 1701 1828 1737 postre—

187 1747 274 1768 mum
294 1738 445 1768 libentius
469 1737 595 1767 credam
610 1747 619 1777 ς
636 1737 754 1768 etenim
775 1745 885 1767 omnes
911 1745 994 1777 quas
1015 1737 1187 1777 sexaginta
1213 1740 1334 1777 septem
1355 1745 1491 1767 numero
1518 1737 1672 1768 habemus
1689 1738 1827 1770 homilias

187 1786 246 1808 suo
261 1777 400 1816 gaudent
413 1777 545 1806 exordio
559 1779 591 1807 et
601 1776 674 1812 ﬁne,
689 1777 870 1815 incipientis
881 1775 1228 1808 ac’desinentis'notam
1237 1775 1549 1814 praeferentibus.Ex
1565 1777 1604 1807 iis
1620 1781 1728 1808 autem
1744 1779 1827 1809 Pho-

187 1817 250 1847 tius
267 1817 377 1855 viginti
393 1819 513 1856 septem
531 1816 562 1846 in
576 1816 829 1855 Quadragesima
844 1817 973 1848 habitas
986 1817 1082 1853 dicit;
1106 1825 1178 1847 cum
1193 1818 1300 1846 tamen
1317 1816 1351 1846 in
1368 1816 1533 1856 hodiernis
1548 1817 1697 1847 omnibus
1715 1827 1828 1848 exem-

187 1856 476 1902 plaribus-triginta
490 1855 560 1886 dua:
576 1856 609 1902 in
623 1855 876 1902 Quadragesima
894 1857 1009 1902 habitas
1037 1856 1207 1902 ferantur;_
1225 1864 1263 1886 ac
1277 1855 1411 1902 proinde
1435 1859 1560 1902 certum
1581 1859 1631 1902 es_t_
1644 1856 1676 1902 in
1687 1857 1826 1902 _du_obu_s

187 1896 298 1935 primis
312 1895 459 1926 Photiani
476 1896 669 1934 exemplaris
685 1895 779 1925 tomis
795 1896 940 1934 quinque
959 1896 1108 1926 homilias
1123 1895 1264 1925 defuisse
1278 1905 1286 1930 ;
1303 1895 1364 1925 nisi
1381 1897 1487 1935 tamen
1503 1895 1590 1926 id-ex
1602 1895 1769 1927 divisionis
1780 1897 1827 1927 di-

188 1934 337 1966 versitate
352 1935 523 1974 prodierit,
540 1935 626 1973 quod
648 1944 732 1974 aegre
752 1935 950 1965 admiserim.
975 1935 1062 1965 Idem
1089 1943 1166 1966 vero
1187 1935 1317 1965 Photius
1340 1934 1549 1965 subdubitare
1566 1935 1695 1965 videtur
1705 1937 1827 1967 Antio—

187 1975 308 2005 chiene
321 1997 329 2009 ,
347 1983 390 2005 an
402 1974 682 2013 Constantinopoli
702 1974 751 2005 ha:
763 1974 901 2004 homilim
914 1974 1032 2005 habitae
1045 1974 1175 2005 fuerint.
1196 1974 1336 2004 Savilius
1353 1976 1461 2004 autem
1481 1974 1583 2004 Photii
1612 1983 1691 2005 usus
1709 1978 1827 2006 aucto—

187 2014 280 2045 ritate
295 2014 341 2044 sic
357 2015 550 2045 sententiam
577 2013 736 2052 expromit
751 2022 843 2044 suam
860 2023 867 2042 :
886 2025 900 2042 α
917 2014 962 2044 De
977 2014 1049 2044 loco
1076 2016 1108 2044 et
1137 2016 1280 2052 tempore
1306 2013 1471 2053 assentior
1495 2014 1598 2043 Photii
1618 2014 1825 2053 conjecturis,

188 2053 313 2094 habitas
335 2063 405 2084 esse
432 2053 728 2094 Constantinopoli,
747 2052 833 2092 quod
852 2053 902 2094 vel
919 2053 1047 2094 phrasis
1072 2053 1143 2094 ipsa
1171 2052 1301 2094 indicat,
1313 2053 1448 2094 _ut¥ipse
1465 2052 1621 2094 loquitur,
1645 2052 1827 2094 inin/crius

188 2092 323 2131 delapsa,
341 2095 375 2123 ut
387 2095 463 2123 sunt
475 2093 629 2132 pleraque
650 2093 719 2132 ejus
734 2093 853 2131 scripta
868 2093 1225 2132 Constantinopolitana
1246 2092 1454 2132 Antiochenis
1476 2093 1583 2123 minus
1611 2092 1781 2130 accurata;
1795 2097 1827 2125 et

188 2137 301 2163 auctor
309 2132 389 2163 Vita;
402 2132 622 2172 Chrysostomi
641 2131 710 2171 cap.
730 2132 769 2161 36
782 2132 868 2162 hunc
883 2133 999 2163 librum
1013 2133 1046 2162 in
1071 2131 1231 2172 Genesim
1244 2132 1334 2172 ponit
1351 2131 1434 2172 inter
1448 2135 1582 2170 excepta
1608 2140 1627 2163 a
1641 2133 1756 2164 scribis
1769 2156 1777 2170 ,
1793 2136 1826 2165 et

187 2172 280 2202 annis
298 2170 501 2211 episcopatus
516 2173 565 2202 sui
583 2170 723 2202 secundo
732 2174 763 2201 et
777 2174 905 2210 quarto,
922 2172 982 2202 hoc
995 2176 1043 2202 est
1055 2172 1149 2202 annis
1158 2171 1275 2201 Christi
1289 2171 1348 2200 399
1362 2174 1393 2201 et
1414 2170 1469 2201 1ιο1
1480 2190 1490 2199 .
1504 2182 1517 2199 ι)

226 2210 430 2251 Atjudicium
448 2211 630 2251 hujusmodi
647 2211 720 2241 inde
736 2213 915 2249 sumptum,
931 2211 1016 2250 quod
1027 2220 1099 2251 qua;
1114 2210 1292 2241 Antiochiae
1308 2210 1405 2251 edidit
1423 2211 1672 2251 Chrysostomus
1694 2220 1827 2244 accura-

188 2250 352 2282 tiora'sint
366 2251 418 2286 iis,
434 2250 506 2289 quae
520 2250 822 2289 Constantinopoli,
850 2251 1022 2281 admodum
1052 2250 1152 2281 fallax
1169 2252 1218 2280 est
1233 2271 1241 2285 ,
1266 2252 1301 2280 ut
1317 2250 1433 2280 fatetur
1447 2251 1514 2289 ipse
1533 2250 1670 2281 Savilius
1689 2252 1720 2282 in
1737 2253 1822 2283 notis

189 2300 219 2329 p.
231 2290 302 2320 227.
327 2291 387 2320 Hic
402 2299 479 2320 vero
495 2299 627 2329 prorsus
643 2290 758 2320 falsum
772 2290 943 2320 statuimus
961 2299 1032 2321 esse
1049 2299 1056 2319 :
1075 2299 1149 2320 nam
1174 2290 1223 2320 hae
1238 2290 1270 2318 in
1286 2289 1437 2320 Genesim
1449 2289 1588 2320 homilia:
1602 2313 1610 2326 ,
1626 2300 1699 2329 quas
1716 2292 1824 2323 minus

189 2332 341 2360 accurato
351 2352 359 2365 ,
374 2338 471 2368 quam
485 2330 557 2360 alia;
572 2329 605 2359 in
618 2332 793 2368 utrumque
808 2330 1051 2360 Testamentum
1064 2351 1072 2364 ,
1088 2330 1171 2369 stylo
1186 2331 1376 2369 conscripta;
1398 2332 1476 2369 sunt
1489 2351 1498 2366 ,
1514 2329 1692 2361 Antiochia:
1707 2332 1827 2362 certis-

188 2370 266 2400 sime
288 2370 403 2399 habitae
427 2369 527 2400 fuere.
547 2369 651 2408 Hujus
667 2369 712 2399 rei
728 2372 957 2408 argumentum
971 2368 1176 2408 perspicuum
1193 2368 1376 2407 suppeditat
1389 2368 1638 2408 Chrysostomus
1654 2370 1746 2400 initio
1762 2371 1827 2400 Ho-

187 2409 281 2450 milize
299 2409 337 2438 33
358 2409 390 2438 in
409 2409 571 2450 Genesim.
586 2409 667 2450 Nam
679 2416 810 2450 causam
822 2409 973 2450 aperiens
979 2417 1044 2450 _cur
1059 2408 1320 2450 Homiliarumjn
1335 2408 1485 2450 Genesim
1496 2417 1630 2450 cursum
1644 2411 1826 2450 postqtrige-

187 2449 300 2492 simam
312 2448 485 2492 secundam
500 2449 782 2492 interpellavisset,
794 2448 860 2492 haec
872 2449 918 2478 ait
932 2458 939 2477 :
956 2448 1038 2478 Nam
1051 2451 1166 2492 sancta
1180 2447 1362 2492 festivitatis
1378 2447 1530 2492 adventus
1537 2447 1653 2492 seriem
1673 2448 1763 2479 nobis
1773 2447 1827 2480 in-

187 2487 373 2527 terpellavit.
390 2487 495 2527 Neque
509 2487 589 2517 enim
608 2496 668 2526 par
689 2491 766 2527 erat,
783 2492 817 2517 ut
832 2487 906 2517 dum
920 2496 1041 2527 crucem
1057 2486 1186 2517 Domini
1204 2486 1439 2527 celebrarcmus,
1448 2487 1484 2517 de
1499 2487 1572 2517 aliis
1587 2496 1753 2519 sermonem
1766 2499 1826 2520 vo—

186 2526 564 2572 bis'aﬁ‘erremusimensa
578 2531 679 2572 autem
691 2526 778 2572 vobjs
790 2526 974 2572 opponenda
988 2531 1053 2557 erat
1068 2527 1134 2572 suis
1147 2535 1288 2572 congrua
1296 2526 1686 2572 temporibus._.Et_idcirco
1700 2529 1823 2567 quando

185 2565 347 2597 venit’dies
363 2565 555 2600 traditionis,
567 2566 716 2606 continua
729 2565 880 2596 doctrina:
887 2566 968 2606 serie
977 2570 1103 2606 resecta,
1115 2566 1320 2605 prwsentibus
1330 2575 1397 2606 quo:
1411 2565 1562 2606 urgebant
1576 2575 1634 2596 nos
1650 2565 1825 2606 accommo-

185 2605 304 2639 dantes,
323 2607 360 2645 iin
369 2605 566 2645 proditorem
579 2605 719 2645 linguam
733 2605 909 2635 taxavimus
925 2615 935 2636 :
949 2605 1059 2636 deinde
1072 2604 1221 2645 de’cruce
1234 2604 1345 2645 aliqua
1354 2605 1387 2635 in
1450 2604 1582 2635 medium
1621 2604 1820 2643 protulimus.

188 2645 309 2681 Postea,
317 2643 507 2674 illucescente
514 2643 825 2682 Resurrectionisdie,
839 2645 1046 2676 necessarium
1060 2649 1126 2675 erat
1154 2649 1190 2674 ut
1205 2644 1241 2674 de
1262 2643 1500 2675 Resurrectione
1516 2645 1645 2675 Domini
1660 2646 1824 2676 caritatem

186 2689 317 2724 oestrum
330 2685 508 2724 duceremus
523 2694 533 2713 :
551 2684 791 2724 etrsequentibus
805 2683 990 2724 diebus,per
1002 2693 1036 2714 ea
1049 2685 1202 2714 miracula
1218 2693 1284 2723 qua
1298 2689 1371 2713 tunc
1383 2684 1565 2724 factaisunt,
1582 2686 1822 2716 resurrectionis

185 2723 407 2770 demonstratio
425 2723 537 2753 iterum
551 2721 707 2764 a/ferénda
730 2727 796 2768 erat
811 2733 820 2752 :
833 2721 958 2770 quando
970 2723 1064 2770 etiam
1075 2721 1300 2770 ᾼρ-ρειᾳιόναγη
1313 2723 1392 2770 ᾼοια
1402 2723 1571 2770 ςᾳξρῖᾳζιανε
1585 2725 1739 2770 coepimus,
1752 2725 1824 2755 inde

186 2762 271 2804 uobis
282 2763 435 2804 continua
448 2762 637 2802 opponentes
653 2763 807 2804 convicia,
825 2766 853 2792 et
876 2762 991 2794 crebris
1017 2762 1268 2804 quotidianisque
1282 2762 1550 2793 admonitionibus
1564 2762 1699 2804 eos,’qui
1724 2774 1823 2804 nuper

187 2801 329 2841 baptismi
343 2802 479 2842 gratiam
492 2801 672 2841 acceperant
683 2825 691 2835 .
709 2801 919 2837 exhortantes.

355 2866 492 2896 Pnnoc.
512 2864 570 2894 Gn.
594 2863 672 2894 LIII.
1619 2862 1634 2892 ί

962 3057 998 3114 5

1014 3053 1053 3114 1

1068 3055 1106 3114 '7
