  <div class='ocr_page' id='page_1' title='image "/cluster/home/n/w/nwhite01/storage/ocr_20150623/53-54/njp.32101077772638/017.png"; bbox 0 0 2066 3126; ppageno 0'>
   <div class='ocr_carea' id='block_1_1' title="bbox 235 138 1873 181">
    <p class='ocr_par' dir='ltr' id='par_1_1' title="bbox 235 138 1873 181">
     <span class='ocr_line' id='line_1_1' title="bbox 235 138 1873 181; baseline -0.001 -15"><span class='ocrx_word' id='word_1_1' title='bbox 235 139 264 166; x_wconf 76' lang='lat'><strong>11</strong></span> <span class='ocrx_word' id='word_1_2' title='bbox 948 138 1140 169; x_wconf 68' lang='grc' dir='ltr'><strong>ΡΜιιτΑτιο.</strong></span> <span class='ocrx_word' id='word_1_3' title='bbox 1839 154 1873 181; x_wconf 57' lang='grc' dir='ltr'><strong>,ρ</strong></span> 
     </span>
    </p>
   </div>
   <div class='ocr_carea' id='block_1_2' title="bbox 236 185 1863 234">
    <p class='ocr_par' dir='ltr' id='par_1_2' title="bbox 236 185 1863 234">
     <span class='ocr_line' id='line_1_2' title="bbox 236 185 1863 234; baseline 0.006 -20"><span class='ocrx_word' id='word_1_4' title='bbox 236 185 385 234; x_wconf 64' lang='lat' dir='ltr'><strong>habuerit</strong></span> <span class='ocrx_word' id='word_1_5' title='bbox 395 185 656 234; x_wconf 41' lang='lat' dir='ltr'><strong>glirys’ostomus:</strong></span> <span class='ocrx_word' id='word_1_6' title='bbox 669 187 702 217; x_wconf 90' lang='lat' dir='ltr'><strong>ld</strong></span> <span class='ocrx_word' id='word_1_7' title='bbox 718 196 818 234; x_wconf 74' lang='lat' dir='ltr'><strong>unum</strong></span> <span class='ocrx_word' id='word_1_8' title='bbox 834 188 903 234; x_wconf 78' lang='lat' dir='ltr'><strong>sine</strong></span> <span class='ocrx_word' id='word_1_9' title='bbox 916 188 1014 234; x_wconf 77' lang='lat' dir='ltr'><strong>dubio</strong></span> <span class='ocrx_word' id='word_1_10' title='bbox 1025 190 1160 220; x_wconf 79' lang='lat' dir='ltr'><strong>dicimus</strong></span> <span class='ocrx_word' id='word_1_11' title='bbox 1174 213 1182 227; x_wconf 94' lang='lat'><strong>,</strong></span> <span class='ocrx_word' id='word_1_12' title='bbox 1200 198 1478 234; x_wconf 53' lang='lat' dir='ltr'><strong>magnaurgorum</strong></span> <span class='ocrx_word' id='word_1_13' title='bbox 1494 193 1617 230; x_wconf 85' lang='lat' dir='ltr'><strong>partem</strong></span> <span class='ocrx_word' id='word_1_14' title='bbox 1633 192 1669 234; x_wconf 84' lang='lat' dir='ltr'><strong>in</strong></span> <span class='ocrx_word' id='word_1_15' title='bbox 1679 192 1863 234; x_wconf 73' lang='lat' dir='ltr'><strong>Quadi-age-</strong></span> 
     </span>
    </p>
   </div>
   <div class='ocr_carea' id='block_1_3' title="bbox 235 225 1864 269">
    <p class='ocr_par' dir='ltr' id='par_1_3' title="bbox 235 225 1864 269">
     <span class='ocr_line' id='line_1_3' title="bbox 235 225 1864 269; baseline 0.006 -16"><span class='ocrx_word' id='word_1_16' title='bbox 235 225 315 254; x_wconf 89' lang='lat' dir='ltr'><strong>sima</strong></span> <span class='ocrx_word' id='word_1_17' title='bbox 334 225 474 255; x_wconf 90' lang='lat' dir='ltr'><strong>habitam</strong></span> <span class='ocrx_word' id='word_1_18' title='bbox 490 226 609 269; x_wconf 75' lang='lat' dir='ltr'><strong>fuisse:</strong></span> <span class='ocrx_word' id='word_1_19' title='bbox 624 227 777 266; x_wconf 91' lang='lat' dir='ltr'><strong>illamque</strong></span> <span class='ocrx_word' id='word_1_20' title='bbox 789 228 1072 269; x_wconf 78' lang='lat' dir='ltr'><strong>Quadragesimam</strong></span> <span class='ocrx_word' id='word_1_21' title='bbox 1087 238 1152 259; x_wconf 92' lang='lat' dir='ltr'><strong>non</strong></span> <span class='ocrx_word' id='word_1_22' title='bbox 1167 225 1237 260; x_wconf 83' lang='lat' dir='ltr'><strong>esse</strong></span> <span class='ocrx_word' id='word_1_23' title='bbox 1251 225 1329 260; x_wconf 75' lang='lat' dir='ltr'><strong>anni</strong></span> <span class='ocrx_word' id='word_1_24' title='bbox 1343 230 1412 266; x_wconf 83' lang='lat'><strong>386,</strong></span> <span class='ocrx_word' id='word_1_25' title='bbox 1429 231 1461 260; x_wconf 94' lang='lat' dir='ltr'><strong>in</strong></span> <span class='ocrx_word' id='word_1_26' title='bbox 1476 225 1541 269; x_wconf 73' lang='lat' dir='ltr'><strong>qua</strong></span> <span class='ocrx_word' id='word_1_27' title='bbox 1556 234 1628 261; x_wconf 90' lang='lat' dir='ltr'><strong>octo</strong></span> <span class='ocrx_word' id='word_1_28' title='bbox 1640 232 1681 262; x_wconf 89' lang='lat' dir='ltr'><strong>ab</strong></span> <span class='ocrx_word' id='word_1_29' title='bbox 1690 225 1746 262; x_wconf 52' lang='lat' dir='ltr'><strong>‘his</strong></span> <span class='ocrx_word' id='word_1_30' title='bbox 1761 225 1864 263; x_wconf 53' lang='lat' dir='ltr'><strong>diver-</strong></span> 
     </span>
    </p>
   </div>
   <div class='ocr_carea' id='block_1_4' title="bbox 235 266 1864 308">
    <p class='ocr_par' dir='ltr' id='par_1_4' title="bbox 235 266 1864 308">
     <span class='ocr_line' id='line_1_4' title="bbox 235 266 1864 308; baseline 0.006 -15"><span class='ocrx_word' id='word_1_31' title='bbox 235 272 287 293; x_wconf 84' lang='lat' dir='ltr'><strong>sos</strong></span> <span class='ocrx_word' id='word_1_32' title='bbox 314 274 478 295; x_wconf 83' lang='lat' dir='ltr'><strong>sermones</strong></span> <span class='ocrx_word' id='word_1_33' title='bbox 500 266 627 308; x_wconf 66' lang='lat' dir='ltr'><strong>habuit;</strong></span> <span class='ocrx_word' id='word_1_34' title='bbox 641 275 746 308; x_wconf 80' lang='lat' dir='ltr'><strong>neque</strong></span> <span class='ocrx_word' id='word_1_35' title='bbox 766 267 841 297; x_wconf 92' lang='lat' dir='ltr'><strong>anni</strong></span> <span class='ocrx_word' id='word_1_36' title='bbox 859 266 936 308; x_wconf 64' lang='lat'><strong>387,</strong></span> <span class='ocrx_word' id='word_1_37' title='bbox 951 277 1049 307; x_wconf 87' lang='lat' dir='ltr'><strong>quam</strong></span> <span class='ocrx_word' id='word_1_38' title='bbox 1063 278 1146 307; x_wconf 89' lang='lat' dir='ltr'><strong>pene</strong></span> <span class='ocrx_word' id='word_1_39' title='bbox 1160 271 1259 300; x_wconf 89' lang='lat' dir='ltr'><strong>totam</strong></span> <span class='ocrx_word' id='word_1_40' title='bbox 1274 270 1307 299; x_wconf 89' lang='lat' dir='ltr'><strong>in</strong></span> <span class='ocrx_word' id='word_1_41' title='bbox 1320 266 1516 308; x_wconf 83' lang='lat' dir='ltr'><strong>deploranda</strong></span> <span class='ocrx_word' id='word_1_42' title='bbox 1533 271 1807 302; x_wconf 83' lang='lat' dir='ltr'><strong>Antiochenorum</strong></span> <span class='ocrx_word' id='word_1_43' title='bbox 1822 274 1864 303; x_wconf 90' lang='lat' dir='ltr'><strong>ob</strong></span> 
     </span>
    </p>
   </div>
   <div class='ocr_carea' id='block_1_5' title="bbox 233 306 897 345">
    <p class='ocr_par' dir='ltr' id='par_1_5' title="bbox 233 306 897 345">
     <span class='ocr_line' id='line_1_5' title="bbox 233 306 897 345; baseline 0.006 -13"><span class='ocrx_word' id='word_1_44' title='bbox 233 311 362 335; x_wconf 86' lang='lat' dir='ltr'><strong>eversas</strong></span> <span class='ocrx_word' id='word_1_45' title='bbox 377 307 498 335; x_wconf 86' lang='lat' dir='ltr'><strong>statuas</strong></span> <span class='ocrx_word' id='word_1_46' title='bbox 514 306 694 336; x_wconf 78' lang='lat' dir='ltr'><strong>calamitate</strong></span> <span class='ocrx_word' id='word_1_47' title='bbox 709 307 897 345; x_wconf 90' lang='lat' dir='ltr'><strong>absumpsit.</strong></span> 
     </span>
    </p>
   </div>
   <div class='ocr_carea' id='block_1_6' title="bbox 578 367 1529 406">
    <p class='ocr_par' dir='ltr' id='par_1_6' title="bbox 578 367 1529 406">
     <span class='ocr_line' id='line_1_6' title="bbox 578 367 1529 406; baseline 0.005 -10"><span class='ocrx_word' id='word_1_48' title='bbox 578 368 593 404; x_wconf 83' lang='lat'>§</span> <span class='ocrx_word' id='word_1_49' title='bbox 609 367 663 396; x_wconf 88' lang='lat' dir='ltr'><strong>III.</strong></span> <span class='ocrx_word' id='word_1_50' title='bbox 679 367 724 396; x_wconf 81' lang='lat' dir='ltr'><strong>De</strong></span> <span class='ocrx_word' id='word_1_51' title='bbox 737 368 817 406; x_wconf 75' lang='lat' dir='ltr'><strong>ston</strong></span> <span class='ocrx_word' id='word_1_52' title='bbox 832 367 1046 406; x_wconf 77' lang='lat' dir='ltr'><strong>Chrysostomi</strong></span> <span class='ocrx_word' id='word_1_53' title='bbox 1059 369 1092 399; x_wconf 78' lang='lat' dir='ltr'><strong>in</strong></span> <span class='ocrx_word' id='word_1_54' title='bbox 1105 368 1153 399; x_wconf 74' lang='lat' dir='ltr'><strong>his</strong></span> <span class='ocrx_word' id='word_1_55' title='bbox 1168 369 1201 400; x_wconf 79' lang='lat' dir='ltr'><strong>in</strong></span> <span class='ocrx_word' id='word_1_56' title='bbox 1214 369 1354 400; x_wconf 77' lang='lat' dir='ltr'><strong>Genesim</strong></span> <span class='ocrx_word' id='word_1_57' title='bbox 1369 370 1403 400; x_wconf 84' lang='grc' dir='ltr'><em>Η</em></span> <span class='ocrx_word' id='word_1_58' title='bbox 1406 370 1529 402; x_wconf 67' lang='lat' dir='ltr'><strong>omittis.</strong></span> 
     </span>
    </p>
   </div>
   <div class='ocr_carea' id='block_1_7' title="bbox 271 427 1866 470">
    <p class='ocr_par' dir='ltr' id='par_1_7' title="bbox 271 427 1866 470">
     <span class='ocr_line' id='line_1_7' title="bbox 271 427 1866 470; baseline 0.004 -13"><span class='ocrx_word' id='word_1_59' title='bbox 271 427 415 470; x_wconf 82' lang='lat' dir='ltr'><strong>Photius,</strong></span> <span class='ocrx_word' id='word_1_60' title='bbox 431 436 502 470; x_wconf 85' lang='lat' dir='ltr'><strong>cap.</strong></span> <span class='ocrx_word' id='word_1_61' title='bbox 519 427 588 470; x_wconf 59' lang='lat'><strong>172,</strong></span> <span class='ocrx_word' id='word_1_62' title='bbox 604 427 642 470; x_wconf 85' lang='lat' dir='ltr'><strong>de</strong></span> <span class='ocrx_word' id='word_1_63' title='bbox 656 427 739 470; x_wconf 84' lang='lat' dir='ltr'><strong>stylo</strong></span> <span class='ocrx_word' id='word_1_64' title='bbox 753 427 1018 470; x_wconf 17' lang='lat' dir='ltr'><strong>Chrysostomi‘in</strong></span> <span class='ocrx_word' id='word_1_65' title='bbox 1035 428 1083 458; x_wconf 91' lang='lat' dir='ltr'><strong>his</strong></span> <span class='ocrx_word' id='word_1_66' title='bbox 1097 428 1245 470; x_wconf 79' lang='lat' dir='ltr'><strong>Homiliis</strong></span> <span class='ocrx_word' id='word_1_67' title='bbox 1262 429 1473 470; x_wconf 16' lang='lat' dir='ltr'><strong>loquens.rait</strong></span> <span class='ocrx_word' id='word_1_68' title='bbox 1484 431 1553 470; x_wconf 89' lang='lat' dir='ltr'><strong>ejus</strong></span> <span class='ocrx_word' id='word_1_69' title='bbox 1568 430 1738 462; x_wconf 79' lang='lat' dir='ltr'><strong>dictionem</strong></span> <span class='ocrx_word' id='word_1_70' title='bbox 1751 433 1866 464; x_wconf 87' lang='lat' dir='ltr'><strong>istius-</strong></span> 
     </span>
    </p>
   </div>
   <div class='ocr_carea' id='block_1_8' title="bbox 233 467 1866 511">
    <p class='ocr_par' dir='ltr' id='par_1_8' title="bbox 233 467 1866 511">
     <span class='ocr_line' id='line_1_8' title="bbox 233 467 1866 511; baseline 0.004 -15"><span class='ocrx_word' id='word_1_71' title='bbox 233 467 320 511; x_wconf 70' lang='lat' dir='ltr'><strong>modi</strong></span> <span class='ocrx_word' id='word_1_72' title='bbox 333 476 415 511; x_wconf 68' lang='lat' dir='ltr'><strong>esse,</strong></span> <span class='ocrx_word' id='word_1_73' title='bbox 427 468 509 511; x_wconf 79' lang='lat' dir='ltr'><strong>utin</strong></span> <span class='ocrx_word' id='word_1_74' title='bbox 527 467 565 497; x_wconf 87' lang='lat' dir='ltr'><strong>iis</strong></span> <span class='ocrx_word' id='word_1_75' title='bbox 581 468 770 511; x_wconf 67' lang='lat' dir='ltr'><strong>observetur</strong></span> <span class='ocrx_word' id='word_1_76' title='bbox 784 470 939 511; x_wconf 76' lang='lat' dir='ltr'><strong>consueta</strong></span> <span class='ocrx_word' id='word_1_77' title='bbox 951 467 1341 511; x_wconf 61' lang='lat' dir='ltr'><strong>Chrysostomoelaritas.</strong></span> <span class='ocrx_word' id='word_1_78' title='bbox 1353 469 1489 511; x_wconf 73' lang='lat' dir='ltr'><strong>paritas,</strong></span> <span class='ocrx_word' id='word_1_79' title='bbox 1501 467 1658 511; x_wconf 78' lang='lat' dir='ltr'><strong>splendor</strong></span> <span class='ocrx_word' id='word_1_80' title='bbox 1666 474 1695 501; x_wconf 93' lang='lat' dir='ltr'><strong>et</strong></span> <span class='ocrx_word' id='word_1_81' title='bbox 1705 473 1797 511; x_wconf 83' lang='lat' dir='ltr'><strong>copia</strong></span> <span class='ocrx_word' id='word_1_82' title='bbox 1811 474 1866 503; x_wconf 86' lang='lat' dir='ltr'><strong>di—</strong></span> 
     </span>
    </p>
   </div>
   <div class='ocr_carea' id='block_1_9' title="bbox 230 506 1867 545">
    <p class='ocr_par' dir='ltr' id='par_1_9' title="bbox 230 506 1867 545">
     <span class='ocr_line' id='line_1_9' title="bbox 230 506 1867 545; baseline 0.004 -9"><span class='ocrx_word' id='word_1_83' title='bbox 230 506 335 541; x_wconf 85' lang='lat' dir='ltr'><strong>cendi,</strong></span> <span class='ocrx_word' id='word_1_84' title='bbox 350 507 579 537; x_wconf 83' lang='lat' dir='ltr'><strong>sententiarum</strong></span> <span class='ocrx_word' id='word_1_85' title='bbox 595 506 787 545; x_wconf 83' lang='lat' dir='ltr'><strong>frequentia,</strong></span> <span class='ocrx_word' id='word_1_86' title='bbox 803 508 831 536; x_wconf 88' lang='lat' dir='ltr'><strong>et</strong></span> <span class='ocrx_word' id='word_1_87' title='bbox 847 507 1086 545; x_wconf 88' lang='lat' dir='ltr'><strong>aptissimarum</strong></span> <span class='ocrx_word' id='word_1_88' title='bbox 1101 507 1344 538; x_wconf 89' lang='lat' dir='ltr'><strong>similitudinum</strong></span> <span class='ocrx_word' id='word_1_89' title='bbox 1354 506 1568 545; x_wconf 50' lang='lat' dir='ltr'><strong>abundant—ia,</strong></span> <span class='ocrx_word' id='word_1_90' title='bbox 1593 510 1647 540; x_wconf 86' lang='lat' dir='ltr'><strong>sed</strong></span> <span class='ocrx_word' id='word_1_91' title='bbox 1670 519 1725 541; x_wconf 89' lang='lat' dir='ltr'><strong>eas</strong></span> <span class='ocrx_word' id='word_1_92' title='bbox 1746 506 1867 542; x_wconf 69' lang='lat' dir='ltr'><strong>remis-</strong></span> 
     </span>
    </p>
   </div>
   <div class='ocr_carea' id='block_1_10' title="bbox 231 545 1867 585">
    <p class='ocr_par' dir='ltr' id='par_1_10' title="bbox 231 545 1867 585">
     <span class='ocr_line' id='line_1_10' title="bbox 231 545 1867 585; baseline 0.004 -10"><span class='ocrx_word' id='word_1_93' title='bbox 231 547 316 575; x_wconf 84' lang='lat' dir='ltr'><strong>siore</strong></span> <span class='ocrx_word' id='word_1_94' title='bbox 330 548 360 575; x_wconf 83' lang='lat' dir='ltr'><strong>et</strong></span> <span class='ocrx_word' id='word_1_95' title='bbox 377 546 546 576; x_wconf 84' lang='lat' dir='ltr'><strong>humiliore</strong></span> <span class='ocrx_word' id='word_1_96' title='bbox 560 545 682 576; x_wconf 91' lang='lat' dir='ltr'><strong>dicendi</strong></span> <span class='ocrx_word' id='word_1_97' title='bbox 699 555 816 584; x_wconf 81' lang='lat' dir='ltr'><strong>genere</strong></span> <span class='ocrx_word' id='word_1_98' title='bbox 828 546 983 584; x_wconf 86' lang='lat' dir='ltr'><strong>scriptas;</strong></span> <span class='ocrx_word' id='word_1_99' title='bbox 1007 549 1196 585; x_wconf 87' lang='lat' dir='ltr'><strong>tantumque</strong></span> <span class='ocrx_word' id='word_1_100' title='bbox 1217 547 1363 577; x_wconf 83' lang='lat' dir='ltr'><strong>Homiliis</strong></span> <span class='ocrx_word' id='word_1_101' title='bbox 1391 556 1448 578; x_wconf 88' lang='lat' dir='ltr'><strong>seu</strong></span> <span class='ocrx_word' id='word_1_102' title='bbox 1467 548 1714 580; x_wconf 78' lang='lat' dir='ltr'><strong>Commentariis</strong></span> <span class='ocrx_word' id='word_1_103' title='bbox 1735 551 1767 580; x_wconf 90' lang='lat' dir='ltr'><strong>in</strong></span> <span class='ocrx_word' id='word_1_104' title='bbox 1790 553 1867 583; x_wconf 86' lang='lat' dir='ltr'><strong>Acta</strong></span> 
     </span>
    </p>
   </div>
   <div class='ocr_carea' id='block_1_11' title="bbox 231 584 1866 628">
    <p class='ocr_par' dir='ltr' id='par_1_11' title="bbox 231 584 1866 628">
     <span class='ocr_line' id='line_1_11' title="bbox 231 584 1866 628; baseline 0.004 -14"><span class='ocrx_word' id='word_1_105' title='bbox 231 585 677 628; x_wconf 16' lang='lat' dir='ltr'><strong>styleinvferiores,‘quantum_</strong></span> <span class='ocrx_word' id='word_1_106' title='bbox 688 586 742 616; x_wconf 87' lang='lat' dir='ltr'><strong>illa</strong></span> <span class='ocrx_word' id='word_1_107' title='bbox 756 585 788 614; x_wconf 91' lang='lat' dir='ltr'><strong>in</strong></span> <span class='ocrx_word' id='word_1_108' title='bbox 804 586 882 628; x_wconf 81' lang='lat' dir='ltr'><strong>Acta</strong></span> <span class='ocrx_word' id='word_1_109' title='bbox 895 584 1130 628; x_wconf 70' lang='lat' dir='ltr'><strong>commentaria</strong></span> <span class='ocrx_word' id='word_1_110' title='bbox 1146 584 1299 617; x_wconf 86' lang='lat' dir='ltr'><strong>inferiora</strong></span> <span class='ocrx_word' id='word_1_111' title='bbox 1316 589 1391 628; x_wconf 84' lang='lat' dir='ltr'><strong>sunt</strong></span> <span class='ocrx_word' id='word_1_112' title='bbox 1402 587 1644 619; x_wconf 87' lang='lat' dir='ltr'><strong>Commentariis</strong></span> <span class='ocrx_word' id='word_1_113' title='bbox 1659 590 1690 619; x_wconf 90' lang='lat' dir='ltr'><strong>in</strong></span> <span class='ocrx_word' id='word_1_114' title='bbox 1707 590 1866 628; x_wconf 83' lang='lat' dir='ltr'><strong>Epistolas</strong></span> 
     </span>
    </p>
   </div>
   <div class='ocr_carea' id='block_1_12' title="bbox 230 624 1866 667">
    <p class='ocr_par' dir='ltr' id='par_1_12' title="bbox 230 624 1866 667">
     <span class='ocr_line' id='line_1_12' title="bbox 230 624 1866 667; baseline 0.004 -13"><span class='ocrx_word' id='word_1_115' title='bbox 230 625 334 667; x_wconf 55' lang='lat' dir='ltr'><strong>fauli,</strong></span> <span class='ocrx_word' id='word_1_116' title='bbox 350 627 381 654; x_wconf 88' lang='lat' dir='ltr'><strong>et</strong></span> <span class='ocrx_word' id='word_1_117' title='bbox 397 625 429 654; x_wconf 92' lang='lat' dir='ltr'><strong>in</strong></span> <span class='ocrx_word' id='word_1_118' title='bbox 442 625 648 667; x_wconf 60' lang='lat' dir='ltr'><strong>Psalterium.</strong></span> <span class='ocrx_word' id='word_1_119' title='bbox 664 625 837 667; x_wconf 65' lang='lat' dir='ltr'><strong>Acrevera</strong></span> <span class='ocrx_word' id='word_1_120' title='bbox 852 625 901 655; x_wconf 65' lang='lat' dir='ltr'><strong>hac</strong></span> <span class='ocrx_word' id='word_1_121' title='bbox 925 624 1074 667; x_wconf 53' lang='lat' dir='ltr'><strong>homilige,</strong></span> <span class='ocrx_word' id='word_1_122' title='bbox 1090 625 1165 655; x_wconf 87' lang='lat' dir='ltr'><strong>licet</strong></span> <span class='ocrx_word' id='word_1_123' title='bbox 1186 635 1335 665; x_wconf 81' lang='lat' dir='ltr'><strong>magnam</strong></span> <span class='ocrx_word' id='word_1_124' title='bbox 1356 627 1553 667; x_wconf 80' lang='lat' dir='ltr'><strong>ubertatem,</strong></span> <span class='ocrx_word' id='word_1_125' title='bbox 1574 628 1715 667; x_wconf 89' lang='lat' dir='ltr'><strong>itemque</strong></span> <span class='ocrx_word' id='word_1_126' title='bbox 1733 624 1866 660; x_wconf 76' lang='lat' dir='ltr'><strong>solitam</strong></span> 
     </span>
    </p>
   </div>
   <div class='ocr_carea' id='block_1_13' title="bbox 232 663 1867 707">
    <p class='ocr_par' dir='ltr' id='par_1_13' title="bbox 232 663 1867 707">
     <span class='ocr_line' id='line_1_13' title="bbox 232 663 1867 707; baseline 0.003 -13"><span class='ocrx_word' id='word_1_127' title='bbox 232 664 449 707; x_wconf 80' lang='lat' dir='ltr'><strong>Chrysostomi</strong></span> <span class='ocrx_word' id='word_1_128' title='bbox 470 664 667 707; x_wconf 72' lang='lat' dir='ltr'><strong>inventionis</strong></span> <span class='ocrx_word' id='word_1_129' title='bbox 685 663 869 707; x_wconf 80' lang='lat' dir='ltr'><strong>felicitatem</strong></span> <span class='ocrx_word' id='word_1_130' title='bbox 893 671 959 707; x_wconf 65' lang='lat' dir='ltr'><strong>prus</strong></span> <span class='ocrx_word' id='word_1_131' title='bbox 984 671 1018 707; x_wconf 77' lang='lat' dir='ltr'><strong>se</strong></span> <span class='ocrx_word' id='word_1_132' title='bbox 1029 663 1229 707; x_wconf 84' lang='lat' dir='ltr'><strong>fer_ant._non</strong></span> <span class='ocrx_word' id='word_1_133' title='bbox 1242 663 1452 707; x_wconf 49' lang='lat' dir='ltr'><strong>&#39;tameupari</strong></span> <span class='ocrx_word' id='word_1_134' title='bbox 1472 666 1577 707; x_wconf 81' lang='lat' dir='ltr'><strong>studio</strong></span> <span class='ocrx_word' id='word_1_135' title='bbox 1596 663 1867 707; x_wconf 82' lang='lat' dir='ltr'><strong>accurationeque</strong></span> 
     </span>
    </p>
   </div>
   <div class='ocr_carea' id='block_1_14' title="bbox 232 702 1866 746">
    <p class='ocr_par' dir='ltr' id='par_1_14' title="bbox 232 702 1866 746">
     <span class='ocr_line' id='line_1_14' title="bbox 232 702 1866 746; baseline 0.003 -12"><span class='ocrx_word' id='word_1_136' title='bbox 232 702 432 734; x_wconf 73' lang='lat' dir='ltr'><strong>concinnatae</strong></span> <span class='ocrx_word' id='word_1_137' title='bbox 447 704 606 734; x_wconf 83' lang='lat' dir='ltr'><strong>videntur.</strong></span> <span class='ocrx_word' id='word_1_138' title='bbox 626 703 685 733; x_wconf 90' lang='lat' dir='ltr'><strong>Hic</strong></span> <span class='ocrx_word' id='word_1_139' title='bbox 710 712 793 741; x_wconf 68' lang='lat' dir='ltr'><strong>saepe</strong></span> <span class='ocrx_word' id='word_1_140' title='bbox 810 702 1046 733; x_wconf 84' lang='lat' dir='ltr'><strong>animadvertas</strong></span> <span class='ocrx_word' id='word_1_141' title='bbox 1071 703 1276 742; x_wconf 77' lang='lat' dir='ltr'><strong>longissimas</strong></span> <span class='ocrx_word' id='word_1_142' title='bbox 1302 704 1366 734; x_wconf 78' lang='lat' dir='ltr'><strong>texi</strong></span> <span class='ocrx_word' id='word_1_143' title='bbox 1377 702 1546 743; x_wconf 76' lang='lat' dir='ltr'><strong>periodos,</strong></span> <span class='ocrx_word' id='word_1_144' title='bbox 1568 715 1640 745; x_wconf 63' lang='lat' dir='ltr'><strong>quas</strong></span> <span class='ocrx_word' id='word_1_145' title='bbox 1659 702 1866 746; x_wconf 76' lang='lat' dir='ltr'><strong>parenllieses</strong></span> 
     </span>
    </p>
   </div>
   <div class='ocr_carea' id='block_1_15' title="bbox 231 746 1868 786">
    <p class='ocr_par' dir='ltr' id='par_1_15' title="bbox 231 746 1868 786">
     <span class='ocr_line' id='line_1_15' title="bbox 231 746 1868 786; baseline 0.003 -10"><span class='ocrx_word' id='word_1_146' title='bbox 231 746 311 786; x_wconf 85' lang='lat' dir='ltr'><strong>alias</strong></span> <span class='ocrx_word' id='word_1_147' title='bbox 328 755 426 784; x_wconf 79' lang='lat' dir='ltr'><strong>super</strong></span> <span class='ocrx_word' id='word_1_148' title='bbox 440 746 518 776; x_wconf 85' lang='lat' dir='ltr'><strong>alias</strong></span> <span class='ocrx_word' id='word_1_149' title='bbox 538 747 682 776; x_wconf 87' lang='lat' dir='ltr'><strong>inductas</strong></span> <span class='ocrx_word' id='word_1_150' title='bbox 695 751 756 786; x_wconf 85' lang='lat' dir='ltr'><strong>tam</strong></span> <span class='ocrx_word' id='word_1_151' title='bbox 773 747 958 786; x_wconf 81' lang='lat' dir='ltr'><strong>frequenter</strong></span> <span class='ocrx_word' id='word_1_152' title='bbox 971 746 1157 786; x_wconf 81' lang='lat' dir='ltr'><strong>exhibeant.</strong></span> <span class='ocrx_word' id='word_1_153' title='bbox 1172 750 1207 776; x_wconf 93' lang='lat' dir='ltr'><strong>ut</strong></span> <span class='ocrx_word' id='word_1_154' title='bbox 1229 746 1378 786; x_wconf 89' lang='lat' dir='ltr'><strong>principii</strong></span> <span class='ocrx_word' id='word_1_155' title='bbox 1398 747 1516 778; x_wconf 93' lang='lat' dir='ltr'><strong>oblitus</strong></span> <span class='ocrx_word' id='word_1_156' title='bbox 1542 753 1651 779; x_wconf 88' lang='lat' dir='ltr'><strong>orator</strong></span> <span class='ocrx_word' id='word_1_157' title='bbox 1677 751 1868 781; x_wconf 84' lang='lat' dir='ltr'><strong>sententiam</strong></span> 
     </span>
    </p>
   </div>
   <div class='ocr_carea' id='block_1_16' title="bbox 229 785 1868 829">
    <p class='ocr_par' dir='ltr' id='par_1_16' title="bbox 229 785 1868 829">
     <span class='ocr_line' id='line_1_16' title="bbox 229 785 1868 829; baseline 0.004 -15"><span class='ocrx_word' id='word_1_158' title='bbox 229 785 446 829; x_wconf 77' lang='lat' dir='ltr'><strong>imperfectam</strong></span> <span class='ocrx_word' id='word_1_159' title='bbox 465 786 636 829; x_wconf 69' lang='lat' dir='ltr'><strong>relinquat.</strong></span> <span class='ocrx_word' id='word_1_160' title='bbox 651 789 681 829; x_wconf 69' lang='lat' dir='ltr'><strong>et</strong></span> <span class='ocrx_word' id='word_1_161' title='bbox 696 785 872 829; x_wconf 73' lang='lat' dir='ltr'><strong>aliquando</strong></span> <span class='ocrx_word' id='word_1_162' title='bbox 888 785 1074 829; x_wconf 76' lang='lat' dir='ltr'><strong>v_erbum_at_l</strong></span> <span class='ocrx_word' id='word_1_163' title='bbox 1088 786 1249 829; x_wconf 74' lang='lat' dir='ltr'><strong>sy_n_taxin_l</strong></span> <span class='ocrx_word' id='word_1_164' title='bbox 1266 786 1484 829; x_wconf 75' lang='lat' dir='ltr'><strong>necessarium</strong></span> <span class='ocrx_word' id='word_1_165' title='bbox 1503 790 1733 829; x_wconf 68' lang='lat' dir='ltr'><strong>praetermittat.</strong></span> <span class='ocrx_word' id='word_1_166' title='bbox 1757 790 1868 829; x_wconf 81' lang='lat' dir='ltr'><strong>Neque</strong></span> 
     </span>
    </p>
   </div>
   <div class='ocr_carea' id='block_1_17' title="bbox 230 824 1865 868">
    <p class='ocr_par' dir='ltr' id='par_1_17' title="bbox 230 824 1865 868">
     <span class='ocr_line' id='line_1_17' title="bbox 230 824 1865 868; baseline 0.005 -15"><span class='ocrx_word' id='word_1_167' title='bbox 230 833 305 854; x_wconf 88' lang='lat' dir='ltr'><strong>vero</strong></span> <span class='ocrx_word' id='word_1_168' title='bbox 320 825 348 868; x_wconf 80' lang='lat' dir='ltr'><strong>id</strong></span> <span class='ocrx_word' id='word_1_169' title='bbox 364 825 479 868; x_wconf 74' lang='lat' dir='ltr'><strong>mirum</strong></span> <span class='ocrx_word' id='word_1_170' title='bbox 495 825 549 854; x_wconf 86' lang='lat' dir='ltr'><strong>tibi</strong></span> <span class='ocrx_word' id='word_1_171' title='bbox 561 824 717 868; x_wconf 81' lang='lat' dir='ltr'><strong>videatur,</strong></span> <span class='ocrx_word' id='word_1_172' title='bbox 730 825 763 868; x_wconf 37' lang='lat' dir='ltr'><strong>si.</strong></span> <span class='ocrx_word' id='word_1_173' title='bbox 773 825 949 863; x_wconf 84' lang='lat' dir='ltr'><strong>perpendas</strong></span> <span class='ocrx_word' id='word_1_174' title='bbox 958 825 1105 868; x_wconf 77' lang='lat' dir='ltr'><strong>periodos</strong></span> <span class='ocrx_word' id='word_1_175' title='bbox 1119 825 1189 855; x_wconf 88' lang='lat' dir='ltr'><strong>illas</strong></span> <span class='ocrx_word' id='word_1_176' title='bbox 1200 825 1375 868; x_wconf 76' lang='lat' dir='ltr'><strong>aliquando</strong></span> <span class='ocrx_word' id='word_1_177' title='bbox 1387 825 1430 855; x_wconf 89' lang='lat' dir='ltr'><strong>ita</strong></span> <span class='ocrx_word' id='word_1_178' title='bbox 1443 824 1649 868; x_wconf 73' lang='lat' dir='ltr'><strong>extendi,_vix</strong></span> <span class='ocrx_word' id='word_1_179' title='bbox 1659 829 1736 859; x_wconf 89' lang='lat' dir='ltr'><strong>utin</strong></span> <span class='ocrx_word' id='word_1_180' title='bbox 1747 824 1865 868; x_wconf 80' lang='lat' dir='ltr'><strong>pagina</strong></span> 
     </span>
    </p>
   </div>
   <div class='ocr_carea' id='block_1_18' title="bbox 229 864 1865 904">
    <p class='ocr_par' dir='ltr' id='par_1_18' title="bbox 229 864 1865 904">
     <span class='ocr_line' id='line_1_18' title="bbox 229 864 1865 904; baseline 0.005 -11"><span class='ocrx_word' id='word_1_181' title='bbox 229 873 294 904; x_wconf 85' lang='lat' dir='ltr'><strong>una</strong></span> <span class='ocrx_word' id='word_1_182' title='bbox 309 864 520 894; x_wconf 87' lang='lat' dir='ltr'><strong>absolvantur</strong></span> <span class='ocrx_word' id='word_1_183' title='bbox 535 874 542 893; x_wconf 92' lang='lat'>:</span> <span class='ocrx_word' id='word_1_184' title='bbox 561 864 592 893; x_wconf 90' lang='lat' dir='ltr'><strong>in</strong></span> <span class='ocrx_word' id='word_1_185' title='bbox 611 864 740 904; x_wconf 79' lang='lat' dir='ltr'><strong>pagina,</strong></span> <span class='ocrx_word' id='word_1_186' title='bbox 758 864 900 904; x_wconf 81' lang='lat' dir='ltr'><strong>inquam.</strong></span> <span class='ocrx_word' id='word_1_187' title='bbox 918 873 957 894; x_wconf 81' lang='lat' dir='ltr'><strong>ex</strong></span> <span class='ocrx_word' id='word_1_188' title='bbox 980 864 1098 894; x_wconf 85' lang='lat' dir='ltr'><strong>nostris</strong></span> <span class='ocrx_word' id='word_1_189' title='bbox 1112 873 1185 902; x_wconf 75' lang='lat' dir='ltr'><strong>quae</strong></span> <span class='ocrx_word' id='word_1_190' title='bbox 1210 865 1312 904; x_wconf 65' lang='lat' dir='ltr'><strong>longua</strong></span> <span class='ocrx_word' id='word_1_191' title='bbox 1329 865 1464 903; x_wconf 75' lang='lat' dir='ltr'><strong>latzeque</strong></span> <span class='ocrx_word' id='word_1_192' title='bbox 1479 866 1648 896; x_wconf 83' lang='lat' dir='ltr'><strong>admodum</strong></span> <span class='ocrx_word' id='word_1_193' title='bbox 1675 864 1759 899; x_wconf 50' lang='lat' dir='ltr'><strong>sunt:</strong></span> <span class='ocrx_word' id='word_1_194' title='bbox 1784 864 1865 902; x_wconf 64' lang='lat' dir='ltr'><strong>Hinc</strong></span> 
     </span>
    </p>
   </div>
   <div class='ocr_carea' id='block_1_19' title="bbox 227 903 1866 946">
    <p class='ocr_par' dir='ltr' id='par_1_19' title="bbox 227 903 1866 946">
     <span class='ocr_line' id='line_1_19' title="bbox 227 903 1866 946; baseline 0.004 -14"><span class='ocrx_word' id='word_1_195' title='bbox 227 903 348 946; x_wconf 83' lang='lat' dir='ltr'><strong>inferas</strong></span> <span class='ocrx_word' id='word_1_196' title='bbox 363 907 525 946; x_wconf 79' lang='lat' dir='ltr'><strong>oratorem</strong></span> <span class='ocrx_word' id='word_1_197' title='bbox 540 906 684 946; x_wconf 80' lang='lat' dir='ltr'><strong>nostrum</strong></span> <span class='ocrx_word' id='word_1_198' title='bbox 702 903 767 933; x_wconf 63' lang='lat' dir='ltr'><strong>haec</strong></span> <span class='ocrx_word' id='word_1_199' title='bbox 782 903 1024 933; x_wconf 87' lang='lat' dir='ltr'><strong>concionantem</strong></span> <span class='ocrx_word' id='word_1_200' title='bbox 1042 913 1105 946; x_wconf 75' lang='lat' dir='ltr'><strong>non</strong></span> <span class='ocrx_word' id='word_1_201' title='bbox 1117 904 1160 934; x_wconf 91' lang='lat' dir='ltr'><strong>ita</strong></span> <span class='ocrx_word' id='word_1_202' title='bbox 1175 913 1302 946; x_wconf 72' lang='lat' dir='ltr'><strong>semper</strong></span> <span class='ocrx_word' id='word_1_203' title='bbox 1311 907 1462 946; x_wconf 79' lang='lat' dir='ltr'><strong>paratum</strong></span> <span class='ocrx_word' id='word_1_204' title='bbox 1470 905 1720 946; x_wconf 88' lang='lat' dir='ltr'><strong>meditatumque</strong></span> <span class='ocrx_word' id='word_1_205' title='bbox 1735 908 1773 938; x_wconf 87' lang='lat' dir='ltr'><strong>ad</strong></span> <span class='ocrx_word' id='word_1_206' title='bbox 1788 918 1866 939; x_wconf 80' lang='lat' dir='ltr'><strong>con-</strong></span> 
     </span>
    </p>
   </div>
   <div class='ocr_carea' id='block_1_20' title="bbox 227 942 1528 980">
    <p class='ocr_par' dir='ltr' id='par_1_20' title="bbox 227 942 1528 980">
     <span class='ocr_line' id='line_1_20' title="bbox 227 942 1528 980; baseline 0.001 -8"><span class='ocrx_word' id='word_1_207' title='bbox 227 944 354 973; x_wconf 73' lang='lat' dir='ltr'><strong>cionem</strong></span> <span class='ocrx_word' id='word_1_208' title='bbox 370 943 507 979; x_wconf 86' lang='lat' dir='ltr'><strong>venisse,</strong></span> <span class='ocrx_word' id='word_1_209' title='bbox 524 944 578 973; x_wconf 89' lang='lat' dir='ltr'><strong>sed</strong></span> <span class='ocrx_word' id='word_1_210' title='bbox 594 944 694 973; x_wconf 87' lang='lat' dir='ltr'><strong>multa</strong></span> <span class='ocrx_word' id='word_1_211' title='bbox 710 952 750 973; x_wconf 75' lang='lat' dir='ltr'><strong>ex</strong></span> <span class='ocrx_word' id='word_1_212' title='bbox 767 946 921 980; x_wconf 84' lang='lat' dir='ltr'><strong>tempore,</strong></span> <span class='ocrx_word' id='word_1_213' title='bbox 937 945 972 972; x_wconf 90' lang='lat' dir='ltr'><strong>ut</strong></span> <span class='ocrx_word' id='word_1_214' title='bbox 989 944 1088 973; x_wconf 88' lang='lat' dir='ltr'><strong>menti</strong></span> <span class='ocrx_word' id='word_1_215' title='bbox 1105 952 1175 973; x_wconf 87' lang='lat' dir='ltr'><strong>sese</strong></span> <span class='ocrx_word' id='word_1_216' title='bbox 1191 942 1379 978; x_wconf 72' lang='lat' dir='ltr'><strong>oﬂerebant,</strong></span> <span class='ocrx_word' id='word_1_217' title='bbox 1397 944 1528 974; x_wconf 75' lang='lat' dir='ltr'><strong>dixisse.</strong></span> 
     </span>
    </p>
   </div>
   <div class='ocr_carea' id='block_1_21' title="bbox 269 982 1864 1023">
    <p class='ocr_par' dir='ltr' id='par_1_21' title="bbox 269 982 1864 1023">
     <span class='ocr_line' id='line_1_21' title="bbox 269 982 1864 1023; baseline 0.003 -11"><span class='ocrx_word' id='word_1_218' title='bbox 269 982 449 1023; x_wconf 80' lang='lat' dir='ltr'><strong>Sicausam</strong></span> <span class='ocrx_word' id='word_1_219' title='bbox 464 991 564 1023; x_wconf 85' lang='lat' dir='ltr'><strong>porro</strong></span> <span class='ocrx_word' id='word_1_220' title='bbox 574 991 712 1021; x_wconf 70' lang='lat' dir='ltr'><strong>quaeras,</strong></span> <span class='ocrx_word' id='word_1_221' title='bbox 733 982 910 1023; x_wconf 83' lang='lat' dir='ltr'><strong>perpendas</strong></span> <span class='ocrx_word' id='word_1_222' title='bbox 926 983 1032 1016; x_wconf 85' lang='lat' dir='ltr'><strong>velim,</strong></span> <span class='ocrx_word' id='word_1_223' title='bbox 1051 983 1155 1023; x_wconf 78' lang='lat' dir='ltr'><strong>ipsum</strong></span> <span class='ocrx_word' id='word_1_224' title='bbox 1179 983 1212 1012; x_wconf 91' lang='lat' dir='ltr'><strong>in</strong></span> <span class='ocrx_word' id='word_1_225' title='bbox 1229 983 1288 1013; x_wconf 90' lang='lat' dir='ltr'><strong>hac</strong></span> <span class='ocrx_word' id='word_1_226' title='bbox 1302 983 1553 1023; x_wconf 76' lang='lat' dir='ltr'><strong>Quadragesima</strong></span> <span class='ocrx_word' id='word_1_227' title='bbox 1568 983 1607 1014; x_wconf 91' lang='lat' dir='ltr'><strong>ad</strong></span> <span class='ocrx_word' id='word_1_228' title='bbox 1625 993 1728 1023; x_wconf 89' lang='lat' dir='ltr'><strong>usque</strong></span> <span class='ocrx_word' id='word_1_229' title='bbox 1745 985 1864 1016; x_wconf 91' lang='lat' dir='ltr'><strong>hebdo-</strong></span> 
     </span>
    </p>
   </div>
   <div class='ocr_carea' id='block_1_22' title="bbox 228 1021 1860 1060">
    <p class='ocr_par' dir='ltr' id='par_1_22' title="bbox 228 1021 1860 1060">
     <span class='ocr_line' id='line_1_22' title="bbox 228 1021 1860 1060; baseline 0.004 -10"><span class='ocrx_word' id='word_1_230' title='bbox 228 1022 328 1051; x_wconf 85' lang='lat' dir='ltr'><strong>madis</strong></span> <span class='ocrx_word' id='word_1_231' title='bbox 343 1024 461 1052; x_wconf 70' lang='lat' dir='ltr'><strong>sancta:</strong></span> <span class='ocrx_word' id='word_1_232' title='bbox 473 1022 636 1052; x_wconf 85' lang='lat' dir='ltr'><strong>dimidium</strong></span> <span class='ocrx_word' id='word_1_233' title='bbox 655 1030 719 1051; x_wconf 90' lang='lat' dir='ltr'><strong>non</strong></span> <span class='ocrx_word' id='word_1_234' title='bbox 736 1022 829 1050; x_wconf 90' lang='lat' dir='ltr'><strong>modo</strong></span> <span class='ocrx_word' id='word_1_235' title='bbox 842 1021 912 1052; x_wconf 90' lang='lat' dir='ltr'><strong>illas</strong></span> <span class='ocrx_word' id='word_1_236' title='bbox 927 1022 1057 1060; x_wconf 79' lang='lat' dir='ltr'><strong>triginta</strong></span> <span class='ocrx_word' id='word_1_237' title='bbox 1072 1021 1152 1052; x_wconf 90' lang='lat' dir='ltr'><strong>duas</strong></span> <span class='ocrx_word' id='word_1_238' title='bbox 1171 1022 1294 1060; x_wconf 85' lang='lat' dir='ltr'><strong>priores</strong></span> <span class='ocrx_word' id='word_1_239' title='bbox 1309 1022 1340 1051; x_wconf 93' lang='lat' dir='ltr'><strong>in</strong></span> <span class='ocrx_word' id='word_1_240' title='bbox 1357 1022 1506 1052; x_wconf 89' lang='lat' dir='ltr'><strong>Genesim</strong></span> <span class='ocrx_word' id='word_1_241' title='bbox 1526 1021 1684 1054; x_wconf 52' lang='lat' dir='ltr'><strong>homilias&#39;</strong></span> <span class='ocrx_word' id='word_1_242' title='bbox 1697 1025 1860 1059; x_wconf 84' lang='lat' dir='ltr'><strong>habuisse.</strong></span> 
     </span>
    </p>
   </div>
   <div class='ocr_carea' id='block_1_23' title="bbox 227 1060 1862 1100">
    <p class='ocr_par' dir='ltr' id='par_1_23' title="bbox 227 1060 1862 1100">
     <span class='ocr_line' id='line_1_23' title="bbox 227 1060 1862 1100; baseline 0.002 -10"><span class='ocrx_word' id='word_1_243' title='bbox 227 1060 282 1090; x_wconf 80' lang='lat' dir='ltr'><strong>sed</strong></span> <span class='ocrx_word' id='word_1_244' title='bbox 298 1061 393 1090; x_wconf 86' lang='lat' dir='ltr'><strong>etiam</strong></span> <span class='ocrx_word' id='word_1_245' title='bbox 402 1061 482 1091; x_wconf 87' lang='lat' dir='ltr'><strong>alias</strong></span> <span class='ocrx_word' id='word_1_246' title='bbox 496 1060 666 1090; x_wconf 87' lang='lat' dir='ltr'><strong>identidem</strong></span> <span class='ocrx_word' id='word_1_247' title='bbox 679 1063 882 1096; x_wconf 85' lang='lat' dir='ltr'><strong>memoratas,</strong></span> <span class='ocrx_word' id='word_1_248' title='bbox 893 1069 965 1099; x_wconf 65' lang='lat' dir='ltr'><strong>qua:</strong></span> <span class='ocrx_word' id='word_1_249' title='bbox 979 1061 1133 1090; x_wconf 86' lang='lat' dir='ltr'><strong>suadente</strong></span> <span class='ocrx_word' id='word_1_250' title='bbox 1146 1061 1298 1100; x_wconf 89' lang='lat' dir='ltr'><strong>quapiam</strong></span> <span class='ocrx_word' id='word_1_251' title='bbox 1307 1061 1458 1100; x_wconf 89' lang='lat' dir='ltr'><strong>temporis</strong></span> <span class='ocrx_word' id='word_1_252' title='bbox 1470 1062 1636 1093; x_wconf 85' lang='lat' dir='ltr'><strong>occasione</strong></span> <span class='ocrx_word' id='word_1_253' title='bbox 1650 1063 1862 1095; x_wconf 87' lang='lat' dir='ltr'><strong>Homiliarum</strong></span> 
     </span>
    </p>
   </div>
   <div class='ocr_carea' id='block_1_24' title="bbox 228 1100 1863 1139">
    <p class='ocr_par' dir='ltr' id='par_1_24' title="bbox 228 1100 1863 1139">
     <span class='ocr_line' id='line_1_24' title="bbox 228 1100 1863 1139; baseline 0.001 -9"><span class='ocrx_word' id='word_1_254' title='bbox 228 1101 260 1130; x_wconf 91' lang='lat' dir='ltr'><strong>in</strong></span> <span class='ocrx_word' id='word_1_255' title='bbox 275 1100 423 1130; x_wconf 83' lang='lat' dir='ltr'><strong>Genesim</strong></span> <span class='ocrx_word' id='word_1_256' title='bbox 437 1109 569 1130; x_wconf 88' lang='lat' dir='ltr'><strong>cursum</strong></span> <span class='ocrx_word' id='word_1_257' title='bbox 587 1100 852 1139; x_wconf 87' lang='lat' dir='ltr'><strong>interpellabant;</strong></span> <span class='ocrx_word' id='word_1_258' title='bbox 868 1104 898 1130; x_wconf 89' lang='lat' dir='ltr'><strong>et</strong></span> <span class='ocrx_word' id='word_1_259' title='bbox 911 1100 1046 1130; x_wconf 89' lang='lat' dir='ltr'><strong>fortasse</strong></span> <span class='ocrx_word' id='word_1_260' title='bbox 1060 1100 1141 1130; x_wconf 87' lang='lat' dir='ltr'><strong>alias</strong></span> <span class='ocrx_word' id='word_1_261' title='bbox 1156 1109 1287 1139; x_wconf 89' lang='lat' dir='ltr'><strong>quoque</strong></span> <span class='ocrx_word' id='word_1_262' title='bbox 1309 1100 1460 1131; x_wconf 87' lang='lat' dir='ltr'><strong>habuisse</strong></span> <span class='ocrx_word' id='word_1_263' title='bbox 1480 1102 1522 1132; x_wconf 89' lang='lat' dir='ltr'><strong>ab</strong></span> <span class='ocrx_word' id='word_1_264' title='bbox 1537 1111 1571 1131; x_wconf 92' lang='lat' dir='ltr'><strong>se</strong></span> <span class='ocrx_word' id='word_1_265' title='bbox 1586 1111 1650 1132; x_wconf 91' lang='lat' dir='ltr'><strong>non</strong></span> <span class='ocrx_word' id='word_1_266' title='bbox 1664 1111 1863 1134; x_wconf 83' lang='lat' dir='ltr'><strong>commemo-</strong></span> 
     </span>
    </p>
   </div>
   <div class='ocr_carea' id='block_1_25' title="bbox 227 1139 1863 1180">
    <p class='ocr_par' dir='ltr' id='par_1_25' title="bbox 227 1139 1863 1180">
     <span class='ocr_line' id='line_1_25' title="bbox 227 1139 1863 1180; baseline 0.002 -11"><span class='ocrx_word' id='word_1_267' title='bbox 227 1143 315 1169; x_wconf 88' lang='lat' dir='ltr'><strong>ratas</strong></span> <span class='ocrx_word' id='word_1_268' title='bbox 330 1150 337 1169; x_wconf 89' lang='lat'>:</span> <span class='ocrx_word' id='word_1_269' title='bbox 355 1140 398 1170; x_wconf 87' lang='lat' dir='ltr'><strong>ita</strong></span> <span class='ocrx_word' id='word_1_270' title='bbox 414 1143 449 1170; x_wconf 92' lang='lat' dir='ltr'><strong>ut</strong></span> <span class='ocrx_word' id='word_1_271' title='bbox 464 1140 606 1178; x_wconf 88' lang='lat' dir='ltr'><strong>quotidie</strong></span> <span class='ocrx_word' id='word_1_272' title='bbox 620 1139 717 1169; x_wconf 82' lang='lat' dir='ltr'><strong>ferme</strong></span> <span class='ocrx_word' id='word_1_273' title='bbox 733 1142 764 1170; x_wconf 90' lang='lat' dir='ltr'><strong>et</strong></span> <span class='ocrx_word' id='word_1_274' title='bbox 775 1139 904 1180; x_wconf 85' lang='lat' dir='ltr'><strong>quidem</strong></span> <span class='ocrx_word' id='word_1_275' title='bbox 920 1140 1326 1180; x_wconf 16' lang='lat' dir='ltr'><strong>longissimerconcionatus</strong></span> <span class='ocrx_word' id='word_1_276' title='bbox 1351 1141 1402 1170; x_wconf 90' lang='lat' dir='ltr'><strong>sit.</strong></span> <span class='ocrx_word' id='word_1_277' title='bbox 1419 1140 1452 1170; x_wconf 92' lang='lat' dir='ltr'><strong>ld</strong></span> <span class='ocrx_word' id='word_1_278' title='bbox 1467 1143 1574 1170; x_wconf 83' lang='lat' dir='ltr'><strong>autem</strong></span> <span class='ocrx_word' id='word_1_279' title='bbox 1591 1150 1611 1172; x_wconf 86' lang='lat' dir='ltr'><strong>a</strong></span> <span class='ocrx_word' id='word_1_280' title='bbox 1626 1142 1708 1176; x_wconf 91' lang='lat' dir='ltr'><strong>viro,</strong></span> <span class='ocrx_word' id='word_1_281' title='bbox 1725 1151 1863 1180; x_wconf 70' lang='lat' dir='ltr'><strong>praeser-</strong></span> 
     </span>
    </p>
   </div>
   <div class='ocr_carea' id='block_1_26' title="bbox 228 1179 1862 1218">
    <p class='ocr_par' dir='ltr' id='par_1_26' title="bbox 228 1179 1862 1218">
     <span class='ocr_line' id='line_1_26' title="bbox 228 1179 1862 1218; baseline 0.002 -10"><span class='ocrx_word' id='word_1_282' title='bbox 228 1180 284 1208; x_wconf 86' lang='lat' dir='ltr'><strong>tim</strong></span> <span class='ocrx_word' id='word_1_283' title='bbox 301 1180 356 1218; x_wconf 89' lang='lat' dir='ltr'><strong>qui</strong></span> <span class='ocrx_word' id='word_1_284' title='bbox 373 1189 430 1218; x_wconf 89' lang='lat' dir='ltr'><strong>per</strong></span> <span class='ocrx_word' id='word_1_285' title='bbox 443 1182 544 1209; x_wconf 89' lang='lat' dir='ltr'><strong>totum</strong></span> <span class='ocrx_word' id='word_1_286' title='bbox 562 1187 683 1209; x_wconf 88' lang='lat' dir='ltr'><strong>annum</strong></span> <span class='ocrx_word' id='word_1_287' title='bbox 698 1187 757 1218; x_wconf 90' lang='lat' dir='ltr'><strong>par</strong></span> <span class='ocrx_word' id='word_1_288' title='bbox 775 1179 840 1209; x_wconf 84' lang='lat' dir='ltr'><strong>fere</strong></span> <span class='ocrx_word' id='word_1_289' title='bbox 855 1179 1066 1209; x_wconf 90' lang='lat' dir='ltr'><strong>concionandi</strong></span> <span class='ocrx_word' id='word_1_290' title='bbox 1084 1179 1225 1209; x_wconf 86' lang='lat' dir='ltr'><strong>ofﬁcium</strong></span> <span class='ocrx_word' id='word_1_291' title='bbox 1240 1181 1491 1218; x_wconf 84' lang='lat' dir='ltr'><strong>exsequebatur,</strong></span> <span class='ocrx_word' id='word_1_292' title='bbox 1509 1188 1572 1209; x_wconf 89' lang='lat' dir='ltr'><strong>non</strong></span> <span class='ocrx_word' id='word_1_293' title='bbox 1594 1189 1688 1218; x_wconf 87' lang='lat' dir='ltr'><strong>posse</strong></span> <span class='ocrx_word' id='word_1_294' title='bbox 1713 1179 1782 1211; x_wconf 87' lang='lat' dir='ltr'><strong>sine</strong></span> <span class='ocrx_word' id='word_1_295' title='bbox 1797 1191 1862 1212; x_wconf 81' lang='lat' dir='ltr'><strong>ex—</strong></span> 
     </span>
    </p>
   </div>
   <div class='ocr_carea' id='block_1_27' title="bbox 228 1218 1862 1258">
    <p class='ocr_par' dir='ltr' id='par_1_27' title="bbox 228 1218 1862 1258">
     <span class='ocr_line' id='line_1_27' title="bbox 228 1218 1862 1258; baseline 0.002 -10"><span class='ocrx_word' id='word_1_296' title='bbox 228 1219 396 1257; x_wconf 86' lang='lat' dir='ltr'><strong>temporali</strong></span> <span class='ocrx_word' id='word_1_297' title='bbox 412 1219 654 1252; x_wconf 87' lang='lat' dir='ltr'><strong>declamatione,</strong></span> <span class='ocrx_word' id='word_1_298' title='bbox 670 1219 782 1249; x_wconf 82' lang='lat' dir='ltr'><strong>saltem</strong></span> <span class='ocrx_word' id='word_1_299' title='bbox 793 1218 961 1248; x_wconf 86' lang='lat' dir='ltr'><strong>identidem</strong></span> <span class='ocrx_word' id='word_1_300' title='bbox 975 1220 1121 1257; x_wconf 88' lang='lat' dir='ltr'><strong>repetita,</strong></span> <span class='ocrx_word' id='word_1_301' title='bbox 1137 1219 1282 1258; x_wconf 61' lang='lat' dir='ltr'><strong>prastari</strong></span> <span class='ocrx_word' id='word_1_302' title='bbox 1305 1218 1462 1249; x_wconf 86' lang='lat' dir='ltr'><strong>fateamur</strong></span> <span class='ocrx_word' id='word_1_303' title='bbox 1475 1228 1605 1250; x_wconf 88' lang='lat' dir='ltr'><strong>necesse</strong></span> <span class='ocrx_word' id='word_1_304' title='bbox 1616 1223 1673 1250; x_wconf 90' lang='lat' dir='ltr'><strong>est.</strong></span> <span class='ocrx_word' id='word_1_305' title='bbox 1689 1221 1725 1250; x_wconf 92' lang='lat' dir='ltr'><strong>ln</strong></span> <span class='ocrx_word' id='word_1_306' title='bbox 1741 1224 1862 1251; x_wconf 84' lang='lat' dir='ltr'><strong>extem—</strong></span> 
     </span>
    </p>
   </div>
   <div class='ocr_carea' id='block_1_28' title="bbox 227 1258 1861 1298">
    <p class='ocr_par' dir='ltr' id='par_1_28' title="bbox 227 1258 1861 1298">
     <span class='ocr_line' id='line_1_28' title="bbox 227 1258 1861 1298; baseline 0.002 -11"><span class='ocrx_word' id='word_1_307' title='bbox 227 1258 331 1296; x_wconf 83' lang='lat' dir='ltr'><strong>porali</strong></span> <span class='ocrx_word' id='word_1_308' title='bbox 347 1262 455 1288; x_wconf 91' lang='lat' dir='ltr'><strong>autem</strong></span> <span class='ocrx_word' id='word_1_309' title='bbox 479 1259 722 1293; x_wconf 82' lang='lat' dir='ltr'><strong>declamatione,</strong></span> <span class='ocrx_word' id='word_1_310' title='bbox 745 1258 800 1287; x_wconf 94' lang='lat' dir='ltr'><strong>ubi</strong></span> <span class='ocrx_word' id='word_1_311' title='bbox 825 1258 989 1296; x_wconf 84' lang='lat' dir='ltr'><strong>ingenium</strong></span> <span class='ocrx_word' id='word_1_312' title='bbox 1014 1261 1102 1289; x_wconf 89' lang='lat' dir='ltr'><strong>tanta</strong></span> <span class='ocrx_word' id='word_1_313' title='bbox 1129 1258 1253 1297; x_wconf 89' lang='lat' dir='ltr'><strong>pollens</strong></span> <span class='ocrx_word' id='word_1_314' title='bbox 1283 1258 1478 1295; x_wconf 85' lang='lat' dir='ltr'><strong>inventione,</strong></span> <span class='ocrx_word' id='word_1_315' title='bbox 1503 1267 1586 1289; x_wconf 91' lang='lat' dir='ltr'><strong>nova</strong></span> <span class='ocrx_word' id='word_1_316' title='bbox 1609 1269 1734 1298; x_wconf 80' lang='lat' dir='ltr'><strong>semper</strong></span> <span class='ocrx_word' id='word_1_317' title='bbox 1756 1261 1861 1290; x_wconf 88' lang='lat' dir='ltr'><strong>oranti</strong></span> 
     </span>
    </p>
   </div>
   <div class='ocr_carea' id='block_1_29' title="bbox 228 1298 1862 1337">
    <p class='ocr_par' dir='ltr' id='par_1_29' title="bbox 228 1298 1862 1337">
     <span class='ocr_line' id='line_1_29' title="bbox 228 1298 1862 1337; baseline 0.001 -10"><span class='ocrx_word' id='word_1_318' title='bbox 228 1298 421 1336; x_wconf 83' lang='lat' dir='ltr'><strong>suppeditat,</strong></span> <span class='ocrx_word' id='word_1_319' title='bbox 445 1298 521 1336; x_wconf 90' lang='lat' dir='ltr'><strong>quid</strong></span> <span class='ocrx_word' id='word_1_320' title='bbox 542 1298 659 1328; x_wconf 88' lang='lat' dir='ltr'><strong>mirum</strong></span> <span class='ocrx_word' id='word_1_321' title='bbox 687 1298 713 1327; x_wconf 90' lang='lat' dir='ltr'><strong>si</strong></span> <span class='ocrx_word' id='word_1_322' title='bbox 745 1306 990 1335; x_wconf 87' lang='lat' dir='ltr'><strong>nonnumquam</strong></span> <span class='ocrx_word' id='word_1_323' title='bbox 1013 1300 1125 1328; x_wconf 86' lang='lat' dir='ltr'><strong>contra</strong></span> <span class='ocrx_word' id='word_1_324' title='bbox 1149 1298 1377 1336; x_wconf 67' lang='lat' dir='ltr'><strong>praeceptiones</strong></span> <span class='ocrx_word' id='word_1_325' title='bbox 1402 1298 1625 1337; x_wconf 80' lang='lat' dir='ltr'><strong>grammaticas</strong></span> <span class='ocrx_word' id='word_1_326' title='bbox 1647 1301 1805 1337; x_wconf 87' lang='lat' dir='ltr'><strong>peccetur,</strong></span> <span class='ocrx_word' id='word_1_327' title='bbox 1830 1304 1862 1329; x_wconf 82' lang='lat' dir='ltr'><strong>et</strong></span> 
     </span>
    </p>
   </div>
   <div class='ocr_carea' id='block_1_30' title="bbox 228 1337 1862 1376">
    <p class='ocr_par' dir='ltr' id='par_1_30' title="bbox 228 1337 1862 1376">
     <span class='ocr_line' id='line_1_30' title="bbox 228 1337 1862 1376; baseline 0.001 -10"><span class='ocrx_word' id='word_1_328' title='bbox 228 1337 255 1367; x_wconf 89' lang='lat' dir='ltr'><strong>si</strong></span> <span class='ocrx_word' id='word_1_329' title='bbox 277 1337 382 1367; x_wconf 89' lang='lat' dir='ltr'><strong>minus</strong></span> <span class='ocrx_word' id='word_1_330' title='bbox 409 1338 516 1367; x_wconf 86' lang='lat' dir='ltr'><strong>stricte</strong></span> <span class='ocrx_word' id='word_1_331' title='bbox 536 1338 726 1367; x_wconf 89' lang='lat' dir='ltr'><strong>observetur</strong></span> <span class='ocrx_word' id='word_1_332' title='bbox 745 1337 913 1376; x_wconf 81' lang='lat' dir='ltr'><strong>syntaxis?</strong></span> <span class='ocrx_word' id='word_1_333' title='bbox 927 1337 996 1366; x_wconf 84' lang='lat' dir='ltr'><strong>Non</strong></span> <span class='ocrx_word' id='word_1_334' title='bbox 1018 1337 1179 1376; x_wconf 85' lang='lat' dir='ltr'><strong>ingratum</strong></span> <span class='ocrx_word' id='word_1_335' title='bbox 1202 1346 1277 1367; x_wconf 88' lang='lat' dir='ltr'><strong>vero</strong></span> <span class='ocrx_word' id='word_1_336' title='bbox 1294 1337 1403 1367; x_wconf 76' lang='lat' dir='ltr'><strong>lectori</strong></span> <span class='ocrx_word' id='word_1_337' title='bbox 1427 1337 1493 1367; x_wconf 87' lang='lat' dir='ltr'><strong>fore</strong></span> <span class='ocrx_word' id='word_1_338' title='bbox 1513 1338 1674 1372; x_wconf 81' lang='lat' dir='ltr'><strong>existimo,</strong></span> <span class='ocrx_word' id='word_1_339' title='bbox 1691 1339 1716 1368; x_wconf 89' lang='lat' dir='ltr'><strong>si</strong></span> <span class='ocrx_word' id='word_1_340' title='bbox 1734 1339 1862 1374; x_wconf 87' lang='lat' dir='ltr'><strong>illarum</strong></span> 
     </span>
    </p>
   </div>
   <div class='ocr_carea' id='block_1_31' title="bbox 228 1376 1862 1415">
    <p class='ocr_par' dir='ltr' id='par_1_31' title="bbox 228 1376 1862 1415">
     <span class='ocr_line' id='line_1_31' title="bbox 228 1376 1862 1415; baseline 0.001 -9"><span class='ocrx_word' id='word_1_341' title='bbox 228 1376 262 1406; x_wconf 93' lang='lat' dir='ltr'><strong>in</strong></span> <span class='ocrx_word' id='word_1_342' title='bbox 278 1376 427 1407; x_wconf 85' lang='lat' dir='ltr'><strong>Genesim</strong></span> <span class='ocrx_word' id='word_1_343' title='bbox 452 1377 657 1407; x_wconf 90' lang='lat' dir='ltr'><strong>homiliarum</strong></span> <span class='ocrx_word' id='word_1_344' title='bbox 684 1385 742 1415; x_wconf 90' lang='lat' dir='ltr'><strong>per</strong></span> <span class='ocrx_word' id='word_1_345' title='bbox 765 1376 1048 1415; x_wconf 83' lang='lat' dir='ltr'><strong>Quadragesimam</strong></span> <span class='ocrx_word' id='word_1_346' title='bbox 1072 1377 1254 1406; x_wconf 88' lang='lat' dir='ltr'><strong>habitarum</strong></span> <span class='ocrx_word' id='word_1_347' title='bbox 1278 1376 1434 1411; x_wconf 84' lang='lat' dir='ltr'><strong>ordinem,</strong></span> <span class='ocrx_word' id='word_1_348' title='bbox 1457 1380 1488 1406; x_wconf 89' lang='lat' dir='ltr'><strong>et</strong></span> <span class='ocrx_word' id='word_1_349' title='bbox 1511 1380 1633 1415; x_wconf 90' lang='lat' dir='ltr'><strong>quanto</strong></span> <span class='ocrx_word' id='word_1_350' title='bbox 1657 1379 1767 1415; x_wconf 86' lang='lat' dir='ltr'><strong>elapso</strong></span> <span class='ocrx_word' id='word_1_351' title='bbox 1785 1381 1862 1408; x_wconf 90' lang='lat' dir='ltr'><strong>tem-</strong></span> 
     </span>
    </p>
   </div>
   <div class='ocr_carea' id='block_1_32' title="bbox 228 1415 1732 1461">
    <p class='ocr_par' dir='ltr' id='par_1_32' title="bbox 228 1415 1732 1461">
     <span class='ocr_line' id='line_1_32' title="bbox 228 1415 1732 1461; baseline 0 -15"><span class='ocrx_word' id='word_1_352' title='bbox 228 1416 316 1461; x_wconf 61' lang='lat' dir='ltr'><strong>poris</strong></span> <span class='ocrx_word' id='word_1_353' title='bbox 334 1416 438 1461; x_wconf 77' lang='lat' dir='ltr'><strong>spatio</strong></span> <span class='ocrx_word' id='word_1_354' title='bbox 451 1416 517 1461; x_wconf 75' lang='lat' dir='ltr'><strong>alia</strong></span> <span class='ocrx_word' id='word_1_355' title='bbox 530 1416 625 1461; x_wconf 62' lang='lat' dir='ltr'><strong>aliain</strong></span> <span class='ocrx_word' id='word_1_356' title='bbox 642 1416 843 1461; x_wconf 40' lang='lat' dir='ltr'><strong>sequunta‘sit,</strong></span> <span class='ocrx_word' id='word_1_357' title='bbox 858 1415 909 1461; x_wconf 76' lang='lat' dir='ltr'><strong>hic</strong></span> <span class='ocrx_word' id='word_1_358' title='bbox 927 1416 1141 1461; x_wconf 62' lang='lat' dir='ltr'><strong>perscribam;</strong></span> <span class='ocrx_word' id='word_1_359' title='bbox 1160 1415 1189 1444; x_wconf 91' lang='lat' dir='ltr'><strong>id</strong></span> <span class='ocrx_word' id='word_1_360' title='bbox 1202 1416 1286 1454; x_wconf 91' lang='lat' dir='ltr'><strong>quod</strong></span> <span class='ocrx_word' id='word_1_361' title='bbox 1301 1416 1398 1461; x_wconf 77' lang='lat' dir='ltr'><strong>etiam</strong></span> <span class='ocrx_word' id='word_1_362' title='bbox 1411 1416 1635 1461; x_wconf 59' lang='lat' dir='ltr'><strong>Tillemontius</strong></span> <span class='ocrx_word' id='word_1_363' title='bbox 1650 1416 1732 1461; x_wconf 76' lang='lat' dir='ltr'><strong>fecit.</strong></span> 
     </span>
    </p>
   </div>
   <div class='ocr_carea' id='block_1_33' title="bbox 268 1454 1860 1494">
    <p class='ocr_par' dir='ltr' id='par_1_33' title="bbox 268 1454 1860 1494">
     <span class='ocr_line' id='line_1_33' title="bbox 268 1454 1860 1494; baseline 0.001 -9"><span class='ocrx_word' id='word_1_364' title='bbox 268 1456 371 1486; x_wconf 85' lang='lat' dir='ltr'><strong>Prima</strong></span> <span class='ocrx_word' id='word_1_365' title='bbox 388 1455 484 1494; x_wconf 84' lang='lat' dir='ltr'><strong>igitur</strong></span> <span class='ocrx_word' id='word_1_366' title='bbox 499 1455 629 1485; x_wconf 89' lang='lat' dir='ltr'><strong>homilia</strong></span> <span class='ocrx_word' id='word_1_367' title='bbox 641 1455 722 1485; x_wconf 88' lang='lat' dir='ltr'><strong>dicta</strong></span> <span class='ocrx_word' id='word_1_368' title='bbox 736 1455 795 1485; x_wconf 86' lang='lat' dir='ltr'><strong>fuit</strong></span> <span class='ocrx_word' id='word_1_369' title='bbox 807 1454 974 1484; x_wconf 91' lang='lat' dir='ltr'><strong>Dominico</strong></span> <span class='ocrx_word' id='word_1_370' title='bbox 992 1454 1042 1484; x_wconf 85' lang='lat' dir='ltr'><strong>die</strong></span> <span class='ocrx_word' id='word_1_371' title='bbox 1058 1457 1231 1493; x_wconf 82' lang='lat' dir='ltr'><strong>antequam</strong></span> <span class='ocrx_word' id='word_1_372' title='bbox 1246 1455 1524 1494; x_wconf 86' lang='lat' dir='ltr'><strong>quadragesimale</strong></span> <span class='ocrx_word' id='word_1_373' title='bbox 1534 1455 1692 1494; x_wconf 87' lang='lat' dir='ltr'><strong>jejunium</strong></span> <span class='ocrx_word' id='word_1_374' title='bbox 1704 1456 1860 1486; x_wconf 88' lang='lat' dir='ltr'><strong>iniretur:</strong></span> 
     </span>
    </p>
   </div>
   <div class='ocr_carea' id='block_1_34' title="bbox 229 1494 1859 1534">
    <p class='ocr_par' dir='ltr' id='par_1_34' title="bbox 229 1494 1859 1534">
     <span class='ocr_line' id='line_1_34' title="bbox 229 1494 1859 1534; baseline 0.001 -10"><span class='ocrx_word' id='word_1_375' title='bbox 229 1495 369 1525; x_wconf 84' lang='lat' dir='ltr'><strong>secunda</strong></span> <span class='ocrx_word' id='word_1_376' title='bbox 384 1495 434 1525; x_wconf 86' lang='lat' dir='ltr'><strong>die</strong></span> <span class='ocrx_word' id='word_1_377' title='bbox 449 1495 609 1534; x_wconf 88' lang='lat' dir='ltr'><strong>sequenti,</strong></span> <span class='ocrx_word' id='word_1_378' title='bbox 624 1503 689 1533; x_wconf 92' lang='lat' dir='ltr'><strong>quo</strong></span> <span class='ocrx_word' id='word_1_379' title='bbox 701 1495 859 1534; x_wconf 84' lang='lat' dir='ltr'><strong>jejunium</strong></span> <span class='ocrx_word' id='word_1_380' title='bbox 870 1494 1104 1533; x_wconf 77' lang='lat' dir='ltr'><strong>incipiebatur;</strong></span> <span class='ocrx_word' id='word_1_381' title='bbox 1121 1495 1213 1524; x_wconf 89' lang='lat' dir='ltr'><strong>tertia</strong></span> <span class='ocrx_word' id='word_1_382' title='bbox 1231 1497 1261 1524; x_wconf 86' lang='lat' dir='ltr'><strong>et</strong></span> <span class='ocrx_word' id='word_1_383' title='bbox 1274 1498 1391 1533; x_wconf 89' lang='lat' dir='ltr'><strong>quarta</strong></span> <span class='ocrx_word' id='word_1_384' title='bbox 1406 1495 1438 1524; x_wconf 91' lang='lat' dir='ltr'><strong>in</strong></span> <span class='ocrx_word' id='word_1_385' title='bbox 1461 1495 1546 1524; x_wconf 89' lang='lat' dir='ltr'><strong>feriis</strong></span> <span class='ocrx_word' id='word_1_386' title='bbox 1569 1495 1661 1525; x_wconf 88' lang='lat' dir='ltr'><strong>tertia</strong></span> <span class='ocrx_word' id='word_1_387' title='bbox 1674 1498 1703 1525; x_wconf 87' lang='lat' dir='ltr'><strong>et</strong></span> <span class='ocrx_word' id='word_1_388' title='bbox 1718 1498 1834 1534; x_wconf 89' lang='lat' dir='ltr'><strong>quarta</strong></span> <span class='ocrx_word' id='word_1_389' title='bbox 1851 1506 1859 1525; x_wconf 92' lang='lat'><strong>:</strong></span> 
     </span>
    </p>
   </div>
   <div class='ocr_carea' id='block_1_35' title="bbox 228 1533 1862 1574">
    <p class='ocr_par' dir='ltr' id='par_1_35' title="bbox 228 1533 1862 1574">
     <span class='ocr_line' id='line_1_35' title="bbox 228 1533 1862 1574; baseline 0 -10"><span class='ocrx_word' id='word_1_390' title='bbox 228 1535 276 1564; x_wconf 71' lang='lat' dir='ltr'><strong>hae</strong></span> <span class='ocrx_word' id='word_1_391' title='bbox 288 1533 639 1574; x_wconf 33' lang='lat' dir='ltr'><strong>continenter&#39;singulis</strong></span> <span class='ocrx_word' id='word_1_392' title='bbox 654 1533 766 1564; x_wconf 89' lang='lat' dir='ltr'><strong>diebus</strong></span> <span class='ocrx_word' id='word_1_393' title='bbox 778 1533 868 1564; x_wconf 77' lang='lat' dir='ltr'><strong>dictze</strong></span> <span class='ocrx_word' id='word_1_394' title='bbox 881 1536 967 1563; x_wconf 91' lang='lat' dir='ltr'><strong>sunt.</strong></span> <span class='ocrx_word' id='word_1_395' title='bbox 994 1533 1156 1563; x_wconf 87' lang='lat' dir='ltr'><strong>Incertum</strong></span> <span class='ocrx_word' id='word_1_396' title='bbox 1173 1543 1248 1574; x_wconf 79' lang='lat' dir='ltr'><strong>vero</strong></span> <span class='ocrx_word' id='word_1_397' title='bbox 1258 1537 1320 1574; x_wconf 14' lang='lat' dir='ltr'><strong>est?</strong></span> <span class='ocrx_word' id='word_1_398' title='bbox 1332 1537 1440 1564; x_wconf 93' lang='lat' dir='ltr'><strong>utrum</strong></span> <span class='ocrx_word' id='word_1_399' title='bbox 1465 1534 1548 1574; x_wconf 82' lang='lat' dir='ltr'><strong>inter</strong></span> <span class='ocrx_word' id='word_1_400' title='bbox 1558 1536 1706 1572; x_wconf 88' lang='lat' dir='ltr'><strong>quartam</strong></span> <span class='ocrx_word' id='word_1_401' title='bbox 1722 1533 1752 1564; x_wconf 83' lang='lat' dir='ltr'><strong>et</strong></span> <span class='ocrx_word' id='word_1_402' title='bbox 1766 1535 1862 1573; x_wconf 91' lang='lat' dir='ltr'><strong>quin-</strong></span> 
     </span>
    </p>
   </div>
   <div class='ocr_carea' id='block_1_36' title="bbox 227 1573 1862 1613">
    <p class='ocr_par' dir='ltr' id='par_1_36' title="bbox 227 1573 1862 1613">
     <span class='ocr_line' id='line_1_36' title="bbox 227 1573 1862 1613; baseline 0.001 -10"><span class='ocrx_word' id='word_1_403' title='bbox 227 1577 291 1603; x_wconf 89' lang='lat' dir='ltr'><strong>tam</strong></span> <span class='ocrx_word' id='word_1_404' title='bbox 308 1574 418 1613; x_wconf 87' lang='lat' dir='ltr'><strong>aliqua</strong></span> <span class='ocrx_word' id='word_1_405' title='bbox 432 1574 499 1604; x_wconf 89' lang='lat' dir='ltr'><strong>dies</strong></span> <span class='ocrx_word' id='word_1_406' title='bbox 513 1573 728 1604; x_wconf 74' lang='lat' dir='ltr'><strong>intercesserit</strong></span> <span class='ocrx_word' id='word_1_407' title='bbox 744 1576 801 1604; x_wconf 90' lang='lat' dir='ltr'><strong>aut</strong></span> <span class='ocrx_word' id='word_1_408' title='bbox 816 1574 970 1603; x_wconf 88' lang='lat' dir='ltr'><strong>concione</strong></span> <span class='ocrx_word' id='word_1_409' title='bbox 984 1581 1099 1608; x_wconf 81' lang='lat' dir='ltr'><strong>vacua,</strong></span> <span class='ocrx_word' id='word_1_410' title='bbox 1113 1575 1169 1603; x_wconf 87' lang='lat' dir='ltr'><strong>aut</strong></span> <span class='ocrx_word' id='word_1_411' title='bbox 1183 1573 1322 1613; x_wconf 83' lang='lat' dir='ltr'><strong>adaliud</strong></span> <span class='ocrx_word' id='word_1_412' title='bbox 1337 1573 1550 1604; x_wconf 83' lang='lat' dir='ltr'><strong>concionandi</strong></span> <span class='ocrx_word' id='word_1_413' title='bbox 1563 1577 1788 1612; x_wconf 86' lang='lat' dir='ltr'><strong>argumentum</strong></span> <span class='ocrx_word' id='word_1_414' title='bbox 1803 1574 1862 1605; x_wconf 81' lang='lat' dir='ltr'><strong>de—</strong></span> 
     </span>
    </p>
   </div>
   <div class='ocr_carea' id='block_1_37' title="bbox 227 1612 1860 1652">
    <p class='ocr_par' dir='ltr' id='par_1_37' title="bbox 227 1612 1860 1652">
     <span class='ocr_line' id='line_1_37' title="bbox 227 1612 1860 1652; baseline 0 -9"><span class='ocrx_word' id='word_1_415' title='bbox 227 1615 357 1650; x_wconf 86' lang='lat' dir='ltr'><strong>putata;</strong></span> <span class='ocrx_word' id='word_1_416' title='bbox 374 1615 409 1643; x_wconf 89' lang='lat' dir='ltr'><strong>ut</strong></span> <span class='ocrx_word' id='word_1_417' title='bbox 423 1616 458 1643; x_wconf 91' lang='lat' dir='ltr'><strong>ut</strong></span> <span class='ocrx_word' id='word_1_418' title='bbox 471 1615 530 1648; x_wconf 79' lang='lat' dir='ltr'><strong>est,</strong></span> <span class='ocrx_word' id='word_1_419' title='bbox 546 1614 670 1652; x_wconf 88' lang='lat' dir='ltr'><strong>quinta,</strong></span> <span class='ocrx_word' id='word_1_420' title='bbox 686 1615 790 1649; x_wconf 76' lang='lat' dir='ltr'><strong>sexta,</strong></span> <span class='ocrx_word' id='word_1_421' title='bbox 807 1613 953 1650; x_wconf 86' lang='lat' dir='ltr'><strong>septima,</strong></span> <span class='ocrx_word' id='word_1_422' title='bbox 969 1615 1084 1643; x_wconf 90' lang='lat' dir='ltr'><strong>octava</strong></span> <span class='ocrx_word' id='word_1_423' title='bbox 1099 1614 1130 1642; x_wconf 93' lang='lat' dir='ltr'><strong>et</strong></span> <span class='ocrx_word' id='word_1_424' title='bbox 1151 1621 1237 1643; x_wconf 90' lang='lat' dir='ltr'><strong>nona</strong></span> <span class='ocrx_word' id='word_1_425' title='bbox 1261 1612 1400 1643; x_wconf 63' lang='lat' dir='ltr'><strong>homilia‘,</strong></span> <span class='ocrx_word' id='word_1_426' title='bbox 1421 1613 1623 1642; x_wconf 89' lang='lat' dir='ltr'><strong>continenter</strong></span> <span class='ocrx_word' id='word_1_427' title='bbox 1646 1613 1781 1652; x_wconf 81' lang='lat' dir='ltr'><strong>singulis</strong></span> <span class='ocrx_word' id='word_1_428' title='bbox 1798 1613 1860 1643; x_wconf 88' lang='lat' dir='ltr'><strong>sibi</strong></span> 
     </span>
    </p>
   </div>
   <div class='ocr_carea' id='block_1_38' title="bbox 227 1651 1863 1690">
    <p class='ocr_par' dir='ltr' id='par_1_38' title="bbox 227 1651 1863 1690">
     <span class='ocr_line' id='line_1_38' title="bbox 227 1651 1863 1690; baseline 0.001 -9"><span class='ocrx_word' id='word_1_429' title='bbox 227 1653 470 1683; x_wconf 87' lang='lat' dir='ltr'><strong>succedentibus</strong></span> <span class='ocrx_word' id='word_1_430' title='bbox 494 1651 605 1682; x_wconf 81' lang='lat' dir='ltr'><strong>diebus</strong></span> <span class='ocrx_word' id='word_1_431' title='bbox 620 1652 710 1682; x_wconf 62' lang='lat' dir='ltr'><strong>dictae</strong></span> <span class='ocrx_word' id='word_1_432' title='bbox 727 1654 813 1687; x_wconf 89' lang='lat' dir='ltr'><strong>sunt,</strong></span> <span class='ocrx_word' id='word_1_433' title='bbox 825 1652 940 1690; x_wconf 87' lang='lat' dir='ltr'><strong>partim</strong></span> <span class='ocrx_word' id='word_1_434' title='bbox 957 1651 989 1681; x_wconf 92' lang='lat' dir='ltr'><strong>in</strong></span> <span class='ocrx_word' id='word_1_435' title='bbox 1003 1652 1119 1690; x_wconf 77' lang='lat' dir='ltr'><strong>prima,</strong></span> <span class='ocrx_word' id='word_1_436' title='bbox 1136 1652 1251 1690; x_wconf 86' lang='lat' dir='ltr'><strong>partim</strong></span> <span class='ocrx_word' id='word_1_437' title='bbox 1267 1652 1299 1681; x_wconf 93' lang='lat' dir='ltr'><strong>in</strong></span> <span class='ocrx_word' id='word_1_438' title='bbox 1314 1652 1453 1682; x_wconf 87' lang='lat' dir='ltr'><strong>secunda</strong></span> <span class='ocrx_word' id='word_1_439' title='bbox 1468 1652 1726 1690; x_wconf 77' lang='lat' dir='ltr'><strong>Quadragesimae</strong></span> <span class='ocrx_word' id='word_1_440' title='bbox 1741 1653 1863 1682; x_wconf 87' lang='lat' dir='ltr'><strong>hebdo—</strong></span> 
     </span>
    </p>
   </div>
   <div class='ocr_carea' id='block_1_39' title="bbox 226 1691 1862 1730">
    <p class='ocr_par' dir='ltr' id='par_1_39' title="bbox 226 1691 1862 1730">
     <span class='ocr_line' id='line_1_39' title="bbox 226 1691 1862 1730; baseline 0.001 -9"><span class='ocrx_word' id='word_1_441' title='bbox 226 1692 338 1727; x_wconf 75' lang='lat' dir='ltr'><strong>made;</strong></span> <span class='ocrx_word' id='word_1_442' title='bbox 357 1692 479 1723; x_wconf 85' lang='lat' dir='ltr'><strong>decima</strong></span> <span class='ocrx_word' id='word_1_443' title='bbox 493 1693 588 1722; x_wconf 88' lang='lat' dir='ltr'><strong>etiam</strong></span> <span class='ocrx_word' id='word_1_444' title='bbox 606 1692 638 1721; x_wconf 93' lang='lat' dir='ltr'><strong>in</strong></span> <span class='ocrx_word' id='word_1_445' title='bbox 656 1691 796 1722; x_wconf 87' lang='lat' dir='ltr'><strong>secunda</strong></span> <span class='ocrx_word' id='word_1_446' title='bbox 812 1691 1020 1727; x_wconf 87' lang='lat' dir='ltr'><strong>hebdomade,</strong></span> <span class='ocrx_word' id='word_1_447' title='bbox 1036 1693 1093 1721; x_wconf 90' lang='lat' dir='ltr'><strong>aut</strong></span> <span class='ocrx_word' id='word_1_448' title='bbox 1108 1691 1187 1721; x_wconf 87' lang='lat' dir='ltr'><strong>feria</strong></span> <span class='ocrx_word' id='word_1_449' title='bbox 1202 1691 1326 1730; x_wconf 87' lang='lat' dir='ltr'><strong>quinta,</strong></span> <span class='ocrx_word' id='word_1_450' title='bbox 1344 1694 1400 1721; x_wconf 91' lang='lat' dir='ltr'><strong>aut</strong></span> <span class='ocrx_word' id='word_1_451' title='bbox 1420 1695 1529 1726; x_wconf 81' lang='lat' dir='ltr'><strong>sexta;</strong></span> <span class='ocrx_word' id='word_1_452' title='bbox 1551 1691 1720 1723; x_wconf 88' lang='lat' dir='ltr'><strong>undecima</strong></span> <span class='ocrx_word' id='word_1_453' title='bbox 1736 1691 1768 1721; x_wconf 89' lang='lat' dir='ltr'><strong>in</strong></span> <span class='ocrx_word' id='word_1_454' title='bbox 1783 1692 1862 1722; x_wconf 88' lang='lat' dir='ltr'><strong>Sab-</strong></span> 
     </span>
    </p>
   </div>
   <div class='ocr_carea' id='block_1_40' title="bbox 227 1730 1863 1769">
    <p class='ocr_par' dir='ltr' id='par_1_40' title="bbox 227 1730 1863 1769">
     <span class='ocr_line' id='line_1_40' title="bbox 227 1730 1863 1769; baseline 0 -8"><span class='ocrx_word' id='word_1_455' title='bbox 227 1731 300 1761; x_wconf 87' lang='lat' dir='ltr'><strong>bato</strong></span> <span class='ocrx_word' id='word_1_456' title='bbox 315 1731 462 1762; x_wconf 72' lang='lat' dir='ltr'><strong>secunda:</strong></span> <span class='ocrx_word' id='word_1_457' title='bbox 478 1731 696 1761; x_wconf 79' lang='lat' dir='ltr'><strong>hebdomadis.</strong></span> <span class='ocrx_word' id='word_1_458' title='bbox 712 1730 907 1761; x_wconf 83' lang='lat' dir='ltr'><strong>Duodecima</strong></span> <span class='ocrx_word' id='word_1_459' title='bbox 925 1730 1034 1760; x_wconf 86' lang='lat' dir='ltr'><strong>habita</strong></span> <span class='ocrx_word' id='word_1_460' title='bbox 1049 1733 1098 1760; x_wconf 89' lang='lat' dir='ltr'><strong>est</strong></span> <span class='ocrx_word' id='word_1_461' title='bbox 1111 1733 1183 1769; x_wconf 88' lang='lat' dir='ltr'><strong>post</strong></span> <span class='ocrx_word' id='word_1_462' title='bbox 1196 1731 1293 1761; x_wconf 87' lang='lat' dir='ltr'><strong>aliam</strong></span> <span class='ocrx_word' id='word_1_463' title='bbox 1319 1731 1367 1760; x_wconf 85' lang='lat' dir='ltr'><strong>vel</strong></span> <span class='ocrx_word' id='word_1_464' title='bbox 1391 1731 1485 1765; x_wconf 88' lang='lat' dir='ltr'><strong>alias,</strong></span> <span class='ocrx_word' id='word_1_465' title='bbox 1500 1739 1573 1769; x_wconf 63' lang='lat' dir='ltr'><strong>quae</strong></span> <span class='ocrx_word' id='word_1_466' title='bbox 1590 1731 1629 1761; x_wconf 91' lang='lat' dir='ltr'><strong>ad</strong></span> <span class='ocrx_word' id='word_1_467' title='bbox 1657 1730 1820 1761; x_wconf 86' lang='lat' dir='ltr'><strong>diversum</strong></span> <span class='ocrx_word' id='word_1_468' title='bbox 1843 1740 1863 1762; x_wconf 89' lang='lat' dir='ltr'><strong>a</strong></span> 
     </span>
    </p>
   </div>
   <div class='ocr_carea' id='block_1_41' title="bbox 226 1769 1860 1810">
    <p class='ocr_par' dir='ltr' id='par_1_41' title="bbox 226 1769 1860 1810">
     <span class='ocr_line' id='line_1_41' title="bbox 226 1769 1860 1810; baseline -0.001 -9"><span class='ocrx_word' id='word_1_469' title='bbox 226 1771 341 1801; x_wconf 84' lang='lat' dir='ltr'><strong>Genesi</strong></span> <span class='ocrx_word' id='word_1_470' title='bbox 358 1773 583 1810; x_wconf 83' lang='lat' dir='ltr'><strong>argumentum</strong></span> <span class='ocrx_word' id='word_1_471' title='bbox 596 1771 793 1809; x_wconf 88' lang='lat' dir='ltr'><strong>spectabant.</strong></span> <span class='ocrx_word' id='word_1_472' title='bbox 810 1770 896 1800; x_wconf 90' lang='lat' dir='ltr'><strong>lnter</strong></span> <span class='ocrx_word' id='word_1_473' title='bbox 912 1769 1132 1810; x_wconf 85' lang='lat' dir='ltr'><strong>duodecimam</strong></span> <span class='ocrx_word' id='word_1_474' title='bbox 1141 1778 1278 1810; x_wconf 79' lang='lat' dir='ltr'><strong>quoque</strong></span> <span class='ocrx_word' id='word_1_475' title='bbox 1291 1772 1322 1799; x_wconf 90' lang='lat' dir='ltr'><strong>et</strong></span> <span class='ocrx_word' id='word_1_476' title='bbox 1334 1770 1490 1800; x_wconf 90' lang='lat' dir='ltr'><strong>decimam</strong></span> <span class='ocrx_word' id='word_1_477' title='bbox 1505 1770 1630 1800; x_wconf 89' lang='lat' dir='ltr'><strong>tertiam</strong></span> <span class='ocrx_word' id='word_1_478' title='bbox 1641 1770 1693 1800; x_wconf 86' lang='lat' dir='ltr'><strong>vel</strong></span> <span class='ocrx_word' id='word_1_479' title='bbox 1709 1779 1793 1800; x_wconf 91' lang='lat' dir='ltr'><strong>unus</strong></span> <span class='ocrx_word' id='word_1_480' title='bbox 1811 1771 1860 1800; x_wconf 84' lang='lat' dir='ltr'><strong>vel</strong></span> 
     </span>
    </p>
   </div>
   <div class='ocr_carea' id='block_1_42' title="bbox 226 1809 1863 1849">
    <p class='ocr_par' dir='ltr' id='par_1_42' title="bbox 226 1809 1863 1849">
     <span class='ocr_line' id='line_1_42' title="bbox 226 1809 1863 1849; baseline 0.001 -10"><span class='ocrx_word' id='word_1_481' title='bbox 226 1811 334 1849; x_wconf 86' lang='lat' dir='ltr'><strong>plures</strong></span> <span class='ocrx_word' id='word_1_482' title='bbox 351 1809 417 1841; x_wconf 78' lang='lat' dir='ltr'><strong>dies</strong></span> <span class='ocrx_word' id='word_1_483' title='bbox 435 1810 660 1840; x_wconf 82' lang='lat' dir='ltr'><strong>interfuerunt.</strong></span> <span class='ocrx_word' id='word_1_484' title='bbox 672 1810 801 1840; x_wconf 87' lang='lat' dir='ltr'><strong>Decima</strong></span> <span class='ocrx_word' id='word_1_485' title='bbox 816 1811 932 1847; x_wconf 88' lang='lat' dir='ltr'><strong>quarta</strong></span> <span class='ocrx_word' id='word_1_486' title='bbox 946 1809 1056 1849; x_wconf 85' lang='lat' dir='ltr'><strong>habita</strong></span> <span class='ocrx_word' id='word_1_487' title='bbox 1070 1811 1118 1839; x_wconf 86' lang='lat' dir='ltr'><strong>est</strong></span> <span class='ocrx_word' id='word_1_488' title='bbox 1130 1809 1180 1839; x_wconf 90' lang='lat' dir='ltr'><strong>die</strong></span> <span class='ocrx_word' id='word_1_489' title='bbox 1193 1809 1348 1838; x_wconf 86' lang='lat' dir='ltr'><strong>decimam</strong></span> <span class='ocrx_word' id='word_1_490' title='bbox 1363 1810 1489 1849; x_wconf 81' lang='lat' dir='ltr'><strong>tertiam</strong></span> <span class='ocrx_word' id='word_1_491' title='bbox 1512 1809 1701 1849; x_wconf 85' lang='lat' dir='ltr'><strong>insequente</strong></span> <span class='ocrx_word' id='word_1_492' title='bbox 1717 1820 1725 1846; x_wconf 91' lang='lat'><strong>;</strong></span> <span class='ocrx_word' id='word_1_493' title='bbox 1740 1809 1863 1841; x_wconf 87' lang='lat' dir='ltr'><strong>decima</strong></span> 
     </span>
    </p>
   </div>
   <div class='ocr_carea' id='block_1_43' title="bbox 225 1848 1863 1888">
    <p class='ocr_par' dir='ltr' id='par_1_43' title="bbox 225 1848 1863 1888">
     <span class='ocr_line' id='line_1_43' title="bbox 225 1848 1863 1888; baseline -0.001 -9"><span class='ocrx_word' id='word_1_494' title='bbox 225 1850 341 1888; x_wconf 86' lang='lat' dir='ltr'><strong>quinta</strong></span> <span class='ocrx_word' id='word_1_495' title='bbox 355 1850 501 1880; x_wconf 86' lang='lat' dir='ltr'><strong>similiter</strong></span> <span class='ocrx_word' id='word_1_496' title='bbox 513 1852 667 1888; x_wconf 89' lang='lat' dir='ltr'><strong>sequente</strong></span> <span class='ocrx_word' id='word_1_497' title='bbox 684 1849 755 1882; x_wconf 84' lang='lat' dir='ltr'><strong>die:</strong></span> <span class='ocrx_word' id='word_1_498' title='bbox 774 1848 896 1878; x_wconf 85' lang='lat' dir='ltr'><strong>decima</strong></span> <span class='ocrx_word' id='word_1_499' title='bbox 911 1851 1001 1879; x_wconf 86' lang='lat' dir='ltr'><strong>sexta</strong></span> <span class='ocrx_word' id='word_1_500' title='bbox 1016 1848 1065 1878; x_wconf 89' lang='lat' dir='ltr'><strong>die</strong></span> <span class='ocrx_word' id='word_1_501' title='bbox 1085 1848 1158 1878; x_wconf 91' lang='lat' dir='ltr'><strong>item</strong></span> <span class='ocrx_word' id='word_1_502' title='bbox 1173 1851 1345 1886; x_wconf 82' lang='lat' dir='ltr'><strong>sequente;</strong></span> <span class='ocrx_word' id='word_1_503' title='bbox 1361 1848 1483 1878; x_wconf 89' lang='lat' dir='ltr'><strong>decima</strong></span> <span class='ocrx_word' id='word_1_504' title='bbox 1496 1848 1630 1886; x_wconf 87' lang='lat' dir='ltr'><strong>septima</strong></span> <span class='ocrx_word' id='word_1_505' title='bbox 1645 1857 1711 1878; x_wconf 90' lang='lat' dir='ltr'><strong>uno</strong></span> <span class='ocrx_word' id='word_1_506' title='bbox 1729 1850 1777 1879; x_wconf 86' lang='lat' dir='ltr'><strong>vel</strong></span> <span class='ocrx_word' id='word_1_507' title='bbox 1792 1849 1863 1887; x_wconf 91' lang='lat' dir='ltr'><strong>plu-</strong></span> 
     </span>
    </p>
   </div>
   <div class='ocr_carea' id='block_1_44' title="bbox 226 1887 1861 1928">
    <p class='ocr_par' dir='ltr' id='par_1_44' title="bbox 226 1887 1861 1928">
     <span class='ocr_line' id='line_1_44' title="bbox 226 1887 1861 1928; baseline -0.001 -9"><span class='ocrx_word' id='word_1_508' title='bbox 226 1887 314 1919; x_wconf 86' lang='lat' dir='ltr'><strong>ribus</strong></span> <span class='ocrx_word' id='word_1_509' title='bbox 334 1892 405 1928; x_wconf 88' lang='lat' dir='ltr'><strong>post</strong></span> <span class='ocrx_word' id='word_1_510' title='bbox 418 1887 574 1919; x_wconf 87' lang='lat' dir='ltr'><strong>decimam</strong></span> <span class='ocrx_word' id='word_1_511' title='bbox 589 1890 714 1918; x_wconf 80' lang='lat' dir='ltr'><strong>sextam</strong></span> <span class='ocrx_word' id='word_1_512' title='bbox 727 1888 850 1918; x_wconf 87' lang='lat' dir='ltr'><strong>diebus.</strong></span> <span class='ocrx_word' id='word_1_513' title='bbox 866 1888 1027 1928; x_wconf 89' lang='lat' dir='ltr'><strong>Decimam</strong></span> <span class='ocrx_word' id='word_1_514' title='bbox 1043 1888 1211 1926; x_wconf 87' lang='lat' dir='ltr'><strong>septimam</strong></span> <span class='ocrx_word' id='word_1_515' title='bbox 1224 1887 1347 1918; x_wconf 86' lang='lat' dir='ltr'><strong>decima</strong></span> <span class='ocrx_word' id='word_1_516' title='bbox 1361 1890 1486 1928; x_wconf 85' lang='lat' dir='ltr'><strong>octava,</strong></span> <span class='ocrx_word' id='word_1_517' title='bbox 1497 1888 1585 1918; x_wconf 88' lang='lat' dir='ltr'><strong>nulla</strong></span> <span class='ocrx_word' id='word_1_518' title='bbox 1599 1888 1649 1928; x_wconf 88' lang='lat' dir='ltr'><strong>die</strong></span> <span class='ocrx_word' id='word_1_519' title='bbox 1660 1889 1861 1927; x_wconf 83' lang='lat' dir='ltr'><strong>interposita,</strong></span> 
     </span>
    </p>
   </div>
   <div class='ocr_carea' id='block_1_45' title="bbox 225 1927 1862 1967">
    <p class='ocr_par' dir='ltr' id='par_1_45' title="bbox 225 1927 1862 1967">
     <span class='ocr_line' id='line_1_45' title="bbox 225 1927 1862 1967; baseline 0 -10"><span class='ocrx_word' id='word_1_520' title='bbox 225 1927 363 1967; x_wconf 86' lang='lat' dir='ltr'><strong>sequuta</strong></span> <span class='ocrx_word' id='word_1_521' title='bbox 378 1931 437 1959; x_wconf 87' lang='lat' dir='ltr'><strong>est.</strong></span> <span class='ocrx_word' id='word_1_522' title='bbox 453 1929 583 1959; x_wconf 84' lang='lat' dir='ltr'><strong>Decima</strong></span> <span class='ocrx_word' id='word_1_523' title='bbox 599 1936 685 1958; x_wconf 90' lang='lat' dir='ltr'><strong>nona</strong></span> <span class='ocrx_word' id='word_1_524' title='bbox 700 1936 742 1958; x_wconf 88' lang='lat' dir='ltr'><strong>an</strong></span> <span class='ocrx_word' id='word_1_525' title='bbox 756 1928 959 1958; x_wconf 89' lang='lat' dir='ltr'><strong>continenter</strong></span> <span class='ocrx_word' id='word_1_526' title='bbox 973 1927 1083 1957; x_wconf 89' lang='lat' dir='ltr'><strong>habita</strong></span> <span class='ocrx_word' id='word_1_527' title='bbox 1103 1927 1142 1957; x_wconf 89' lang='lat' dir='ltr'><strong>sit</strong></span> <span class='ocrx_word' id='word_1_528' title='bbox 1157 1928 1336 1966; x_wconf 84' lang='lat' dir='ltr'><strong>ignoratur,</strong></span> <span class='ocrx_word' id='word_1_529' title='bbox 1353 1927 1563 1965; x_wconf 88' lang='lat' dir='ltr'><strong>similiterque</strong></span> <span class='ocrx_word' id='word_1_530' title='bbox 1581 1927 1747 1966; x_wconf 85' lang='lat' dir='ltr'><strong>vigesima,</strong></span> <span class='ocrx_word' id='word_1_531' title='bbox 1763 1936 1862 1966; x_wconf 92' lang='lat' dir='ltr'><strong>quam</strong></span> 
     </span>
    </p>
   </div>
   <div class='ocr_carea' id='block_1_46' title="bbox 223 1966 1861 2006">
    <p class='ocr_par' dir='ltr' id='par_1_46' title="bbox 223 1966 1861 2006">
     <span class='ocr_line' id='line_1_46' title="bbox 223 1966 1861 2006; baseline 0 -10"><span class='ocrx_word' id='word_1_532' title='bbox 223 1966 335 1998; x_wconf 80' lang='lat' dir='ltr'><strong>diebus</strong></span> <span class='ocrx_word' id='word_1_533' title='bbox 358 1968 580 2006; x_wconf 86' lang='lat' dir='ltr'><strong>sequentibus,</strong></span> <span class='ocrx_word' id='word_1_534' title='bbox 596 1967 686 1997; x_wconf 92' lang='lat' dir='ltr'><strong>nullo</strong></span> <span class='ocrx_word' id='word_1_535' title='bbox 701 1967 891 2006; x_wconf 89' lang='lat' dir='ltr'><strong>interposito</strong></span> <span class='ocrx_word' id='word_1_536' title='bbox 917 1967 978 2001; x_wconf 87' lang='lat' dir='ltr'><strong>die,</strong></span> <span class='ocrx_word' id='word_1_537' title='bbox 995 1969 1192 2005; x_wconf 87' lang='lat' dir='ltr'><strong>exceperunt</strong></span> <span class='ocrx_word' id='word_1_538' title='bbox 1218 1966 1372 2005; x_wconf 86' lang='lat' dir='ltr'><strong>vigesima</strong></span> <span class='ocrx_word' id='word_1_539' title='bbox 1398 1967 1512 2004; x_wconf 79' lang='lat' dir='ltr'><strong>prima.</strong></span> <span class='ocrx_word' id='word_1_540' title='bbox 1531 1967 1686 2005; x_wconf 86' lang='lat' dir='ltr'><strong>vigesima</strong></span> <span class='ocrx_word' id='word_1_541' title='bbox 1709 1967 1861 2003; x_wconf 86' lang='lat' dir='ltr'><strong>secunda,</strong></span> 
     </span>
    </p>
   </div>
   <div class='ocr_carea' id='block_1_47' title="bbox 226 2005 1861 2053">
    <p class='ocr_par' dir='ltr' id='par_1_47' title="bbox 226 2005 1861 2053">
     <span class='ocr_line' id='line_1_47' title="bbox 226 2005 1861 2053; baseline -0.001 -17"><span class='ocrx_word' id='word_1_542' title='bbox 226 2008 379 2053; x_wconf 73' lang='lat' dir='ltr'><strong>vigesima</strong></span> <span class='ocrx_word' id='word_1_543' title='bbox 388 2005 651 2053; x_wconf 71' lang='lat' dir='ltr'><strong>tertia,vigesirna</strong></span> <span class='ocrx_word' id='word_1_544' title='bbox 660 2009 787 2053; x_wconf 74' lang='lat' dir='ltr'><strong>quarta,</strong></span> <span class='ocrx_word' id='word_1_545' title='bbox 798 2006 950 2052; x_wconf 70' lang='lat' dir='ltr'><strong>brevique</strong></span> <span class='ocrx_word' id='word_1_546' title='bbox 961 2006 1435 2053; x_wconf 49' lang='lat' dir='ltr'><strong>interpositospatiomontinuis</strong></span> <span class='ocrx_word' id='word_1_547' title='bbox 1444 2005 1568 2053; x_wconf 80' lang='lat' dir='ltr'><strong>diebus,</strong></span> <span class='ocrx_word' id='word_1_548' title='bbox 1578 2006 1861 2053; x_wconf 50' lang='lat' dir='ltr'><strong>vigesimaquin-ta,</strong></span> 
     </span>
    </p>
   </div>
   <div class='ocr_carea' id='block_1_48' title="bbox 225 2045 1863 2086">
    <p class='ocr_par' dir='ltr' id='par_1_48' title="bbox 225 2045 1863 2086">
     <span class='ocr_line' id='line_1_48' title="bbox 225 2045 1863 2086; baseline -0.002 -9"><span class='ocrx_word' id='word_1_549' title='bbox 225 2045 378 2086; x_wconf 64' lang='lat' dir='ltr'><strong>vigesima</strong></span> <span class='ocrx_word' id='word_1_550' title='bbox 393 2050 497 2082; x_wconf 82' lang='lat' dir='ltr'><strong>sexta,</strong></span> <span class='ocrx_word' id='word_1_551' title='bbox 515 2045 830 2086; x_wconf 30' lang='lat' dir='ltr'><strong>vigesima’septima,</strong></span> <span class='ocrx_word' id='word_1_552' title='bbox 849 2046 1002 2086; x_wconf 84' lang='lat' dir='ltr'><strong>vigesima</strong></span> <span class='ocrx_word' id='word_1_553' title='bbox 1016 2045 1314 2086; x_wconf 54' lang='lat' dir='ltr'><strong>octavaJ’igesima</strong></span> <span class='ocrx_word' id='word_1_554' title='bbox 1328 2053 1415 2076; x_wconf 88' lang='lat' dir='ltr'><strong>nona</strong></span> <span class='ocrx_word' id='word_1_555' title='bbox 1429 2053 1471 2076; x_wconf 90' lang='lat' dir='ltr'><strong>an</strong></span> <span class='ocrx_word' id='word_1_556' title='bbox 1483 2048 1554 2083; x_wconf 91' lang='lat' dir='ltr'><strong>post</strong></span> <span class='ocrx_word' id='word_1_557' title='bbox 1570 2045 1756 2086; x_wconf 76' lang='lat' dir='ltr'><strong>vigesimam</strong></span> <span class='ocrx_word' id='word_1_558' title='bbox 1771 2047 1863 2075; x_wconf 89' lang='lat' dir='ltr'><strong>octa-</strong></span> 
     </span>
    </p>
   </div>
   <div class='ocr_carea' id='block_1_49' title="bbox 225 2083 1862 2124">
    <p class='ocr_par' dir='ltr' id='par_1_49' title="bbox 225 2083 1862 2124">
     <span class='ocr_line' id='line_1_49' title="bbox 225 2083 1862 2124; baseline -0.001 -10"><span class='ocrx_word' id='word_1_559' title='bbox 225 2083 310 2121; x_wconf 63' lang='lat' dir='ltr'><strong>vam,</strong></span> <span class='ocrx_word' id='word_1_560' title='bbox 327 2087 416 2116; x_wconf 90' lang='lat' dir='ltr'><strong>nulla</strong></span> <span class='ocrx_word' id='word_1_561' title='bbox 432 2083 620 2124; x_wconf 67' lang='lat' dir='ltr'><strong>interposita</strong></span> <span class='ocrx_word' id='word_1_562' title='bbox 635 2086 698 2121; x_wconf 90' lang='lat' dir='ltr'><strong>die,</strong></span> <span class='ocrx_word' id='word_1_563' title='bbox 714 2083 823 2116; x_wconf 86' lang='lat' dir='ltr'><strong>habita</strong></span> <span class='ocrx_word' id='word_1_564' title='bbox 835 2083 894 2120; x_wconf 32' lang='lat' dir='ltr'><strong>sit,’</strong></span> <span class='ocrx_word' id='word_1_565' title='bbox 906 2085 1085 2123; x_wconf 82' lang='lat' dir='ltr'><strong>ignoratur.</strong></span> <span class='ocrx_word' id='word_1_566' title='bbox 1102 2083 1293 2124; x_wconf 86' lang='lat' dir='ltr'><strong>Trigesima,</strong></span> <span class='ocrx_word' id='word_1_567' title='bbox 1310 2093 1384 2114; x_wconf 94' lang='lat' dir='ltr'><strong>cum</strong></span> <span class='ocrx_word' id='word_1_568' title='bbox 1406 2093 1555 2124; x_wconf 80' lang='lat' dir='ltr'><strong>magnam</strong></span> <span class='ocrx_word' id='word_1_569' title='bbox 1570 2083 1798 2124; x_wconf 84' lang='lat' dir='ltr'><strong>hebdomadem</strong></span> <span class='ocrx_word' id='word_1_570' title='bbox 1813 2086 1862 2124; x_wconf 82' lang='lat' dir='ltr'><strong>at-</strong></span> 
     </span>
    </p>
   </div>
   <div class='ocr_carea' id='block_1_50' title="bbox 223 2123 1862 2193">
    <p class='ocr_par' dir='ltr' id='par_1_50' title="bbox 223 2123 1862 2193">
     <span class='ocr_line' id='line_1_50' title="bbox 223 2123 1862 2193; baseline -0.001 -38"><span class='ocrx_word' id='word_1_571' title='bbox 223 2126 357 2164; x_wconf 82' lang='lat' dir='ltr'><strong>tigisset,</strong></span> <span class='ocrx_word' id='word_1_572' title='bbox 373 2128 408 2154; x_wconf 87' lang='lat' dir='ltr'><strong>ut</strong></span> <span class='ocrx_word' id='word_1_573' title='bbox 431 2126 498 2164; x_wconf 90' lang='lat' dir='ltr'><strong>ipse</strong></span> <span class='ocrx_word' id='word_1_574' title='bbox 512 2123 760 2163; x_wconf 88' lang='lat' dir='ltr'><strong>Chrysostomus</strong></span> <span class='ocrx_word' id='word_1_575' title='bbox 784 2124 845 2159; x_wconf 83' lang='lat' dir='ltr'><strong>ait;</strong></span> <span class='ocrx_word' id='word_1_576' title='bbox 861 2124 1024 2193; x_wconf 55' lang='lat' dir='ltr'><strong>trigesima</strong></span> <span class='ocrx_word' id='word_1_577' title='bbox 1045 2124 1160 2162; x_wconf 88' lang='lat' dir='ltr'><strong>prima,</strong></span> <span class='ocrx_word' id='word_1_578' title='bbox 1186 2127 1217 2153; x_wconf 91' lang='lat' dir='ltr'><strong>et</strong></span> <span class='ocrx_word' id='word_1_579' title='bbox 1238 2124 1403 2163; x_wconf 79' lang='lat' dir='ltr'><strong>trigesima</strong></span> <span class='ocrx_word' id='word_1_580' title='bbox 1417 2123 1568 2159; x_wconf 90' lang='lat' dir='ltr'><strong>secunda,</strong></span> <span class='ocrx_word' id='word_1_581' title='bbox 1592 2123 1632 2153; x_wconf 90' lang='lat' dir='ltr'><strong>iis</strong></span> <span class='ocrx_word' id='word_1_582' title='bbox 1655 2123 1862 2154; x_wconf 82' lang='lat' dir='ltr'><strong>hebdomadis</strong></span> 
     </span>
     <span class='ocr_line' id='line_1_51' title="bbox 225 2162 1344 2193; baseline -0.001 0"><span class='ocrx_word' id='word_1_583' title='bbox 225 2168 345 2193; x_wconf 65' lang='lat' dir='ltr'><strong>sanctae</strong></span> <span class='ocrx_word' id='word_1_584' title='bbox 361 2164 473 2193; x_wconf 89' lang='lat' dir='ltr'><strong>diebus</strong></span> <span class='ocrx_word' id='word_1_585' title='bbox 489 2164 545 2193; x_wconf 85' lang='lat' dir='ltr'><strong>uni</strong></span> <span class='ocrx_word' id='word_1_586' title='bbox 562 2164 673 2193; x_wconf 85' lang='lat' dir='ltr'><strong>feriam</strong></span> <span class='ocrx_word' id='word_1_587' title='bbox 687 2164 835 2193; x_wconf 81' lang='lat' dir='ltr'><strong>quintam</strong></span> <span class='ocrx_word' id='word_1_588' title='bbox 850 2163 885 2192; x_wconf 84' lang='lat' dir='ltr'><strong>in</strong></span> <span class='ocrx_word' id='word_1_589' title='bbox 917 2164 993 2192; x_wconf 80' lang='lat' dir='ltr'><strong>&#39;ama</strong></span> <span class='ocrx_word' id='word_1_590' title='bbox 1008 2162 1135 2193; x_wconf 77' lang='lat' dir='ltr'><strong>Domini</strong></span> <span class='ocrx_word' id='word_1_591' title='bbox 1150 2163 1344 2193; x_wconf 76' lang='lat' dir='ltr'><strong>nrzecedunt.</strong></span> 
     </span>
    </p>
   </div>
   <div class='ocr_carea' id='block_1_51' title="bbox 225 2162 1344 2204">
    <p class='ocr_par' dir='ltr' id='par_1_51' title="bbox 225 2162 1344 2204">
     <span class='ocr_line' id='line_1_52' title="bbox 225 2162 1344 2204; baseline -0.003 -9"><span class='ocrx_word' id='word_1_592' title='bbox 225 2162 345 2196; x_wconf 56' lang='lat' dir='ltr'><strong>sanctae</strong></span> <span class='ocrx_word' id='word_1_593' title='bbox 361 2162 473 2194; x_wconf 83' lang='lat' dir='ltr'><strong>diebus</strong></span> <span class='ocrx_word' id='word_1_594' title='bbox 489 2164 545 2202; x_wconf 90' lang='lat' dir='ltr'><strong>qui</strong></span> <span class='ocrx_word' id='word_1_595' title='bbox 562 2162 673 2194; x_wconf 85' lang='lat' dir='ltr'><strong>feriam</strong></span> <span class='ocrx_word' id='word_1_596' title='bbox 687 2164 835 2202; x_wconf 90' lang='lat' dir='ltr'><strong>quintam</strong></span> <span class='ocrx_word' id='word_1_597' title='bbox 850 2163 885 2192; x_wconf 84' lang='lat' dir='ltr'><strong>in</strong></span> <span class='ocrx_word' id='word_1_598' title='bbox 899 2162 993 2193; x_wconf 79' lang='lat' dir='ltr'><strong>Coma</strong></span> <span class='ocrx_word' id='word_1_599' title='bbox 1008 2162 1135 2204; x_wconf 74' lang='lat' dir='ltr'><strong>Domini</strong></span> <span class='ocrx_word' id='word_1_600' title='bbox 1150 2162 1344 2202; x_wconf 69' lang='lat' dir='ltr'><strong>praecedunt.</strong></span> 
     </span>
    </p>
   </div>
   <div class='ocr_carea' id='block_1_52' title="bbox 386 2223 1693 2263">
    <p class='ocr_par' dir='ltr' id='par_1_52' title="bbox 386 2223 1693 2263">
     <span class='ocr_line' id='line_1_53' title="bbox 386 2223 1693 2263; baseline -0.002 -8"><span class='ocrx_word' id='word_1_601' title='bbox 386 2227 400 2263; x_wconf 89' lang='lat'><strong>§</strong></span> <span class='ocrx_word' id='word_1_602' title='bbox 416 2225 469 2255; x_wconf 83' lang='lat' dir='ltr'><strong>iV.</strong></span> <span class='ocrx_word' id='word_1_603' title='bbox 489 2225 533 2254; x_wconf 85' lang='lat' dir='ltr'><strong>Dc</strong></span> <span class='ocrx_word' id='word_1_604' title='bbox 549 2223 685 2254; x_wconf 75' lang='lat' dir='ltr'><strong>editione</strong></span> <span class='ocrx_word' id='word_1_605' title='bbox 698 2223 756 2253; x_wconf 85' lang='lat' dir='ltr'><strong>LX</strong></span> <span class='ocrx_word' id='word_1_606' title='bbox 758 2223 789 2253; x_wconf 77' lang='grc' dir='ltr'><em>Χ</em></span> <span class='ocrx_word' id='word_1_607' title='bbox 800 2223 1012 2262; x_wconf 81' lang='lat' dir='ltr'><strong>Interpretum</strong></span> <span class='ocrx_word' id='word_1_608' title='bbox 1023 2231 1086 2263; x_wconf 71' lang='lat' dir='ltr'><strong>qua</strong></span> <span class='ocrx_word' id='word_1_609' title='bbox 1098 2232 1172 2252; x_wconf 82' lang='lat' dir='ltr'><strong>usus</strong></span> <span class='ocrx_word' id='word_1_610' title='bbox 1187 2226 1230 2253; x_wconf 82' lang='lat' dir='ltr'><strong>est</strong></span> <span class='ocrx_word' id='word_1_611' title='bbox 1245 2223 1490 2263; x_wconf 77' lang='lat' dir='ltr'><strong>Chrysostomus,</strong></span> <span class='ocrx_word' id='word_1_612' title='bbox 1505 2233 1524 2253; x_wconf 91' lang='lat' dir='ltr'><strong>a</strong></span> <span class='ocrx_word' id='word_1_613' title='bbox 1539 2223 1693 2253; x_wconf 77' lang='lat' dir='ltr'><strong>communi</strong></span> 
     </span>
    </p>
   </div>
   <div class='ocr_carea' id='block_1_53' title="bbox 881 2261 1203 2302">
    <p class='ocr_par' dir='ltr' id='par_1_53' title="bbox 881 2261 1203 2302">
     <span class='ocr_line' id='line_1_54' title="bbox 881 2261 1203 2302; baseline 0 -10"><span class='ocrx_word' id='word_1_614' title='bbox 881 2261 1049 2302; x_wconf 72' lang='lat' dir='ltr'><strong>aliquando</strong></span> <span class='ocrx_word' id='word_1_615' title='bbox 1069 2262 1203 2293; x_wconf 79' lang='lat' dir='ltr'><strong>diversa.</strong></span> 
     </span>
    </p>
   </div>
   <div class='ocr_carea' id='block_1_54' title="bbox 264 2322 1865 2363">
    <p class='ocr_par' dir='ltr' id='par_1_54' title="bbox 264 2322 1865 2363">
     <span class='ocr_line' id='line_1_55' title="bbox 264 2322 1865 2363; baseline -0.001 -8"><span class='ocrx_word' id='word_1_616' title='bbox 264 2325 415 2356; x_wconf 85' lang='lat' dir='ltr'><strong>Diversas</strong></span> <span class='ocrx_word' id='word_1_617' title='bbox 435 2333 503 2355; x_wconf 65' lang='lat' dir='ltr'><strong>aevo</strong></span> <span class='ocrx_word' id='word_1_618' title='bbox 517 2323 733 2363; x_wconf 90' lang='lat' dir='ltr'><strong>Chrysostomi</strong></span> <span class='ocrx_word' id='word_1_619' title='bbox 750 2322 849 2353; x_wconf 87' lang='lat' dir='ltr'><strong>fuisse</strong></span> <span class='ocrx_word' id='word_1_620' title='bbox 860 2322 1035 2363; x_wconf 24' lang='lat' dir='ltr'><strong>iEditiones</strong></span> <span class='ocrx_word' id='word_1_621' title='bbox 1047 2323 1153 2359; x_wconf 82' lang='lat' dir='ltr'><strong>LXX,</strong></span> <span class='ocrx_word' id='word_1_622' title='bbox 1175 2325 1273 2361; x_wconf 88' lang='lat' dir='ltr'><strong>atque</strong></span> <span class='ocrx_word' id='word_1_623' title='bbox 1303 2323 1336 2352; x_wconf 93' lang='lat' dir='ltr'><strong>in</strong></span> <span class='ocrx_word' id='word_1_624' title='bbox 1360 2323 1495 2363; x_wconf 84' lang='lat' dir='ltr'><strong>diversis</strong></span> <span class='ocrx_word' id='word_1_625' title='bbox 1522 2322 1672 2353; x_wconf 87' lang='lat' dir='ltr'><strong>Ecclesiis</strong></span> <span class='ocrx_word' id='word_1_626' title='bbox 1701 2331 1766 2363; x_wconf 82' lang='lat' dir='ltr'><strong>non</strong></span> <span class='ocrx_word' id='word_1_627' title='bbox 1793 2330 1865 2353; x_wconf 79' lang='lat' dir='ltr'><strong>eas-</strong></span> 
     </span>
    </p>
   </div>
   <div class='ocr_carea' id='block_1_55' title="bbox 225 2361 1863 2403">
    <p class='ocr_par' dir='ltr' id='par_1_55' title="bbox 225 2361 1863 2403">
     <span class='ocr_line' id='line_1_56' title="bbox 225 2361 1863 2403; baseline -0.002 -8"><span class='ocrx_word' id='word_1_628' title='bbox 225 2366 296 2395; x_wconf 88' lang='lat' dir='ltr'><strong>dem</strong></span> <span class='ocrx_word' id='word_1_629' title='bbox 311 2365 462 2403; x_wconf 89' lang='lat' dir='ltr'><strong>usurpari</strong></span> <span class='ocrx_word' id='word_1_630' title='bbox 476 2361 591 2394; x_wconf 79' lang='lat' dir='ltr'><strong>narrat</strong></span> <span class='ocrx_word' id='word_1_631' title='bbox 603 2363 816 2403; x_wconf 65' lang='lat' dir='ltr'><strong>Hieronymus</strong></span> <span class='ocrx_word' id='word_1_632' title='bbox 828 2384 836 2397; x_wconf 99' lang='lat'><strong>,</strong></span> <span class='ocrx_word' id='word_1_633' title='bbox 852 2362 1080 2403; x_wconf 77' lang='lat' dir='ltr'><strong>Chrysostomo</strong></span> <span class='ocrx_word' id='word_1_634' title='bbox 1098 2362 1251 2403; x_wconf 67' lang='lat' dir='ltr'><strong>aequalis.</strong></span> <span class='ocrx_word' id='word_1_635' title='bbox 1265 2374 1279 2390; x_wconf 72' lang='grc' dir='ltr'><strong><em>α</em></strong></span> <span class='ocrx_word' id='word_1_636' title='bbox 1297 2362 1494 2403; x_wconf 76' lang='lat' dir='ltr'><strong>Alexandria</strong></span> <span class='ocrx_word' id='word_1_637' title='bbox 1506 2384 1515 2398; x_wconf 90' lang='lat'><strong>,</strong></span> <span class='ocrx_word' id='word_1_638' title='bbox 1541 2362 1648 2400; x_wconf 90' lang='lat' dir='ltr'><strong>inquit</strong></span> <span class='ocrx_word' id='word_1_639' title='bbox 1675 2361 1863 2403; x_wconf 58' lang='lat' dir='ltr'><strong>praefatione</strong></span> 
     </span>
    </p>
   </div>
   <div class='ocr_carea' id='block_1_56' title="bbox 227 2400 1864 2442">
    <p class='ocr_par' dir='ltr' id='par_1_56' title="bbox 227 2400 1864 2442">
     <span class='ocr_line' id='line_1_57' title="bbox 227 2400 1864 2442; baseline -0.003 -7"><span class='ocrx_word' id='word_1_640' title='bbox 227 2407 260 2435; x_wconf 93' lang='lat' dir='ltr'><strong>in</strong></span> <span class='ocrx_word' id='word_1_641' title='bbox 274 2405 373 2435; x_wconf 86' lang='lat' dir='ltr'><strong>libros</strong></span> <span class='ocrx_word' id='word_1_642' title='bbox 390 2400 670 2442; x_wconf 75' lang='lat' dir='ltr'><strong>Paralipomenon,</strong></span> <span class='ocrx_word' id='word_1_643' title='bbox 687 2400 888 2441; x_wconf 28' lang='lat' dir='ltr'><strong>et‘Egyptus</strong></span> <span class='ocrx_word' id='word_1_644' title='bbox 904 2400 937 2431; x_wconf 85' lang='lat' dir='ltr'><strong>in</strong></span> <span class='ocrx_word' id='word_1_645' title='bbox 953 2402 1041 2442; x_wconf 69' lang='lat' dir='ltr'><strong>LXX</strong></span> <span class='ocrx_word' id='word_1_646' title='bbox 1055 2402 1123 2432; x_wconf 90' lang='lat' dir='ltr'><strong>suis</strong></span> <span class='ocrx_word' id='word_1_647' title='bbox 1138 2402 1335 2441; x_wconf 82' lang='lat' dir='ltr'><strong>Hesychium</strong></span> <span class='ocrx_word' id='word_1_648' title='bbox 1351 2401 1460 2432; x_wconf 92' lang='lat' dir='ltr'><strong>laudat</strong></span> <span class='ocrx_word' id='word_1_649' title='bbox 1475 2404 1658 2442; x_wconf 81' lang='lat' dir='ltr'><strong>auctorem;</strong></span> <span class='ocrx_word' id='word_1_650' title='bbox 1674 2400 1864 2442; x_wconf 80' lang='lat' dir='ltr'><strong>Constanti-</strong></span> 
     </span>
    </p>
   </div>
   <div class='ocr_carea' id='block_1_57' title="bbox 227 2440 1864 2483">
    <p class='ocr_par' dir='ltr' id='par_1_57' title="bbox 227 2440 1864 2483">
     <span class='ocr_line' id='line_1_58' title="bbox 227 2440 1864 2483; baseline -0.003 -8"><span class='ocrx_word' id='word_1_651' title='bbox 227 2445 353 2483; x_wconf 91' lang='lat' dir='ltr'><strong>nopolis</strong></span> <span class='ocrx_word' id='word_1_652' title='bbox 369 2452 472 2482; x_wconf 88' lang='lat' dir='ltr'><strong>usque</strong></span> <span class='ocrx_word' id='word_1_653' title='bbox 486 2440 689 2483; x_wconf 62' lang='lat' dir='ltr'><strong>Antiochiam</strong></span> <span class='ocrx_word' id='word_1_654' title='bbox 702 2442 837 2483; x_wconf 83' lang='lat' dir='ltr'><strong>Luciani</strong></span> <span class='ocrx_word' id='word_1_655' title='bbox 851 2441 1001 2483; x_wconf 78' lang='lat' dir='ltr'><strong>martyris</strong></span> <span class='ocrx_word' id='word_1_656' title='bbox 1024 2440 1371 2483; x_wconf 76' lang='lat' dir='ltr'><strong>exeinplaria_probat;</strong></span> <span class='ocrx_word' id='word_1_657' title='bbox 1388 2442 1499 2483; x_wconf 58' lang='lat' dir='ltr'><strong>media:</strong></span> <span class='ocrx_word' id='word_1_658' title='bbox 1514 2441 1597 2483; x_wconf 78' lang='lat' dir='ltr'><strong>inter</strong></span> <span class='ocrx_word' id='word_1_659' title='bbox 1613 2440 1864 2483; x_wconf 70' lang='lat' dir='ltr'><strong>has_provinciaa</strong></span> 
     </span>
    </p>
   </div>
   <div class='ocr_carea' id='block_1_58' title="bbox 227 2480 1861 2521">
    <p class='ocr_par' dir='ltr' id='par_1_58' title="bbox 227 2480 1861 2521">
     <span class='ocr_line' id='line_1_59' title="bbox 227 2480 1861 2521; baseline -0.004 -6"><span class='ocrx_word' id='word_1_660' title='bbox 227 2480 411 2515; x_wconf 69' lang='lat' dir='ltr'><strong>Palmstinos</strong></span> <span class='ocrx_word' id='word_1_661' title='bbox 422 2480 556 2513; x_wconf 74' lang='lat' dir='ltr'><strong>Codices</strong></span> <span class='ocrx_word' id='word_1_662' title='bbox 570 2482 692 2521; x_wconf 80' lang='lat' dir='ltr'><strong>legunt,</strong></span> <span class='ocrx_word' id='word_1_663' title='bbox 711 2489 792 2520; x_wconf 85' lang='lat' dir='ltr'><strong>quos</strong></span> <span class='ocrx_word' id='word_1_664' title='bbox 807 2480 1001 2521; x_wconf 85' lang='lat' dir='ltr'><strong>abOrigene</strong></span> <span class='ocrx_word' id='word_1_665' title='bbox 1016 2481 1199 2511; x_wconf 88' lang='lat' dir='ltr'><strong>elaboratos</strong></span> <span class='ocrx_word' id='word_1_666' title='bbox 1213 2480 1616 2521; x_wconf 31' lang='lat' dir='ltr'><strong>EusebiusetiPamphilus</strong></span> <span class='ocrx_word' id='word_1_667' title='bbox 1630 2480 1861 2521; x_wconf 78' lang='lat' dir='ltr'><strong>vulgaverunt:</strong></span> 
     </span>
    </p>
   </div>
   <div class='ocr_carea' id='block_1_59' title="bbox 228 2519 1862 2562">
    <p class='ocr_par' dir='ltr' id='par_1_59' title="bbox 228 2519 1862 2562">
     <span class='ocr_line' id='line_1_60' title="bbox 228 2519 1862 2562; baseline -0.003 -8"><span class='ocrx_word' id='word_1_668' title='bbox 228 2527 381 2562; x_wconf 88' lang='lat' dir='ltr'><strong>totusque</strong></span> <span class='ocrx_word' id='word_1_669' title='bbox 393 2522 481 2553; x_wconf 89' lang='lat' dir='ltr'><strong>orbis</strong></span> <span class='ocrx_word' id='word_1_670' title='bbox 497 2522 557 2552; x_wconf 88' lang='lat' dir='ltr'><strong>hac</strong></span> <span class='ocrx_word' id='word_1_671' title='bbox 568 2519 654 2562; x_wconf 49' lang='lat' dir='ltr'><strong>inter</strong></span> <span class='ocrx_word' id='word_1_672' title='bbox 667 2530 701 2562; x_wconf 84' lang='lat' dir='ltr'><strong>se</strong></span> <span class='ocrx_word' id='word_1_673' title='bbox 720 2520 883 2562; x_wconf 75' lang='lat' dir='ltr'><strong>contraria</strong></span> <span class='ocrx_word' id='word_1_674' title='bbox 898 2521 1054 2562; x_wconf 77' lang='lat' dir='ltr'><strong>varietate</strong></span> <span class='ocrx_word' id='word_1_675' title='bbox 1069 2522 1275 2562; x_wconf 67' lang='lat' dir='ltr'><strong>compugnat.</strong></span> <span class='ocrx_word' id='word_1_676' title='bbox 1288 2531 1302 2547; x_wconf 84' lang='lat'><strong>»</strong></span> <span class='ocrx_word' id='word_1_677' title='bbox 1319 2520 1358 2549; x_wconf 85' lang='lat' dir='ltr'><strong>Et</strong></span> <span class='ocrx_word' id='word_1_678' title='bbox 1372 2519 1405 2549; x_wconf 92' lang='lat' dir='ltr'><strong>in</strong></span> <span class='ocrx_word' id='word_1_679' title='bbox 1420 2520 1564 2558; x_wconf 89' lang='lat' dir='ltr'><strong>Epistola</strong></span> <span class='ocrx_word' id='word_1_680' title='bbox 1579 2519 1617 2549; x_wconf 89' lang='lat' dir='ltr'><strong>ad</strong></span> <span class='ocrx_word' id='word_1_681' title='bbox 1634 2519 1862 2562; x_wconf 70' lang='lat' dir='ltr'><strong>Augustinum.</strong></span> 
     </span>
    </p>
   </div>
   <div class='ocr_carea' id='block_1_60' title="bbox 227 2559 1864 2602">
    <p class='ocr_par' dir='ltr' id='par_1_60' title="bbox 227 2559 1864 2602">
     <span class='ocr_line' id='line_1_61' title="bbox 227 2559 1864 2602; baseline -0.004 -9"><span class='ocrx_word' id='word_1_682' title='bbox 227 2571 301 2602; x_wconf 62' lang='lat' dir='ltr'><strong>quae</strong></span> <span class='ocrx_word' id='word_1_683' title='bbox 314 2559 407 2593; x_wconf 79' lang='lat' dir='ltr'><strong>estin</strong></span> <span class='ocrx_word' id='word_1_684' title='bbox 423 2564 586 2602; x_wconf 88' lang='lat' dir='ltr'><strong>postrema</strong></span> <span class='ocrx_word' id='word_1_685' title='bbox 599 2560 745 2590; x_wconf 90' lang='lat' dir='ltr'><strong>Editione</strong></span> <span class='ocrx_word' id='word_1_686' title='bbox 757 2559 796 2602; x_wconf 59' lang='grc' dir='ltr'><strong>Ἰὼ</strong></span> <span class='ocrx_word' id='word_1_687' title='bbox 807 2581 815 2594; x_wconf 87' lang='grc'><em>,</em></span> <span class='ocrx_word' id='word_1_688' title='bbox 831 2560 953 2602; x_wconf 80' lang='lat' dir='ltr'><strong>ironice</strong></span> <span class='ocrx_word' id='word_1_689' title='bbox 972 2560 1109 2602; x_wconf 84' lang='lat' dir='ltr'><strong>loquens</strong></span> <span class='ocrx_word' id='word_1_690' title='bbox 1125 2560 1169 2590; x_wconf 89' lang='lat' dir='ltr'><strong>ait</strong></span> <span class='ocrx_word' id='word_1_691' title='bbox 1186 2569 1193 2588; x_wconf 91' lang='lat'>:</span> <span class='ocrx_word' id='word_1_692' title='bbox 1208 2571 1222 2602; x_wconf 62' lang='grc' dir='ltr'><strong>ς(</strong></span> <span class='ocrx_word' id='word_1_693' title='bbox 1238 2559 1294 2602; x_wconf 77' lang='lat' dir='ltr'><strong>Vis</strong></span> <span class='ocrx_word' id='word_1_694' title='bbox 1308 2562 1434 2602; x_wconf 77' lang='lat' dir='ltr'><strong>amator</strong></span> <span class='ocrx_word' id='word_1_695' title='bbox 1447 2567 1518 2602; x_wconf 78' lang='lat' dir='ltr'><strong>esse</strong></span> <span class='ocrx_word' id='word_1_696' title='bbox 1541 2567 1642 2602; x_wconf 81' lang='lat' dir='ltr'><strong>verus</strong></span> <span class='ocrx_word' id='word_1_697' title='bbox 1651 2559 1740 2593; x_wconf 75' lang='lat' dir='ltr'><strong>LXX</strong></span> <span class='ocrx_word' id='word_1_698' title='bbox 1756 2559 1864 2602; x_wconf 68' lang='lat' dir='ltr'><strong>luter—</strong></span> 
     </span>
    </p>
   </div>
   <div class='ocr_carea' id='block_1_61' title="bbox 228 2596 1864 2641">
    <p class='ocr_par' dir='ltr' id='par_1_61' title="bbox 228 2596 1864 2641">
     <span class='ocr_line' id='line_1_62' title="bbox 228 2596 1864 2641; baseline -0.003 -9"><span class='ocrx_word' id='word_1_699' title='bbox 228 2596 370 2641; x_wconf 74' lang='lat' dir='ltr'><strong>pretum?</strong></span> <span class='ocrx_word' id='word_1_700' title='bbox 385 2596 455 2631; x_wconf 78' lang='lat' dir='ltr'><strong>Non</strong></span> <span class='ocrx_word' id='word_1_701' title='bbox 469 2601 556 2640; x_wconf 83' lang='lat' dir='ltr'><strong>legas</strong></span> <span class='ocrx_word' id='word_1_702' title='bbox 569 2609 619 2641; x_wconf 81' lang='lat' dir='ltr'><strong>ea,</strong></span> <span class='ocrx_word' id='word_1_703' title='bbox 633 2608 705 2641; x_wconf 65' lang='lat' dir='ltr'><strong>quin</strong></span> <span class='ocrx_word' id='word_1_704' title='bbox 718 2600 778 2641; x_wconf 86' lang='lat' dir='ltr'><strong>sub</strong></span> <span class='ocrx_word' id='word_1_705' title='bbox 794 2599 956 2641; x_wconf 85' lang='lat' dir='ltr'><strong>asteriscis</strong></span> <span class='ocrx_word' id='word_1_706' title='bbox 971 2596 1047 2641; x_wconf 73' lang='lat' dir='ltr'><strong>sunt</strong></span> <span class='ocrx_word' id='word_1_707' title='bbox 1062 2609 1069 2628; x_wconf 88' lang='lat'><strong>:</strong></span> <span class='ocrx_word' id='word_1_708' title='bbox 1086 2599 1149 2641; x_wconf 76' lang='lat' dir='ltr'><strong>imo</strong></span> <span class='ocrx_word' id='word_1_709' title='bbox 1163 2598 1535 2641; x_wconf 66' lang='lat' dir='ltr'><strong>radedovoluminibus,</strong></span> <span class='ocrx_word' id='word_1_710' title='bbox 1547 2601 1582 2627; x_wconf 88' lang='lat' dir='ltr'><strong>ut</strong></span> <span class='ocrx_word' id='word_1_711' title='bbox 1595 2599 1743 2641; x_wconf 78' lang='lat' dir='ltr'><strong>veterum</strong></span> <span class='ocrx_word' id='word_1_712' title='bbox 1753 2600 1783 2626; x_wconf 88' lang='lat' dir='ltr'><strong>te</strong></span> <span class='ocrx_word' id='word_1_713' title='bbox 1796 2596 1864 2641; x_wconf 70' lang='lat' dir='ltr'><strong>[au-</strong></span> 
     </span>
    </p>
   </div>
   <div class='ocr_carea' id='block_1_62' title="bbox 229 2636 1864 2679">
    <p class='ocr_par' dir='ltr' id='par_1_62' title="bbox 229 2636 1864 2679">
     <span class='ocr_line' id='line_1_63' title="bbox 229 2636 1864 2679; baseline -0.004 -8"><span class='ocrx_word' id='word_1_714' title='bbox 229 2636 331 2671; x_wconf 78' lang='lat' dir='ltr'><strong>torem</strong></span> <span class='ocrx_word' id='word_1_715' title='bbox 359 2642 486 2679; x_wconf 90' lang='lat' dir='ltr'><strong>probes.</strong></span> <span class='ocrx_word' id='word_1_716' title='bbox 502 2636 601 2677; x_wconf 34' lang='lat' dir='ltr'><strong>“Quod</strong></span> <span class='ocrx_word' id='word_1_717' title='bbox 617 2636 652 2670; x_wconf 76' lang='lat' dir='ltr'><strong>si</strong></span> <span class='ocrx_word' id='word_1_718' title='bbox 669 2638 961 2679; x_wconf 13' lang='lat' dir='ltr'><strong>feceris,romniumr</strong></span> <span class='ocrx_word' id='word_1_719' title='bbox 977 2639 1193 2679; x_wconf 81' lang='lat' dir='ltr'><strong>Ecclesiarum</strong></span> <span class='ocrx_word' id='word_1_720' title='bbox 1222 2638 1449 2679; x_wconf 54' lang='lat' dir='ltr'><strong>bibliothecas</strong></span> <span class='ocrx_word' id='word_1_721' title='bbox 1460 2638 1615 2679; x_wconf 68' lang='lat' dir='ltr'><strong>damnare</strong></span> <span class='ocrx_word' id='word_1_722' title='bbox 1635 2637 1773 2679; x_wconf 73' lang='lat' dir='ltr'><strong>cogeris.</strong></span> <span class='ocrx_word' id='word_1_723' title='bbox 1799 2636 1864 2679; x_wconf 67' lang='lat' dir='ltr'><strong>vix</strong></span> 
     </span>
    </p>
   </div>
   <div class='ocr_carea' id='block_1_63' title="bbox 230 2675 1864 2716">
    <p class='ocr_par' dir='ltr' id='par_1_63' title="bbox 230 2675 1864 2716">
     <span class='ocr_line' id='line_1_64' title="bbox 230 2675 1864 2716; baseline -0.004 -5"><span class='ocrx_word' id='word_1_724' title='bbox 230 2681 317 2711; x_wconf 86' lang='lat' dir='ltr'><strong>enim</strong></span> <span class='ocrx_word' id='word_1_725' title='bbox 330 2675 416 2710; x_wconf 80' lang='lat' dir='ltr'><strong>unus</strong></span> <span class='ocrx_word' id='word_1_726' title='bbox 431 2682 488 2710; x_wconf 91' lang='lat' dir='ltr'><strong>aut</strong></span> <span class='ocrx_word' id='word_1_727' title='bbox 504 2675 585 2710; x_wconf 86' lang='lat' dir='ltr'><strong>alter</strong></span> <span class='ocrx_word' id='word_1_728' title='bbox 598 2679 786 2709; x_wconf 89' lang='lat' dir='ltr'><strong>inveniatur</strong></span> <span class='ocrx_word' id='word_1_729' title='bbox 799 2678 892 2713; x_wconf 84' lang='lat' dir='ltr'><strong>liber,</strong></span> <span class='ocrx_word' id='word_1_730' title='bbox 909 2678 964 2716; x_wconf 95' lang='lat' dir='ltr'><strong>qui</strong></span> <span class='ocrx_word' id='word_1_731' title='bbox 979 2678 1041 2708; x_wconf 87' lang='lat' dir='ltr'><strong>ista</strong></span> <span class='ocrx_word' id='word_1_732' title='bbox 1055 2687 1121 2707; x_wconf 94' lang='lat' dir='ltr'><strong>non</strong></span> <span class='ocrx_word' id='word_1_733' title='bbox 1136 2678 1265 2708; x_wconf 87' lang='lat' dir='ltr'><strong>habeat.</strong></span> <span class='ocrx_word' id='word_1_734' title='bbox 1283 2689 1296 2705; x_wconf 87' lang='lat'>»</span> <span class='ocrx_word' id='word_1_735' title='bbox 1312 2678 1361 2706; x_wconf 78' lang='lat' dir='ltr'><strong>Ex</strong></span> <span class='ocrx_word' id='word_1_736' title='bbox 1377 2677 1426 2707; x_wconf 88' lang='lat' dir='ltr'><strong>his</strong></span> <span class='ocrx_word' id='word_1_737' title='bbox 1441 2677 1520 2707; x_wconf 92' lang='lat' dir='ltr'><strong>locis</strong></span> <span class='ocrx_word' id='word_1_738' title='bbox 1537 2676 1804 2716; x_wconf 20' lang='lat' dir='ltr'><strong>colligiturilonge</strong></span> <span class='ocrx_word' id='word_1_739' title='bbox 1817 2675 1864 2705; x_wconf 92' lang='lat' dir='ltr'><strong>di-</strong></span> 
     </span>
    </p>
   </div>
   <div class='ocr_carea' id='block_1_64' title="bbox 228 2715 1862 2756">
    <p class='ocr_par' dir='ltr' id='par_1_64' title="bbox 228 2715 1862 2756">
     <span class='ocr_line' id='line_1_65' title="bbox 228 2715 1862 2756; baseline -0.004 -6"><span class='ocrx_word' id='word_1_740' title='bbox 228 2728 340 2751; x_wconf 68' lang='lat' dir='ltr'><strong>versas</strong></span> <span class='ocrx_word' id='word_1_741' title='bbox 361 2720 446 2750; x_wconf 87' lang='lat' dir='ltr'><strong>inter</strong></span> <span class='ocrx_word' id='word_1_742' title='bbox 467 2729 501 2750; x_wconf 93' lang='lat' dir='ltr'><strong>se</strong></span> <span class='ocrx_word' id='word_1_743' title='bbox 527 2719 626 2749; x_wconf 83' lang='lat' dir='ltr'><strong>fuisse</strong></span> <span class='ocrx_word' id='word_1_744' title='bbox 640 2718 728 2748; x_wconf 80' lang='lat' dir='ltr'><strong>LXX</strong></span> <span class='ocrx_word' id='word_1_745' title='bbox 743 2715 957 2756; x_wconf 35' lang='lat' dir='ltr'><strong>lnterprclu&#39;m</strong></span> <span class='ocrx_word' id='word_1_746' title='bbox 980 2717 1161 2752; x_wconf 89' lang='lat' dir='ltr'><strong>Editiones,</strong></span> <span class='ocrx_word' id='word_1_747' title='bbox 1179 2717 1332 2755; x_wconf 89' lang='lat' dir='ltr'><strong>illamque</strong></span> <span class='ocrx_word' id='word_1_748' title='bbox 1358 2716 1574 2746; x_wconf 81' lang='lat' dir='ltr'><strong>diVersitatem</strong></span> <span class='ocrx_word' id='word_1_749' title='bbox 1597 2716 1660 2754; x_wconf 84' lang='lat' dir='ltr'><strong>peti</strong></span> <span class='ocrx_word' id='word_1_750' title='bbox 1686 2715 1803 2756; x_wconf 79' lang='lat' dir='ltr'><strong>debere</strong></span> <span class='ocrx_word' id='word_1_751' title='bbox 1821 2723 1862 2745; x_wconf 71' lang='lat' dir='ltr'><strong>ex</strong></span> 
     </span>
    </p>
   </div>
   <div class='ocr_carea' id='block_1_65' title="bbox 226 2754 1863 2798">
    <p class='ocr_par' dir='ltr' id='par_1_65' title="bbox 226 2754 1863 2798">
     <span class='ocr_line' id='line_1_66' title="bbox 226 2754 1863 2798; baseline -0.003 -8"><span class='ocrx_word' id='word_1_752' title='bbox 226 2760 329 2790; x_wconf 79' lang='lat' dir='ltr'><strong>variis</strong></span> <span class='ocrx_word' id='word_1_753' title='bbox 346 2760 558 2798; x_wconf 88' lang='lat' dir='ltr'><strong>lnterpretum</strong></span> <span class='ocrx_word' id='word_1_754' title='bbox 573 2758 650 2788; x_wconf 88' lang='lat' dir='ltr'><strong>locis</strong></span> <span class='ocrx_word' id='word_1_755' title='bbox 664 2779 672 2793; x_wconf 93' lang='lat'><strong>,</strong></span> <span class='ocrx_word' id='word_1_756' title='bbox 689 2754 973 2798; x_wconf 45' lang='lat' dir='ltr'><strong>nempe__.&#39;:\_quilze,</strong></span> <span class='ocrx_word' id='word_1_757' title='bbox 998 2756 1204 2798; x_wconf 71' lang='lat' dir='ltr'><strong>Symmachi,</strong></span> <span class='ocrx_word' id='word_1_758' title='bbox 1215 2754 1455 2798; x_wconf 22' lang='lat' dir='ltr'><strong>Theodotionisa</strong></span> <span class='ocrx_word' id='word_1_759' title='bbox 1467 2759 1497 2785; x_wconf 93' lang='lat' dir='ltr'><strong>et</strong></span> <span class='ocrx_word' id='word_1_760' title='bbox 1516 2755 1654 2798; x_wconf 70' lang='lat' dir='ltr'><strong>aliorum</strong></span> <span class='ocrx_word' id='word_1_761' title='bbox 1669 2776 1676 2790; x_wconf 88' lang='lat'><strong>,</strong></span> <span class='ocrx_word' id='word_1_762' title='bbox 1692 2763 1765 2798; x_wconf 63' lang='lat' dir='ltr'><strong>quae</strong></span> <span class='ocrx_word' id='word_1_763' title='bbox 1792 2754 1863 2785; x_wconf 86' lang='lat' dir='ltr'><strong>loca</strong></span> 
     </span>
    </p>
   </div>
   <div class='ocr_carea' id='block_1_66' title="bbox 229 2794 1863 2838">
    <p class='ocr_par' dir='ltr' id='par_1_66' title="bbox 229 2794 1863 2838">
     <span class='ocr_line' id='line_1_67' title="bbox 229 2794 1863 2838; baseline -0.004 -9"><span class='ocrx_word' id='word_1_764' title='bbox 229 2799 384 2838; x_wconf 77' lang='lat' dir='ltr'><strong>Origenes</strong></span> <span class='ocrx_word' id='word_1_765' title='bbox 400 2794 627 2838; x_wconf 16' lang='lat' dir='ltr'><strong>inserueratiin</strong></span> <span class='ocrx_word' id='word_1_766' title='bbox 640 2794 878 2838; x_wconf 27' lang='lat' dir='ltr'><strong>textum’LXX,</strong></span> <span class='ocrx_word' id='word_1_767' title='bbox 893 2804 964 2825; x_wconf 87' lang='lat' dir='ltr'><strong>cum</strong></span> <span class='ocrx_word' id='word_1_768' title='bbox 977 2794 1140 2838; x_wconf 83' lang='lat' dir='ltr'><strong>asteriscis</strong></span> <span class='ocrx_word' id='word_1_769' title='bbox 1155 2796 1184 2825; x_wconf 93' lang='lat' dir='ltr'><strong>id</strong></span> <span class='ocrx_word' id='word_1_770' title='bbox 1196 2795 1422 2838; x_wconf 50' lang='lat' dir='ltr'><strong>indicantibus.</strong></span> <span class='ocrx_word' id='word_1_771' title='bbox 1436 2795 1513 2838; x_wconf 42' lang='lat' dir='ltr'><strong>Qua?</strong></span> <span class='ocrx_word' id='word_1_772' title='bbox 1526 2795 1662 2838; x_wconf 80' lang='lat' dir='ltr'><strong>aliarum</strong></span> <span class='ocrx_word' id='word_1_773' title='bbox 1675 2794 1863 2838; x_wconf 61' lang='lat' dir='ltr'><strong>versionum</strong></span> 
     </span>
    </p>
   </div>
   <div class='ocr_carea' id='block_1_67' title="bbox 232 2833 1863 2877">
    <p class='ocr_par' dir='ltr' id='par_1_67' title="bbox 232 2833 1863 2877">
     <span class='ocr_line' id='line_1_68' title="bbox 232 2833 1863 2877; baseline -0.004 -8"><span class='ocrx_word' id='word_1_774' title='bbox 232 2833 398 2877; x_wconf 66' lang='lat' dir='ltr'><strong>particula:</strong></span> <span class='ocrx_word' id='word_1_775' title='bbox 422 2838 456 2874; x_wconf 77' lang='lat' dir='ltr'><strong>in</strong></span> <span class='ocrx_word' id='word_1_776' title='bbox 470 2837 710 2876; x_wconf 80' lang='lat' dir='ltr'><strong>exemplaribus</strong></span> <span class='ocrx_word' id='word_1_777' title='bbox 730 2835 838 2866; x_wconf 89' lang='lat' dir='ltr'><strong>multis</strong></span> <span class='ocrx_word' id='word_1_778' title='bbox 857 2838 1100 2872; x_wconf 88' lang='lat' dir='ltr'><strong>remanserunt,</strong></span> <span class='ocrx_word' id='word_1_779' title='bbox 1116 2835 1150 2865; x_wconf 88' lang='lat' dir='ltr'><strong>in</strong></span> <span class='ocrx_word' id='word_1_780' title='bbox 1177 2835 1249 2866; x_wconf 90' lang='lat' dir='ltr'><strong>aliis</strong></span> <span class='ocrx_word' id='word_1_781' title='bbox 1266 2835 1392 2874; x_wconf 81' lang='lat' dir='ltr'><strong>plures,</strong></span> <span class='ocrx_word' id='word_1_782' title='bbox 1410 2834 1442 2864; x_wconf 87' lang='lat' dir='ltr'><strong>in</strong></span> <span class='ocrx_word' id='word_1_783' title='bbox 1460 2835 1531 2866; x_wconf 87' lang='lat' dir='ltr'><strong>aliis</strong></span> <span class='ocrx_word' id='word_1_784' title='bbox 1548 2833 1728 2873; x_wconf 84' lang='lat' dir='ltr'><strong>pauciores.</strong></span> <span class='ocrx_word' id='word_1_785' title='bbox 1746 2834 1863 2863; x_wconf 64' lang='lat' dir='ltr'><strong>Prmter</strong></span> 
     </span>
    </p>
   </div>
  </div>
