2066 3126
205 158 240 185 r:
933 159 1125 188 putemne.
1809 158 1838 183 Η

205 208 294 238 illam
308 207 503 238 diversitatis
525 215 656 238 causam
670 206 742 247 alia:
758 207 843 238 haud
856 207 952 237 dubie
968 208 1108 244 fuerunt,
1124 209 1169 238 uti
1185 208 1267 238 solet
1282 207 1313 237 in
1327 207 1416 237 libris
1432 208 1524 237 toties
1539 208 1704 247 descriptis
1717 229 1724 241 ,
1742 208 1835 236 toties

206 247 396 277 emendatis.
416 247 554 284 lndeque
569 249 618 276 est
631 246 718 285 quod
743 255 807 276 non
834 255 909 277 raro
924 247 1066 278 videmus
1081 257 1100 278 a
1121 248 1332 286 scriptoribus
1354 247 1472 277 Grati-is
1486 269 1494 281 ,
1510 250 1541 277 et
1555 256 1799 285 nonnumquam
1817 256 1835 276 ει

204 287 362 322 Patribus,
380 286 412 316 in
426 286 537 325 primis
548 294 624 316 vero
639 295 657 316 a
673 286 826 322 librariis,
839 287 895 325 qui
913 287 1110 325 exemplaria
1128 287 1326 326 septuaginta
1346 287 1559 325 Intct'pt‘ctum
1580 287 1835 322 descripserunt,

205 326 385 355 Editionem
399 326 598 365 septuaginta
611 326 822 365 Interpretum
836 327 1080 357 commemorari
1103 329 1134 356 et
1148 336 1220 357 cum
1236 329 1326 356 textu
1348 335 1408 356 suo
1431 326 1610 364 comparari
1625 348 1632 361 ,
1648 328 1703 364 qui
1729 328 1835 356 tamen

204 368 310 395 textus
325 368 374 395 est
386 364 483 396 etiam
494 365 594 405 LXX,
604 364 658 395 sed
673 364 781 396 multis
795 365 944 396 admixtis
958 366 1178 397 varietatibus.
1199 366 1231 395 ld
1247 366 1341 396 etiam
1352 366 1436 404 apud
1448 365 1712 405 Chrysostomum
1727 366 1838 395 obser-

204 414 273 441 ves,
290 405 431 445 maxime
444 413 522 435 vero
536 404 780 445 Commentariis
797 405 829 434 in
845 405 987 436 Psalmos
999 428 1007 441 ,
1022 406 1076 436 ubi
1093 409 1263 445 postquam
1290 406 1340 435 sui
1363 405 1557 444 exemplaris
1572 404 1739 434 lectionem
1753 407 1838 434 attu-

204 445 262 485 lit.
277 444 375 475 aliam
401 452 648 485 nonnumquam
661 444 754 474 affert
775 445 868 485 quasi
884 454 924 475 ex
940 444 1143 485 septuaginta
1159 446 1408 484 Interpretibus;
1426 445 1469 475 ita
1486 447 1517 474 ut
1544 445 1647 485 primo
1662 446 1838 485 conspectu

205 483 530 524 videaturiexemplar
543 493 609 523 quo
639 485 790 524 utebatur
812 483 1070 524 Chrysostomus
1079 485 1166 516 aliud
1180 483 1255 516 esse
1268 507 1276 520 ,
1292 485 1351 514 etsi
1369 485 1536 523 exemplar
1559 483 1636 514 illud
1653 492 1718 524 non
1740 483 1839 524 aliam

202 531 301 591 quam
315 522 494 553 Editionem
512 523 709 570 septuaginta
723 522 935 570 Interpretum
951 524 1094 571 haberet;
1109 525 1163 554 sed
1178 526 1219 554 oh
1230 533 1328 570 supra
1344 522 1536 569 memoratas
1552 531 1666 569 causas
1681 523 1840 567 inmunis

224 571 361 591 iversam
376 563 417 591 ab
441 571 478 591 ea
491 572 564 591 aure
580 572 613 591 in
635 563 810 591 Hexaulari
824 563 970 591 Editione
983 565 1024 591 ab
1036 564 1174 591 Origene
1188 568 1290 591 nostta
1307 564 1422 591 fuerat.
1442 564 1487 591 De
1502 564 1550 591 lus
1564 572 1590 591 sn
1607 562 1701 591 nlura
1713 561 1840 591 deSIde-

224 563 361 593 iversam
376 563 417 604 ab
434 571 478 604 ea
491 561 567 604 quia
580 563 613 593 in
623 561 974 604 ’AHexaplari’Editione
983 565 1024 594 ab
1036 564 1174 604 Origene
1188 561 1292 603 posita
1307 564 1422 594 fuerat.
1442 564 1487 594 De
1502 564 1550 593 his
1564 563 1590 593 si
1606 562 1701 601 plura
1713 561 1842 592 deside~

203 610 269 643 res2
284 602 417 643 consule
434 602 664 643 Przeliminaria
681 605 791 643 nostra
806 603 999 643 inﬂexapla
1013 602 1173 643 Origénis.

244 641 283 671 Ut
296 641 346 682 adi
365 650 436 682 rem
452 641 631 677 veniamus,
647 642 813 682 exemplar
827 639 1046 682 Chrysostomi
1062 639 1095 673 in
1111 643 1259 673 Genesim
1274 643 1306 673 in
1321 652 1385 673 non
1400 642 1510 682 paucis
1525 641 1630 672 dil'lert
1642 641 1684 682 ab
1693 639 1842 682 Editione

202 681 403 719 septuaginta
415 681 629 720 Interpretum
638 681 780 720 vulgata,
804 690 877 720 quas
894 680 1043 712 omnium
1060 683 1208 713 manibus
1224 680 1459 717 circumfertur,
1484 689 1647 720 quamque
1663 680 1841 720 Editionem

202 718 381 750 Romanam
395 718 615 758 appellamus;
632 718 772 751 etsi’non
789 718 911 751 tantam
927 721 1144 753 diversitatem
1161 722 1214 752 hic
1228 718 1534 756 animadvertamus,
1549 718 1706 757 quantam
1723 718 1840 748 Homi-

209 759 261 791 liis
274 761 308 790 in
324 760 479 799 Psalmos.
497 760 698 791 Varietatum
715 764 823 791 autem
840 761 990 799 exempla
1004 760 1152 799 quadam
1163 760 1215 791 hic
1230 759 1345 791 allerre
1364 761 1463 791 libet:
1480 760 1661 791 minuscula
1677 762 1761 790 certe
1776 759 1847 789 dis—

209 799 346 829 crimina
360 799 386 830 si
408 798 610 836 aiferremus,
631 799 852 838 longissimam
867 798 1050 829 texe’remus
1076 799 1312 837 praefationem.
1331 802 1429 838 atque
1449 808 1685 838 supervacuum
1704 799 1846 829 laborem

209 839 301 868 nullo
315 838 423 869 fructu
437 839 676 877 susciperemus
691 848 698 867 :
716 847 790 869 nam
804 838 988 869 discrimina
1002 839 1057 869 illa
1071 839 1205 872 leviora.
1220 842 1256 868 ut
1273 839 1427 877 pleraque
1441 848 1482 869 ex
1501 839 1701 869 Antiochena
1722 838 1776 869 illa
1797 847 1848 867 se—

209 878 379 918 ptuaginta
393 879 603 917 Interprctztm
616 878 971 918 Editionemaparunt;
988 878 1033 908 ita
1054 878 1154 918 multa
1169 878 1232 918 alia
1257 878 1465 908 librariorum
1488 879 1565 908 vitio
1588 887 1608 908 a
1626 878 1845 918 Chrysostomi

210 921 353 956 tempore
368 917 519 954 inducta;
537 926 601 948 non
616 926 720 956 pauca
735 917 838 947 etiam'
848 926 888 947 ex
909 919 1039 947 oratore
1061 917 1132 955 ipso
1151 917 1201 947 vel
1221 917 1405 947 memoriter
1418 918 1581 956 loquente,
1606 918 1655 947 vel
1675 917 1846 955 Scriptura:

209 957 326 987 seriem
343 957 383 987 ad
398 966 490 988 suam
504 957 718 987 concinnante
733 959 802 987 orta
818 959 904 987 sunt.
920 957 1002 996 Satis
1020 965 1097 996 ergo
1112 957 1204 996 nobis
1220 956 1280 987 erit
1297 965 1337 986 ex
1354 957 1521 995 prmeipuis
1539 957 1746 987 varietatibus
1762 965 1846 986 non-

208 996 315 1027 nullas
330 996 369 1027 ad
385 996 567 1035 exemplum
582 999 613 1027 et
627 997 789 1035 specimen
805 999 928 1026 tantum
940 995 1067 1031 afferre,
1082 996 1159 1034 Cap.
1173 995 1190 1024 ιι
1201 997 1295 1031 Cen.,
1312 1005 1343 1026 v.
1362 997 1392 1032 6,
1409 997 1496 1026 LXX
1512 997 1642 1032 habent,
1662 996 1707 1026 Et
1721 996 1845 1035 centri-

207 1040 309 1065 status
324 1041 367 1066 est
381 1035 462 1067 Cain
473 1034 572 1069 ualde,
589 1041 616 1066 et
633 1034 772 1066 concidit
786 1036 876 1066 vultu
889 1045 958 1065 suo.
974 1035 1032 1066 Ubi
1046 1035 1293 1075 Chrysostomus
1306 1036 1427 1066 active:
1442 1037 1489 1066 Et
1504 1036 1636 1066 tristitia
1648 1035 1751 1075 a/I’ecit
1766 1034 1844 1066 Cain

208 1046 309 1065 ,ςῑαιιιε
324 1046 367 1066 est
381 1046 462 1067 eam
473 1046 572 1069 catae,
589 1046 616 1066 et
633 1046 772 1066 concmu
786 1046 876 1066 cuitu
889 1046 958 1065 suo.
977 1046 1032 1066 um
1046 1046 1293 1104 Cnri'soswmus
1306 1046 1427 1066 acuve:
1442 1046 1467 1065 is
1478 1046 1489 1066 ι
1504 1046 1636 1066 trisnua
1648 1046 1751 1075 (tl/cm
1766 1046 1844 1066 eam

208 1075 317 1108 valde;
332 1080 359 1105 et
374 1075 511 1106 concidit
525 1075 630 1106 vultus
645 1075 722 1115 ejus.
738 1075 885 1105 Tristitia
898 1075 1014 1115 a/fecit,
1031 1085 1113 1115 supp
1128 1084 1156 1110 e,
1173 1076 1267 1115 Deus,
1283 1075 1339 1115 qui
1366 1075 1459 1105 modo
1474 1075 1678 1115 loquebatur.
1692 1074 1761 1115 AAlii
1783 1083 1845 1105 au—

207 1118 270 1144 tem
286 1115 490 1153 lnterpretes.
513 1115 615 1145 iratus
633 1113 688 1147 est,
712 1116 876 1145 verterunt
891 1113 968 1144 illud
990 1121 1054 1146 Tm.
1081 1114 1158 1152 Cap.
1184 1114 1214 1148 5,
1234 1124 1264 1144 v.
1284 1114 1314 1151 2,
1339 1115 1406 1145 haec
1422 1113 1530 1150 verba,
1555 1118 1582 1144 et
1605 1113 1762 1144 benedixit
1781 1124 1841 1147 eos,

207 1163 280 1192 qua:
296 1154 328 1184 in
342 1154 428 1184 LXX
442 1155 613 1189 habentur,
628 1157 660 1184 et
674 1163 712 1184 ex
728 1154 887 1184 Hebraico
904 1162 1058 1192 expressa
1079 1157 1165 1188 sunt,
1178 1154 1210 1183 in
1225 1153 1443 1192 Chrysostomi
1463 1154 1639 1192 exemplari
1656 1163 1720 1183 non
1737 1157 1844 1184 exsta-

208 1194 303 1229 bant;
319 1202 377 1224 nec
387 1194 447 1224 dici
465 1196 569 1232 potest
585 1194 639 1224 illa
654 1194 867 1233 praetermissa
880 1193 978 1223 fuisse
992 1193 1041 1223 vel
1056 1201 1075 1224 a
1090 1193 1231 1223 librariis
1251 1193 1299 1223 vel
1320 1202 1340 1223 a
1363 1193 1592 1233 Chrysostomo
1610 1196 1722 1223 orante
1739 1203 1746 1223 :
1767 1201 1842 1222 nam

206 1235 324 1271 quater
339 1234 386 1263 vel
400 1233 574 1272 quinquies
586 1235 787 1272 repetuntur,
803 1236 835 1263 et
848 1232 1106 1272 Chrysostomus,
1118 1233 1173 1271 qui
1190 1233 1259 1272 haec
1270 1233 1453 1262 minutatim
1467 1233 1618 1271 explicat,
1634 1241 1698 1262 non
1715 1235 1843 1270 praeter-

206 1273 367 1303 missurus
382 1271 452 1303 erat
467 1272 554 1303 illam
570 1272 834 1306 benedictionem,
850 1272 876 1302 si
892 1271 924 1302 in
939 1272 1116 1311 exemplari
1132 1281 1191 1302 suo
1206 1271 1368 1302 adfuisset.
1388 1272 1467 1302 Alia:
1481 1271 1654 1302 identidem
1668 1274 1844 1302 occurrunt

209 1312 308 1342 variae
324 1312 489 1348 lectiones,
507 1311 561 1342 sed
578 1313 613 1341 ut
633 1311 807 1350 plurimum
822 1312 921 1343 leves.
943 1312 1050 1342 Genus
1065 1315 1173 1342 autem
1189 1311 1352 1342 varietatis
1368 1311 1455 1342 aliud
1476 1320 1540 1341 non
1562 1319 1638 1341 raro
1661 1311 1840 1350 reperitur:

206 1350 476 1390 interpunctionis
502 1350 647 1382 videlicet
667 1351 855 1389 discrimen,
878 1351 965 1391 quod
976 1353 1063 1388 tute,
1084 1351 1218 1382 candide
1244 1351 1363 1387 lector,
1389 1351 1472 1382 inter
1498 1351 1669 1390 legendum
1691 1351 1843 1381 animad-

205 1393 324 1422 vertes.

244 1431 325 1461 Sunt
339 1433 370 1460 et
383 1431 447 1461 alia
462 1430 493 1460 in
510 1430 629 1469 quibus
644 1429 892 1470 Chrysostomus
913 1431 1085 1469 Scripturw
1100 1432 1222 1460 textum
1242 1429 1281 1460 ad
1303 1430 1418 1460 seriem
1443 1438 1535 1470 suam
1558 1430 1782 1465 concinnavit,
1807 1433 1842 1460 ut

204 1478 274 1500 mos
290 1471 338 1500 est
353 1470 646 1506 concionatoribus,
656 1469 892 1501 utverbicausa
907 1470 968 1501 col.
980 1470 1039 1499 366
1049 1470 1140 1500 locus
1156 1470 1218 1506 hic,
1233 1478 1304 1508 cap.
1322 1470 1371 1504 17,
1383 1479 1413 1500 v.
1427 1469 1482 1499 12:
1499 1469 1626 1500 Pucllus
1640 1473 1709 1499 octo
1722 1469 1843 1499 dierum

204 1509 445 1540 circumcidetur
456 1509 553 1543 vobis,
573 1514 601 1539 et
615 1510 810 1543 vernaculus,
826 1513 853 1540 ct
866 1510 1024 1548 emptitius
1037 1519 1047 1539 :
1061 1513 1089 1539 et
1107 1519 1209 1539 omnes
1223 1509 1258 1540 in
1280 1519 1405 1543 summa,
1430 1513 1465 1539 ut
1486 1509 1533 1539 ita
1549 1509 1660 1542 (licam,
1680 1509 1735 1547 qui
1756 1509 1842 1547 apud

203 1557 259 1578 vos
271 1548 426 1589 sunthoc
439 1549 563 1589 signum
574 1549 757 1589 suscipient.
772 1549 818 1579 Et
828 1550 968 1589 quisquis
981 1558 1045 1578 non
1057 1548 1297 1589 circumcidetur
1307 1549 1340 1579 in
1348 1548 1397 1578 die
1411 1549 1594 1589 constituto.
1610 1548 1770 1589 perdatur.
1782 1549 1841 1579 Hic

202 1591 289 1618 certe
303 1588 403 1619 multa
418 1588 553 1628 mutavit
565 1587 938 1628 Chrysostomusfatque.
959 1589 1261 1628 Scripturwseriem
1282 1588 1315 1618 in
1342 1588 1522 1620 breviorem
1546 1587 1682 1618 formam
1705 1587 1839 1628 redegit,

202 1636 309 1666 neque
324 1627 500 1666 putandum
516 1630 563 1658 est
577 1628 623 1658 sic
633 1627 669 1658 in
684 1628 754 1667 ejus
768 1628 945 1667 exemplari
961 1629 1114 1667 scriptum
1128 1627 1237 1658 fuisse.

240 1664 379 1706 Insignis
395 1672 444 1697 est
454 1668 543 1697 locus
557 1667 618 1697 col.
632 1664 711 1704 522;
720 1676 762 1698 ex
770 1664 874 1706 capite
887 1667 938 1703 35,
949 1664 1041 1698 versu
1054 1664 1099 1700 16,
1115 1667 1168 1698 ubi
1185 1667 1273 1698 LXX
1288 1666 1419 1703 habent,
1431 1668 1566 1698 Factum
1580 1671 1623 1696 est
1640 1670 1754 1699 autem,
1773 1675 1841 1697 cum

201 1706 474 1746 appropinquaret
489 1706 667 1737 Chabratha
676 1716 738 1746 qua
748 1707 814 1737 itur
830 1707 864 1738 in
877 1707 1064 1746 Ephratam.
1079 1707 1327 1746 Chrysostomus
1346 1716 1423 1737 vero
1441 1707 1488 1737 sic
1504 1707 1619 1742 habet,
1636 1706 1768 1743 Quando
1785 1715 1840 1745 ap-

200 1745 430 1785 propinquavit
444 1750 479 1776 ut
494 1747 628 1777 intraret
652 1745 690 1776 in
707 1746 869 1786 Ephrata,
888 1745 1008 1777 dmissa
1027 1755 1106 1777 voce
1122 1745 1312 1780 Chabratha,
1334 1756 1407 1785 qua;
1434 1746 1520 1777 viros
1550 1746 1659 1776 doctos
1679 1746 1839 1786 hactenus

201 1786 306 1826 torsit.
322 1785 390 1825 Ego
404 1795 480 1816 vero
492 1795 556 1826 non
570 1786 676 1816 ausim
688 1786 794 1816 dicere
811 1786 844 1815 in
858 1786 1036 1825 exemplari
1048 1786 1081 1816 S.
1093 1786 1312 1826 Chrysostomi
1326 1795 1390 1817 non
1407 1786 1506 1816 fuisse
1516 1785 1708 1826 {probabile
1721 1785 1840 1826 quippe

201 1828 249 1865 est
264 1825 354 1855 illum
367 1834 439 1865 eam
450 1847 458 1860 ,
472 1825 558 1864 quod
575 1833 640 1855 non
656 1825 901 1864 intelligeretur,
916 1826 1075 1856 omisisse.
1094 1825 1174 1856 Vide
1189 1834 1261 1865 qua:
1281 1825 1320 1856 de
1349 1825 1410 1856 hac
1425 1834 1504 1856 voce
1517 1825 1657 1865 diximus
1675 1825 1709 1854 in
1724 1825 1840 1855 Hexa—

201 1864 262 1903 plis
278 1865 408 1895 nostris.
423 1864 545 1895 Castora
557 1865 596 1895 iis
612 1865 813 1896 observanda
827 1865 1055 1904 relinquimus,
1067 1865 1122 1904 qui
1132 1864 1304 1896 varietates
1322 1865 1459 1897 Biblicas
1472 1874 1512 1895 ex
1527 1864 1671 1904 professo
1689 1866 1837 1896 tractant.

587 1916 602 1952 §
617 1915 655 1944 V.
672 1914 758 1952 Quid
772 1915 813 1944 sit
827 1914 1003 1945 centesima
1018 1924 1037 1944 a
1050 1914 1266 1954 Chrysostomo
1281 1919 1460 1945 memorata.

240 1963 423 2004 Homiliai3
450 1963 485 2004 in
502 1963 657 2004 rGenesim
685 1964 746 1994 col.
772 1963 828 2000 38,
854 1964 1103 2004 Chrysostomus
1119 1965 1157 1994 de
1185 1964 1312 1995 Christo
1333 1964 1487 2004 loquens,
1514 1966 1584 1995 ait:
1610 1965 1716 2004 Neque
1740 1966 1839 1999 enim,

202 2002 454 2042 quemadmodum
474 2003 542 2036 hic,
565 2003 759 2034 centesimam
781 2004 881 2034 solum
891 2002 1070 2043 promittit,
1093 2004 1145 2034 sed
1161 2005 1305 2042 centupla
1320 2002 1416 2043 plura
1437 2004 1531 2034 datis.
1550 2002 1732 2035 Gentes-ima
1751 2006 1838 2036 varie

200 2042 441 2081 accipiebatur:
461 2045 531 2073 erat
547 2043 666 2081 quippe
688 2044 864 2074 centesima
885 2042 1074 2074 auctionum
1097 2044 1247 2073 videlicet
1270 2042 1379 2073 rerum
1401 2044 1437 2073 in
1458 2044 1608 2074 auctione
1635 2044 1837 2075 venditarum

201 2082 374 2122 centesima
389 2090 477 2121 pars,
492 2091 565 2120 qua:
575 2083 690 2113 aerario
710 2083 840 2122 publico
857 2083 907 2113 vel
923 2083 1001 2113 ﬁsco
1016 2083 1147 2113 cedebat
1163 2092 1172 2112 :-
1185 2085 1255 2112 erat
1267 2091 1398 2122 quoque
1412 2084 1586 2114 centesima
1602 2093 1711 2114 rerum
1736 2093 1840 2115 vena—

200 2120 280 2151 lium
296 2130 369 2160 quaa
384 2120 576 2164 exigebatur
593 2132 600 2151 :
616 2120 760 2164 itemque
771 2123 948 2164 centesima
963 2131 1064 2164 genus
1078 2122 1214 2164 tributi._
1231 2120 1431 2164 Domumque
1443 2124 1627 2164 centesima
1649 2132 1758 2164 usura)
1777 2133 1838 2164 ge—

201 2169 281 2197 nus,
306 2164 421 2202 ἐξα-τοστὴ
451 2161 567 2202 Gracis
579 2183 587 2197 ,
620 2170 686 2200 qua
705 2162 762 2201 qui
785 2162 819 2191 in
835 2161 938 2192 femus
954 2161 1173 2201 accipiebant,
1190 2161 1327 2202 singulis
1348 2162 1513 2192 mensibus
1536 2163 1744 2193 centesimam
1763 2161 1840 2202 par—

200 2203 264 2241 tem
281 2200 463 2241 solverent,
483 2200 528 2241 ita
543 2203 579 2241 ut
592 2203 722 2241 centum
738 2201 905 2232 mensibus
920 2200 1039 2232 sortem
1055 2203 1233 2241 aequarent.
1249 2200 1321 2231 Hoc
1335 2210 1413 2232 vero
1433 2204 1630 2240 postremum
1646 2211 1748 2241 genus
1763 2200 1838 2233 cen-

201 2240 322 2281 tesimze
332 2262 339 2274 ,
354 2240 404 2270 hic
418 2240 568 2281 intelligit
586 2240 834 2281 Chrysostomus
845 2265 853 2276 ,
869 2244 905 2271 ut
918 2241 1037 2279 optime
1063 2240 1201 2281 conjecit
1214 2240 1364 2281 Saviliusr.
1380 2241 1440 2271 Hie
1450 2241 1537 2271 enim
1552 2240 1658 2281 agitur
1672 2241 1710 2272 de
1732 2245 1838 2272 cente-

201 2279 283 2310 sima
296 2279 596 2320 qiuzeipromittitur;
607 2280 643 2320 id
654 2279 740 2319 quod
748 2280 786 2310 de
796 2281 857 2311 hac
872 2281 977 2311 solum
988 2302 996 2316 ,
1008 2289 1073 2310 non
1082 2279 1171 2320 vero,
1179 2279 1222 2320 de
1224 2280 1421 2320 supradictis
1434 2281 1568 2320 intelligi
1576 2279 1706 2319 ‘potest:
1724 2285 1838 2312 ἑκατοστή

201 2327 278 2388 νεὶ-ο
293 2318 512 2389 insequens
523 2319 615 2389 1a3pud
629 2318 756 2350 Graecos
768 2323 849 2351 erat.
860 2320 929 2351 Hac
943 2320 982 2351 de
992 2328 1028 2351 re
1039 2319 1110 2351 vide
1123 2319 1196 2350 Joh.
1211 2319 1417 2350 Fredericum
1432 2318 1631 2352 Gronovium
1642 2321 1688 2351 De
1701 2321 1838 2360 pecunia

201 2367 238 2388 ve
254 2367 301 2389 ενι
327 2368 335 2388 ι
359 2380 367 2388 .
410 2381 419 2389 .
438 2367 509 2389 can.
564 2381 572 2389 .

201 2358 301 2389 veteri
313 2358 367 2389 lib.
383 2358 419 2396 3,
438 2367 509 2398 cap.
523 2359 572 2389 13.

202 2422 215 2458 §
232 2421 284 2450 Vl.
309 2421 354 2451 De
367 2431 481 2462 magna
507 2422 700 2454 Hebdomade
711 2446 718 2457 .
742 2423 778 2454 de
797 2423 846 2455 die
863 2428 941 2458 κυρίᾳ,
955 2432 1022 2463 qua:
1042 2426 1086 2453 est
1099 2422 1266 2453 Dominica
1281 2422 1418 2459 Paschw,
1430 2427 1458 2452 et
1469 2422 1505 2453 de
1520 2422 1607 2453 horis
1620 2422 1834 2462 ineat/natibus.

240 2471 344 2513 Quam
352 2481 410 2513 nos
424 2475 568 2513 sanctam
581 2473 772 2513 etmajorem
782 2473 1012 2504 hebdomadem
1021 2481 1186 2508 vocamus,
1200 2481 1274 2513 quae
1288 2475 1337 2513 est
1350 2473 1731 2513 Quadragesimaaiultima
1741 2496 1749 2509 ,
1765 2481 1847 2503 eam.

201 2510 391 2552 Antiocheni
405 2512 528 2551 aliique
541 2510 692 2552 magnam
710 2513 941 2543 hebdomadem
951 2513 1128 2543 vocabant:
1146 2510 1259 2551 qua’de
1275 2521 1310 2542 re
1323 2512 1410 2543 hunc
1423 2510 1583 2552 insignem
1598 2512 1834 2552 Chrysostomi,

201 2549 358 2597 (εο1.’2’73ἒ
368 2549 650 2597 locum—efferimus
660 2562 667 2581 :
676 2552 797 2582 Eodem
810 2552 901 2583 modo
918 2556 945 2597 et
959 2561 1017 2597 nos
1029 2549 1182 2597 faciamus
1198 2555 1333 2597 oportet.
1345 2552 1418 2597 quia
1432 2553 1466 2597 in
1475 2549 1617 2597 magnam
1630 2549 1708 2597 lianc
1721 2551 1837 2597 hebdo-

199 2589 319 2632 madam
331 2591 388 2632 _Dei
399 2591 504 2630 gratia
510 2592 708 2631 pervenimus
720 2600 826 2632 ,rnunc
847 2589 1105 2632 maximejejunii
1119 2589 1228 2622 cursus
1243 2591 1333 2632 nobis
1348 2589 1573 2632 intendendus,
1591 2595 1617 2621 et
1633 2591 1835 2632 [crventiores

202 2628 365 2671 fundanda,
376 2628 492 2671 preces,
505 2628 707 2671 faciendoque
717 2631 849 2670 diligens
859 2635 887 2661 et
896 2640 977 2670 pura
986 2628 1187 2671 'péccatorum
1198 2631 1361 2671 confessio,
1374 2635 1401 2662 cl
1416 2632 1452 2662 in
1464 2631 1553 2662 bonis
1561 2628 1709 2671 operibus
1723 2631 1836 2662 seduli-

202 2672 249 2711 tas
261 2669 446 2711 exhibenda,
454 2669 757 2711 feleémosyna'larga,
775 2669 914 2710 (equites,
922 2669 1141 2711 mansuetudo.
1152 2669 1279 2711 olimque
1293 2671 1436 2705 virtutes,
1448 2675 1483 2701 ut
1499 2669 1729 2702 talibus-ornati
1736 2671 1836 2702 virtu-

202 2707 301 2750 tibus.
315 2708 378 2750 _ubi
390 2710 424 2739 in
440 2710 519 2750 diem
541 2707 733 2750 Dohinicam
749 2707 922 2741 ven-erimus
935 2734 942 2745 ,
963 2710 1091 2741 Domini
1104 2707 1292 2741 liberalitate
1302 2711 1455 2750 fruamur.
1469 2711 1620 2750 Magnam
1629 2714 1730 2740 autem
1738 2720 1835 2740 voca—

202 2756 268 2790 mus
277 2747 508 2783 hebdomadam,
516 2759 588 2790 non
602 2749 685 2790 quod
699 2750 857 2790 longiores
871 2750 907 2781 in
921 2759 956 2780 ea
970 2750 1034 2780 sint
1044 2749 1128 2780 hora:
1136 2760 1146 2780 :
1157 2754 1230 2780 sunt
1244 2747 1323 2790 enim
1331 2751 1401 2781 alia:
1415 2760 1481 2790 qum
1495 2747 1591 2790 multo
1602 2750 1734 2790 majores
1741 2749 1834 2779 horas

202 2785 326 2832 habent;
336 2797 432 2827 neque
441 2785 712 2832 quod'plur§s_dics
718 2785 825 2832 habent
833 2800 842 2819 :
851 2794 893 2820 est
904 2791 984 2821 enim
993 2789 1072 2832 idem
1081 2790 1275 2832 n_ume_rus_in
1281 2789 1337 2832 [iac
1345 2785 1475 2832 aliisque
1486 2789 1638 2832 omnibus.
1647 2785 1754 2832 Quare
1762 2797 1834 2832 ergo

298 2825 713 2869 occuptus-mgﬁani?_0uia
725 2829 757 2858 in
773 2829 830 2859 illa
840 2838 953 2867 magna
962 2827 1103 2869 quadam
1117 2833 1144 2859 et
1160 2828 1332 2869 ine/I'abilia
1342 2825 1638 2868 bona-contigerunt
1656 2825 1758 2869 nobis.
1774 2825 1835 2869 llic

204 2865 281 2897 diem
293 2867 493 2898 Dominicam
504 2865 596 2899 vocat
612 2865 859 2909 Chrysostomus
873 2865 954 2900 diem
967 2865 1117 2901 sanctum
1127 2865 1265 2905 Paschm,
1280 2877 1376 2908 quam
1393 2865 1550 2900 vocabant
1566 2869 1662 2899 etiam
1676 2867 1754 2898 diem
1768 2867 1837 2897 Do—
