2066 3126
225 125 257 154 t9
948 125 1140 154 ΡΘΑΞΡΑἸΊΟ.
1821 119 1856 145 εο

229 174 480 206 concionaretur
494 183 502 209 ;
533 182 598 204 non
613 174 700 204 enim
716 176 854 213 poterat,
870 175 994 205 etiamsi
1008 176 1094 206 bona
1112 175 1295 205 valetudine
1321 174 1450 210 fuisset,
1467 173 1498 202 in
1515 170 1603 202 festis
1618 174 1797 213 martyrum
1824 173 1857 199 in

228 214 365 244 diversis
381 213 560 256 Antiochiae
574 212 725 256 partibus
737 214 894 256 celebrari
913 215 1029 256 solitis,
1041 214 1137 256 aliud
1148 223 1253 256 quam
1272 217 1450 256 m_artyrum
1469 213 1612 251 ipsorum
1628 212 1856 256 argumentum

229 255 370 322 tragtare
387 263 394 282 :
406 262 449 322 Ξῖ
464 252 590 322 dupbus
614 262 693 293 ergo
706 253 941 292 impedimentis
967 255 1115 284 morbum
1129 252 1182 284 hic
1195 253 1343 291 reticuit,
1357 252 1600 292 martyrumque
1615 252 1804 281 memoriam
1825 252 1858 278 in

229 302 280 322 me
304 301 369 322 tum
384 300 404 322 a
447 301 501 322 UXI
520 315 527 322 .

229 293 369 323 medium
384 293 527 323 adduxit.

270 335 310 362 At
321 341 381 362 cur
395 333 428 362 in
442 332 495 373 his
508 332 628 373 diutius
644 333 831 373 moramur?
843 333 973 371 quando
988 333 1118 364 aliunde
1129 335 1251 363 certum
1264 335 1313 373 est
1327 331 1514 373 concio_n_em
1531 329 1618 373 illam
1633 328 1788 373 decimam
1802 335 1860 356 no-
1902 341 1905 344 ‹

232 380 308 402 nam
328 381 393 402 non
408 371 550 414 potuisse
569 372 737 414 Dominica
751 368 914 414 Passionis
924 373 1054 414 haberi,
1068 375 1103 402 ut
1117 382 1177 412 ego
1205 372 1326 412 pridem
1342 369 1633 414 cum_Tillemont_io
1646 368 1859 398 existimave—

231 420 325 442 ram:
346 420 420 441 uam
449 412 475 441 si
499 412 555 441 illo
570 411 621 441 die
642 411 751 442 habita
767 411 892 447 fuisset,
920 412 999 443 festa
1024 413 1078 443 illa
1103 410 1293 451 martyrum,
1322 419 1394 449 qum
1417 410 1514 451 longa
1542 410 1625 451 serie
1646 415 1859 451 _pe_r_omnem

255 454 358 492 artem
372 451 509 492 civitatis
537 451 806 492 celebrabantur,
827 445 1014 492 incidissent
1040 452 1096 482 illo
1110 445 1198 482 anno
1224 445 1506 492 ingheb'domadeiu
1520 448 1570 478 vel
1584 447 1617 477 in
1646 445 1858 492 hebdomadas

255 461 357 481 artem
372 461 509 481 ClVllilllS
537 461 806 487 celebrabantur,
827 461 1014 482 Incmissent
1040 461 1096 482 lllO
1110 461 1197 482 anno
1224 461 1257 480 111
1276 461 1504 480 nebuomauein
1522 461 1570 478 νει
1584 461 1617 477 lll
1647 461 1857 477 ncuuuulauca

231 461 433 521 Bominicam
457 491 617 520 Passionis
645 491 860 529 prmeedentes
877 501 885 522 :
901 492 933 521 in
950 491 1010 522 hac
1035 491 1155 530 quippe
1179 490 1334 521 concione
1357 489 1413 530 illa
1437 491 1472 530 ut
1496 487 1562 530 jam
1580 486 1720 530 _0mni_n(_)
1747 485 1857 523 elapsa

233 533 472 570 commemorat.
485 530 543 560 Illa
559 539 636 570 ergo
647 525 828 570 martyrum
843 531 922 562 festa
937 532 969 560 in
985 525 1354 570 media-Quadragcsima
1369 525 1528 570 celebrata
1543 525 1765 570 fuissent,‘hoc
1781 533 1859 570 prae:

234 569 417 609 claroduce
430 592 437 604 ,
457 570 577 600 scilicet
590 565 746 600 Flaviano
760 571 924 609 episcopo,
941 565 1157 600 Antiochenos
1185 565 1267 609 tun'c
1287 569 1432 609 ducente.
1461 566 1556 609 Atqui
1575 565 1788 609 certissimum
1803 565 1859 609 _est

235 611 312 639 tunc
325 608 515 639 Flavianum
529 609 713 648 episcopum
726 603 1004 648 Constantinopoli
1019 609 1129 646 fuisse,
1141 618 1203 640 nec
1215 608 1350 648 rediisse
1359 607 1421 638 nisi
1438 603 1520 637 uno‘
1530 604 1694 636 duobusve
1715 606 1788 648 ante
1803 603 1860 632 Pa-

235 648 314 688 scha
328 647 471 687 ejusdem
485 643 563 679 anni
586 643 698 679 diebus
714 659 721 678 :
740 649 796 687 qui
811 658 889 688 ergo
910 643 1014 687 ptituit
1036 643 1253 679 Antiochenos
1271 647 1311 678 ad
1338 646 1418 677 festa
1433 647 1691 688 martyrum__per
1715 643 1858 673 diversas

234 687 328 720 urbis
345 683 453 728 partes
469 693 545 719 tunc
559 688 719 728 celebrata
728 683 975 728 icircumvduéerg
981 689 995 728 τ
1009 687 1102 725 Quod
1127 688 1155 718 si
1184 688 1256 728 quis
1271 689 1383 717 contra
1398 683 1707 714 verisimilitudinem
1722 690 1857 728 omnem

235 727 402 766 negaverit
418 727 502 757 hunc
515 727 702 766 praeclarum
715 727 820 757 ducem
842 726 940 757 fuisse
954 727 1145 758 Flavianum
1159 726 1346 766 episcopum
1361 749 1370 764 ,
1393 728 1420 758 is
1437 729 1522 758 certe
1549 735 1614 757 non
1637 726 1766 766 negabit
1788 730 1865 756 tunc

231 765 384 804 temporis
401 788 408 801 ,
429 774 501 796 cum
522 766 643 796 scilicet
667 765 747 797 festa
761 768 940 805 martyrum
955 775 1012 804 per
1028 768 1138 797 urbem
1152 765 1405 800 celebrarentur,
1427 767 1585 797 Joannem
1601 766 1864 805 Chrysostomum

231 814 352 844 εει-11111
367 805 451 834 domi
467 805 625 835 mansisse
642 805 740 834 :illud
758 806 843 835 enim
871 805 940 843 ipse
968 805 1044 836 dicit
1063 806 1096 836 in
1121 807 1285 836 concionis
1301 805 1445 836 exordio.
1463 808 1503 836 At
1516 804 1677 844 quomodo
1704 805 1805 844 potuit
1832 804 1866 834 in

232 844 404 885 mediailla
419 845 673 884 Quadragesima
688 853 773 883 aeger
785 844 871 874 domi
888 853 1032 881 manere,
1051 846 1106 884 qui
1123 854 1179 884 per
1195 847 1293 875 totam
1307 845 1594 885 Quadragesimam
1620 845 1838 875 Antiochenos
1856 866 1865 880 ,

231 884 302 914 dira
313 884 355 914 ob
374 892 503 914 eversas
523 885 758 922 Imperatorum
773 887 897 914 statuas
913 885 1082 923 patientes,
1097 887 1128 915 et
1141 885 1293 924 graviora
1308 888 1531 924 exspectantes
1548 884 1779 915 consolabatur
1793 907 1801 919 ,
1829 891 1868 914 ac

233 924 396 964 continuis
414 924 624 964 concionibus
642 932 710 954 rem
734 924 879 964 eamdem
895 925 1053 964 tractabat
1063 946 1071 959 ,
1090 924 1185 964 itaut
1198 925 1295 954 etiam
1310 933 1376 955 una
1389 934 1432 955 ex
1448 924 1618 964 postremis
1632 924 1842 954 concionibus
1855 945 1864 960 ,

234 966 269 996 ut
284 963 402 993 ibidem
417 963 530 1001 fertur,
548 963 657 994 decem
674 965 748 994 ante
760 963 883 993 Pascha
896 963 1009 994 diebus
1029 963 1113 994 dicta
1136 963 1257 994 fuerit?

275 1003 331 1033 His
347 1003 497 1033 omnibus
512 1003 692 1041 perpensis,
709 1005 830 1032 certum
847 1003 1126 1042 indubitatumque
1138 1003 1262 1033 videtur
1276 1003 1442 1034 homiliam
1458 1003 1546 1034 illam
1561 1011 1634 1042 qum
1643 1002 1766 1033 decima
1781 1009 1867 1032 nona

234 1042 274 1072 ad
290 1042 507 1082 Antiochenos
522 1042 635 1078 fertur,
652 1046 724 1082 post
745 1042 865 1082 Pascha
889 1042 966 1072 anni
983 1042 1040 1072 387
1056 1043 1198 1073 habitam
1223 1043 1332 1073 fuisse.
1358 1043 1449 1074 Illam
1474 1051 1664 1082 praecessere
1691 1042 1870 1082 Martyrum

233 1081 431 1117 festivitates,
447 1081 565 1119 quibus
580 1081 730 1120 peractis.
746 1081 784 1111 ad
799 1082 936 1114 rusticos
952 1082 1019 1112 sive
1034 1082 1204 1121 agricolas,
1220 1082 1276 1121 qui
1294 1082 1326 1112 in
1341 1083 1453 1112 urbem
1468 1081 1675 1117 advenerant,
1693 1081 1872 1112 hanc’con—

233 1121 359 1152 cionem
373 1121 411 1150 de
423 1121 616 1160 juramentis
639 1121 761 1161 habuit.
787 1121 1002 1160 Similiterque
1020 1121 1052 1151 in
1067 1121 1199 1152 homilia
1215 1122 1318 1161 prima
1332 1121 1370 1152 de
1386 1123 1479 1153 Anna
1495 1124 1566 1161 post
1592 1124 1737 1160 peractas
1752 1121 1870 1161 multas

235 1163 413 1199 martyrum
429 1160 615 1191 festivitates
629 1160 667 1190 ad
683 1161 820 1190 rusticos
836 1161 1023 1191 concionem
1039 1161 1078 1191 de
1090 1160 1280 1200 juramentis
1296 1161 1419 1192 habuit.
1435 1160 1512 1198 Quis
1528 1169 1594 1191 nou
1609 1161 1714 1191 videat
1727 1160 1870 1200 eamdem

234 1201 274 1231 ad
288 1201 426 1231 rusticos
441 1199 479 1230 de
492 1200 683 1240 juramentis
700 1199 842 1231 habitam
867 1200 1032 1230 homiliam
1046 1199 1219 1240 utrobique
1245 1202 1516 1231 commemorari?
1529 1201 1607 1237 Quis
1623 1210 1682 1231 nos
1700 1200 1785 1231 ultra
1806 1199 1872 1230 fer-

237 1244 304 1276 ret,
320 1241 346 1271 si
363 1240 412 1270 his
433 1240 584 1270 omnibus
600 1239 646 1269 sic
657 1242 806 1280 accurate
820 1240 1012 1270 examinatis
1028 1240 1172 1271 eamdem
1191 1249 1299 1271 rerum
1316 1240 1433 1280 seriem
1446 1241 1478 1270 in
1492 1240 1762 1280 Quadragesima,
1778 1247 1871 1280 cam—

234 1281 306 1310 dem
336 1287 468 1320 quoque
495 1281 565 1318 post
589 1278 709 1309 Pascha
736 1280 1022 1320 constituet-emus,
1049 1282 1227 1320 martyrum
1254 1279 1350 1310 festos
1371 1279 1438 1320 dies
1459 1280 1577 1310 multos
1600 1278 1790 1314 continuos,
1810 1278 1873 1320 ad-

237 1317 368 1350 ventum
389 1317 584 1359 rusticOrum
598 1341 606 1355 ,
622 1320 654 1348 et
679 1319 868 1359 concionem
886 1318 925 1359 de
940 1317 1144 1359 juramentis'
1155 1319 1195 1350 ad
1217 1320 1288 1349 illos
1304 1319 1446 1359 habitam
1460 1320 1474 1349 ?
1488 1320 1606 1350 Annon
1620 1320 1674 1350 illa
1689 1317 1873 1359 earumdem

237 1368 345 1394 rerum
359 1358 508 1398 repetitio
526 1361 590 1389 tam
607 1359 753 1397 proxime
769 1358 850 1388 facta
865 1357 948 1397 quid
959 1359 1117 1389 absonum
1133 1362 1164 1389 et
1178 1368 1197 1390 a
1218 1358 1494 1389 verisimilitudine
1508 1359 1650 1390 alienum
1664 1367 1730 1398 pra:
1745 1367 1779 1388 se
1794 1357 1875 1398 fert?

237 1399 294 1429 Ille
309 1399 418 1437 itaque
433 1398 511 1428 ordo
527 1397 684 1428 tenendus
699 1398 748 1428 est
761 1398 817 1436 qui
831 1398 864 1427 in
881 1398 1013 1429 homilia
1026 1399 1130 1437 prima
1144 1399 1182 1428 de
1197 1399 1290 1429 Anna
1308 1398 1507 1435 enuntiatur,
1521 1401 1557 1429 ut
1570 1406 1686 1437 agmen
1704 1398 1799 1428 ducat
1814 1397 1876 1426 ho-

237 1439 325 1469 milia
339 1438 377 1468 de
392 1437 497 1467 reditu
506 1437 654 1467 Flaviani
664 1459 672 1472 ,
688 1446 760 1476 quae
775 1438 808 1467 in
821 1438 872 1467 die
887 1440 999 1468 sancto
1016 1438 1145 1469 Pascha:
1160 1438 1269 1468 habita
1284 1438 1355 1474 fuit;
1369 1438 1482 1468 deinde
1497 1442 1652 1477 sequatur
1666 1437 1790 1472 concio,
1806 1437 1875 1477 sive

237 1478 426 1513 conciones,
441 1477 466 1507 si
483 1477 611 1515 quidem
627 1475 735 1515 plures
751 1477 867 1507 habitae
892 1477 1028 1512 fuerint,
1045 1478 1083 1508 ad
1100 1478 1232 1516 gentiles
1247 1478 1323 1516 qui,
1346 1478 1377 1508 vi
1403 1475 1594 1508 calamitatis
1607 1476 1814 1507 Antiochense
1829 1475 1875 1516 ad

238 1518 402 1548 meliorem
417 1516 538 1546 reducti
555 1517 677 1555 frugem
689 1539 696 1552 ,
712 1516 902 1546 Christiana:
919 1516 991 1547 ﬁdei
1003 1515 1119 1547 nomen
1134 1515 1305 1553 dederant;
1322 1518 1382 1547 sub
1397 1517 1463 1547 11ωο
1478 1517 1557 1548 festa
1579 1517 1762 1556 Martyrum
1770 1515 1877 1546 multis

240 1556 357 1590 diebus,
372 1556 406 1586 in
424 1565 540 1586 omnem
563 1555 835 1596 ciritatispattcm
848 1556 1008 1596 celebrata
1023 1560 1117 1592 sunt,
1132 1556 1217 1586 domi
1233 1559 1383 1586 manente
1397 1557 1595 1596 aegritudinis
1619 1555 1717 1586 causa
1731 1555 1878 1596 Chryso-

238 1600 342 1627 stomo
356 1607 364 1632 ;
382 1596 509 1626 demum
524 1595 573 1625 die
589 1594 750 1625 DominiCa
758 1595 897 1635 Serrane
917 1595 1001 1626 dicta
1017 1597 1077 1626 fuit
1095 1596 1228 1626 homilia
1243 1596 1299 1627 illa
1314 1596 1353 1627 ad
1368 1594 1506 1627 rusiicos
1521 1596 1559 1626 de
1571 1595 1766 1635 juramentis
1780 1617 1787 1630 ,
1804 1602 1878 1635 quae

239 1637 324 1666 inter
338 1636 487 1665 homilias
515 1634 809 1673 quadragesimales
821 1634 906 1674 jacet
920 1637 951 1664 et
970 1635 1093 1666 decima
1118 1643 1205 1666 nona
1233 1638 1446 1666 numeratur:
1463 1633 1600 1674 quaeque
1625 1635 1696 1666 loco
1720 1633 1880 1664 movenda

240 1684 312 1706 esse
323 1675 477 1705 suadetur
491 1684 532 1704 ex
547 1674 750 1712 supradictis.

278 1714 349 1745 Jam
364 1713 571 1753 quaerendum
586 1711 685 1743 restat
701 1721 849 1752 quaenam
864 1714 905 1744 sit
916 1713 972 1744 illa
987 1712 1150 1747 Dominica
1159 1714 1308 1752 Servate,
1331 1723 1404 1753 quae
1423 1715 1456 1744 in
1473 1714 1568 1745 titulo
1584 1713 1715 1744 decimae
1733 1721 1826 1743 nona:
1840 1711 1880 1742 ad

243 1754 458 1784 Antiochenos
476 1753 616 1783 homiliae
632 1756 832 1782 memoratur
848 1762 855 1782 :
870 1762 910 1783 ex
927 1753 982 1784 illa
996 1756 1082 1783 enim
1096 1753 1330 1792 perquisitione
1355 1754 1492 1784 fortasse
1516 1763 1636 1785 novum
1651 1755 1880 1792 argumentum

243 1793 282 1824 ad
298 1793 409 1824 eadem
422 1801 493 1832 qua:
505 1793 654 1831 superius
669 1792 835 1831 probanda
851 1795 1004 1831 emerget.
1020 1793 1219 1832 Dixeramiin
1234 1793 1423 1832 Pirtefatione
1440 1793 1479 1824 ad
1496 1794 1632 1823 Tomum
1647 1792 1882 1832 secundum,_et

241 1833 371 1871 quidem
387 1830 718 1872 post'l‘illeinontium,
731 1831 829 1872 videri
843 1832 919 1861 mihi
935 1830 1137 1872 Dominicam
1147 1830 1234 1862 illam
1242 1831 1388 1866 Servum,
1400 1838 1468 1862 esse
1490 1833 1691 1863 Dominicam
1705 1830 1881 1872 Passionis,

242 1870 315 1911 quae
338 1870 522 1911 quindecim
548 1874 624 1902 ante
638 1871 758 1901 Pascha
773 1871 885 1911 diebus
900 1872 1091 1902 celebratur.
1108 1871 1141 1901 ld
1156 1872 1241 1911 quod
1268 1872 1357 1902 nulla
1379 1872 1444 1903 alia
1468 1877 1634 1911 permotus
1656 1870 1882 1911 rationerdisi,

243 1909 437 1950 quam—quia
453 1912 520 1941 haec
534 1911 666 1941 homilia
684 1911 767 1942 inter
779 1910 1075 1950 quadragesimales
1090 1909 1219 1950 semper
1233 1911 1339 1942 locum
1354 1909 1483 1948 habuit,
1500 1915 1565 1942 tam
1579 1912 1612 1941 in
1633 1909 1863 1950 Manuscriptis
1873 1932 1880 1942 .

243 1949 343 1990 quam
356 1949 389 1981 in
405 1951 522 1986 Edilis;
537 1953 654 1981 etcum
670 1951 702 1980 in
714 1950 881 1981 Dominica
897 1949 1006 1981 habita
1021 1950 1120 1982 fuisse
1135 1949 1321 1981 testificetur
1336 1954 1426 1982 vetus
1442 1951 1608 1990 inscriptio
1621 1973 1629 1987 ,
1645 1950 1769 1981 nullam
1784 1949 1882 1990 aliam

243 1989 397 2030 putabam
422 1991 622 2020 Dominicam
648 1990 687 2020 ad
714 1991 797 2020 hanc
820 1990 1006 2020 concionem
1019 1990 1180 2029 quadrare
1192 1999 1305 2030 posse,
1321 1999 1418 2030 quam
1433 1990 1633 2021 Dominicam
1648 1989 1811 2030 Passionis
1830 1990 1885 2018 :et

244 2029 355 2061 eadem
370 2031 407 2061 de
421 2038 520 2062 causa
535 2032 613 2068 puto
628 2030 868 2060 Tillemontium
883 2029 917 2060 in
930 2030 1042 2060 eadem
1057 2030 1126 2069 ipsa
1140 2030 1306 2061 Dominica
1320 2029 1437 2060 dictam
1458 2039 1529 2061 eam
1544 2029 1643 2060 fuisse
1667 2029 1882 2060 existimasse.

246 2070 384 2101 Savilius
399 2072 507 2100 autem
528 2069 616 2100 illam
630 2069 831 2099 Dominicam
846 2078 917 2099 esse
928 2078 999 2099 eam
1012 2091 1020 2105 ,
1035 2077 1135 2108 quam
1150 2070 1182 2099 in
1198 2070 1287 2099 Albis
1302 2071 1430 2109 vocant,
1446 2069 1640 2109 signiﬁcavit
1653 2079 1661 2098 :
1678 2077 1720 2109 ac
1731 2069 1806 2098 licet
1819 2075 1885 2097 non

246 2113 311 2140 tam
326 2110 420 2148 longe
435 2118 452 2139 a
470 2118 547 2139 vero
561 2110 690 2154 aberret
702 2117 799 2146 quam
810 2116 870 2148 ego
882 2107 1053 2154 .aberravi,
1068 2118 1109 2139 ex
1127 2108 1332 2154 prtejudicata
1346 2108 1375 2138 id
1389 2107 1512 2140 tantum
1527 2109 1679 2178 ogénione
1692 2107 1813 2138 dixisse
1829 2115 1887 2145 pu-

246 2149 361 2178 tandus
369 2151 427 2178 est.
435 2149 500 2178 Leo
511 2148 648 2178 Allatius
659 2156 735 2178 vero
745 2148 790 2177 De
796 2147 971 2178 Dommm:
981 2151 1009 2178 et
1017 2147 1253 2178 hebdomadibus
1261 2148 1452 2178 Grecorum.
1462 2158 1493 2178 n.
1504 2148 1541 2178 111
1585 2172 1593 2178 .
1603 2148 1670 2178 11ωο
1681 2148 1777 2178 habet
1785 2156 1792 2174 :
1800 2158 1814 2173 α
1825 2148 1887 2175 As—

246 2149 361 2179 tandus
369 2147 427 2179 est.
435 2149 500 2178 Leo
511 2148 648 2178 Allatius
659 2156 735 2178 vero
745 2148 790 2177 De
796 2147 971 2178 Dominicis
981 2151 1009 2178 et
1017 2147 1253 2187 hebdomadibus
1261 2148 1452 2181 Grecorum,
1462 2158 1493 2187 p.
1504 2147 1593 2185 11160,
1603 2148 1670 2179 11ωο
1681 2148 1777 2178 habet
1785 2156 1792 2174 :
1800 2158 1814 2173 α
1825 2148 1888 2175 As—

246 2189 357 2218 censio
371 2195 502 2226 quoque
516 2187 644 2217 Domini
664 2187 748 2226 apud
761 2187 977 2226 Cappadoces,
994 2186 1228 2226 Episozomene,
1240 2186 1510 2220 dieebatur.»Ei'at
1527 2187 1714 2219 adnotatum
1726 2187 1759 2216 in
1774 2194 1887 2226 manu-

247 2228 366 2266 scripto
380 2224 493 2258 Codice
503 2227 649 2266 Gregorii
668 2224 823 2266 Nysseni’:
831 2224 838 2226 ’
848 2237 863 2254 α
871 2224 1055 2257 Vernacuio
1061 2227 1285 2266 Cappadocum
1296 2236 1357 2258 usu
1370 2227 1598 2266 Episozomene
1611 2224 1888 2266 diciturAsceusio

247 2263 331 2297 D.N.
348 2267 376 2296 .l.
390 2267 449 2307 (1.1
467 2263 758 2307 Legiturqueintcr
769 2266 975 2307 Andriantas,
989 2268 1056 2297 sive
1070 2263 1210 2301 Statuas,
1230 2263 1449 2307 Chrysostomi
1465 2267 1608 2301 homilia,
1626 2265 1791 2307 Dominica
1807 2263 1889 2307 Epi-

247 2316 423 2337 sozomencs
440 2306 494 2346 (α).
512 2303 635 2337 Latinis
651 2306 718 2336 11ωο
731 2305 899 2336 Dominica
915 2308 962 2336 est
976 2307 1089 2375 ﬂuinta
1102 2310 1175 2345 post
1189 2303 1320 2337 Pascha.
1338 2317 1351 2333 »
1366 2306 1527 2336 Hactenus
1541 2307 1606 2336 Leo
1621 2305 1770 2340 Allatius,
1785 2303 1840 2342 qui
1856 2304 1887 2332 in

249 2347 474 2375 oumstionem.
496 2354 595 2375 uuam
618 2345 777 2375 agitamus
791 2367 798 2375 .
816 2345 906 2375 nullo
922 2354 974 2375 mo
997 2355 1016 2375 0
1031 2346 1197 2375 ingressus
1215 2368 1223 2375 .
1249 2354 1314 2375 11011
1343 2345 1446 2375 notuit
1459 2354 1500 2375 ex
1515 2345 1721 2375 praeiudicata
1736 2343 1887 2375 oniuione

249 2347 474 2385 quaestionem,
496 2354 595 2384 quam
618 2345 777 2385 agitamus
791 2367 798 2379 ,
816 2345 906 2375 nullo
922 2345 1016 2376 modo
1031 2346 1197 2385 ingressus
1215 2368 1223 2381 ,
1249 2354 1314 2376 non
1343 2345 1446 2384 potuit
1459 2354 1500 2376 ex
1515 2345 1721 2384 przejudicata
1736 2345 1890 2382 opinione

250 2384 352 2425 loqui.
368 2386 400 2416 Si
415 2385 448 2415 in
464 2385 525 2416 hac
541 2384 649 2415 autem
663 2385 830 2415 Dominica
846 2385 989 2416 habitam
1004 2385 1043 2416 ad
1052 2384 1190 2416 rusticos
1212 2385 1250 2416 de
1270 2385 1461 2425 juramentis
1476 2385 1663 2425 concionem
1678 2391 1849 2422 ponamus,
1860 2384 1891 2411 et

250 2423 338 2456 illam
350 2425 548 2455 Dominicam
559 2425 707 2457 Serratw.
716 2425 891 2463 utfertipse
900 2425 1023 2461 titulus,
1031 2434 1102 2455 esse
1112 2423 1310 2455 Dominicam
1321 2425 1466 2463 quintam
1478 2427 1549 2462 post
1562 2423 1683 2454 Pascha
1697 2426 1890 2463 statuamus,

250 2466 360 2496 omnia
372 2465 588 2504 quadrabunt.
605 2465 680 2494 Post
692 2462 936 2495 habitam’enim
950 2465 984 2494 in
997 2464 1049 2494 die
1063 2465 1192 2495 Pascha;
1210 2462 1375 2494 homiliam
1388 2464 1427 2494 de
1441 2463 1546 2494 reditu
1560 2463 1708 2504 Flaviani
1718 2484 1725 2498 ,
1744 2462 1892 2504 Chryso-

252 2508 373 2535 stomus
382 2501 576 2535 concionem
588 2513 687 2534 unam
698 2504 748 2534 vel
760 2504 868 2542 plures
883 2504 1034 2535 habuerit
1047 2504 1086 2534 ad
1100 2504 1247 2543 gentiles,
1264 2504 1339 2534 hinc
1353 2504 1385 2533 in
1404 2503 1552 2533 morbum
1567 2502 1726 2543 inciderit,
1741 2501 1893 2538 domique

251 2553 336 2583 aeger
349 2544 514 2579 manserit,
529 2543 605 2574 dum
617 2544 724 2574 multis
735 2540 853 2577 diebus,
872 2548 900 2574 et
916 2545 949 2575 in
964 2553 1081 2574 omnem
1093 2540 1233 2574 civitatis
1244 2547 1367 2582 partem
1376 2544 1454 2582 festa
1464 2546 1637 2583 martyrum
1650 2540 1892 2583 celebrarentur:-

254 2577 447 2622 dEmumque
466 2577 646 2615 instaurata
667 2586 841 2622 utcumque
870 2583 1051 2614 valetudine
1063 2605 1070 2618 ,
1098 2577 1306 2621 nondumque
1323 2577 1436 2612 solutis
1451 2577 1558 2622 morbi
1571 2581 1718 2622 reliquiis
1730 2603 1738 2616 ,
1755 2580 1839 2622 hanc
1853 2577 1893 2608 ad

254 2619 462 2653 rusticos-seu
475 2623 634 2662 agricolas
649 2619 836 2653 concionem
853 2623 1020 2659 habuerit,
1034 2622 1202 2653 Dominica
1216 2619 1329 2662 quinta
1344 2624 1417 2662 post
1430 2621 1564 2662 Pascha,
1574 2619 1649 2660 quae
1662 2619 1894 2662 Ascensionetn

246 2662 430 2732 ,ἓῧιξὶίίῗὲίὲἀ
439 2657 616 2732 ιέἓέἓεὲιῐὲιιθ
638 2662 808 2693 Sermones
825 2663 857 2692 in
884 2657 1017 2694 Annam
1033 2657 1237 2693 continenter
1251 2657 1368 2692 dixerit
1383 2661 1438 2691 illo
1463 2657 1597 2696 ordine;
1612 2668 1679 2699 quo
1696 2659 1836 2691 diximus
1860 2657 1892 2687 in

287 2710 377 2732 Onllo
391 2710 430 2733 au
445 2710 572 2732 eosuem
579 2724 585 2731 .

304 2840 341 2870 (υ)
358 2840 536 2869 Erisuzotncuc.
548 2838 656 2868 genitivo
672 2837 864 2867 misozomeues,
878 2837 916 2858 est
928 2838 973 2857 vox
986 2833 1070 2858 (ima
1081 2839 1118 2858 huc

928 2838 973 2857 vox
986 2833 1070 2858 (ima
1081 2839 1208 2864 ιιςςηςιμιη,
1216 2843 1251 2862 ης,
1260 2834 1316 2862 qua
1327 2831 1418 2858 Latine,
1430 2828 1532 2857 senatu,
1546 2825 1733 2857 interpretatur.
