2066 3126
251 129 285 156 25
623 129 653 158 S.
672 129 812 158 JOANNIS
829 128 1066 157 CHRYSOSTOMI
1085 128 1245 158 ARCHIEP.
1264 131 1529 160 CONSTANTINOP.
1846 132 1883 160 21.

251 197 284 217 ne
296 186 481 216 consuetudini
506 191 605 215 temere
624 187 784 220 serviamus,
806 186 854 214 sed
877 186 980 213 ratione
997 193 1041 213 res

250 240 353 263 nostras
375 234 554 262 instituamus.
576 234 707 269 Numquid
728 234 800 261 enim
825 233 891 260 lucri
909 233 1042 268 quidpiam

249 289 280 308 ex
290 280 443 316 quotidiana
458 280 566 315 crapula
574 280 683 315 jugique
693 279 822 307 ebrietate
835 278 912 306 nobis
922 278 1044 306 accedit?

251 326 283 354 Et
297 326 357 359 quid
373 326 433 353 dico
446 326 566 353 lucrum?
580 326 634 352 lmo
644 325 754 352 multum
768 325 893 352 damnum
904 330 931 352 et
941 325 1043 360 jactura

250 371 427 398 intolerabilis
453 371 515 398 inde
539 375 718 405 exspectatur.
747 370 813 397 Cum
839 370 952 404 primum
973 369 1043 396 enim

251 425 327 444 meus
342 417 484 445 vinolentia
501 417 582 444 multa
594 416 672 443 fuerit
689 416 793 449 obruta,
808 417 896 444 statim
911 421 937 444 et
949 416 974 443 in
987 416 1045 450 ipso

252 462 328 489 initio
352 463 460 494 utilitas,
483 470 543 497 quas
567 470 582 488 a
602 462 705 497 jejunio
728 467 780 494 est,
805 462 952 497 repellitur.
976 461 1044 495 Quid

252 508 323 534 enim
333 507 478 539 insuavius,
487 507 540 541 dir,
554 507 676 540 obsecro,
690 507 753 542 quid
766 506 828 534 item
841 508 954 542 turpius,
966 515 1044 542 quam

252 560 313 580 eum
328 560 411 587 usque
425 552 458 579 ad
479 553 592 580 mediam
608 557 715 580 noctem
735 560 871 589 meracum
893 553 1044 586 sorbentes,

253 598 303 625 sub
315 606 449 630 auroram,
462 598 526 625 solis
533 598 626 633 jubare
638 599 751 630 oriente,
764 598 853 626 vinum
864 597 939 633 quasi
953 605 1046 624 recens

255 644 386 680 ingestum
400 645 512 679 spirant,
524 650 551 672 et
564 645 765 672 occurrentibus
778 644 884 679 quidem
899 644 1044 678 injucundi,

255 690 384 717 ministris
399 698 463 718 vero
476 689 640 725 despiciendi
655 693 794 724 appareant,
808 694 836 716 et
846 688 1000 716 deridentur
1012 688 1046 715 ab

254 737 387 768 omnibus.
400 737 444 772 qui
458 737 537 764 tnodo
549 736 613 772 quid
628 737 719 764 deceat
730 736 770 763 vel
782 736 875 763 leviter
885 735 1045 770 intelligunt,

253 786 282 809 et
304 790 358 816 pra:
379 782 502 809 omnibus
522 782 585 815 illis,
604 781 710 817 quando
733 785 840 816 propter
852 781 960 808 nimiam
976 781 1046 808 illam

254 832 282 854 et
296 827 464 854 immodicam
487 827 751 862 intempestivamque
770 834 801 854 ac
816 826 936 854 inutilem
952 827 1048 853 intem-

256 873 403 907 perantiam
426 873 452 900 in
481 881 511 901 se
523 873 639 900 divinam
654 878 800 908 provocant
820 872 1047 908 indignationem?

257 918 365 952 Ebrioai,
389 919 470 951 enim,
494 919 588 953 inquit,
615 927 718 954 regnum
746 918 793 945 Dei
817 926 867 945 non
887 918 1048 952 possidebunt

255 963 295 999 (Ι.
311 963 370 990 Cor.
386 963 412 991 6.
430 964 486 999 10),
500 964 567 998 Quid
583 964 661 999 igitur
683 963 734 990 illis
754 964 877 991 miserius
899 963 986 994 fuerit,
1003 963 1047 997 qui

255 1010 291 1037 ob
307 1017 419 1044 parvam
440 1015 467 1037 et
480 1011 654 1044 perniciosam
671 1010 831 1044 voluptatem
846 1017 861 1037 a
876 1010 950 1045 regni
966 1009 1047 1036 vesti-

257 1054 326 1082 bulis
345 1055 508 1090 ejiciuntur?
529 1055 598 1082 absit
619 1059 708 1082 autem
731 1059 760 1082 ut
780 1055 838 1089 quis
850 1063 884 1085 ex
900 1055 931 1082 iis
946 1055 990 1090 qui
1007 1054 1049 1082 hic

251 1103 447 1132 convenerunt,
471 1099 522 1127 hoc
544 1100 638 1128 morbo
658 1100 803 1135 implicitus
817 1100 850 1127 sit
866 1109 872 1127 :
888 1099 934 1127 sed
948 1099 1048 1126 utinam

256 1146 330 1173 omni
352 1153 413 1174 cum
434 1145 584 1181 frugalitate
598 1150 626 1173 et
644 1145 807 1173 continentia
828 1145 908 1173 etiam
932 1144 982 1172 hoc
1006 1145 1050 1172 die

256 1191 401 1224 convivali,
416 1196 442 1218 et
457 1199 472 1218 a
484 1195 641 1226 tempestate
654 1198 685 1218 ac
698 1191 826 1225 procella,
841 1199 920 1226 qualn
933 1190 1050 1219 ebrietas

256 1245 385 1272 generare
396 1238 474 1270 solet,
490 1237 604 1270 liberati,
619 1236 645 1264 in
660 1242 765 1271 portum
778 1237 926 1264 animarum
944 1241 1050 1264 nostra-

258 1291 328 1317 rum,
340 1283 480 1318 jejunium,
497 1283 615 1318 inquam,
626 1283 759 1318 appellere
771 1283 916 1318 contingat.
928 1287 958 1310 ut
968 1283 1050 1310 multa

256 1337 318 1358 cum
338 1329 459 1357 ubertate
479 1330 548 1356 illius
567 1329 635 1356 bona
648 1329 773 1364 consequi
795 1329 936 1364 possimus.
958 1329 1050 1356 Enim-

259 1383 323 1403 vero
333 1376 401 1403 sieut
413 1375 521 1410 crapula
534 1376 650 1403 humano
662 1375 754 1411 generi
775 1375 975 1403 innumerorum
996 1383 1052 1402 ma-

260 1423 345 1449 lorum
359 1429 438 1449 causa
453 1426 495 1449 est
508 1426 534 1449 et
547 1421 641 1453 fomes,
657 1422 692 1449 ita
707 1421 786 1448 etiam
798 1421 928 1457 jejunium
939 1421 1052 1449 ventris-

258 1476 311 1502 que
325 1468 460 1502 neglectus
482 1467 600 1495 omnium
616 1467 693 1495 nobis
706 1467 836 1495 bonorum
856 1475 961 1503 semper
971 1474 1051 1495 causa

259 1513 319 1541 fuit.
340 1513 405 1541 Nam
425 1513 496 1541 Deus
510 1521 571 1540 cum
583 1513 616 1540 ab
629 1513 704 1540 initio
723 1513 858 1541 hominem
877 1513 1050 1547 condidisset,

259 1564 288 1587 et
299 1559 380 1587 sciret
391 1567 451 1586 eum
466 1559 517 1586 hoc
530 1558 648 1586 remedio
660 1558 692 1586 ad
706 1559 801 1586 animze
813 1559 924 1586 salutem
939 1558 1051 1586 multum

261 1605 361 1633 habere
378 1613 455 1640 opus,
481 1606 569 1632 statim
591 1610 619 1633 et
639 1605 665 1632 in
681 1605 812 1640 principio
831 1605 883 1632 hoc
898 1605 1051 1632 mandatum

261 1651 348 1685 primo
361 1650 464 1686 parenti
474 1650 559 1682 dedit,
573 1650 664 1678 dicens
677 1660 685 1678 :
700 1650 738 1677 De
750 1650 820 1677 omni
840 1649 919 1686 ligno,
937 1651 1004 1686 quod
1015 1655 1053 1678 est

259 1697 288 1724 in
318 1696 453 1732 paradiso,
474 1696 629 1724 comedenda
655 1696 787 1728 comedet;
816 1696 848 1724 de
871 1697 940 1731 ligno
969 1702 1053 1723 autent

262 1743 371 1770 scientia:
398 1743 456 1770 boni
472 1747 496 1770 et
517 1743 588 1776 ntali,
612 1751 644 1770 ne
659 1743 795 1770 comedatt's
809 1743 841 1770 de
863 1742 919 1777 ipso
933 1742 1010 1776 (Gen.
1023 1742 1051 1769 ‘2.

263 1787 318 1823 16).
332 1788 391 1816 .lam
401 1788 501 1822 dicere,
515 1789 571 1816 Hoc
584 1788 704 1822 comede,
720 1788 770 1816 hoc
790 1797 823 1816 ne
836 1789 971 1821 comedas,
985 1788 1054 1823 jeju-

262 1835 298 1862 nii
322 1834 404 1870 ﬁgura
423 1839 490 1863 erat.
512 1835 595 1863 Porro
616 1842 676 1862 cum
700 1835 751 1863 hoc
772 1835 923 1862 mandatum
946 1843 1054 1863 servare

262 1882 435 1917 oportuisset,
463 1881 515 1909 hoc
537 1886 625 1909 tamen
652 1882 697 1909 ille
720 1889 771 1909 non
794 1881 876 1909 fecit:
891 1881 938 1909 sed
953 1882 1054 1909 ventris

263 1927 468 1963 intemperantia
491 1928 587 1961 victus,
611 1932 638 1955 et
659 1928 898 1963 transgressionem
917 1932 1052 1963 operatus,

262 1974 297 2004 ad
309 1979 422 2003 mortem
436 1973 629 2016 condemnatus
639 1978 690 2004 est.
702 1973 831 2010 Quoniam
842 1973 912 2004 enim
925 1973 1055 2010 malignus

264 2021 308 2049 ille
322 2021 426 2049 daemon
440 2027 467 2050 et
481 2023 564 2049 nostri
578 2023 684 2058 generis
709 2023 830 2050 inimicus
855 2022 920 2050 vidit
940 2023 1055 2057 primum

264 2072 400 2102 parentem
413 2068 439 2095 in
454 2068 577 2103 paradiso
593 2073 758 2102 versantem,
771 2069 905 2103 vitamque
920 2068 990 2095 illam
1004 2068 1055 2095 mi-

264 2113 341 2139 seria:
364 2117 522 2146 expertem,
547 2118 574 2140 et
602 2121 663 2140 cum
684 2114 729 2148 qui
752 2113 857 2148 corpori
879 2114 918 2140 sic
937 2120 1056 2140 annexus

264 2162 331 2192 erat,
355 2162 489 2194 tamquam
510 2159 633 2194 angelum
648 2167 728 2194 super
743 2164 841 2187 terram
860 2166 950 2194 agere,
964 2159 1056 2186 volens

265 2204 340 2231 illum
362 2204 532 2239 supplantare
552 2209 578 2232 et
599 2204 715 2239 dejicere
729 2204 887 2239 ampliorum
900 2204 1054 2239 promissio-

266 2256 330 2276 num
352 2256 410 2283 spe,
430 2249 503 2276 illum
526 2249 605 2277 etiam
627 2249 659 2276 iis
682 2257 741 2284 qua:
762 2249 788 2277 in
808 2249 929 2276 manibus
943 2249 1057 2277 habebat

266 2294 399 2328 spoliavit.
423 2293 536 2321 Tantum
558 2298 600 2322 est
620 2294 717 2321 tnalum
731 2302 784 2321 non
797 2301 827 2322 se
839 2295 976 2322 continere
989 2295 1055 2322 intra

267 2339 389 2374 proprios
416 2340 524 2372 limites,
546 2340 594 2367 sed
620 2340 764 2375 majoribus
790 2340 903 2368 inhiare.
932 2341 966 2368 Et
988 2341 1056 2368 istud

267 2386 352 2419 ipsum
379 2386 485 2421 sapiens
505 2386 611 2421 quidam
635 2386 773 2413 declarans
798 2386 903 2414 dicebat
924 2396 931 2414 :
957 2386 1057 2414 Invidia

266 2435 351 2458 autem
369 2431 463 2458 diaboli
485 2439 552 2458 mors
572 2432 672 2458 intravit
691 2432 717 2459 in
732 2432 852 2459 mundum
865 2432 944 2467 (Sap.
957 2432 984 2459 2.
999 2432 1056 2467 24).

270 2476 358 2510 Vides,
374 2477 482 2510 dilecte,
504 2477 637 2511 quomodo
651 2477 685 2504 ab
702 2478 777 2504 initio
799 2478 887 2505 statim
902 2486 937 2505 ex
951 2479 1057 2513 crapula

269 2529 341 2550 mors
361 2522 508 2558 ingressum
530 2522 642 2550 habuit?
661 2522 804 2550 Considera
820 2528 907 2551 autem
923 2523 1017 2551 iterum
1031 2528 1059 2551 et

269 2573 329 2603 post
341 2568 398 2595 hate
416 2568 531 2596 divinam
549 2568 712 2603 Scripturam
732 2569 844 2597 subinde
858 2569 968 2597 delicias
983 2570 1058 2596 incu-

268 2618 371 2641 santem
383 2621 416 2641 ac
424 2613 557 2642 dicentem
571 2614 665 2641 alicubi
679 2623 687 2642 :
700 2613 773 2642 Sedit
788 2615 897 2649 populus
906 2614 1059 2641 manducare

268 2664 293 2686 et
314 2659 406 2691 bibere,
427 2664 452 2686 et
471 2664 632 2686 surrexerunt
651 2660 739 2687 ludere
758 2659 854 2695 (Exod.
877 2660 921 2687 52.
942 2660 982 2694 6);
995 2660 1059 2687 alibi

269 2711 352 2732 vero:
374 2704 408 2730 Et
432 2704 549 2737 comedit,
571 2709 595 2732 et
615 2704 685 2738 bibit,
708 2709 731 2732 et
744 2706 914 2741 impinguatus
923 2709 970 2738 at,
984 2706 1060 2732 etin-

270 2754 407 2783 mtuatua,
422 2755 445 2777 et
457 2749 621 2778 recalcitravit
634 2750 739 2778 dilectus
757 2749 845 2786 (Deut.
861 2750 906 2778 52.
920 2750 978 2786 15).
990 2750 1059 2784 Quin

271 2802 298 2825 ct
307 2797 484 2825 Sodomorum
496 2796 589 2824 incola:
599 2797 820 2832 indeprecabilem
830 2796 901 2823 illam
920 2796 986 2823 iram
1000 2803 1060 2823 cum

273 2852 305 2873 ex
322 2844 381 2873 aliis
394 2843 472 2872 malis
483 2847 538 2872 tum
553 2843 615 2872 hinc
628 2844 678 2873 sibi
691 2843 896 2872 accol-siverunt.
909 2841 976 2870 Audi
988 2841 1059 2871 enim

1097 186 1253 222 prophetam
1262 187 1393 216 dicentem
1408 196 1416 216 :
1432 188 1493 216 Hac
1504 189 1622 224 iniquitas
1630 189 1885 224 Sodomorum,qu

1095 233 1121 259 in
1134 233 1248 259 satietate
1257 241 1350 268 panum
1363 233 1524 261 lasciuiebant
1533 234 1639 269 (Euch.
1652 235 1696 262 l6.
1711 233 1767 269 49).
1780 234 1888 262 Morbus

1095 277 1166 305 enim
1191 278 1234 305 ille
1252 279 1327 314 quasi
1347 279 1420 306 radix
1444 283 1471 307 et
1484 279 1546 307 fons
1557 280 1662 315 quidam
1677 280 1807 308 malorum
1825 288 1886 308 om-

1096 323 1168 351 nium
1181 328 1234 351 est.

1131 369 1158 397 5.
1176 368 1311 405 Jejum'um
1333 371 1447 405 exemplo
1466 375 1611 398 sanctorum
1630 371 1830 398 commendatur.
1850 386 1888 393 —

1098 415 1190 442 Vidisti
1201 416 1316 450 crapula:
1327 417 1534 443 nocumentumt
1547 416 1613 443 Vide
1624 416 1703 444 etiam
1713 416 1806 451 jejunii
1818 424 1888 451 pne-

1097 461 1168 488 clara
1183 461 1311 488 facinora.
1326 461 1505 497 Quadraginta
1518 461 1577 490 dies
1597 470 1656 490 cum
1670 462 1817 497 jejunasset
1831 471 1887 491 ma-

1096 514 1163 541 gnus
1174 507 1270 540 Moses,
1281 507 1347 542 legis
1358 508 1459 535 tabulas
1468 509 1589 543 accipere
1600 508 1684 543 potuit
1695 517 1702 535 :
1713 513 1740 536 et
1750 509 1886 543 quoniam,

1098 557 1126 579 ut
1138 552 1285 586 descendit,
1295 553 1360 580 vidit
1372 553 1462 588 populi
1475 553 1652 588 iniquitatem,
1666 561 1731 588 quas
1740 560 1801 581 cum
1813 558 1892 581 tanto

1097 599 1202 632 studio,
1216 603 1244 627 et
1253 599 1423 632 assiduitate,
1445 600 1566 635 accipere
1587 600 1670 635 potuit
1683 621 1690 632 ,
1706 607 1752 627 eas
1770 600 1888 635 abjectas

1097 645 1225 672 contrivit
1244 645 1349 680 (Exod.
1365 645 1411 672 24.
1428 645 1478 678 l8;
1494 650 1518 672 et
1530 645 1574 673 31.
1591 645 1738 678 18;et52.
1754 645 1823 681 t9),
1839 646 1888 673 ab-

1098 689 1207 717 surdum
1222 697 1282 718 esse
1295 697 1422 723 censeas,
1438 689 1542 718 ebrium
1556 695 1583 719 et
1596 691 1823 725 praevaricatorem
1840 699 1895 726 pth

1098 735 1188 770 pulum
1201 735 1273 771 leges
1287 743 1302 762 a
1320 735 1433 763 Domino
1446 736 1567 763 conditas
1578 736 1708 770 accipere.
1722 736 1890 771 Quapropter

1098 782 1187 810 denuo
1205 781 1377 816 quadraginta
1394 781 1497 809 dierum
1509 781 1612 816 jejunio
1623 789 1690 816 opus
1701 781 1792 809 habuit
1804 782 1890 809 admi—

1098 827 1197 855 randus
1209 828 1252 855 ille
1267 827 1405 862 propheta,
1421 832 1449 854 ut
1463 827 1563 854 tabulas
1582 832 1690 862 propter
1704 827 1822 861 ipsorum
1837 827 1891 854 ini-

1098 873 1224 907 quitatem
1239 874 1366 900 contritas
1379 874 1473 900 iterum
1484 880 1599 908 superne
1609 879 1729 908 receptas
1738 873 1894 908 deportaret

1100 918 1202 954 (Exod.
1224 919 1267 947 54.
1288 919 1324 947 28
1334 918 1354 954 ).
1373 919 1493 947 Totidem
1515 920 1618 947 dierum
1632 920 1760 955 jejunium
1787 924 1814 947 et
1835 927 1885 947 ma-

1099 973 1166 1000 gnus
1179 965 1268 992 Helias
1282 965 1425 1000 transegit,
1444 965 1578 1000 vitataque
1592 965 1685 993 mortis
1700 966 1849 1001 tyrannide,
1863 970 1893 993 et

1099 1019 1178 1039 curru
1193 1012 1270 1046 igneo
1290 1011 1364 1046 quasi
1388 1011 1414 1038 in
1433 1011 1527 1038 ecelum
1543 1015 1650 1045 raptus,
1668 1011 1747 1037 etiam
1768 1018 1850 1045 usque
1864 1011 1891 1038 in

1101 1058 1169 1084 hanc
1178 1057 1248 1084 dietn
1263 1061 1376 1084 mortem
1389 1064 1441 1083 non
1456 1060 1581 1091 expertus
1593 1060 1634 1084 est
1654 1057 1692 1092 (5.
1709 1057 1773 1092 Reg.
1789 1057 1832 1084 l9.
1850 1057 1890 1092 8).

1102 1103 1148 1131 Vir
1160 1110 1267 1138 quoque
1286 1102 1488 1135 desideriorum,
1503 1106 1611 1137 peracto
1625 1103 1768 1130 multorum
1787 1102 1891 1130 dierum

1098 1149 1220 1184 jejunio,
1244 1148 1426 1176 admirandam
1447 1147 1518 1175 illam
1537 1148 1666 1176 visionem
1682 1153 1775 1176 nactus
1789 1153 1845 1183 est,
1864 1153 1893 1177 et

1102 1195 1207 1223 leonum
1223 1194 1340 1223 furorem
1353 1196 1518 1231 compescuit
1532 1196 1558 1223 in
1573 1197 1716 1232 oviumque
1736 1201 1892 1224 mansuetu-

1101 1241 1191 1269 dinem
1203 1242 1283 1269 vertit
1296 1241 1383 1276 (Dan.
1399 1241 1442 1270 to.
1458 1241 1504 1277 3),
1518 1249 1571 1269 non
1581 1247 1702 1270 naturam
1713 1247 1890 1275 commutatis,

1101 1287 1148 1316 sed
1156 1287 1260 1315 feritate
1268 1292 1392 1315 manente
1402 1288 1547 1323 appetitum
1554 1292 1681 1315 mutatum
1689 1288 1826 1316 cohibens.
1837 1288 1895 1316 lloc

1099 1334 1201 1369 jejunio
1208 1339 1235 1362 et
1243 1334 1363 1361 Ninivita:
1373 1334 1425 1367 usi,
1436 1334 1596 1362 sententiam
1608 1334 1711 1361 Domini
1720 1339 1891 1366 revocarunt,

1102 1380 1248 1408 efﬁcientes
1261 1385 1291 1407 ut
1303 1385 1355 1407 tam
1366 1380 1485 1414 jumenta
1499 1387 1579 1415 quam
1592 1380 1715 1407 homines
1728 1380 1790 1407 illud
1805 1381 1895 1408 susci-

1103 1432 1213 1462 pereat,
1227 1434 1254 1455 ct
1272 1427 1310 1454 sic
1324 1427 1498 1455 abscedentes
1511 1426 1692 1461 unusquisque
1710 1434 1724 1453 a
1744 1426 1821 1454 malis
1834 1431 1893 1454 stu-

1102 1473 1163 1506 diis,
1178 1473 1210 1500 ad
1225 1472 1393 1501 clementiam
1408 1473 1591 1500 uniVersorum
1606 1472 1746 1499 Dominum
1763 1479 1891 1507 provoca-

1103 1523 1163 1546 rent
1182 1517 1274 1554 (laute
1287 1519 1314 1546 ὅ.
1328 1517 1374 1554 7).
1395 1518 1428 1545 Et
1440 1517 1503 1553 quid
1518 1518 1588 1545 circa
1603 1524 1694 1545 servos
1709 1517 1821 1545 ulterius
1833 1525 1895 1544 ver-

1103 1564 1169 1592 sor?
1193 1563 1294 1591 Etenim
1310 1570 1449 1598 possemus
1466 1567 1493 1591 et
1506 1562 1573 1590 alios
1587 1562 1716 1598 plurimos
1728 1570 1894 1590 commemo-

1104 1619 1164 1638 rare
1178 1610 1238 1638 etin
1254 1609 1354 1643 Veteri,
1366 1614 1393 1637 et
1403 1609 1430 1637 in
1441 1609 1514 1636 Novo
1524 1609 1695 1636 Testamento
1709 1607 1896 1643 perjejunium

1103 1655 1268 1687 celebratos;
1284 1663 1375 1682 verum
1392 1662 1482 1690 operte
1495 1654 1607 1690 pretium
1618 1658 1669 1687 est,
1685 1658 1715 1681 ut
1727 1653 1760 1681 ad
1772 1661 1895 1681 conmm-

1104 1709 1165 1728 ncm
1187 1701 1271 1728 nostri
1293 1701 1411 1728 omnium
1432 1700 1573 1728 Dominum
1589 1700 1741 1727 ‘veniamus.
1767 1699 1896 1727 Dominus

1104 1747 1175 1773 enim
1198 1751 1289 1774 noster
1302 1746 1382 1774 .lesus
1393 1746 1525 1773 Cuntsrus
1538 1750 1566 1773 et
1579 1745 1636 1780 ipse
1649 1745 1821 1781 quadraginta
1835 1745 1895 1772 die-

1105 1800 1162 1820 rum
1178 1792 1316 1827 prmmisso
1328 1792 1439 1826 jejunio,
1455 1792 1494 1819 sic
1508 1797 1643 1819 certamen
1654 1796 1746 1818 contra
1759 1791 1895 1818 diabolum

1105 1846 1245 1873 aggressus
1255 1842 1296 1865 est
1311 1837 1416 1873 (Matth.
1433 1838 1460 1865 4.
1474 1837 1515 1872 2),
1527 1837 1703 1872 omnibusque
1719 1837 1795 1864 nobis
1805 1844 1896 1864 exem-

1106 1884 1178 1919 plum
1193 1883 1281 1916 dedit,
1298 1887 1327 1910 ut
1341 1890 1390 1918 per
1403 1883 1466 1910 illud
1480 1891 1625 1916 armemur,
1645 1887 1674 1910 et
1691 1890 1726 1910 ex
1749 1882 1795 1910 illo
1814 1883 1896 1910 robur

1106 1937 1251 1962 sumamus,
1265 1934 1294 1956 ut
1303 1929 1336 1956 ad
1351 1936 1464 1964 pugnam
1473 1933 1564 1956 contra
1575 1928 1709 1956 diabolum
1721 1928 1894 1956 instruamur.

1107 1976 1142 2003 At
1156 1975 1198 2002 hic
1211 1974 1333 2002 fortassis
1346 1974 1478 2009 rogaverit
1489 1974 1620 2009 quispiam
1633 1981 1726 2002 eorum
1738 1974 1782 2009 qui
1794 1974 1898 2001 acutius

1106 2021 1214 2056 vident,
1237 2025 1265 2050 et
1289 2021 1443 2049 cxcitatiore
1457 2020 1547 2047 animo
1561 2025 1621 2047 sunt
1643 2028 1650 2047 :
1669 2027 1750 2054 quare
1766 2019 1875 2046 totidem
1886 2039 1899 2052 ,

1106 2073 1172 2104 quot
1183 2069 1264 2101 servi,
1275 2067 1333 2095 dies
1346 2065 1473 2095 Dominus
1483 2065 1606 2102 jejunare
1618 2065 1791 2102 conspicitur,
1807 2069 1833 2093 et
1847 2072 1898 2094 nu-

1108 2122 1211 2141 merum
1233 2114 1308 2141 illum
1330 2121 1382 2140 non
1405 2112 1616 2148 transgreditur?
1630 2111 1688 2139 Non
1708 2112 1759 2139 hoc
1781 2115 1898 2145 temere,

1108 2166 1194 2193 neque
1206 2158 1313 2191 frustra,
1330 2158 1383 2185 imo
1398 2165 1462 2186 vero
1476 2158 1610 2192 sapienter
1623 2161 1651 2184 et
1664 2164 1712 2192 pro
1727 2156 1853 2184 ineffabili
1865 2158 1898 2182 it-

1109 2204 1160 2231 lius
1170 2203 1330 2238 benignitate
1343 2203 1439 2230 factum
1450 2207 1501 2231 est.
1515 2203 1614 2237 Nempe
1625 2210 1658 2229 ne
1670 2202 1840 2229 existimetur
1850 2209 1899 2236 ap-

1109 2254 1234 2285 parenter
1249 2255 1351 2277 tantum
1366 2249 1507 2277 advenisse
1516 2269 1524 2282 ,
1540 2254 1568 2276 et
1581 2257 1633 2276 non
1646 2248 1823 2283 assumpsisse
1836 2254 1897 2274 ear-

1110 2304 1182 2329 nem,
1199 2296 1241 2323 vel
1261 2300 1337 2323 extra
1350 2295 1492 2322 humanam
1505 2301 1565 2322 esse
1578 2299 1710 2327 naturam,
1725 2297 1834 2328 propter
1848 2291 1900 2320 hoc

1109 2341 1183 2369 illum
1199 2341 1285 2376 ipsum
1304 2348 1443 2368 numerum
1455 2339 1572 2375 jejunat.
1597 2346 1683 2373 neque
1702 2338 1768 2365 alios
1786 2338 1827 2364 his
1840 2337 1901 2364 die~

1110 2387 1159 2414 bus
1172 2386 1278 2421 adjicit,
1295 2386 1334 2413 sic
1348 2385 1439 2412 volens
1457 2385 1685 2411 contentiosorum
1708 2382 1902 2417 impudentiam

1111 2432 1226 2460 frenare.
1242 2431 1307 2458 Nam
1323 2431 1345 2458 si
1359 2431 1440 2458 rebus
1453 2431 1488 2457 ita
1505 2430 1604 2465 gestis,
1627 2428 1734 2464 quidam
1754 2429 1902 2455 etiamnum

1111 2478 1160 2505 ista
1175 2477 1246 2512 loqui
1262 2476 1375 2509 audent,
1389 2476 1439 2503 nisi
1453 2475 1547 2503 horum
1566 2474 1693 2509 prmscius
1707 2473 1776 2501 hanc
1790 2473 1840 2500 illis
1853 2480 1901 2498 an-

1110 2531 1167 2551 sam
1185 2522 1345 2553 ademisset,
1361 2521 1423 2556 quid
1445 2529 1498 2548 non
1522 2519 1610 2547 dicere
1631 2518 1784 2554 aggressuri
1806 2518 1902 2545 erant?

1098 2569 1173 2602 ,ldeo
1187 2568 1271 2595 noluit
1285 2568 1374 2602 plures
1395 2566 1453 2594 dies
1472 2566 1610 2601 jejunare,
1631 2564 1679 2591 sed
1695 2563 1822 2595 totidem,
1837 2566 1903 2596 quot

1110 2615 1183 2643 servi
1195 2624 1203 2642 :
1213 2619 1279 2642 utre
1294 2614 1349 2648 ipsa
1359 2620 1408 2641 nos
1419 2613 1533 2645 erudiat,
1543 2618 1572 2639 se
1581 2610 1675 2638 eadem
1689 2618 1740 2645 qua
1760 2617 1809 2636 nos
1822 2616 1903 2636 carne

1111 2662 1238 2690 amictum
1259 2665 1313 2688 eta
1327 2664 1420 2687 natura
1446 2663 1536 2685 nostra
1552 2662 1709 2684 extraneum
1732 2663 1785 2682 non
1811 2655 1902 2682 fuisse.

1147 2706 1175 2734 ι.
1196 2706 1327 2733 Caeterum
1350 2704 1476 2740 quoniam
1491 2711 1506 2730 a
1519 2702 1596 2730 nobis
1615 2701 1827 2729 demonstratum
1843 2704 1884 2727 est
1895 2720 1903 2733 ,

1113 2759 1192 2787 quam
1202 2758 1297 2786 magna
1309 2750 1346 2778 sit
1356 2750 1451 2785 jejunii
1465 2749 1514 2782 vis,
1528 2753 1556 2776 et
1567 2756 1646 2784 quam
1661 2746 1798 2780 multiplex
1811 2754 1843 2772 ex
1857 2745 1906 2772 illo

1114 2797 1223 2830 utilitas,
1238 2796 1316 2831 idque
1326 2795 1449 2830 exemplo
1460 2801 1596 2822 servorum
1607 2799 1638 2820 ac
1650 2791 1752 2819 Domini
1764 2796 1805 2818 est
1815 2795 1905 2817 osten-

1117 2851 1194 2878 sum;
1213 2843 1275 2872 ideo
1296 2842 1407 2871 obsecro
1425 2838 1562 2870 caritatem
1586 2843 1717 2874 vestram,
1737 2842 1767 2865 ut
1789 2837 1906 2865 scientes
