2066 3126
181 127 218 154 15
783 131 815 160 IN
834 130 908 158 CAP.
931 129 951 157 |.

1006 128 1094 157 ENES.
1115 127 1231 156 llOMIL.
1252 128 1284 155 ll.
1783 129 1817 157 ω

178 182 308 207 quantum
322 186 355 206 ex
370 179 415 206 illo
423 179 578 214 sitlucrum,
592 190 624 210 ne
633 183 776 213 utilitatem
787 190 899 221 tantam,
911 197 971 224 qum

176 231 209 250 ex
224 224 271 250 illo
283 230 402 259 paratur,
417 226 600 260 perdesidiant
615 230 761 264 repellatis,
775 241 862 268 neque
870 236 972 262 contri-

176 270 285 298 stemini
298 276 409 307 propter
422 273 492 301 illius
504 274 661 309 adventum,
675 277 722 304 sed
734 279 872 312 gaudeatis
886 285 913 308 ct
925 289 973 309 ex-

176 324 291 355 sultelis,
304 325 450 352 secundum
464 324 569 352 beatum
582 324 702 356 Paulum,
715 323 846 351 dicentem
857 332 864 349 :
878 323 967 356 Quan-

176 374 201 395 to
214 375 330 397 externus
342 375 426 397 noster
437 371 512 397 homo
524 370 702 405 corrumpitur,
718 374 788 396 tanta
800 369 913 395 internus
927 376 967 395 re-

174 421 281 441 novatur
294 416 330 450 (2.
346 415 404 442 Cor.
418 417 446 443 4.
463 415 518 451 16).
533 415 664 450 Jejunium
674 415 744 442 enim
758 415 853 441 anima:
868 418 966 441 nostrae

172 460 330 487 alimentum
341 465 391 492 est,
403 466 429 488 et
440 461 509 488 sicut
518 460 665 494 corporalis
675 460 725 487 iste
735 459 810 487 cibus
821 459 966 494 impinguat

173 513 282 540 corpus,
299 506 335 533 ita
356 511 382 533 et
394 506 525 540 jejunium
538 506 653 533 animam
669 505 825 532 habiliorem
845 505 926 532 eflicit
939 509 966 532 et

172 551 362 584 valentiorem,
376 552 448 580 leves
461 552 485 579 ei
499 559 600 586 pennas
613 556 697 586 parat,
714 555 742 578 ut
755 551 780 578 in
796 550 909 578 sublime
924 550 965 578 fc-

137 631 140 634 _
171 602 256 628 ratur,
271 602 297 624 et
311 605 413 624 summa
425 598 598 632 contemplari
611 602 706 632 queat,
721 597 962 632 voluptatibusque,

169 649 197 670 et
211 643 336 671 onmibus
347 651 407 679 quae
421 644 447 671 in
463 644 512 671 hoc
528 644 628 671 mundo
648 643 779 671 habentur
791 643 892 675 suavia,
907 643 964 678 ipsa

169 690 203 715 sit
216 688 339 722 superior
349 689 369 715 '.
384 689 417 716 Et
428 689 650 723 quemadmodum
665 689 777 717 leviores
789 681 871 716 naves
880 689 963 716 maria

169 733 289 760 velocius
310 738 464 764 transeunt.
480 738 572 761 contra
592 733 681 761 multis
699 734 825 761 oneribus
845 739 962 769 gravatae

169 778 393 813 submerguntur,
418 779 453 806 ita
466 779 595 814 jejunium
618 779 724 814 quidem
747 780 875 807 leviorem
898 780 961 807 red-

168 823 236 850 dens
248 829 375 857 memem,
401 824 483 852 efficit
505 830 534 852 ut
556 824 657 852 facilius
673 825 751 859 hujus
772 825 834 852 vita:
853 825 962 860 pelagus

169 870 345 902 transmittat,
359 876 386 898 et
402 871 427 898 in
441 871 536 898 caelum
550 879 582 898 ac
596 871 710 899 caelestia
725 871 862 906 suspiciat,
876 876 904 899 et
919 871 961 898 ni-

168 915 213 942 hili
228 916 305 943 faciat
315 918 468 951 praesentia,
480 917 528 945 sed
538 923 566 945 ut
579 918 686 945 umbras
695 923 722 945 et
733 917 835 945 somnia
845 917 960 952 diffuge-

167 969 196 987 re
209 968 327 989 censrat.
337 963 435 990 Verum
444 964 560 991 ebrietas
570 968 597 991 et
605 964 711 999 crapula
722 963 872 998 degravans
884 971 960 990 men-

167 1012 231 1038 le,
251 1012 278 1034 et
294 1008 459 1043 impingnans
473 1016 580 1044 corpus,
602 1010 734 1043 captivam
749 1008 809 1036 facit
824 1009 970 1046 animam,

165 1051 283 1087 undique
299 1053 369 1080 illam
391 1062 565 1089 oppugnans,
579 1062 664 1090 neque
678 1055 742 1082 sinit
761 1054 871 1083 rationis
887 1055 960 1089 judi-

163 1096 235 1124 cium
253 1098 357 1125 ﬁmum
378 1099 536 1132 consistere,
551 1100 598 1127 sed
622 1099 733 1135 impellit
747 1104 776 1127 ut
800 1100 826 1127 in
840 1107 958 1135 praeceps

164 1142 276 1175 feratur,
296 1147 325 1171 et
338 1145 426 1172 omnia
440 1150 532 1173 contra
548 1146 680 1180 propriam
695 1145 807 1173 salutem
820 1151 956 1180 operetur.

164 1188 256 1221 Igitur,
270 1189 370 1222 dilecti,
385 1197 420 1217 ne
429 1190 547 1225 segniter
561 1190 729 1218 instituamus
745 1198 777 1217 ea
789 1198 848 1225 qua!
861 1191 895 1218 ad
910 1198 956 1218 sa-

162 1233 245 1261 lutem
265 1241 383 1263 nostram
405 1236 534 1269 attinent;
559 1237 606 1264 sed
626 1237 740 1264 scientes
763 1241 860 1271 quanta
887 1237 956 1265 mala

163 1279 226 1307 hinc
239 1281 313 1308 nasci
327 1282 431 1309 soleant
443 1302 450 1315 ,
466 1281 599 1317 fugiamus
619 1283 745 1310 damnum
766 1284 837 1318 quod
857 1291 890 1311 ex
909 1285 955 1311 illa

162 1327 295 1360 prorenit.
308 1327 400 1362 Neque
413 1329 483 1356 enim
497 1329 524 1356 in
538 1337 606 1356 nova
621 1329 678 1364 lege
692 1330 778 1357 solum
789 1351 797 1363 ,
812 1330 856 1358 ubi
870 1331 955 1365 majus

161 1379 233 1398 vene
248 1372 424 1408 philosophia:
437 1374 565 1408 studium,
583 1375 685 1410 majora
698 1377 851 1408 certamina,
866 1378 954 1412 magni

160 1417 285 1450 sudores,
299 1418 382 1446 multa
402 1418 503 1452 bravia,
518 1425 545 1447 ct
560 1420 708 1448 ineffabiles
722 1420 838 1454 coronat,
853 1422 954 1450 deliciis

161 1463 239 1490 nobis
252 1463 429 1497 interdicitur,
444 1465 491 1492 sed
505 1465 584 1493 etiam
600 1466 626 1493 in
641 1467 735 1497 veteri,
749 1467 855 1502 quando
868 1468 953 1495 Judai

158 1507 249 1535 adhuc
264 1509 364 1536 umbra
384 1509 552 1544 assidebam,
567 1515 594 1539 et
607 1512 721 1539 lucerna
733 1517 810 1540 erant
821 1513 892 1540 affixi
903 1534 910 1544 ,
926 1518 953 1541 et

159 1553 233 1580 velut
253 1555 326 1588 pueri
341 1555 385 1590 qui
401 1555 471 1583 lacte
481 1557 644 1590 nutriuntur,
660 1558 699 1585 sic
711 1558 837 1592 paulatim
851 1558 951 1586 educa-

159 1599 266 1630 bantur.
280 1608 367 1635 neque
380 1605 443 1629 tunc
453 1602 674 1636 permittebantur
685 1603 788 1630 deliciis
798 1611 903 1631 vacare.
918 1605 951 1632 Et

159 1653 194 1672 ne
207 1646 365 1674 existimetis
378 1655 426 1675 nos
439 1651 540 1676 temere
553 1648 661 1676 delicias
675 1655 830 1677 accusantes
845 1652 894 1679 ista
908 1652 950 1678 di-

157 1697 220 1718 cere
232 1711 240 1724 ,
256 1691 347 1720 audite
369 1693 526 1728 prophetam
546 1695 585 1722 sic
604 1695 756 1730 loquentem
772 1705 778 1722 :
800 1696 844 1724 γω
863 1697 894 1724 iis
907 1699 951 1732 qui

156 1738 257 1764 veniunt
272 1738 306 1764 ad
320 1738 386 1765 diem
399 1740 494 1766 malum
503 1761 510 1772 ,
525 1740 676 1768 dormientes
689 1741 715 1768 in
738 1741 807 1769 lecti;
824 1741 948 1776 eburneis,

155 1786 180 1808 et
194 1782 350 1810 lasciviarum
361 1784 387 1810 in
402 1785 487 1812 strati;
498 1785 560 1817 suis,
576 1786 732 1813 consederit“
745 1787 831 1815 laedas
844 1796 876 1815 ea“
889 1797 948 1823 gre-

155 1828 239 1861 gibus,
251 1833 275 1855 et
289 1829 380 1857 vitulos
392 1838 424 1857 ea:
436 1831 519 1858 medio
530 1836 699 1858 armentum»:
719 1832 847 1866 lactentes,
861 1834 948 1861 biben-

155 1877 192 1900 tes
201 1873 350 1909 defectuum
364 1876 450 1902 vinum
458 1896 466 1907 ,
479 1881 502 1903 et
516 1877 632 1911 pretiosis
643 1879 774 1913 unguentis
787 1880 864 1912 uncti,
875 1881 953 1916 quasi

154 1919 248 1945 stantia
260 1919 315 1946 Ιαιτ
333 1920 449 1947 arbitrati
459 1926 528 1955 sunt,
540 1926 564 1948 et
578 1930 627 1950 non
639 1923 711 1957 quasi
723 1924 844 1959 fugientia
859 1925 947 1960 (Amos

155 1962 182 1990 6.
197 1963 267 1998 3-5).
283 1964 393 1992 Vidistis
413 1970 540 2000 quantam
555 1968 752 1995 accusationem
767 1974 859 1996 contra
880 1970 948 1997 dcli-

153 2008 211 2036 cias
224 2009 316 2037 afferat
331 2011 460 2046 propheta
470 2032 478 2045 ,
494 2011 574 2047 idque
593 2020 652 2040 cum
673 2013 773 2042 Judmis
789 2014 925 2043 disserens
935 2035 944 2048 ,

152 2054 275 2089 stnpidis,
293 2054 413 2090 ingratis,
424 2060 452 2083 et
461 2057 580 2093 quotidie
592 2059 677 2086 ventri
686 2059 805 2087 deditis!
818 2060 946 2088 Conside-

152 2103 211 2127 rate
224 2100 295 2128 enim
315 2101 456 2130 verborum
475 2102 639 2139 diligentiam
657 2113 663 2132 :
677 2112 737 2133 cum
751 2107 821 2133 enim
838 2107 945 2134 illorum

151 2146 330 2180 vituperasset
348 2148 483 2183 crapulam
504 2154 531 2178 et
551 2149 719 2178 immodicam
743 2152 943 2187 temulentiam,

153 2195 216 2218 tunc
226 2192 343 2220 subdidit
357 2202 363 2219 :
378 2193 458 2226 Quasi
469 2195 562 2221 stantia
571 2195 685 2222 arbitrati
697 2201 766 2229 sunt,
778 2201 861 2224 etnon
871 2199 944 2233 quasi

151 2236 274 2271 fugientia
284 2245 293 2265 :
302 2242 403 2266 tantum
413 2247 467 2268 non
483 2241 637 2274 ostendens,
649 2241 761 2277 gutturis
770 2247 796 2270 et
811 2242 941 2271 labiorum

152 2286 229 2309 tenus
242 2290 302 2310 esse
314 2283 417 2312 fruendi
429 2285 604 2320 voluptatem,
615 2291 642 2314 et
656 2287 724 2315 ultra
740 2295 791 2315 non
805 2289 938 2323 progredi.

185 2327 272 2355 Fluant
284 2328 454 2357 humanarum
467 2339 552 2358 rerum
567 2337 670 2361 natura.
676 2333 740 2360 —At
749 2334 870 2368 voluptas
881 2335 941 2369 qui-

149 2372 209 2400 dem
221 2374 309 2402 brevis
320 2380 372 2408 est,
384 2383 416 2403 ac
429 2378 597 2411 temporaria,
611 2378 688 2406 dolor
699 2383 787 2408 autem
798 2385 941 2415 perpetuus

147 2423 176 2446 et
188 2418 241 2447 line
252 2427 357 2449 carens.
373 2420 406 2448 Et
420 2421 492 2455 haec,
509 2421 604 2457 inquit,
619 2430 679 2451 cum
694 2425 855 2459 experientia
869 2426 940 2453 didi-

147 2466 243 2498 cerint,
260 2465 341 2499 Quasi
354 2467 447 2494 stantia
466 2467 580 2495 arbitrati
593 2473 652 2496 sunt
666 2470 753 2496 omnia
763 2491 771 2503 ,
788 2475 815 2498 et
826 2479 938 2499 manen-

147 2510 193 2543 tia,
206 2515 230 2539 et
243 2519 295 2540 non
309 2513 383 2547 quasi
396 2513 528 2548 fugientia,
541 2513 592 2542 hoc
602 2519 653 2547 cst,
664 2516 807 2550 avolantia,
821 2521 848 2544 et
861 2525 894 2545 ne
905 2518 937 2545 ad

144 2561 311 2585 momentum
336 2558 443 2594 quidem
467 2562 659 2594 permanentia.
687 2561 757 2589 Talia
784 2564 854 2590 enim
876 2569 938 2592 sunt

143 2602 231 2628 omnia
256 2603 371 2630 humana
391 2608 418 2632 et
431 2605 552 2632 carnalia
569 2614 575 2632 :
592 2606 707 2634 nondum
729 2612 802 2636 recte
822 2609 938 2637 advene-

142 2651 214 2677 runt.
229 2651 257 2674 et
269 2647 410 2676 avolarunt
426 2658 432 2676 :
448 2650 595 2678 istiusmodi
608 2652 791 2686 suntdeliciaa,
803 2654 936 2682 istiusmo-

143 2691 168 2720 di
191 2693 305 2721 humana
329 2695 414 2729 gloria
433 2701 460 2723 et
482 2698 615 2730 potentia:
643 2698 792 2727 istiusmodi
815 2700 933 2735 divitiae;

141 2735 290 2766 istiusmodi
306 2740 432 2768 universa
447 2741 525 2777 hujus
544 2743 605 2771 vita:
617 2744 791 2779 prosperitas,
806 2746 871 2774 nihil
886 2747 933 2774 fir-

170 2804 188 2843 ί
195 2805 291 2843 quislin.
302 2805 366 2842 hunc
378 2814 477 2833 sensum
488 2809 573 2841 effert,
584 2810 741 2843 uoluptatibus
752 2815 774 2837 et
787 2811 831 2838 hoc
843 2816 932 2840 mundo

137 2834 188 2862 ipsa
200 2836 231 2860 sit
239 2837 360 2866 superior.

1025 194 1095 212 mmn
1110 185 1220 216 habens,
1237 184 1300 211 nihil
1314 185 1470 217 subsistens.
1486 186 1550 213 nihil
1563 187 1659 219 fixum;
1673 186 1722 214 sed
1732 188 1816 222 magis
1849 186 1852 190 ’

1022 239 1100 266 quam
1112 231 1250 259 fluminum
1261 231 1359 258 ﬂuenta
1375 233 1563 266 prmtercurrit,
1578 234 1714 268 nudosque
1727 241 1758 259 ac
1768 241 1815 259 so-

1022 276 1062 302 los
1077 277 1202 311 relinquit
1221 284 1269 303 eos
1281 277 1324 310 qui
1349 276 1400 303 illis
1422 277 1553 304 inhiant‘.
1575 278 1653 312 Atqui
1668 278 1813 312 spiritualia

1021 329 1073 348 non
1088 326 1151 349 sunt
1170 322 1229 348 talia
1242 341 1250 354 ,
1271 322 1318 349 sed
1340 329 1417 349 secus
1431 330 1461 349 ac
1475 323 1580 349 diverso
1596 324 1673 349 modo
1695 324 1811 358 habent,

1019 374 1099 401 quam
1123 367 1164 395 illa
1182 375 1189 394 :
1203 373 1266 394 sunt
1286 368 1357 394 enim
1374 369 1465 399 lirma,
1481 368 1640 399 immobilia,
1654 369 1812 396 vicissitudi-

1021 419 1080 438 nem
1098 420 1149 439 non
1164 413 1330 447 accipientia,
1344 413 1376 440 ad
1390 421 1469 441 omne
1482 413 1608 445 smculum
1622 420 1650 440 sc
1667 414 1812 441 extemlen-

1020 457 1066 483 tia.
1080 457 1190 490 Quanta:
1209 457 1287 492 igitur
1301 465 1353 485 non
1366 458 1447 485 fuerit
1460 458 1602 485 dementia:
1622 459 1739 485 nutantia
1750 465 1811 486 cum

1020 502 1200 529 immobilibus
1213 509 1378 531 commutare
1393 512 1400 531 :
1418 503 1571 538 temporalia
1585 511 1645 530 cum
1659 504 1690 531 iis
1709 511 1769 538 qum
1784 504 1811 530 in

1018 548 1143 575 StI'CllllltlI
1157 548 1283 577 duratura
1305 555 1384 582 sunt;
1406 555 1535 585 perpetuo
1556 550 1688 577 manentia
1703 558 1764 577 cum
1779 550 1811 576 iis

1017 601 1076 628 qua:
1095 594 1217 626 avolant;
1232 600 1259 622 et
1271 603 1302 623 ea
1321 603 1379 630 qua:
1400 596 1476 623 nobis
1491 597 1543 623 illic
1557 604 1636 631 grave
1650 597 1809 631 supplicium

1018 640 1134 674 paritura
1145 645 1217 673 sunt,
1229 649 1289 668 cum
1303 641 1335 668 iis
1345 649 1404 676 quas
1415 642 1440 668 in
1451 641 1539 669 futuro
1549 643 1647 669 sarculo
1656 642 1808 670 felicitatem

1016 692 1146 713 summam
1162 686 1294 713 afferunt?
1309 687 1381 718 Haec,
1395 687 1517 721 obsecro,
1532 688 1620 715 omnia
1634 689 1810 716 consideran-

1017 735 1067 764 tes,
1081 731 1180 763 dilecti,
1198 740 1372 766 maguautquc
1384 733 1476 760 salutis
1492 739 1590 761 nostra:
1602 742 1693 761 curam
1708 735 1808 762 haben-

1016 781 1073 808 tes,
1093 784 1266 812 asperneniur
1287 778 1396 806 delicias
1408 784 1436 806 et
1456 780 1562 807 inutiles
1584 785 1611 807 et
1625 780 1807 814 perniciosas;

1013 821 1341 857 amplexemurjejunium,
1349 832 1508 860 omnemque
1516 825 1593 852 aliam
1601 826 1806 860 philosophiam,

1013 871 1041 894 et
1055 875 1176 902 magnam
1188 869 1248 896 vita:
1259 869 1434 898 exhibeamus
1444 872 1630 905 mutationem,
1644 879 1675 899 ac
1687 873 1807 906 quotidie

1013 912 1047 939 ad
1060 912 1162 947 agenda
1173 913 1241 941 bona
1256 922 1337 949 opera
1355 915 1509 943 festinemus
1525 925 1531 942 :
1546 921 1575 943 ut
1589 925 1648 944 cum
1665 925 1713 951 per
1727 925 1806 944 omne

1014 964 1118 994 tempus
1131 965 1230 987 sancte
1245 961 1460 996 Quadragesimm
1475 963 1627 998 spirituales
1641 972 1745 992 merces
1760 972 1806 991 nc-

1011 1005 1103 1038 gotiati
1118 1005 1255 1040 fuerimus,
1268 1012 1295 1033 et
1305 1008 1401 1034 nmltas
1411 1008 1535 1035 virtutum
1545 1009 1650 1036 divitias
1664 1017 1806 1044 congesse-

1012 1050 1105 1082 rimus,
1120 1051 1159 1078 sic
1173 1058 1322 1079 mereamur
1337 1057 1364 1080 et
1377 1053 1409 1080 ad
1429 1058 1549 1081 sanctum
1566 1055 1668 1082 Domini
1682 1056 1751 1082 diem
1765 1055 1804 1091 (a)

1012 1096 1158 1130 pervenire,
1176 1101 1272 1124 etcum
1287 1098 1380 1126 fiducia
1404 1099 1437 1126 ad
1452 1099 1614 1126 tremendam
1633 1105 1660 1127 et
1678 1100 1803 1135 Spiritua-

1011 1140 1062 1167 lem
1087 1149 1204 1168 mensam
1220 1144 1348 1170 accedere
1359 1164 1367 1176 ,
1383 1145 1576 1178 participesque
1592 1145 1646 1172 ﬁeri
1662 1154 1722 1172 cum
1739 1153 1802 1179 pura

1010 1187 1171 1214 conscientia
1191 1187 1362 1215 inell‘abilium
1377 1189 1480 1216 illorum
1502 1195 1530 1216 et
1552 1191 1738 1217 immortalium
1754 1191 1801 1217 ho-

1009 1238 1116 1264 norum,
1130 1239 1161 1259 ac
1177 1233 1279 1267 impleri
1291 1241 1323 1260 ea
1335 1242 1394 1268 qua:
1409 1235 1480 1262 illinc
1494 1237 1615 1270 provenit
1629 1237 1725 1270 gratia.
1742 1245 1801 1271 pre-

1009 1277 1084 1304 cibus
1094 1282 1121 1305 et
1132 1278 1321 1307 intercessione
1328 1287 1432 1313 eorum,
1443 1282 1488 1316 qui
1502 1282 1656 1316 placuerunt
1665 1284 1714 1317 ipsi
1725 1283 1801 1310 Chri-

1008 1327 1050 1349 sto
1064 1323 1187 1350 clementi
1207 1324 1262 1352 Deo
1283 1330 1391 1360 nostro,
1405 1334 1466 1354 cum
1485 1335 1539 1362 quo
1559 1328 1628 1355 Patri
1649 1336 1680 1356 ac
1693 1329 1800 1363 Spiritui

1007 1374 1100 1395 sancto
1111 1369 1194 1403 gloria
1207 1390 1215 1402 ,
1229 1370 1369 1405 imperium
1380 1391 1387 1403 .
1404 1372 1500 1406 honor,
1514 1381 1585 1401 nunc
1597 1378 1625 1401 et
1638 1382 1755 1410 semper,
1773 1381 1800 1404 et

1008 1413 1034 1440 in
1050 1414 1146 1441 saecula
1160 1415 1328 1443 saeculorum.
1345 1417 1440 1444 Amen.

1308 1462 1445 1490 HOMILIA
1467 1463 1499 1491 ll.

1043 1505 1076 1532 In
1087 1507 1221 1533 creationir
1243 1508 1394 1542 principium
1407 1517 1416 1536 :
1433 1509 1460 1536 ln
1475 1509 1604 1544 principio
1619 1510 1680 1538 fecit
1695 1511 1764 1539 Deus

1174 1553 1268 1580 ctelum
1281 1558 1308 1581 et
1319 1559 1415 1582 terram
1427 1556 1436 1571 '
1450 1555 1527 1589 (Gen.
1545 1557 1570 1583 1.
1583 1557 1621 1591 1).

1041 1597 1067 1624 1.
1092 1597 1201 1626 Vestras
1221 1607 1272 1634 ego
1285 1599 1364 1628 hodie
1377 1601 1505 1629 amabiles
1520 1601 1626 1630 intuens
1641 1603 1741 1636 vultus,
1755 1603 1797 1630 in-

1004 1643 1076 1676 genti
1090 1643 1226 1678 voluptate
1240 1645 1362 1680 iiupleor.
1382 1646 1488 1674 Etenim
1500 1655 1533 1675 ne
1549 1653 1638 1682 patres
1649 1649 1755 1684 quidem
1768 1649 1797 1676 fi-

1004 1689 1099 1716 liorum
1114 1695 1234 1718 amantes
1247 1695 1349 1718 tantum
1362 1692 1480 1726 gaudent
1494 1700 1525 1719 ac
1539 1693 1663 1720 Iactantur
1680 1695 1796 1721 circum-

1003 1735 1135 1762 stantibus
1146 1736 1196 1763 illis
1207 1756 1214 1768 ,
1230 1741 1258 1764 et
1269 1737 1323 1764 alio
1332 1737 1343 1753 ³
1358 1738 1471 1772 quodam
1487 1739 1583 1767 decore
1596 1739 1796 1775 ministerioque

1001 1780 1162 1814 voluptatem
1176 1781 1225 1809 sibi
1248 1782 1421 1810 alferentibus
1431 1805 1438 1816 ,
1450 1789 1580 1819 quantum
1590 1793 1641 1819 ego
1653 1793 1723 1813 nunc
1732 1793 1796 1820 gau-

1001 1825 1053 1854 deo
1065 1830 1094 1853 et
1116 1827 1202 1859 laetor,
1216 1829 1279 1861 quia
1300 1828 1378 1856 video
1400 1835 1516 1857 vestrum
1538 1831 1702 1865 spiritualcm
1724 1831 1795 1859 hunc

1001 1875 1101 1898 emtum
1113 1876 1166 1899 tam
1179 1873 1334 1908 compositis
1343 1875 1496 1909 ornatisque
1506 1875 1624 1903 moribus
1635 1875 1678 1903 hic
1687 1877 1795 1910 adesse,

1000 1922 1028 1945 et
1041 1918 1184 1946 immodico
1197 1919 1321 1947 audiendi
1333 1920 1437 1956 eloquia
1450 1921 1538 1948 divina
1551 1922 1684 1950 desiderio
1699 1923 1795 1958 ﬂagra-

999 1971 1040 1997 re,
1066 1964 1280 2000 contemptisque
1304 1966 1457 1995 carnalibus
1474 1966 1570 2001 epulis,
1597 1967 1630 1994 ad
1655 1968 1793 2002 spirituale

998 2009 1148 2037 convivium
1163 2010 1336 2042 contendere,
1352 2015 1379 2038 et
1391 2019 1421 2038 re
1436 2011 1490 2046 ipsa
1503 2013 1678 2046 comprobare
1690 2012 1791 2040 dictum

999 2053 1064 2081 illud
1089 2054 1191 2081 Domini
1209 2063 1215 2080 :
1234 2054 1293 2081 Non
1318 2055 1344 2081 in
1359 2063 1424 2090 pane
1437 2055 1492 2082 solo
1511 2056 1573 2082 vivet
1595 2056 1687 2090 homo,
1701 2057 1745 2084 uti
1763 2057 1791 2087 in

997 2100 1067 2126 omni
1085 2100 1158 2126 verba
1178 2100 1246 2136 quod
1263 2101 1390 2136 egreditur
1403 2110 1448 2136 per
1462 2109 1491 2128 or
1508 2101 1557 2129 Dei
1579 2101 1686 2138 (Matth.
1704 2103 1732 2131 4.
1748 2103 1789 2138 4).

997 2144 1118 2179 Agedum
1131 2149 1158 2172 et
1172 2153 1222 2172 nos
1234 2153 1338 2180 quoque
1348 2146 1476 2181 agricolas
1482 2147 1640 2175 imitemur:
1654 2155 1685 2175 ac
1694 2156 1790 2183 quem-

997 2190 1141 2218 admodum
1156 2190 1195 2217 illi
1206 2191 1289 2218 sicubi
1304 2199 1396 2226 agrum
1412 2198 1594 2228 repurgatum,
1607 2198 1634 2220 et
1647 2194 1681 2221 ab
1690 2193 1789 2222 barba-

997 2244 1056 2263 rum
1070 2236 1238 2263 nocumentis
1251 2237 1363 2264 liberntn
1377 2237 1501 2271 viderint,
1517 2238 1631 2266 ubertim
1644 2240 1787 2268 seminam:

996 2281 1032 2309 ita
1045 2281 1171 2316 quoniam
1185 2289 1256 2309 nunc
1269 2282 1407 2317 spiritualc
1421 2282 1473 2311 hoc
1487 2289 1607 2311 nostrum
1621 2292 1725 2319 arvum,
1740 2285 1787 2314 Dei

994 2328 1088 2362 gratia,
1104 2335 1198 2363 purum
1220 2333 1262 2356 est
1282 2329 1316 2355 ab
1329 2329 1511 2357 affectionibus
1530 2338 1589 2365 qua:
1610 2331 1788 2360 interturba"

994 2375 1125 2407 solebant.
1139 2375 1273 2403 sublatum
1283 2383 1388 2410 quoque
1397 2381 1466 2404 este
1477 2377 1564 2403 medio
1575 2377 1717 2412 voluptatis
1729 2383 1786 2406 stu-

993 2421 1078 2454 dium,
1093 2425 1119 2449 et
1133 2429 1260 2457 nusquam
1275 2422 1399 2457 procella,
1411 2430 1541 2458 nusquam
1555 2427 1698 2458 tempestas
1710 2425 1784 2460 cogi—

994 2468 1120 2495 tationnm
1133 2489 1140 2500 ,
1156 2468 1202 2495 scd
1223 2468 1400 2503 tranquillitas
1413 2474 1440 2496 et
1455 2476 1549 2504 magna
1575 2469 1650 2504 quies
1663 2471 1760 2498 mentis
1772 2491 1782 2504 ,

992 2521 1051 2548 qua:
1059 2513 1203 2548 spiritualia
1215 2521 1267 2548 prae
1277 2515 1428 2542 carnalibus
1438 2515 1528 2542 animo
1537 2515 1662 2549 concipit,
1671 2520 1698 2543 et
1707 2517 1782 2551 quasi

991 2560 1134 2593 assumptis
1146 2559 1194 2586 alis
1210 2567 1293 2594 usque
1310 2561 1337 2587 in
1351 2560 1444 2587 caelum
1462 2559 1566 2594 ipsum,
1583 2565 1611 2586 ut
1625 2560 1660 2588 ita
1673 2561 1780 2596 dicam.

990 2605 1132 2635 subvolat:
1148 2605 1238 2640 paucis
1249 2606 1326 2633 hodie
1336 2605 1405 2640 apud
1418 2605 1554 2633 caritatem
1564 2610 1679 2634 vestram
1693 2607 1780 2635 disse~

989 2722 1007 2747 Γ
1022 2693 1030 2709 ι
1048 2691 1130 2748 οιιέῑςιη
1141 2693 1263 2723 mutosque
1280 2699 1310 2717 ac
1321 2691 1382 2717 satos
1391 2699 1432 2718 nos
1452 2690 1574 2724 refutauit.
1583 2690 1653 2725 Atqui
1659 2689 1776 2721 spiritua-

998 2730 1054 2748 ιιι-Θ
1081 2741 1087 2746 .

998 2730 1030 2750 ια.
1040 2730 1087 2748 etC.

978 2767 980 2770 ι
999 2762 1002 2764 ·
1020 2755 1030 2770 ²
1045 2753 1201 2778 Ooislinianus
1211 2753 1292 2778 addit:
1307 2757 1380 2778 Terra
1399 2756 1478 2779 autem
1493 2753 1617 2782 invisibilis
1634 2761 1687 2782 erat
1702 2761 1727 2782 et
1742 2757 1779 2782 in-

988 2787 1139 2839 “amisii.
1152 2814 1250 2843 omittit,
1261 2813 1318 2843 alio,
1330 2818 1408 2840 recte.

1018 2846 1054 2875 (ιι)
1072 2849 1120 2870 Hoc
1131 2849 1168 2871 est
1176 2849 1283 2870 sanctum
1295 2845 1389 2870 t’ascha.
