2066 3126
224 187 230 195 1
259 151 294 180 τι
649 147 679 176 S.
699 146 839 176 JOANNIS
856 144 1057 175 CHRYSOSTO

1111 144 1269 174 ARCHIEP.
1287 142 1557 173 ωΝετΔΝτιΝοΡ.
1859 143 1894 172 28

261 213 369 238 ramus.
385 211 413 234 et
434 205 562 241 appositis
582 205 727 241 Scriptum
751 204 846 232 divina:
872 203 1050 240 dogmatibus,

261 253 398 281 subtiliora
413 252 491 279 hodie
512 251 587 279 adire
601 258 678 279 sensa
694 255 839 278 tentcmus.
853 249 920 277 Nam
938 250 962 276 si
979 256 1052 277 nunc

262 297 313 325 hoc
328 306 381 325 non
403 297 555 329 fecerimus,
570 303 631 323 cum
644 295 773 331 jejunium
796 299 837 322 est.
857 299 884 322 et
906 294 974 329 gulze
987 302 1052 321 con-

261 347 395 378 temptus,
410 347 438 370 et
457 346 530 369 tanta
550 341 678 369 bonarum
699 341 887 375 cogitationum
901 341 1050 367 serenitas:

263 388 370 423 quando
384 388 447 415 talia
460 392 557 414 vestras
569 386 671 414 caritati
685 392 819 420 apponere
833 384 1001 420 poterimus?
1012 385 1052 411 An

263 442 324 462 cum
334 433 448 461 aderunt
461 433 565 460 deliciae
575 452 583 465 ,
596 432 804 459 comessationes
814 452 821 463 ,
836 435 863 458 et
873 438 966 465 magna
980 429 1053 457 desi-

261 480 305 508 dia
315 481 327 508 ?
337 479 406 514 Quin
416 484 479 506 tunc
490 486 577 514 neque
590 478 639 513 ipsi
652 499 660 511 ,
675 482 704 505 ut
718 485 764 512 par
781 482 832 510 est,
846 477 898 504 hoc
915 477 1052 509 faciemus,

264 532 351 561 neque
363 532 412 552 vos
424 524 523 559 aliquid
532 531 624 551 eorum
641 531 699 558 qute
712 522 842 555 dicentur,
858 523 934 557 quasi
948 530 962 549 a
976 525 1053 549 tene-

262 571 318 600 bris
330 570 486 606 quibusdam
496 578 510 597 a
523 569 710 605 cogitationum
725 569 840 605 procella
855 568 996 601 submersi,
1006 575 1054 595 ex-

263 617 353 652 cipere
366 615 497 652 poteritis.

301 661 507 699 Quadragesimte
523 665 620 696 tempus
637 664 723 696 aptum
736 659 906 687 conciom'bus.
926 673 961 679 -
979 657 1054 685 Nunc

265 711 356 734 autem
371 710 476 741 tempus
495 705 563 739 hoc.
578 706 600 733 si
613 705 684 741 quod
699 705 770 732 aliud
784 725 792 737 ,
813 704 886 731 hisce
907 703 1055 738 disciplinis

265 753 379 780 maxime
391 752 514 779 idoneum
527 756 585 779 est:
601 751 708 787 quando
717 759 792 778 serva
800 751 855 784 jam
877 758 929 777 non
943 750 1056 784 insurgit

263 796 390 824 adversus
405 796 539 823 dominam
551 816 559 828 ,
572 796 620 823 sed
642 795 756 822 libenter
769 795 820 822 fert
832 794 949 822 habenas
958 815 966 828 ,
979 794 1056 822 facile

263 841 448 876 persuadetur,
462 840 571 868 multam
585 848 640 875 pra:
648 848 678 868 se
687 840 740 868 fert
756 840 945 872 obedientiam.
955 840 1055 867 incom-

264 887 365 922 positos
386 887 474 914 carnis
488 891 576 914 motus
588 886 750 921 compescit,
764 890 792 913 et
808 886 876 913 intra
891 892 954 912 suos
967 890 1056 913 manet

265 934 402 961 terminos.
422 933 557 968 Jejuuium
580 933 651 961 enim
672 937 712 960 est
732 932 880 959 animarum
904 936 1055 958 nostrarum

265 979 451 1014 tranquillitas,
467 986 559 1006 senum
572 978 663 1011 decor,
675 978 874 1005 adolescentum
886 976 1055 1012 ptedagogus,

264 1025 457 1052 continentium
488 1025 633 1059 magister,
660 1023 730 1058 quod
763 1030 870 1050 omnem
898 1026 1004 1049 aetatem
1030 1025 1058 1049 et

265 1077 357 1098 sexum
370 1070 445 1104 quasi
458 1069 606 1096 diademate
616 1069 729 1103 quodam
744 1072 829 1095 ornat.
850 1067 983 1102 Nusquam
1007 1067 1059 1093 ho-

266 1114 310 1142 die
328 1114 469 1147 tumultus,
485 1113 529 1141 vel
549 1113 650 1141 clamor
661 1133 668 1145 ,
683 1113 725 1140 vel
738 1113 857 1140 carnium
880 1112 1056 1145 concisiones,

266 1159 307 1187 vel
317 1166 462 1194 coquorum
476 1158 631 1186 discursus:
646 1157 694 1185 sed
710 1158 798 1184 omnia
813 1158 857 1184 illa
878 1157 1000 1184 abierunt
1010 1176 1018 1188 ,
1030 1160 1058 1183 et

267 1205 325 1233 hac
338 1205 432 1233 civitas
442 1204 581 1232 honestam
595 1203 748 1239 quamdam,
764 1203 942 1232 continentem
953 1224 960 1235 ,
974 1207 1001 1230 et
1012 1210 1058 1229 so-

268 1252 351 1280 briam
368 1255 515 1278 matronam
537 1250 664 1278 imitatur.
686 1249 760 1277 Unde
774 1258 834 1277 cum
854 1257 958 1277 mecum
972 1249 1059 1284 cogito

268 1297 430 1333 repentinam
445 1297 619 1324 mutationem
639 1295 717 1323 hodie
734 1295 829 1323 factam
841 1300 869 1323 et
890 1300 981 1330 repeto
999 1302 1058 1322 me-

268 1344 351 1371 moria
360 1343 477 1371 hesterni
486 1343 539 1371 diei
549 1342 784 1378 perturbationem,
796 1342 922 1374 admiror,
932 1346 958 1368 et
968 1341 1060 1368 obstu-

270 1397 349 1424 pesco
359 1388 451 1424 jejunii
466 1389 535 1416 vires
547 1392 575 1415 et
588 1387 743 1423 potentiam,
761 1386 894 1422 quomodo
904 1386 930 1413 in
941 1386 1060 1420 singulo-

270 1443 327 1462 rum
342 1434 517 1462 conscientias
530 1434 694 1468 ingressum,
711 1432 939 1460 transformaverit
958 1432 1059 1466 cogita-

270 1481 376 1514 tiones,
400 1480 585 1516 expurgaverit
610 1483 725 1507 mentem
739 1499 746 1511 ,
776 1487 829 1506 non
859 1479 1059 1513 magistratuum

270 1531 371 1554 tantum
382 1546 390 1558 ,
401 1525 448 1554 sed
464 1530 493 1553 et
505 1525 668 1561 privatorum
681 1533 688 1552 :
703 1532 755 1552 non
778 1524 921 1551 liberorum
939 1528 1039 1550 tantum
1050 1543 1058 1556 ,

270 1571 317 1599 sed
327 1575 355 1598 et
363 1578 502 1599 servorum
518 1577 526 1597 :
541 1578 594 1598 nor-
607 1571 723 1598 virorum
737 1574 849 1603 tantum,
864 1569 911 1596 sed
923 1574 950 1596 et
964 1570 1059 1596 mulie-

270 1624 410 1649 rum;non
430 1616 540 1644 divitum
563 1620 684 1649 tantum,
706 1615 753 1643 sed
770 1620 797 1643 et
819 1623 983 1650 pauperum;
1007 1623 1059 1642 non

272 1671 366 1691 eorum
379 1666 480 1690 tantum
493 1662 539 1698 qui
549 1662 669 1699 Grecam
682 1662 797 1696 linguam
812 1661 897 1689 edocti
912 1666 989 1694 sunt,
1013 1661 1059 1688 sed

274 1713 302 1736 et
316 1708 499 1736 barbarorum.
519 1707 571 1736 Sed
586 1707 649 1743 quid
661 1707 722 1735 dico
736 1708 935 1742 magistratuum
959 1711 986 1734 et
1005 1708 1061 1742 pri-

272 1754 411 1781 vatorum?
426 1753 511 1781 Etiam
517 1754 575 1789 ejus
583 1754 592 1770 ¹
603 1753 647 1789 qui
659 1753 781 1780 diadema
793 1757 886 1788 gestat,
897 1752 1018 1779 similiter
1034 1756 1062 1779 ut

271 1799 383 1826 aliorum
393 1819 402 1832 ,
415 1799 604 1826 conscientiam
624 1798 657 1826 ad
673 1798 741 1825 hanc
751 1798 928 1825 obedientiam
949 1797 1059 1824 ἰηῐιυκίι.

273 1844 328 1871 Nec
347 1843 425 1872 hodie
439 1844 521 1871 ullum
536 1843 679 1871 discrimen
701 1842 770 1871 infer
784 1851 903 1870 mensam
929 1843 1017 1870 divitis
1035 1847 1061 1871 et

272 1890 417 1925 pauperis:
433 1890 479 1917 sed
499 1890 596 1925 ubique
616 1889 723 1924 frugalis
741 1890 827 1917 victus
848 1894 908 1922 est,
927 1889 1028 1916 alienus
1046 1897 1060 1916 a

272 1936 334 1962 luxu
346 1939 374 1962 et
383 1939 521 1970 apparatu,
537 1935 685 1970 majoriqne
703 1935 780 1962 hodie
793 1935 928 1969 voluptate
939 1934 971 1962 ad
985 1943 1061 1962 men-

271 1987 327 2008 sam
338 1985 444 2008 tenuem
454 1981 551 2016 quique
558 1980 695 2012 accedunt,
709 1988 787 2015 quam
802 1980 904 2015 pridem
919 1988 979 2007 cum
994 1980 1063 2007 mul-

272 2031 297 2052 ta
310 2026 421 2053 delicata
435 2026 532 2059 edulia,
543 2026 708 2061 multumque
718 2027 808 2053 viuum
819 2033 953 2053 meracum
963 2034 1062 2061 propo-

272 2072 392 2099 nebatnr.

306 2119 334 2145 2.
354 2118 473 2150 Vidistis,
488 2118 587 2149 dilecti.
601 2125 635 2145 ex
649 2118 714 2152 ipsis
727 2117 861 2152 przeludiis
868 2117 960 2151 jejunii
975 2117 1061 2144 virtu-

271 2168 365 2191 temet
377 2164 541 2198 potentiam?
554 2163 653 2191 Idcirco
672 2167 700 2190 et
721 2163 777 2197 ipse
797 2163 888 2196 majori
911 2162 989 2189 hodie
1008 2163 1062 2189 ala-

271 2209 375 2242 critate,
389 2216 468 2244 quam
482 2213 571 2241 antea,
582 2215 720 2235 sermones
738 2207 877 2242 aggredior
892 2215 899 2233 :
919 2207 1006 2234 sciens
1018 2214 1061 2234 me

272 2254 298 2282 in
312 2255 400 2289 pingui
415 2254 597 2290 profundoque
608 2261 672 2281 arvo
681 2253 870 2280 scminaturum
880 2275 887 2286 ,
900 2252 969 2288 quod
986 2253 1062 2279 nobis

272 2300 430 2327 multifarios
443 2300 542 2327 fructus
555 2307 603 2334 pro
614 2299 758 2326 seminibus
772 2298 930 2326 concreditis
941 2298 1060 2332 protinus

271 2345 384 2373 reddere
399 2345 504 2380 poterit.
524 2345 663 2372 Discamus
678 2345 766 2379 igitur,
783 2344 804 2371 si
821 2344 916 2379 placet,
932 2343 995 2378 quid
1012 2351 1060 2370 ve-

270 2393 320 2420 lint
333 2392 382 2419 sibi
392 2392 470 2419 verba
487 2391 556 2419 beati
566 2391 646 2418 Musis
661 2390 739 2418 hodie
753 2390 830 2417 lecta.
849 2389 901 2416 Sed
914 2389 1041 2416 attendite
1051 2408 1059 2421 ,

270 2438 399 2470 obsecro,
419 2437 561 2472 diligenter
582 2435 624 2463 his
642 2443 701 2471 qua:
722 2443 736 2462 a
751 2436 829 2463 nobis
848 2435 970 2462 dicuntur
986 2443 992 2462 :
1007 2442 1060 2461 non

271 2484 341 2512 enim
357 2487 447 2511 nostra
461 2483 486 2510 in
501 2482 618 2510 medium
632 2482 767 2509 aﬂ'erimus
777 2501 784 2514 ,
802 2480 849 2508 sed
869 2481 911 2508 illa
928 2481 982 2515 ipsa
1001 2488 1060 2515 qua:

271 2530 348 2558 nobis
361 2529 450 2557 divina
464 2529 548 2564 gratia
562 2529 588 2555 in
602 2533 718 2555 vestram
733 2527 894 2554 concesserit
908 2527 1059 2553 utilitatem.

270 2576 333 2609 Quae
347 2581 435 2602 autem
455 2575 512 2601 haec
530 2573 613 2601 sunt?
642 2572 674 2600 In
687 2565 811 2608 principio
838 2572 895 2606 fecit
924 2570 994 2597 Deus
1012 2578 1060 2598 cae-

271 2621 324 2647 lum
339 2625 361 2646 et
376 2625 477 2647 terram.
498 2619 590 2646 Merito
601 2619 643 2645 hic
655 2617 799 2649 dubitatur,
814 2624 890 2650 quant
904 2616 939 2643 ob
952 2623 1059 2643 causam

271 2666 362 2693 beatus
384 2666 434 2692 iste
456 2665 600 2700 propheta.
616 2664 660 2699 qui
679 2664 758 2691 etiam
776 2663 832 2697 ipse
847 2662 937 2689 multis
956 2661 1059 2688 sarculis

271 2716 332 2747 post
354 2711 514 2739 creationem
536 2711 626 2738 mundi
649 2710 731 2740 vixit.
757 2709 814 2736 haec
834 2708 911 2735 nobis
933 2711 1057 2742 exponat.

270 2757 340 2785 Sane
353 2764 405 2784 non
420 2762 521 2784 temere
534 2756 584 2783 hoc
598 2756 662 2791 agit,
679 2762 728 2783 nec
742 2754 849 2781 frustra.
871 2752 975 2780 Etenim
991 2752 1059 2779 Deus

301 2825 310 2840 ι
326 2824 432 2850 misum.
442 2823 503 2854 quid
521 2822 575 2848 dico
584 2822 768 2854 magistratuum
778 2824 801 2847 et
812 2819 959 2853 privatorum
967 2821 990 2845 et
1000 2817 1060 2845 (uio-

269 2862 323 2880 rum
334 2854 346 2880 ?
356 2855 432 2881 Etiam
441 2854 504 2885 eius,
517 2858 565 2879 etc.

1106 203 1214 231 humani
1229 204 1335 239 generis
1353 204 1494 237 conditor,
1506 203 1541 231 ab
1555 202 1631 232 initio
1646 210 1695 239 per
1714 202 1831 238 scipsum
1845 202 1893 230 ho.

1103 249 1219 277 minibus
1231 249 1404 285 loquebatur.
1419 257 1453 277 eo
1462 257 1515 285 quo
1529 250 1651 278 homines
1662 254 1784 284 pateram
1801 249 1896 278 audire

1104 296 1193 322 modo.
1214 295 1259 323 Sic
1270 296 1340 323 enim
1354 296 1387 322 ad
1400 296 1484 323 Adam
1499 296 1584 328 venit;
1597 297 1635 323 sic
1650 296 1714 323 Cain
1734 296 1895 330 increpavit;

1104 341 1142 367 sic
1152 348 1211 367 cum
1223 340 1278 367 Noe
1290 341 1414 374 loquutus
1429 345 1482 373 est;
1496 340 1533 367 sic
1546 341 1614 375 apud
1631 340 1763 367 Abraham
1777 341 1896 375 hospita-

1107 391 1148 413 tus
1156 390 1206 413 est.
1227 387 1262 412 At
1286 386 1329 412 ubi
1344 386 1369 412 in
1384 386 1508 412 malitiam
1524 394 1645 420 magnam
1659 393 1738 413 omne
1757 386 1895 413 hominum

1104 438 1188 466 genus
1206 432 1328 465 prorupit
1339 451 1346 461 ,
1366 438 1449 465 neque
1463 436 1524 458 tunc
1537 438 1596 457 sese
1618 435 1699 457 totum
1713 431 1746 457 ab
1760 431 1896 457 hominum

1105 483 1204 511 genere
1217 477 1314 502 avertit
1326 475 1418 510 Opifex
1432 477 1550 503 omnium
1568 486 1573 504 ε
1590 476 1636 503 sed
1649 476 1708 510 quia
1720 483 1766 503 sua
1783 476 1897 503 familia-

1107 522 1186 548 ritate
1201 526 1291 555 postea
1312 521 1412 556 indigni
1428 522 1488 549 facti
1502 522 1625 555 fuerunt,
1637 522 1730 549 iterum
1745 530 1821 550 suam
1834 530 1896 557 erga

1106 567 1165 595 illos
1177 568 1319 595 amicitiam
1332 568 1457 596 innovare
1471 569 1573 599 volens.
1588 569 1662 603 quasi
1683 570 1759 604 longe
1781 569 1899 597 absenti-

1107 613 1157 641 bus
1171 614 1262 641 literas
1279 614 1368 647 mittit,
1384 615 1571 641 conciliatnrus
1579 616 1628 642 sibi
1645 616 1795 642 universam
1810 613 1897 642 homi-

1106 668 1171 687 num
1182 665 1313 687 naturam.
1328 660 1361 687 Et
1373 660 1421 687 bas
1433 660 1539 695 quidem
1553 660 1643 687 literas
1655 660 1727 687 dedit
1740 660 1819 692 Deus,
1829 665 1898 697 attu-

1107 706 1138 733 lit
1151 710 1239 733 autem
1254 706 1350 733 Moses.
1370 705 1438 739 Quid
1466 706 1544 741 igitur
1570 706 1661 733 dicunt
1684 706 1725 733 hae
1747 705 1850 733 literae?
1865 705 1898 732 In

1107 752 1231 787 principio
1242 752 1300 787 fecit
1315 751 1383 778 Deus
1415 751 1506 778 mlunt
1527 757 1551 779 et
1570 756 1672 778 terram.
1693 751 1845 779 Considera'
1866 751 1892 778 in

1109 799 1160 826 hoc
1171 819 1178 830 ,
1194 799 1346 831 carissime,
1362 805 1441 833 quam
1455 798 1618 825 admirabilis
1631 803 1657 825 et
1676 798 1788 825 eximius
1801 798 1834 824 sit
1848 797 1898 824 iste

1108 843 1246 879 propheta.
1269 843 1318 870 Alii
1343 843 1413 870 enim
1435 850 1529 870 omnes
1546 843 1682 878 propheta:
1707 850 1738 870 ea
1763 842 1896 873 dixerunt,

1108 890 1149 917 vel
1162 897 1221 925 quae
1236 889 1326 916 multis
1343 893 1433 924 postea
1459 888 1623 923 temporibus
1638 889 1722 915 futura
1740 892 1817 915 erant
1831 907 1838 920 ,
1857 887 1897 914 vel

1108 943 1167 971 qua:
1178 936 1267 962 statim
1279 940 1404 962 eventura
1417 939 1524 961 essent:
1541 934 1632 961 beatus
1644 938 1731 961 autem
1746 934 1805 967 iste,
1821 938 1899 960 natus

1108 988 1168 1008 cum
1180 980 1234 1014 jam
1248 980 1331 1007 multa
1344 979 1435 1007 mundi
1444 980 1600 1006 transissent
1613 979 1719 1011 szecula,
1734 978 1828 1006 ducem
1841 986 1899 1005 sor-

1111 1026 1173 1053 titus
1186 1033 1328 1060 supernam
1344 1025 1479 1052 dexteram
1496 1027 1515 1057 ',
1530 1025 1624 1060 dignus
1639 1030 1679 1052 est
1687 1025 1802 1056 habitus,
1815 1029 1844 1051 ut
1854 1024 1897 1051 illa

1110 1072 1186 1099 nobis
1199 1072 1310 1103 diceret,
1322 1080 1381 1106 quas
1395 1077 1455 1098 ante
1463 1078 1551 1098 ortum
1560 1079 1636 1098 suum
1646 1072 1764 1098 omnium
1772 1071 1900 1098 Dominus

1110 1118 1279 1146 formaverat.
1300 1118 1402 1145 Idcirco
1423 1117 1464 1145 his
1482 1118 1574 1152 incipit
1593 1117 1680 1145 verbis
1697 1127 1703 1145 :
1719 1117 1752 1143 In
1776 1117 1900 1152 principio

1110 1164 1168 1199 fecit
1178 1163 1246 1190 Deus
1255 1164 1344 1190 caelum
1359 1169 1381 1190 et
1395 1168 1486 1190 terram
1500 1171 1509 1190 :
1526 1163 1599 1197 quasi
1615 1163 1646 1190 ad
1661 1170 1753 1189 omnes
1768 1170 1815 1189 nos
1829 1162 1899 1189 clara

1110 1217 1175 1237 voce
1185 1210 1290 1240 clamet,
1307 1214 1333 1236 et
1343 1209 1429 1236 dicat:
1444 1209 1512 1235 Num
1525 1209 1559 1235 ab
1576 1209 1726 1235 hominibus
1739 1208 1837 1235 doceor
1847 1229 1855 1240 ,
1872 1213 1901 1234 ut

1111 1255 1168 1282 haec
1180 1254 1294 1290 loquar?
1308 1254 1332 1281 Is
1346 1255 1401 1289 ipse
1412 1255 1456 1288 qui
1472 1254 1528 1281 haec
1541 1262 1601 1281 cum
1616 1261 1666 1280 non
1679 1258 1779 1286 essent,
1789 1253 1859 1285 fecit,
1872 1257 1902 1279 ut

1111 1306 1211 1333 essent,
1227 1301 1342 1335 linguam
1358 1308 1443 1327 meam
1458 1299 1489 1326 ad
1513 1299 1604 1327 isthmc
1623 1298 1770 1326 enarranda
1788 1299 1900 1333 impulit.

1112 1347 1192 1383 Igitur
1204 1348 1324 1379 obsecro,
1340 1347 1374 1373 ita
1389 1347 1579 1378 auscultemus,
1594 1346 1629 1372 ita
1646 1345 1744 1372 nostris
1758 1344 1902 1371 ratiociniis

1112 1396 1219 1430 longum
1232 1394 1290 1421 vale
1300 1394 1429 1426 dicamus,
1445 1393 1519 1427 quasi
1535 1393 1591 1419 haec
1606 1395 1719 1425 nonjam
1730 1399 1744 1418 a
1758 1391 1839 1422 Mose,
1854 1390 1900 1417 sed

1113 1450 1159 1477 per
1174 1442 1289 1476 linguam
1302 1440 1381 1467 Mosis
1396 1440 1430 1466 ab
1444 1440 1502 1474 ipso
1523 1439 1706 1465 universorum
1731 1438 1785 1464 Deo
1807 1436 1900 1463 audia-

1112 1495 1181 1515 mus.
1202 1487 1344 1514 Ratiocinia
1355 1485 1425 1512 enim
1439 1485 1567 1511 hominum
1581 1484 1669 1510 timida
1679 1488 1737 1510 sunt
1748 1504 1755 1515 ,
1770 1482 1864 1517 inquit,
1879 1487 1903 1508 et

1112 1534 1214 1561 incertae
1227 1532 1388 1568 cogitationes
1402 1539 1488 1558 eorum
1507 1530 1583 1564 (Sap.
1596 1529 1622 1556 9.
1635 1529 1691 1563 Η).
1705 1528 1788 1555 Grato
1808 1527 1902 1554 admo-

1112 1580 1175 1607 dum
1189 1579 1279 1606 animo
1293 1578 1454 1612 accipiamus
1466 1584 1525 1611 quae
1539 1576 1662 1603 dicuntur
1673 1595 1681 1607 .
1697 1582 1730 1602 ne
1750 1573 1903 1609 progredia-

1113 1633 1173 1653 mur
1189 1625 1257 1651 ultra
1272 1631 1352 1659 quam
1365 1623 1416 1650 fert
1429 1629 1561 1649 mensura:
1576 1625 1673 1647 nostra:
1686 1620 1818 1652 tenuitas,
1836 1625 1904 1645 neve

1112 1671 1243 1698 curiosius
1255 1677 1315 1705 qua),
1338 1676 1417 1703 supra
1441 1675 1489 1695 nos
1504 1670 1566 1694 sunt
1587 1666 1742 1700 indagemus
1758 1674 1765 1691 :
1781 1664 1807 1691 id
1832 1663 1904 1699 quod

1112 1716 1231 1742 veritatis
1258 1714 1379 1742 hostibus
1397 1713 1496 1745 evenit,
1516 1712 1561 1747 qui
1575 1712 1716 1739 voluerunt
1729 1710 1841 1746 propriis
1859 1717 1904 1737 ra-

1114 1760 1229 1790 tiociniis
1244 1759 1365 1787 universa
1377 1758 1538 1794 expendere,
1555 1765 1606 1784 non
1622 1756 1768 1791 cogitantes
1782 1755 1905 1790 impossi-

1113 1806 1165 1833 bile
1190 1813 1250 1833 esse
1276 1805 1398 1832 humanm
1429 1808 1529 1830 natura:
1555 1803 1602 1830 Dei
1629 1802 1761 1836 opificium
1800 1800 1905 1835 penitus

1114 1852 1262 1886 explorare.
1283 1850 1362 1884 Quid,
1375 1850 1492 1884 inquam,
1515 1849 1560 1876 Dei
1574 1848 1718 1883 opiﬁcium,
1738 1855 1798 1874 cum
1819 1854 1904 1881 neque

1114 1896 1238 1928 hominis,
1250 1897 1293 1931 qui
1307 1895 1383 1922 nobis
1399 1899 1490 1922 natura
1506 1899 1633 1929 cognatus
1646 1898 1686 1921 est
1695 1914 1702 1926 ,
1717 1897 1788 1920 artes
1799 1892 1905 1926 penitus

1113 1942 1231 1977 indagari
1245 1941 1369 1976 possint?
1393 1941 1439 1967 Dic
1463 1940 1552 1973 enim,
1574 1946 1673 1974 quaeso,
1699 1938 1832 1973 quomodo
1857 1944 1905 1971 per

1114 1988 1271 2016 metallicam
1285 1991 1368 2014 artem
1383 1987 1441 2013 auri
1455 1991 1547 2013 natura
1556 1985 1701 2012 conflatur?
1716 1985 1755 2011 vel
1772 1982 1906 2018 quomodo

1114 2035 1174 2062 vitri
1185 2035 1287 2070 puritas
1294 2042 1326 2061 ex
1341 2041 1421 2060 arena
1435 2032 1568 2060 efﬁcitur?
1582 2032 1678 2059 Verum
1691 2039 1742 2058 non
1755 2030 1836 2057 habes
1846 2037 1905 2064 qua:

1113 2080 1198 2107 dicas.
1218 2080 1245 2107 Si
1261 2080 1341 2114 igitur
1353 2079 1411 2106 haec
1426 2087 1485 2113 qua:
1500 2083 1562 2105 ante
1580 2078 1671 2105 oculos
1684 2081 1745 2104 sunt
1759 2076 1841 2111 posita
1855 2096 1862 2108 ,
1877 2080 1906 2102 et

1114 2134 1173 2161 qua:
1186 2133 1234 2160 per
1247 2125 1293 2152 Dei
1309 2124 1497 2158 benignitatem
1515 2123 1630 2150 humana
1653 2126 1778 2157 operatur
1799 2121 1905 2155 sapien-

1115 2172 1159 2204 tia,
1173 2170 1282 2205 intelligi
1296 2175 1441 2205 nequeunt,
1458 2177 1541 2204 quata
1556 2169 1611 2196 Deo
1623 2169 1679 2203 ipso
1693 2168 1761 2195 facta
1777 2171 1847 2198 sunt,
1858 2174 1906 2193 cu-

1114 2218 1232 2245 riositate
1246 2221 1289 2244 tua
1301 2216 1427 2251 inquires,
1443 2215 1541 2242 homo?

1150 2263 1191 2289 Em
1205 2263 1324 2289 creaturis
1339 2266 1435 2288 creator
1447 2260 1644 2294 agnoscitur.——
1656 2259 1740 2292 Quam
1755 2258 1906 2292 assequeris

1114 2308 1217 2335 veniam
1228 2308 1240 2334 ?
1251 2314 1303 2342 qua
1317 2311 1343 2334 te
1356 2306 1473 2333 tueberis
1487 2305 1655 2337 defensione,
1671 2304 1705 2331 ita
1718 2303 1861 2334 insaniens,
1878 2307 1907 2330 ut

1114 2362 1172 2389 quae
1187 2362 1266 2388 supra
1286 2358 1387 2380 natura}
1400 2357 1451 2379 tute
1463 2356 1570 2386 captum
1591 2355 1664 2382 sunt,
1681 2348 1845 2384 speetileris?
1860 2348 1902 2374 Di-

1114 2408 1175 2428 cere
1185 2401 1254 2427 enim
1270 2408 1300 2427 ea
1311 2407 1369 2434 qua:
1384 2403 1445 2426 sunt
1457 2406 1490 2426 ex
1504 2398 1621 2431 subjecta
1631 2396 1740 2423 materia
1752 2403 1811 2423 esse
1825 2394 1905 2427 facta,

1113 2452 1140 2474 et
1155 2454 1207 2474 non
1220 2445 1351 2478 conﬁteri,
1370 2444 1488 2472 omnium
1505 2443 1631 2478 Opiﬁcetn
1655 2450 1686 2469 ea
1702 2449 1734 2469 ex
1748 2442 1831 2468 nihilo
1845 2448 1906 2467 cre-

1114 2493 1211 2525 avisse,
1233 2491 1396 2526 desipientia:
1419 2494 1545 2517 extremm
1569 2489 1672 2523 signum
1695 2487 1784 2514 fuerit.
1808 2487 1906 2514 Beatus

1114 2538 1202 2573 itaque
1217 2537 1344 2572 propheta
1358 2537 1416 2569 iste,
1432 2535 1581 2562 obturando
1597 2534 1776 2568 insipientium
1790 2540 1846 2565 ora,
1859 2541 1907 2558 au-

1113 2585 1261 2620 spicaturus
1281 2583 1387 2615 librum,
1401 2582 1439 2609 sic
1452 2582 1549 2616 cmpit:
1568 2580 1601 2607 In
1621 2580 1745 2614 principio
1760 2579 1817 2613 fecit
1837 2578 1907 2604 Deus

1113 2631 1203 2657 caelum
1218 2634 1241 2656 et
1253 2633 1355 2656 terram.
1374 2627 1441 2654 Cum
1460 2626 1538 2662 igitur
1557 2625 1641 2657 audis,
1658 2625 1741 2656 Fecit,
1757 2624 1820 2650 nihil
1834 2623 1923 2649 aliud-

1114 2677 1181 2703 ultra
1195 2675 1327 2703 curiosius
1347 2681 1435 2709 qu:ere
1455 2684 1460 2701 :
1483 2673 1528 2699 sed
1545 2672 1653 2698 hunnnn
1676 2675 1809 2705 spectans.
1828 2669 1907 2696 dictis

1114 2722 1193 2749 ﬁdem
1208 2720 1285 2748 habe.
1301 2719 1366 2747 Nam
1382 2720 1451 2746 Deus
1461 2719 1555 2753 estqui
1567 2717 1654 2744 omnia
1666 2716 1736 2748 facit,
1746 2721 1773 2741 et
1787 2715 1813 2741 in
1827 2715 1905 2741 aliam

1114 2768 1226 2796 formam
1240 2771 1335 2801 mutat,
1349 2773 1379 2793 ac
1392 2765 1537 2794 secundum
1549 2765 1709 2792 voluntatem
1725 2770 1802 2790 suam
1816 2762 1905 2789 omnia

1146 2848 1158 2873 ι
1171 2846 1278 2877 misum,
1289 2851 1418 2878 supersum
1427 2844 1563 2877 potentiam.
