  <div class='ocr_page' id='page_1' title='image "/cluster/home/n/w/nwhite01/storage/ocr_20150623/53-54/njp.32101077772638/032.png"; bbox 0 0 2066 3126; ppageno 0'>
   <div class='ocr_carea' id='block_1_1' title="bbox 193 164 975 201">
    <p class='ocr_par' dir='ltr' id='par_1_1' title="bbox 193 164 975 197">
     <span class='ocr_line' id='line_1_1' title="bbox 193 164 975 197; baseline -0.008 0"><span class='ocrx_word' id='word_1_1' title='bbox 193 170 227 197; x_wconf 70' lang='grc'><strong>29</strong></span> <span class='ocrx_word' id='word_1_2' title='bbox 781 164 812 193; x_wconf 77' lang='grc' dir='ltr'><strong>ΙΝ</strong></span> <span class='ocrx_word' id='word_1_3' title='bbox 831 165 907 193; x_wconf 66' lang='lat' dir='ltr'><strong>CAP.</strong></span> <span class='ocrx_word' id='word_1_4' title='bbox 929 165 948 192; x_wconf 89' lang='lat' dir='ltr'><strong>l.</strong></span> <span class='ocrx_word' id='word_1_5' title='bbox 969 167 975 191; x_wconf 80' lang='lat' dir='ltr'><strong>l</strong></span> 
     </span>
    </p>
   </div>
   <div class='ocr_carea' id='block_1_2' title="bbox 1028 164 1827 201">
    <p class='ocr_par' dir='ltr' id='par_1_2' title="bbox 1028 165 1827 201">
     <span class='ocr_line' id='line_1_2' title="bbox 1028 165 1827 201; baseline 0.011 -9"><span class='ocrx_word' id='word_1_6' title='bbox 1028 165 1092 193; x_wconf 69' lang='lat' dir='ltr'><strong>iES.</strong></span> <span class='ocrx_word' id='word_1_7' title='bbox 1115 165 1263 194; x_wconf 82' lang='lat' dir='ltr'><strong>Il0MlL.ll.</strong></span> <span class='ocrx_word' id='word_1_8' title='bbox 1794 173 1827 201; x_wconf 68' lang='lat'><strong>50</strong></span> 
     </span>
    </p>
   </div>
   <div class='ocr_carea' id='block_1_3' title="bbox 193 221 985 261">
    <p class='ocr_par' dir='ltr' id='par_1_3' title="bbox 193 221 985 261">
     <span class='ocr_line' id='line_1_3' title="bbox 193 221 985 261; baseline -0.008 -7"><span class='ocrx_word' id='word_1_9' title='bbox 193 231 252 261; x_wconf 84' lang='lat' dir='ltr'><strong>apte</strong></span> <span class='ocrx_word' id='word_1_10' title='bbox 273 226 415 253; x_wconf 72' lang='lat' dir='ltr'><strong>convertit.</strong></span> <span class='ocrx_word' id='word_1_11' title='bbox 439 225 472 253; x_wconf 83' lang='lat' dir='ltr'><strong>Et</strong></span> <span class='ocrx_word' id='word_1_12' title='bbox 486 224 544 252; x_wconf 83' lang='lat' dir='ltr'><strong>vide</strong></span> <span class='ocrx_word' id='word_1_13' title='bbox 558 227 684 259; x_wconf 90' lang='lat' dir='ltr'><strong>qttantum</strong></span> <span class='ocrx_word' id='word_1_14' title='bbox 704 227 802 249; x_wconf 72' lang='lat' dir='ltr'><strong>nostra:</strong></span> <span class='ocrx_word' id='word_1_15' title='bbox 821 221 940 257; x_wconf 83' lang='lat' dir='ltr'><strong>parvitati</strong></span> <span class='ocrx_word' id='word_1_16' title='bbox 955 227 985 248; x_wconf 87' lang='lat' dir='ltr'><strong>se</strong></span> 
     </span>
    </p>
   </div>
   <div class='ocr_carea' id='block_1_4' title="bbox 193 267 983 306">
    <p class='ocr_par' dir='ltr' id='par_1_4' title="bbox 193 267 983 306">
     <span class='ocr_line' id='line_1_4' title="bbox 193 267 983 306; baseline -0.008 -7"><span class='ocrx_word' id='word_1_17' title='bbox 193 276 351 306; x_wconf 88' lang='lat' dir='ltr'><strong>attemperat</strong></span> <span class='ocrx_word' id='word_1_18' title='bbox 369 281 375 297; x_wconf 91' lang='lat'>:</span> <span class='ocrx_word' id='word_1_19' title='bbox 393 270 458 297; x_wconf 84' lang='lat' dir='ltr'><strong>nihil</strong></span> <span class='ocrx_word' id='word_1_20' title='bbox 473 270 506 297; x_wconf 86' lang='lat' dir='ltr'><strong>de</strong></span> <span class='ocrx_word' id='word_1_21' title='bbox 520 268 693 296; x_wconf 80' lang='lat' dir='ltr'><strong>invisibilibus</strong></span> <span class='ocrx_word' id='word_1_22' title='bbox 712 267 852 294; x_wconf 88' lang='lat' dir='ltr'><strong>virtutibus</strong></span> <span class='ocrx_word' id='word_1_23' title='bbox 867 267 983 299; x_wconf 82' lang='lat' dir='ltr'><strong>disserit,</strong></span> 
     </span>
    </p>
   </div>
   <div class='ocr_carea' id='block_1_5' title="bbox 195 313 984 352">
    <p class='ocr_par' dir='ltr' id='par_1_5' title="bbox 195 313 984 352">
     <span class='ocr_line' id='line_1_5' title="bbox 195 313 984 352; baseline -0.006 -8"><span class='ocrx_word' id='word_1_24' title='bbox 195 325 280 352; x_wconf 86' lang='lat' dir='ltr'><strong>neque</strong></span> <span class='ocrx_word' id='word_1_25' title='bbox 294 316 367 349; x_wconf 82' lang='lat' dir='ltr'><strong>dicit,</strong></span> <span class='ocrx_word' id='word_1_26' title='bbox 385 315 414 343; x_wconf 87' lang='lat' dir='ltr'><strong>In</strong></span> <span class='ocrx_word' id='word_1_27' title='bbox 438 315 567 350; x_wconf 88' lang='lat' dir='ltr'><strong>principio</strong></span> <span class='ocrx_word' id='word_1_28' title='bbox 589 313 652 342; x_wconf 84' lang='lat' dir='ltr'><strong>fecit</strong></span> <span class='ocrx_word' id='word_1_29' title='bbox 672 314 740 341; x_wconf 88' lang='lat' dir='ltr'><strong>Deus</strong></span> <span class='ocrx_word' id='word_1_30' title='bbox 758 313 864 349; x_wconf 78' lang='lat' dir='ltr'><strong>angelos</strong></span> <span class='ocrx_word' id='word_1_31' title='bbox 882 313 923 340; x_wconf 88' lang='lat' dir='ltr'><strong>vel</strong></span> <span class='ocrx_word' id='word_1_32' title='bbox 938 320 984 339; x_wconf 90' lang='lat' dir='ltr'><strong>ar-</strong></span> 
     </span>
    </p>
   </div>
   <div class='ocr_carea' id='block_1_6' title="bbox 193 357 984 395">
    <p class='ocr_par' dir='ltr' id='par_1_6' title="bbox 193 357 984 395">
     <span class='ocr_line' id='line_1_6' title="bbox 193 357 984 395; baseline -0.004 -7"><span class='ocrx_word' id='word_1_33' title='bbox 193 361 336 395; x_wconf 78' lang='lat' dir='ltr'><strong>t-hangclos</strong></span> <span class='ocrx_word' id='word_1_34' title='bbox 349 369 356 387; x_wconf 87' lang='lat'><strong>:</strong></span> <span class='ocrx_word' id='word_1_35' title='bbox 371 368 425 387; x_wconf 89' lang='lat' dir='ltr'><strong>non</strong></span> <span class='ocrx_word' id='word_1_36' title='bbox 435 359 601 394; x_wconf 88' lang='lat' dir='ltr'><strong>simpliciter,</strong></span> <span class='ocrx_word' id='word_1_37' title='bbox 618 366 704 393; x_wconf 90' lang='lat' dir='ltr'><strong>neque</strong></span> <span class='ocrx_word' id='word_1_38' title='bbox 713 363 813 386; x_wconf 90' lang='lat' dir='ltr'><strong>temere</strong></span> <span class='ocrx_word' id='word_1_39' title='bbox 827 358 894 385; x_wconf 89' lang='lat' dir='ltr'><strong>hanc</strong></span> <span class='ocrx_word' id='word_1_40' title='bbox 907 357 984 385; x_wconf 88' lang='lat' dir='ltr'><strong>nobis</strong></span> 
     </span>
    </p>
   </div>
   <div class='ocr_carea' id='block_1_7' title="bbox 193 403 982 440">
    <p class='ocr_par' dir='ltr' id='par_1_7' title="bbox 193 403 982 440">
     <span class='ocr_line' id='line_1_7' title="bbox 193 403 982 440; baseline -0.005 -7"><span class='ocrx_word' id='word_1_41' title='bbox 193 407 322 433; x_wconf 64' lang='lat' dir='ltr'><strong>doctrinm</strong></span> <span class='ocrx_word' id='word_1_42' title='bbox 335 405 405 432; x_wconf 84' lang='lat' dir='ltr'><strong>viam</strong></span> <span class='ocrx_word' id='word_1_43' title='bbox 421 405 530 440; x_wconf 88' lang='lat' dir='ltr'><strong>paravit.</strong></span> <span class='ocrx_word' id='word_1_44' title='bbox 544 404 610 437; x_wconf 87' lang='lat' dir='ltr'><strong>Quia</strong></span> <span class='ocrx_word' id='word_1_45' title='bbox 623 403 694 430; x_wconf 86' lang='lat' dir='ltr'><strong>enim</strong></span> <span class='ocrx_word' id='word_1_46' title='bbox 707 403 804 430; x_wconf 62' lang='lat' dir='ltr'><strong>ludatis</strong></span> <span class='ocrx_word' id='word_1_47' title='bbox 816 403 982 437; x_wconf 77' lang='lat' dir='ltr'><strong>loquebatur,</strong></span> 
     </span>
    </p>
   </div>
   <div class='ocr_carea' id='block_1_8' title="bbox 191 449 982 487">
    <p class='ocr_par' dir='ltr' id='par_1_8' title="bbox 191 449 982 487">
     <span class='ocr_line' id='line_1_8' title="bbox 191 449 982 487; baseline -0.004 -9"><span class='ocrx_word' id='word_1_48' title='bbox 191 452 235 487; x_wconf 90' lang='lat' dir='ltr'><strong>qui</strong></span> <span class='ocrx_word' id='word_1_49' title='bbox 261 452 307 478; x_wconf 90' lang='lat' dir='ltr'><strong>toti</strong></span> <span class='ocrx_word' id='word_1_50' title='bbox 332 450 507 486; x_wconf 68' lang='lat' dir='ltr'><strong>prmsentibus</strong></span> <span class='ocrx_word' id='word_1_51' title='bbox 528 450 606 477; x_wconf 84' lang='lat' dir='ltr'><strong>rebus</strong></span> <span class='ocrx_word' id='word_1_52' title='bbox 626 449 777 482; x_wconf 83' lang='lat' dir='ltr'><strong>inhiabant,</strong></span> <span class='ocrx_word' id='word_1_53' title='bbox 799 456 884 484; x_wconf 88' lang='lat' dir='ltr'><strong>neque</strong></span> <span class='ocrx_word' id='word_1_54' title='bbox 904 449 982 484; x_wconf 91' lang='lat' dir='ltr'><strong>spiri-</strong></span> 
     </span>
    </p>
   </div>
   <div class='ocr_carea' id='block_1_9' title="bbox 193 495 984 532">
    <p class='ocr_par' dir='ltr' id='par_1_9' title="bbox 193 495 984 532">
     <span class='ocr_line' id='line_1_9' title="bbox 193 495 984 532; baseline -0.004 -7"><span class='ocrx_word' id='word_1_55' title='bbox 193 498 262 525; x_wconf 88' lang='lat' dir='ltr'><strong>tuale</strong></span> <span class='ocrx_word' id='word_1_56' title='bbox 275 497 417 532; x_wconf 80' lang='lat' dir='ltr'><strong>quidquam</strong></span> <span class='ocrx_word' id='word_1_57' title='bbox 431 498 520 524; x_wconf 89' lang='lat' dir='ltr'><strong>animo</strong></span> <span class='ocrx_word' id='word_1_58' title='bbox 532 496 673 530; x_wconf 85' lang='lat' dir='ltr'><strong>concipere</strong></span> <span class='ocrx_word' id='word_1_59' title='bbox 687 495 819 529; x_wconf 86' lang='lat' dir='ltr'><strong>valebant,</strong></span> <span class='ocrx_word' id='word_1_60' title='bbox 836 503 881 523; x_wconf 88' lang='lat' dir='ltr'><strong>eos</strong></span> <span class='ocrx_word' id='word_1_61' title='bbox 895 503 909 522; x_wconf 91' lang='lat' dir='ltr'><strong>a</strong></span> <span class='ocrx_word' id='word_1_62' title='bbox 923 503 984 522; x_wconf 84' lang='lat' dir='ltr'><strong>sen-</strong></span> 
     </span>
    </p>
   </div>
   <div class='ocr_carea' id='block_1_10' title="bbox 190 536 980 577">
    <p class='ocr_par' dir='ltr' id='par_1_10' title="bbox 190 536 980 577">
     <span class='ocr_line' id='line_1_10' title="bbox 190 536 980 577; baseline -0.003 -7"><span class='ocrx_word' id='word_1_63' title='bbox 190 543 310 570; x_wconf 88' lang='lat' dir='ltr'><strong>sibilibus</strong></span> <span class='ocrx_word' id='word_1_64' title='bbox 325 543 358 570; x_wconf 90' lang='lat' dir='ltr'><strong>ad</strong></span> <span class='ocrx_word' id='word_1_65' title='bbox 372 536 714 577; x_wconf 22' lang='lat' dir='ltr'><strong>cognoscendum&#39;universi</strong></span> <span class='ocrx_word' id='word_1_66' title='bbox 729 541 855 576; x_wconf 80' lang='lat' dir='ltr'><strong>Opiﬁcem</strong></span> <span class='ocrx_word' id='word_1_67' title='bbox 872 541 980 574; x_wconf 83' lang='lat' dir='ltr'><strong>inducit,</strong></span> 
     </span>
    </p>
   </div>
   <div class='ocr_carea' id='block_1_11' title="bbox 191 587 981 621">
    <p class='ocr_par' dir='ltr' id='par_1_11' title="bbox 191 587 981 621">
     <span class='ocr_line' id='line_1_11' title="bbox 191 587 981 621; baseline -0.004 -4"><span class='ocrx_word' id='word_1_68' title='bbox 191 594 219 617; x_wconf 86' lang='lat' dir='ltr'><strong>ut</strong></span> <span class='ocrx_word' id='word_1_69' title='bbox 232 597 263 617; x_wconf 82' lang='lat' dir='ltr'><strong>ex</strong></span> <span class='ocrx_word' id='word_1_70' title='bbox 285 589 415 620; x_wconf 73' lang='lat' dir='ltr'><strong>creaturis</strong></span> <span class='ocrx_word' id='word_1_71' title='bbox 437 588 634 616; x_wconf 87' lang='lat' dir='ltr'><strong>Fabricatorem</strong></span> <span class='ocrx_word' id='word_1_72' title='bbox 655 587 744 615; x_wconf 87' lang='lat' dir='ltr'><strong>mttndi</strong></span> <span class='ocrx_word' id='word_1_73' title='bbox 759 587 902 621; x_wconf 79' lang='lat' dir='ltr'><strong>discentes,</strong></span> <span class='ocrx_word' id='word_1_74' title='bbox 919 587 981 614; x_wconf 86' lang='lat' dir='ltr'><strong>ado-</strong></span> 
     </span>
    </p>
   </div>
   <div class='ocr_carea' id='block_1_12' title="bbox 189 633 982 668">
    <p class='ocr_par' dir='ltr' id='par_1_12' title="bbox 189 633 982 668">
     <span class='ocr_line' id='line_1_12' title="bbox 189 633 982 668; baseline -0.003 -6"><span class='ocrx_word' id='word_1_75' title='bbox 189 639 280 662; x_wconf 83' lang='lat' dir='ltr'><strong>rarent</strong></span> <span class='ocrx_word' id='word_1_76' title='bbox 293 634 445 661; x_wconf 83' lang='lat' dir='ltr'><strong>Creatorem</strong></span> <span class='ocrx_word' id='word_1_77' title='bbox 465 633 595 667; x_wconf 90' lang='lat' dir='ltr'><strong>omnium,</strong></span> <span class='ocrx_word' id='word_1_78' title='bbox 614 637 641 660; x_wconf 90' lang='lat' dir='ltr'><strong>et</strong></span> <span class='ocrx_word' id='word_1_79' title='bbox 661 641 712 660; x_wconf 91' lang='lat' dir='ltr'><strong>non</strong></span> <span class='ocrx_word' id='word_1_80' title='bbox 734 633 759 660; x_wconf 93' lang='lat' dir='ltr'><strong>in</strong></span> <span class='ocrx_word' id='word_1_81' title='bbox 774 634 901 660; x_wconf 86' lang='lat' dir='ltr'><strong>creaturis</strong></span> <span class='ocrx_word' id='word_1_82' title='bbox 918 633 982 668; x_wconf 91' lang='lat' dir='ltr'><strong>ipsis</strong></span> 
     </span>
    </p>
   </div>
   <div class='ocr_carea' id='block_1_13' title="bbox 189 679 981 715">
    <p class='ocr_par' dir='ltr' id='par_1_13' title="bbox 189 679 981 715">
     <span class='ocr_line' id='line_1_13' title="bbox 189 679 981 715; baseline 0.001 -9"><span class='ocrx_word' id='word_1_83' title='bbox 189 684 376 715; x_wconf 80' lang='lat' dir='ltr'><strong>permanerent</strong></span> <span class='ocrx_word' id='word_1_84' title='bbox 391 684 417 707; x_wconf 89' lang='lat' dir='ltr'><strong>et</strong></span> <span class='ocrx_word' id='word_1_85' title='bbox 429 679 609 714; x_wconf 81' lang='lat' dir='ltr'><strong>quiescerent.</strong></span> <span class='ocrx_word' id='word_1_86' title='bbox 631 679 697 706; x_wconf 85' lang='lat' dir='ltr'><strong>Nam</strong></span> <span class='ocrx_word' id='word_1_87' title='bbox 714 687 776 706; x_wconf 91' lang='lat' dir='ltr'><strong>cum</strong></span> <span class='ocrx_word' id='word_1_88' title='bbox 792 679 852 707; x_wconf 89' lang='lat' dir='ltr'><strong>licet</strong></span> <span class='ocrx_word' id='word_1_89' title='bbox 868 680 924 707; x_wconf 67' lang='lat' dir='ltr'><strong>hare</strong></span> <span class='ocrx_word' id='word_1_90' title='bbox 946 679 981 707; x_wconf 89' lang='lat' dir='ltr'><strong>ita</strong></span> 
     </span>
    </p>
   </div>
   <div class='ocr_carea' id='block_1_14' title="bbox 190 724 979 759">
    <p class='ocr_par' dir='ltr' id='par_1_14' title="bbox 190 724 979 759">
     <span class='ocr_line' id='line_1_14' title="bbox 190 724 979 759; baseline 0 -7"><span class='ocrx_word' id='word_1_91' title='bbox 190 725 257 752; x_wconf 81' lang='lat' dir='ltr'><strong>facta</strong></span> <span class='ocrx_word' id='word_1_92' title='bbox 273 726 336 757; x_wconf 85' lang='lat' dir='ltr'><strong>sint,</strong></span> <span class='ocrx_word' id='word_1_93' title='bbox 352 733 403 752; x_wconf 84' lang='lat' dir='ltr'><strong>non</strong></span> <span class='ocrx_word' id='word_1_94' title='bbox 415 724 605 752; x_wconf 89' lang='lat' dir='ltr'><strong>intermiserint</strong></span> <span class='ocrx_word' id='word_1_95' title='bbox 617 732 649 752; x_wconf 77' lang='lat' dir='ltr'><strong>ex</strong></span> <span class='ocrx_word' id='word_1_96' title='bbox 663 725 790 752; x_wconf 88' lang='lat' dir='ltr'><strong>creaturis</strong></span> <span class='ocrx_word' id='word_1_97' title='bbox 806 725 870 752; x_wconf 85' lang='lat' dir='ltr'><strong>deos</strong></span> <span class='ocrx_word' id='word_1_98' title='bbox 881 725 979 759; x_wconf 75' lang='lat' dir='ltr'><strong>facere,</strong></span> 
     </span>
    </p>
   </div>
   <div class='ocr_carea' id='block_1_15' title="bbox 190 770 980 798">
    <p class='ocr_par' dir='ltr' id='par_1_15' title="bbox 190 770 980 798">
     <span class='ocr_line' id='line_1_15' title="bbox 190 770 980 798; baseline 0 0"><span class='ocrx_word' id='word_1_99' title='bbox 190 776 216 798; x_wconf 87' lang='lat' dir='ltr'><strong>et</strong></span> <span class='ocrx_word' id='word_1_100' title='bbox 229 771 349 798; x_wconf 90' lang='lat' dir='ltr'><strong>divinum</strong></span> <span class='ocrx_word' id='word_1_101' title='bbox 368 770 495 798; x_wconf 87' lang='lat' dir='ltr'><strong>honorem</strong></span> <span class='ocrx_word' id='word_1_102' title='bbox 516 770 669 798; x_wconf 82' lang='lat' dir='ltr'><strong>fcedissimis</strong></span> <span class='ocrx_word' id='word_1_103' title='bbox 684 770 770 798; x_wconf 84' lang='lat' dir='ltr'><strong>brutis</strong></span> <span class='ocrx_word' id='word_1_104' title='bbox 783 771 910 798; x_wconf 81' lang='lat' dir='ltr'><strong>exhibere</strong></span> <span class='ocrx_word' id='word_1_105' title='bbox 929 780 935 797; x_wconf 90' lang='lat'><strong>:</strong></span> <span class='ocrx_word' id='word_1_106' title='bbox 955 772 980 798; x_wconf 89' lang='lat' dir='ltr'><strong>in</strong></span> 
     </span>
    </p>
   </div>
   <div class='ocr_carea' id='block_1_16' title="bbox 189 816 981 853">
    <p class='ocr_par' dir='ltr' id='par_1_16' title="bbox 189 816 981 853">
     <span class='ocr_line' id='line_1_16' title="bbox 189 816 981 853; baseline 0.003 -10"><span class='ocrx_word' id='word_1_107' title='bbox 189 824 267 851; x_wconf 80' lang='lat' dir='ltr'><strong>quam</strong></span> <span class='ocrx_word' id='word_1_108' title='bbox 284 824 337 843; x_wconf 89' lang='lat' dir='ltr'><strong>non</strong></span> <span class='ocrx_word' id='word_1_109' title='bbox 359 816 503 843; x_wconf 86' lang='lat' dir='ltr'><strong>amentiam</strong></span> <span class='ocrx_word' id='word_1_110' title='bbox 521 816 686 849; x_wconf 82' lang='lat' dir='ltr'><strong>incidissent,</strong></span> <span class='ocrx_word' id='word_1_111' title='bbox 707 817 758 844; x_wconf 90' lang='lat' dir='ltr'><strong>nisi</strong></span> <span class='ocrx_word' id='word_1_112' title='bbox 773 822 844 844; x_wconf 91' lang='lat' dir='ltr'><strong>tanta</strong></span> <span class='ocrx_word' id='word_1_113' title='bbox 859 824 921 853; x_wconf 85' lang='lat' dir='ltr'><strong>erga</strong></span> <span class='ocrx_word' id='word_1_114' title='bbox 934 824 981 845; x_wconf 89' lang='lat' dir='ltr'><strong>cos</strong></span> 
     </span>
    </p>
   </div>
   <div class='ocr_carea' id='block_1_17' title="bbox 189 861 609 896">
    <p class='ocr_par' dir='ltr' id='par_1_17' title="bbox 189 861 609 896">
     <span class='ocr_line' id='line_1_17' title="bbox 189 861 609 896; baseline 0 -8"><span class='ocrx_word' id='word_1_115' title='bbox 189 861 409 896; x_wconf 87' lang='lat' dir='ltr'><strong>attemperatione</strong></span> <span class='ocrx_word' id='word_1_116' title='bbox 423 861 514 888; x_wconf 80' lang='lat' dir='ltr'><strong>fuisset</strong></span> <span class='ocrx_word' id='word_1_117' title='bbox 528 861 609 888; x_wconf 82' lang='lat' dir='ltr'><strong>usus?</strong></span> 
     </span>
    </p>
   </div>
   <div class='ocr_carea' id='block_1_18' title="bbox 224 906 979 942">
    <p class='ocr_par' dir='ltr' id='par_1_18' title="bbox 224 906 979 942">
     <span class='ocr_line' id='line_1_18' title="bbox 224 906 979 942; baseline 0.003 -8"><span class='ocrx_word' id='word_1_118' title='bbox 224 907 250 935; x_wconf 78' lang='lat'><strong>3.</strong></span> <span class='ocrx_word' id='word_1_119' title='bbox 266 906 320 934; x_wconf 83' lang='lat' dir='ltr'><strong>Nec</strong></span> <span class='ocrx_word' id='word_1_120' title='bbox 333 906 447 939; x_wconf 86' lang='lat' dir='ltr'><strong>mireris,</strong></span> <span class='ocrx_word' id='word_1_121' title='bbox 461 906 567 940; x_wconf 80' lang='lat' dir='ltr'><strong>dilecte,</strong></span> <span class='ocrx_word' id='word_1_122' title='bbox 580 907 650 942; x_wconf 91' lang='lat' dir='ltr'><strong>quod</strong></span> <span class='ocrx_word' id='word_1_123' title='bbox 665 907 752 935; x_wconf 78' lang='lat' dir='ltr'><strong>MoSes</strong></span> <span class='ocrx_word' id='word_1_124' title='bbox 766 907 815 935; x_wconf 88' lang='lat' dir='ltr'><strong>hac</strong></span> <span class='ocrx_word' id='word_1_125' title='bbox 833 908 874 936; x_wconf 89' lang='lat' dir='ltr'><strong>via</strong></span> <span class='ocrx_word' id='word_1_126' title='bbox 889 908 979 937; x_wconf 88' lang='lat' dir='ltr'><strong>inces—</strong></span> 
     </span>
    </p>
   </div>
   <div class='ocr_carea' id='block_1_19' title="bbox 188 953 980 988">
    <p class='ocr_par' dir='ltr' id='par_1_19' title="bbox 188 953 980 988">
     <span class='ocr_line' id='line_1_19' title="bbox 188 953 980 988; baseline 0.003 -8"><span class='ocrx_word' id='word_1_127' title='bbox 188 953 251 980; x_wconf 88' lang='lat' dir='ltr'><strong>serit</strong></span> <span class='ocrx_word' id='word_1_128' title='bbox 264 953 284 985; x_wconf 80' lang='grc'><strong>¹,</strong></span> <span class='ocrx_word' id='word_1_129' title='bbox 295 953 339 987; x_wconf 88' lang='lat' dir='ltr'><strong>qui</strong></span> <span class='ocrx_word' id='word_1_130' title='bbox 353 953 379 979; x_wconf 88' lang='lat' dir='ltr'><strong>in</strong></span> <span class='ocrx_word' id='word_1_131' title='bbox 400 953 538 988; x_wconf 88' lang='lat' dir='ltr'><strong>principio,</strong></span> <span class='ocrx_word' id='word_1_132' title='bbox 554 957 581 980; x_wconf 86' lang='lat' dir='ltr'><strong>et</strong></span> <span class='ocrx_word' id='word_1_133' title='bbox 597 953 623 979; x_wconf 85' lang='lat' dir='ltr'><strong>in</strong></span> <span class='ocrx_word' id='word_1_134' title='bbox 644 953 790 988; x_wconf 70' lang='lat' dir='ltr'><strong>przclndiis,</strong></span> <span class='ocrx_word' id='word_1_135' title='bbox 804 954 980 982; x_wconf 81' lang='lat' dir='ltr'><strong>crassioribus</strong></span> 
     </span>
    </p>
   </div>
   <div class='ocr_carea' id='block_1_20' title="bbox 188 998 979 1035">
    <p class='ocr_par' dir='ltr' id='par_1_20' title="bbox 188 998 979 1035">
     <span class='ocr_line' id='line_1_20' title="bbox 188 998 979 1035; baseline 0.004 -10"><span class='ocrx_word' id='word_1_136' title='bbox 188 998 311 1033; x_wconf 89' lang='lat' dir='ltr'><strong>loquutus</strong></span> <span class='ocrx_word' id='word_1_137' title='bbox 329 1002 371 1025; x_wconf 84' lang='lat' dir='ltr'><strong>est</strong></span> <span class='ocrx_word' id='word_1_138' title='bbox 389 998 488 1026; x_wconf 71' lang='lat' dir='ltr'><strong>Judteis</strong></span> <span class='ocrx_word' id='word_1_139' title='bbox 509 1007 516 1025; x_wconf 89' lang='lat'><strong>:</strong></span> <span class='ocrx_word' id='word_1_140' title='bbox 534 999 746 1034; x_wconf 89' lang='lat' dir='ltr'><strong>quandoquidem</strong></span> <span class='ocrx_word' id='word_1_141' title='bbox 767 999 863 1028; x_wconf 83' lang='lat' dir='ltr'><strong>Paulus</strong></span> <span class='ocrx_word' id='word_1_142' title='bbox 875 1007 979 1035; x_wconf 83' lang='lat' dir='ltr'><strong>quoque</strong></span> 
     </span>
    </p>
   </div>
   <div class='ocr_carea' id='block_1_21' title="bbox 188 1043 978 1078">
    <p class='ocr_par' dir='ltr' id='par_1_21' title="bbox 188 1043 978 1078">
     <span class='ocr_line' id='line_1_21' title="bbox 188 1043 978 1078; baseline 0.003 -8"><span class='ocrx_word' id='word_1_143' title='bbox 188 1048 308 1078; x_wconf 88' lang='lat' dir='ltr'><strong>tempore</strong></span> <span class='ocrx_word' id='word_1_144' title='bbox 322 1043 424 1078; x_wconf 71' lang='lat' dir='ltr'><strong>gratim,</strong></span> <span class='ocrx_word' id='word_1_145' title='bbox 442 1050 502 1070; x_wconf 92' lang='lat' dir='ltr'><strong>cum</strong></span> <span class='ocrx_word' id='word_1_146' title='bbox 516 1047 618 1071; x_wconf 85' lang='lat' dir='ltr'><strong>tantum</strong></span> <span class='ocrx_word' id='word_1_147' title='bbox 640 1044 835 1078; x_wconf 64' lang='lat' dir='ltr'><strong>praedicationis</strong></span> <span class='ocrx_word' id='word_1_148' title='bbox 849 1049 919 1072; x_wconf 89' lang='lat' dir='ltr'><strong>esset</strong></span> <span class='ocrx_word' id='word_1_149' title='bbox 936 1045 978 1072; x_wconf 90' lang='lat' dir='ltr'><strong>in-</strong></span> 
     </span>
    </p>
   </div>
   <div class='ocr_carea' id='block_1_22' title="bbox 186 1089 979 1124">
    <p class='ocr_par' dir='ltr' id='par_1_22' title="bbox 186 1089 979 1124">
     <span class='ocr_line' id='line_1_22' title="bbox 186 1089 979 1124; baseline 0.004 -9"><span class='ocrx_word' id='word_1_150' title='bbox 186 1094 361 1121; x_wconf 86' lang='lat' dir='ltr'><strong>crementum,</strong></span> <span class='ocrx_word' id='word_1_151' title='bbox 377 1089 558 1124; x_wconf 86' lang='lat' dir='ltr'><strong>disputaturus</strong></span> <span class='ocrx_word' id='word_1_152' title='bbox 578 1096 637 1117; x_wconf 92' lang='lat' dir='ltr'><strong>cum</strong></span> <span class='ocrx_word' id='word_1_153' title='bbox 653 1089 869 1123; x_wconf 85' lang='lat' dir='ltr'><strong>Atheniensibus,</strong></span> <span class='ocrx_word' id='word_1_154' title='bbox 884 1098 899 1118; x_wconf 92' lang='lat' dir='ltr'><strong>a</strong></span> <span class='ocrx_word' id='word_1_155' title='bbox 914 1091 979 1118; x_wconf 87' lang='lat' dir='ltr'><strong>visi-</strong></span> 
     </span>
    </p>
   </div>
   <div class='ocr_carea' id='block_1_23' title="bbox 187 1135 978 1172">
    <p class='ocr_par' dir='ltr' id='par_1_23' title="bbox 187 1135 978 1172">
     <span class='ocr_line' id='line_1_23' title="bbox 187 1135 978 1172; baseline 0.001 -10"><span class='ocrx_word' id='word_1_156' title='bbox 187 1135 284 1162; x_wconf 87' lang='lat' dir='ltr'><strong>bilibus</strong></span> <span class='ocrx_word' id='word_1_157' title='bbox 306 1135 453 1162; x_wconf 83' lang='lat' dir='ltr'><strong>doctrinam</strong></span> <span class='ocrx_word' id='word_1_158' title='bbox 478 1135 560 1170; x_wconf 74' lang='lat' dir='ltr'><strong>cmpit</strong></span> <span class='ocrx_word' id='word_1_159' title='bbox 577 1135 620 1163; x_wconf 88' lang='lat' dir='ltr'><strong>his</strong></span> <span class='ocrx_word' id='word_1_160' title='bbox 641 1136 731 1163; x_wconf 82' lang='lat' dir='ltr'><strong>verbis</strong></span> <span class='ocrx_word' id='word_1_161' title='bbox 751 1145 758 1164; x_wconf 88' lang='lat'><strong>:</strong></span> <span class='ocrx_word' id='word_1_162' title='bbox 779 1135 847 1163; x_wconf 75' lang='lat' dir='ltr'><strong>Deus</strong></span> <span class='ocrx_word' id='word_1_163' title='bbox 864 1137 906 1172; x_wconf 81' lang='lat' dir='ltr'><strong>qui</strong></span> <span class='ocrx_word' id='word_1_164' title='bbox 921 1137 978 1172; x_wconf 79' lang='lat' dir='ltr'><strong>fecit</strong></span> 
     </span>
    </p>
   </div>
   <div class='ocr_carea' id='block_1_24' title="bbox 186 1182 978 1217">
    <p class='ocr_par' dir='ltr' id='par_1_24' title="bbox 186 1182 978 1217">
     <span class='ocr_line' id='line_1_24' title="bbox 186 1182 978 1217; baseline 0.003 -9"><span class='ocrx_word' id='word_1_165' title='bbox 186 1182 318 1214; x_wconf 84' lang='lat' dir='ltr'><strong>mundum,</strong></span> <span class='ocrx_word' id='word_1_166' title='bbox 337 1186 360 1208; x_wconf 82' lang='lat' dir='ltr'><strong>et</strong></span> <span class='ocrx_word' id='word_1_167' title='bbox 373 1182 458 1209; x_wconf 82' lang='lat' dir='ltr'><strong>omnia</strong></span> <span class='ocrx_word' id='word_1_168' title='bbox 476 1190 534 1217; x_wconf 68' lang='lat' dir='ltr'><strong>quae</strong></span> <span class='ocrx_word' id='word_1_169' title='bbox 551 1182 576 1209; x_wconf 88' lang='lat' dir='ltr'><strong>in</strong></span> <span class='ocrx_word' id='word_1_170' title='bbox 596 1190 624 1210; x_wconf 85' lang='lat' dir='ltr'><strong>eo</strong></span> <span class='ocrx_word' id='word_1_171' title='bbox 638 1188 713 1215; x_wconf 80' lang='lat' dir='ltr'><strong>sunt;</strong></span> <span class='ocrx_word' id='word_1_172' title='bbox 731 1183 772 1209; x_wconf 76' lang='lat' dir='ltr'><strong>hic</strong></span> <span class='ocrx_word' id='word_1_173' title='bbox 791 1183 848 1210; x_wconf 73' lang='lat' dir='ltr'><strong>ca&#39;li</strong></span> <span class='ocrx_word' id='word_1_174' title='bbox 865 1188 888 1210; x_wconf 87' lang='lat' dir='ltr'><strong>et</strong></span> <span class='ocrx_word' id='word_1_175' title='bbox 905 1189 978 1211; x_wconf 83' lang='lat' dir='ltr'><strong>teme</strong></span> 
     </span>
    </p>
   </div>
   <div class='ocr_carea' id='block_1_25' title="bbox 184 1226 975 1265">
    <p class='ocr_par' dir='ltr' id='par_1_25' title="bbox 184 1226 975 1265">
     <span class='ocr_line' id='line_1_25' title="bbox 184 1226 975 1265; baseline 0.004 -12"><span class='ocrx_word' id='word_1_176' title='bbox 184 1235 242 1254; x_wconf 76' lang='lat' dir='ltr'><strong>cum</strong></span> <span class='ocrx_word' id='word_1_177' title='bbox 256 1227 288 1254; x_wconf 71' lang='lat' dir='ltr'><strong>sit</strong></span> <span class='ocrx_word' id='word_1_178' title='bbox 301 1226 441 1261; x_wconf 79' lang='lat' dir='ltr'><strong>Dominus,</strong></span> <span class='ocrx_word' id='word_1_179' title='bbox 464 1235 515 1254; x_wconf 81' lang='lat' dir='ltr'><strong>non</strong></span> <span class='ocrx_word' id='word_1_180' title='bbox 533 1228 560 1255; x_wconf 85' lang='lat' dir='ltr'><strong>in</strong></span> <span class='ocrx_word' id='word_1_181' title='bbox 578 1229 730 1264; x_wconf 74' lang='lat' dir='ltr'><strong>manufactis</strong></span> <span class='ocrx_word' id='word_1_182' title='bbox 751 1228 846 1255; x_wconf 84' lang='lat' dir='ltr'><strong>habitat</strong></span> <span class='ocrx_word' id='word_1_183' title='bbox 866 1230 975 1265; x_wconf 79' lang='lat' dir='ltr'><strong>templis,</strong></span> 
     </span>
    </p>
   </div>
   <div class='ocr_carea' id='block_1_26' title="bbox 185 1273 975 1311">
    <p class='ocr_par' dir='ltr' id='par_1_26' title="bbox 185 1273 975 1311">
     <span class='ocr_line' id='line_1_26' title="bbox 185 1273 975 1311; baseline 0.005 -11"><span class='ocrx_word' id='word_1_184' title='bbox 185 1281 230 1300; x_wconf 80' lang='lat' dir='ltr'><strong>nec</strong></span> <span class='ocrx_word' id='word_1_185' title='bbox 244 1273 361 1301; x_wconf 76' lang='lat' dir='ltr'><strong>humanis</strong></span> <span class='ocrx_word' id='word_1_186' title='bbox 375 1274 489 1301; x_wconf 72' lang='lat' dir='ltr'><strong>manibus</strong></span> <span class='ocrx_word' id='word_1_187' title='bbox 502 1275 594 1301; x_wconf 87' lang='lat' dir='ltr'><strong>colitur</strong></span> <span class='ocrx_word' id='word_1_188' title='bbox 607 1274 674 1310; x_wconf 83' lang='lat' dir='ltr'><strong>(Act.</strong></span> <span class='ocrx_word' id='word_1_189' title='bbox 691 1275 734 1302; x_wconf 75' lang='lat' dir='ltr'><strong>I7.</strong></span> <span class='ocrx_word' id='word_1_190' title='bbox 750 1275 807 1311; x_wconf 62' lang='grc'><strong>24).</strong></span> <span class='ocrx_word' id='word_1_191' title='bbox 826 1275 892 1309; x_wconf 83' lang='lat' dir='ltr'><strong>Quia</strong></span> <span class='ocrx_word' id='word_1_192' title='bbox 904 1277 975 1304; x_wconf 89' lang='lat' dir='ltr'><strong>enim</strong></span> 
     </span>
    </p>
   </div>
   <div class='ocr_carea' id='block_1_27' title="bbox 185 1319 976 1355">
    <p class='ocr_par' dir='ltr' id='par_1_27' title="bbox 185 1319 976 1355">
     <span class='ocr_line' id='line_1_27' title="bbox 185 1319 976 1355; baseline 0.004 -9"><span class='ocrx_word' id='word_1_193' title='bbox 185 1320 264 1346; x_wconf 83' lang='lat' dir='ltr'><strong>talem</strong></span> <span class='ocrx_word' id='word_1_194' title='bbox 275 1319 313 1347; x_wconf 90' lang='lat' dir='ltr'><strong>eis</strong></span> <span class='ocrx_word' id='word_1_195' title='bbox 326 1324 478 1355; x_wconf 84' lang='lat' dir='ltr'><strong>competere</strong></span> <span class='ocrx_word' id='word_1_196' title='bbox 492 1321 592 1348; x_wconf 84' lang='lat' dir='ltr'><strong>sciebat</strong></span> <span class='ocrx_word' id='word_1_197' title='bbox 609 1320 767 1354; x_wconf 84' lang='lat' dir='ltr'><strong>doctrinam,</strong></span> <span class='ocrx_word' id='word_1_198' title='bbox 784 1321 852 1349; x_wconf 91' lang='lat' dir='ltr'><strong>hanc</strong></span> <span class='ocrx_word' id='word_1_199' title='bbox 864 1322 976 1349; x_wconf 86' lang='lat' dir='ltr'><strong>docendi</strong></span> 
     </span>
    </p>
   </div>
   <div class='ocr_carea' id='block_1_28' title="bbox 185 1365 974 1402">
    <p class='ocr_par' dir='ltr' id='par_1_28' title="bbox 185 1365 974 1402">
     <span class='ocr_line' id='line_1_28' title="bbox 185 1365 974 1402; baseline 0.005 -11"><span class='ocrx_word' id='word_1_200' title='bbox 185 1365 252 1392; x_wconf 83' lang='lat' dir='ltr'><strong>viam</strong></span> <span class='ocrx_word' id='word_1_201' title='bbox 264 1366 384 1401; x_wconf 86' lang='lat' dir='ltr'><strong>arripuit.</strong></span> <span class='ocrx_word' id='word_1_202' title='bbox 400 1366 441 1393; x_wconf 84' lang='lat' dir='ltr'><strong>Ad</strong></span> <span class='ocrx_word' id='word_1_203' title='bbox 455 1373 501 1394; x_wconf 91' lang='lat' dir='ltr'><strong>eos</strong></span> <span class='ocrx_word' id='word_1_204' title='bbox 513 1367 584 1393; x_wconf 86' lang='lat' dir='ltr'><strong>enim</strong></span> <span class='ocrx_word' id='word_1_205' title='bbox 592 1367 636 1401; x_wconf 88' lang='lat' dir='ltr'><strong>qui</strong></span> <span class='ocrx_word' id='word_1_206' title='bbox 648 1374 721 1394; x_wconf 88' lang='lat' dir='ltr'><strong>suam</strong></span> <span class='ocrx_word' id='word_1_207' title='bbox 733 1367 913 1402; x_wconf 83' lang='lat' dir='ltr'><strong>suscipiebant</strong></span> <span class='ocrx_word' id='word_1_208' title='bbox 925 1368 974 1395; x_wconf 89' lang='lat' dir='ltr'><strong>do-</strong></span> 
     </span>
    </p>
   </div>
   <div class='ocr_carea' id='block_1_29' title="bbox 182 1411 974 1447">
    <p class='ocr_par' dir='ltr' id='par_1_29' title="bbox 182 1411 974 1447">
     <span class='ocr_line' id='line_1_29' title="bbox 182 1411 974 1447; baseline 0.003 -9"><span class='ocrx_word' id='word_1_209' title='bbox 182 1411 307 1444; x_wconf 83' lang='lat' dir='ltr'><strong>ctrinam,</strong></span> <span class='ocrx_word' id='word_1_210' title='bbox 322 1419 335 1438; x_wconf 94' lang='lat' dir='ltr'><strong>a</strong></span> <span class='ocrx_word' id='word_1_211' title='bbox 350 1411 450 1446; x_wconf 88' lang='lat' dir='ltr'><strong>Spiritu</strong></span> <span class='ocrx_word' id='word_1_212' title='bbox 464 1412 497 1439; x_wconf 83' lang='lat' dir='ltr'><strong>ita</strong></span> <span class='ocrx_word' id='word_1_213' title='bbox 511 1412 685 1447; x_wconf 79' lang='lat' dir='ltr'><strong>dirigebatur,</strong></span> <span class='ocrx_word' id='word_1_214' title='bbox 699 1417 726 1440; x_wconf 87' lang='lat' dir='ltr'><strong>ct</strong></span> <span class='ocrx_word' id='word_1_215' title='bbox 739 1420 786 1440; x_wconf 87' lang='lat' dir='ltr'><strong>eos</strong></span> <span class='ocrx_word' id='word_1_216' title='bbox 799 1413 834 1440; x_wconf 86' lang='lat' dir='ltr'><strong>ita</strong></span> <span class='ocrx_word' id='word_1_217' title='bbox 853 1413 974 1441; x_wconf 87' lang='lat' dir='ltr'><strong>docebat.</strong></span> 
     </span>
    </p>
   </div>
   <div class='ocr_carea' id='block_1_30' title="bbox 184 1457 976 1493">
    <p class='ocr_par' dir='ltr' id='par_1_30' title="bbox 184 1457 976 1493">
     <span class='ocr_line' id='line_1_30' title="bbox 184 1457 976 1493; baseline 0.004 -9"><span class='ocrx_word' id='word_1_218' title='bbox 184 1457 216 1484; x_wconf 84' lang='lat' dir='ltr'><strong>Et</strong></span> <span class='ocrx_word' id='word_1_219' title='bbox 229 1462 257 1484; x_wconf 93' lang='lat' dir='ltr'><strong>ut</strong></span> <span class='ocrx_word' id='word_1_220' title='bbox 267 1457 335 1485; x_wconf 83' lang='lat' dir='ltr'><strong>scias</strong></span> <span class='ocrx_word' id='word_1_221' title='bbox 351 1457 429 1492; x_wconf 88' lang='lat' dir='ltr'><strong>hujus</strong></span> <span class='ocrx_word' id='word_1_222' title='bbox 442 1457 479 1484; x_wconf 89' lang='lat' dir='ltr'><strong>rei</strong></span> <span class='ocrx_word' id='word_1_223' title='bbox 492 1465 598 1485; x_wconf 82' lang='lat' dir='ltr'><strong>causam</strong></span> <span class='ocrx_word' id='word_1_224' title='bbox 613 1457 694 1486; x_wconf 78' lang='lat' dir='ltr'><strong>fuisse</strong></span> <span class='ocrx_word' id='word_1_225' title='bbox 707 1465 878 1493; x_wconf 78' lang='lat' dir='ltr'><strong>personarum</strong></span> <span class='ocrx_word' id='word_1_226' title='bbox 894 1459 976 1487; x_wconf 88' lang='lat' dir='ltr'><strong>varie-</strong></span> 
     </span>
    </p>
   </div>
   <div class='ocr_carea' id='block_1_31' title="bbox 184 1502 973 1539">
    <p class='ocr_par' dir='ltr' id='par_1_31' title="bbox 184 1502 973 1539">
     <span class='ocr_line' id='line_1_31' title="bbox 184 1502 973 1539; baseline 0.001 -9"><span class='ocrx_word' id='word_1_227' title='bbox 184 1507 277 1535; x_wconf 78' lang='lat' dir='ltr'><strong>tatem,</strong></span> <span class='ocrx_word' id='word_1_228' title='bbox 289 1507 315 1529; x_wconf 90' lang='lat' dir='ltr'><strong>et</strong></span> <span class='ocrx_word' id='word_1_229' title='bbox 327 1502 479 1529; x_wconf 87' lang='lat' dir='ltr'><strong>auditorum</strong></span> <span class='ocrx_word' id='word_1_230' title='bbox 489 1502 702 1536; x_wconf 88' lang='lat' dir='ltr'><strong>crassitudinem,</strong></span> <span class='ocrx_word' id='word_1_231' title='bbox 713 1503 773 1530; x_wconf 92' lang='lat' dir='ltr'><strong>audi</strong></span> <span class='ocrx_word' id='word_1_232' title='bbox 784 1503 857 1530; x_wconf 93' lang='lat' dir='ltr'><strong>illum</strong></span> <span class='ocrx_word' id='word_1_233' title='bbox 869 1503 953 1539; x_wconf 91' lang='lat' dir='ltr'><strong>ipsum</strong></span> <span class='ocrx_word' id='word_1_234' title='bbox 967 1512 973 1531; x_wconf 93' lang='lat'>:</span> 
     </span>
    </p>
   </div>
   <div class='ocr_carea' id='block_1_32' title="bbox 182 1548 975 1584">
    <p class='ocr_par' dir='ltr' id='par_1_32' title="bbox 182 1548 975 1584">
     <span class='ocr_line' id='line_1_32' title="bbox 182 1548 975 1584; baseline 0.001 -8"><span class='ocrx_word' id='word_1_235' title='bbox 182 1549 215 1576; x_wconf 84' lang='lat' dir='ltr'><strong>ad</strong></span> <span class='ocrx_word' id='word_1_236' title='bbox 237 1548 411 1576; x_wconf 87' lang='lat' dir='ltr'><strong>Colossenses</strong></span> <span class='ocrx_word' id='word_1_237' title='bbox 434 1548 505 1576; x_wconf 89' lang='lat' dir='ltr'><strong>enim</strong></span> <span class='ocrx_word' id='word_1_238' title='bbox 528 1548 667 1584; x_wconf 88' lang='lat' dir='ltr'><strong>epistolam</strong></span> <span class='ocrx_word' id='word_1_239' title='bbox 696 1549 835 1582; x_wconf 87' lang='lat' dir='ltr'><strong>scribens,</strong></span> <span class='ocrx_word' id='word_1_240' title='bbox 854 1556 906 1576; x_wconf 92' lang='lat' dir='ltr'><strong>non</strong></span> <span class='ocrx_word' id='word_1_241' title='bbox 926 1549 975 1578; x_wconf 88' lang='lat' dir='ltr'><strong>hac</strong></span> 
     </span>
    </p>
   </div>
   <div class='ocr_carea' id='block_1_33' title="bbox 182 1593 973 1629">
    <p class='ocr_par' dir='ltr' id='par_1_33' title="bbox 182 1593 973 1629">
     <span class='ocr_line' id='line_1_33' title="bbox 182 1593 973 1629; baseline 0.003 -9"><span class='ocrx_word' id='word_1_242' title='bbox 182 1593 300 1621; x_wconf 76' lang='lat' dir='ltr'><strong>ambulat</strong></span> <span class='ocrx_word' id='word_1_243' title='bbox 322 1594 373 1626; x_wconf 86' lang='lat' dir='ltr'><strong>via,</strong></span> <span class='ocrx_word' id='word_1_244' title='bbox 394 1593 441 1620; x_wconf 91' lang='lat' dir='ltr'><strong>sed</strong></span> <span class='ocrx_word' id='word_1_245' title='bbox 460 1593 538 1620; x_wconf 85' lang='lat' dir='ltr'><strong>aliter</strong></span> <span class='ocrx_word' id='word_1_246' title='bbox 557 1601 617 1621; x_wconf 90' lang='lat' dir='ltr'><strong>cum</strong></span> <span class='ocrx_word' id='word_1_247' title='bbox 634 1593 673 1621; x_wconf 90' lang='lat' dir='ltr'><strong>eis</strong></span> <span class='ocrx_word' id='word_1_248' title='bbox 693 1594 826 1629; x_wconf 85' lang='lat' dir='ltr'><strong>loquitur,</strong></span> <span class='ocrx_word' id='word_1_249' title='bbox 845 1599 872 1622; x_wconf 89' lang='lat' dir='ltr'><strong>et</strong></span> <span class='ocrx_word' id='word_1_250' title='bbox 891 1594 973 1623; x_wconf 83' lang='lat' dir='ltr'><strong>dicit:</strong></span> 
     </span>
    </p>
   </div>
   <div class='ocr_carea' id='block_1_34' title="bbox 183 1640 976 1675">
    <p class='ocr_par' dir='ltr' id='par_1_34' title="bbox 183 1640 976 1675">
     <span class='ocr_line' id='line_1_34' title="bbox 183 1640 976 1675; baseline 0.003 -9"><span class='ocrx_word' id='word_1_251' title='bbox 183 1641 250 1674; x_wconf 80' lang='lat' dir='ltr'><strong>Quia</strong></span> <span class='ocrx_word' id='word_1_252' title='bbox 265 1641 291 1668; x_wconf 79' lang='lat' dir='ltr'><strong>in</strong></span> <span class='ocrx_word' id='word_1_253' title='bbox 306 1641 362 1675; x_wconf 76' lang='lat' dir='ltr'><strong>ipso</strong></span> <span class='ocrx_word' id='word_1_254' title='bbox 375 1645 458 1667; x_wconf 81' lang='lat' dir='ltr'><strong>creata</strong></span> <span class='ocrx_word' id='word_1_255' title='bbox 471 1645 529 1667; x_wconf 76' lang='lat' dir='ltr'><strong>sunt</strong></span> <span class='ocrx_word' id='word_1_256' title='bbox 543 1640 627 1667; x_wconf 81' lang='lat' dir='ltr'><strong>omnia</strong></span> <span class='ocrx_word' id='word_1_257' title='bbox 637 1661 643 1672; x_wconf 92' lang='lat'><strong>,</strong></span> <span class='ocrx_word' id='word_1_258' title='bbox 668 1648 724 1675; x_wconf 72' lang='lat' dir='ltr'><strong>qua:</strong></span> <span class='ocrx_word' id='word_1_259' title='bbox 737 1640 762 1667; x_wconf 89' lang='lat' dir='ltr'><strong>in</strong></span> <span class='ocrx_word' id='word_1_260' title='bbox 777 1641 845 1668; x_wconf 75' lang='lat' dir='ltr'><strong>ca-lia</strong></span> <span class='ocrx_word' id='word_1_261' title='bbox 865 1645 932 1673; x_wconf 74' lang='lat' dir='ltr'><strong>sunt,</strong></span> <span class='ocrx_word' id='word_1_262' title='bbox 952 1645 976 1668; x_wconf 80' lang='lat' dir='ltr'><strong>et</strong></span> 
     </span>
    </p>
   </div>
   <div class='ocr_carea' id='block_1_35' title="bbox 181 1685 974 1720">
    <p class='ocr_par' dir='ltr' id='par_1_35' title="bbox 181 1685 974 1720">
     <span class='ocr_line' id='line_1_35' title="bbox 181 1685 974 1720; baseline 0.001 -8"><span class='ocrx_word' id='word_1_263' title='bbox 181 1694 237 1720; x_wconf 76' lang='lat' dir='ltr'><strong>qaw</strong></span> <span class='ocrx_word' id='word_1_264' title='bbox 245 1686 272 1712; x_wconf 88' lang='lat' dir='ltr'><strong>in</strong></span> <span class='ocrx_word' id='word_1_265' title='bbox 285 1691 362 1720; x_wconf 85' lang='lat' dir='ltr'><strong>terra,</strong></span> <span class='ocrx_word' id='word_1_266' title='bbox 379 1685 486 1713; x_wconf 71' lang='lat' dir='ltr'><strong>visibilia</strong></span> <span class='ocrx_word' id='word_1_267' title='bbox 500 1691 523 1712; x_wconf 86' lang='lat' dir='ltr'><strong>et</strong></span> <span class='ocrx_word' id='word_1_268' title='bbox 533 1685 676 1719; x_wconf 76' lang='lat' dir='ltr'><strong>invisibilia,</strong></span> <span class='ocrx_word' id='word_1_269' title='bbox 690 1686 741 1712; x_wconf 77' lang='lat' dir='ltr'><strong>siue</strong></span> <span class='ocrx_word' id='word_1_270' title='bbox 755 1686 849 1719; x_wconf 83' lang='lat' dir='ltr'><strong>throni,</strong></span> <span class='ocrx_word' id='word_1_271' title='bbox 865 1687 916 1713; x_wconf 76' lang='lat' dir='ltr'><strong>sive</strong></span> <span class='ocrx_word' id='word_1_272' title='bbox 926 1686 974 1713; x_wconf 85' lang='lat' dir='ltr'><strong>do-</strong></span> 
     </span>
    </p>
   </div>
   <div class='ocr_carea' id='block_1_36' title="bbox 182 1732 976 1768">
    <p class='ocr_par' dir='ltr' id='par_1_36' title="bbox 182 1732 976 1768">
     <span class='ocr_line' id='line_1_36' title="bbox 182 1732 976 1768; baseline 0 -9"><span class='ocrx_word' id='word_1_273' title='bbox 182 1732 342 1765; x_wconf 74' lang='lat' dir='ltr'><strong>minationes,</strong></span> <span class='ocrx_word' id='word_1_274' title='bbox 363 1733 414 1759; x_wconf 83' lang='lat' dir='ltr'><strong>sive</strong></span> <span class='ocrx_word' id='word_1_275' title='bbox 427 1732 593 1767; x_wconf 79' lang='lat' dir='ltr'><strong>principatus,</strong></span> <span class='ocrx_word' id='word_1_276' title='bbox 610 1733 660 1759; x_wconf 72' lang='lat' dir='ltr'><strong>sive</strong></span> <span class='ocrx_word' id='word_1_277' title='bbox 671 1737 813 1767; x_wconf 70' lang='lat' dir='ltr'><strong>potestates,</strong></span> <span class='ocrx_word' id='word_1_278' title='bbox 831 1733 916 1760; x_wconf 79' lang='lat' dir='ltr'><strong>omnia</strong></span> <span class='ocrx_word' id='word_1_279' title='bbox 931 1741 976 1768; x_wconf 80' lang='lat' dir='ltr'><strong>per</strong></span> 
     </span>
    </p>
   </div>
   <div class='ocr_carea' id='block_1_37' title="bbox 181 1777 974 1814">
    <p class='ocr_par' dir='ltr' id='par_1_37' title="bbox 181 1777 974 1814">
     <span class='ocr_line' id='line_1_37' title="bbox 181 1777 974 1814; baseline 0.001 -9"><span class='ocrx_word' id='word_1_280' title='bbox 181 1779 265 1811; x_wconf 86' lang='lat' dir='ltr'><strong>illum,</strong></span> <span class='ocrx_word' id='word_1_281' title='bbox 279 1778 339 1805; x_wconf 77' lang='lat' dir='ltr'><strong>etin</strong></span> <span class='ocrx_word' id='word_1_282' title='bbox 358 1778 431 1805; x_wconf 87' lang='lat' dir='ltr'><strong>illum</strong></span> <span class='ocrx_word' id='word_1_283' title='bbox 448 1783 532 1805; x_wconf 81' lang='lat' dir='ltr'><strong>creata</strong></span> <span class='ocrx_word' id='word_1_284' title='bbox 544 1783 602 1805; x_wconf 77' lang='lat' dir='ltr'><strong>sunt</strong></span> <span class='ocrx_word' id='word_1_285' title='bbox 621 1777 728 1814; x_wconf 69' lang='grc' dir='ltr'><strong>(ϐρίσει.</strong></span> <span class='ocrx_word' id='word_1_286' title='bbox 744 1779 769 1805; x_wconf 81' lang='grc'><strong>1.</strong></span> <span class='ocrx_word' id='word_1_287' title='bbox 786 1777 842 1813; x_wconf 75' lang='lat' dir='ltr'><strong>lli).</strong></span> <span class='ocrx_word' id='word_1_288' title='bbox 858 1778 974 1806; x_wconf 79' lang='lat' dir='ltr'><strong>Joannes</strong></span> 
     </span>
    </p>
   </div>
   <div class='ocr_carea' id='block_1_38' title="bbox 180 1823 975 1861">
    <p class='ocr_par' dir='ltr' id='par_1_38' title="bbox 180 1823 975 1861">
     <span class='ocr_line' id='line_1_38' title="bbox 180 1823 975 1861; baseline 0.001 -10"><span class='ocrx_word' id='word_1_289' title='bbox 180 1828 270 1851; x_wconf 88' lang='lat' dir='ltr'><strong>autem</strong></span> <span class='ocrx_word' id='word_1_290' title='bbox 287 1823 394 1851; x_wconf 87' lang='lat' dir='ltr'><strong>tonitrui</strong></span> <span class='ocrx_word' id='word_1_291' title='bbox 407 1823 477 1851; x_wconf 86' lang='lat' dir='ltr'><strong>(ilius</strong></span> <span class='ocrx_word' id='word_1_292' title='bbox 490 1823 631 1857; x_wconf 88' lang='lat' dir='ltr'><strong>clamabat,</strong></span> <span class='ocrx_word' id='word_1_293' title='bbox 644 1823 753 1852; x_wconf 89' lang='lat' dir='ltr'><strong>dicens:</strong></span> <span class='ocrx_word' id='word_1_294' title='bbox 772 1823 863 1851; x_wconf 81' lang='lat' dir='ltr'><strong>Omnia</strong></span> <span class='ocrx_word' id='word_1_295' title='bbox 877 1833 921 1859; x_wconf 82' lang='lat' dir='ltr'><strong>per</strong></span> <span class='ocrx_word' id='word_1_296' title='bbox 934 1825 975 1861; x_wconf 87' lang='lat' dir='ltr'><strong>ip-</strong></span> 
     </span>
    </p>
   </div>
   <div class='ocr_carea' id='block_1_39' title="bbox 181 1869 971 1906">
    <p class='ocr_par' dir='ltr' id='par_1_39' title="bbox 181 1869 971 1906">
     <span class='ocr_line' id='line_1_39' title="bbox 181 1869 971 1906; baseline 0.003 -10"><span class='ocrx_word' id='word_1_297' title='bbox 181 1879 236 1897; x_wconf 72' lang='lat' dir='ltr'><strong>sum</strong></span> <span class='ocrx_word' id='word_1_298' title='bbox 249 1870 317 1904; x_wconf 77' lang='lat' dir='ltr'><strong>facta</strong></span> <span class='ocrx_word' id='word_1_299' title='bbox 332 1874 399 1902; x_wconf 70' lang='lat' dir='ltr'><strong>sunt,</strong></span> <span class='ocrx_word' id='word_1_300' title='bbox 417 1874 439 1896; x_wconf 82' lang='lat' dir='ltr'><strong>et</strong></span> <span class='ocrx_word' id='word_1_301' title='bbox 455 1869 509 1896; x_wconf 76' lang='lat' dir='ltr'><strong>sine</strong></span> <span class='ocrx_word' id='word_1_302' title='bbox 520 1870 575 1904; x_wconf 79' lang='lat' dir='ltr'><strong>ipso</strong></span> <span class='ocrx_word' id='word_1_303' title='bbox 589 1871 683 1906; x_wconf 81' lang='lat' dir='ltr'><strong>factum</strong></span> <span class='ocrx_word' id='word_1_304' title='bbox 702 1874 738 1896; x_wconf 80' lang='lat' dir='ltr'><strong>est</strong></span> <span class='ocrx_word' id='word_1_305' title='bbox 760 1870 824 1897; x_wconf 84' lang='lat' dir='ltr'><strong>niltil</strong></span> <span class='ocrx_word' id='word_1_306' title='bbox 840 1869 929 1905; x_wconf 80' lang='lat' dir='ltr'><strong>(Joan.</strong></span> <span class='ocrx_word' id='word_1_307' title='bbox 946 1872 971 1898; x_wconf 83' lang='lat' dir='ltr'><strong>l.</strong></span> 
     </span>
    </p>
   </div>
   <div class='ocr_carea' id='block_1_40' title="bbox 179 1916 971 1951">
    <p class='ocr_par' dir='ltr' id='par_1_40' title="bbox 179 1916 971 1951">
     <span class='ocr_line' id='line_1_40' title="bbox 179 1916 971 1951; baseline -0.001 -6"><span class='ocrx_word' id='word_1_308' title='bbox 179 1917 219 1951; x_wconf 80' lang='lat'><strong>3).</strong></span> <span class='ocrx_word' id='word_1_309' title='bbox 235 1917 269 1944; x_wconf 81' lang='lat' dir='ltr'><strong>At</strong></span> <span class='ocrx_word' id='word_1_310' title='bbox 281 1923 337 1944; x_wconf 92' lang='lat' dir='ltr'><strong>non</strong></span> <span class='ocrx_word' id='word_1_311' title='bbox 352 1917 391 1944; x_wconf 92' lang='lat' dir='ltr'><strong>sic</strong></span> <span class='ocrx_word' id='word_1_312' title='bbox 405 1916 506 1949; x_wconf 81' lang='lat' dir='ltr'><strong>Moses;</strong></span> <span class='ocrx_word' id='word_1_313' title='bbox 521 1921 548 1943; x_wconf 81' lang='lat' dir='ltr'><strong>et</strong></span> <span class='ocrx_word' id='word_1_314' title='bbox 561 1916 674 1944; x_wconf 89' lang='lat' dir='ltr'><strong>merito:</strong></span> <span class='ocrx_word' id='word_1_315' title='bbox 690 1923 740 1944; x_wconf 90' lang='lat' dir='ltr'><strong>nec</strong></span> <span class='ocrx_word' id='word_1_316' title='bbox 749 1917 820 1944; x_wconf 88' lang='lat' dir='ltr'><strong>enim</strong></span> <span class='ocrx_word' id='word_1_317' title='bbox 835 1921 893 1944; x_wconf 88' lang='lat' dir='ltr'><strong>erat</strong></span> <span class='ocrx_word' id='word_1_318' title='bbox 906 1925 971 1944; x_wconf 91' lang='lat' dir='ltr'><strong>con-</strong></span> 
     </span>
    </p>
   </div>
   <div class='ocr_carea' id='block_1_41' title="bbox 180 1961 972 1998">
    <p class='ocr_par' dir='ltr' id='par_1_41' title="bbox 180 1961 972 1998">
     <span class='ocr_line' id='line_1_41' title="bbox 180 1961 972 1998; baseline 0.001 -9"><span class='ocrx_word' id='word_1_319' title='bbox 180 1967 348 1993; x_wconf 83' lang='lat' dir='ltr'><strong>sentaneum,</strong></span> <span class='ocrx_word' id='word_1_320' title='bbox 365 1966 391 1989; x_wconf 87' lang='lat' dir='ltr'><strong>ut</strong></span> <span class='ocrx_word' id='word_1_321' title='bbox 410 1961 494 1989; x_wconf 86' lang='lat' dir='ltr'><strong>solido</strong></span> <span class='ocrx_word' id='word_1_322' title='bbox 509 1966 681 1996; x_wconf 87' lang='lat' dir='ltr'><strong>pascerentur</strong></span> <span class='ocrx_word' id='word_1_323' title='bbox 698 1962 758 1990; x_wconf 89' lang='lat' dir='ltr'><strong>cibo</strong></span> <span class='ocrx_word' id='word_1_324' title='bbox 778 1963 874 1998; x_wconf 92' lang='lat' dir='ltr'><strong>quibus</strong></span> <span class='ocrx_word' id='word_1_325' title='bbox 886 1962 972 1991; x_wconf 87' lang='lat' dir='ltr'><strong>adhuc</strong></span> 
     </span>
    </p>
   </div>
   <div class='ocr_carea' id='block_1_42' title="bbox 180 2007 973 2042">
    <p class='ocr_par' dir='ltr' id='par_1_42' title="bbox 180 2007 973 2042">
     <span class='ocr_line' id='line_1_42' title="bbox 180 2007 973 2042; baseline 0 -7"><span class='ocrx_word' id='word_1_326' title='bbox 180 2008 257 2035; x_wconf 83' lang='lat' dir='ltr'><strong>laetis</strong></span> <span class='ocrx_word' id='word_1_327' title='bbox 266 2007 389 2034; x_wconf 90' lang='lat' dir='ltr'><strong>alimonia</strong></span> <span class='ocrx_word' id='word_1_328' title='bbox 407 2014 474 2042; x_wconf 88' lang='lat' dir='ltr'><strong>opus</strong></span> <span class='ocrx_word' id='word_1_329' title='bbox 490 2012 556 2034; x_wconf 88' lang='lat' dir='ltr'><strong>erat.</strong></span> <span class='ocrx_word' id='word_1_330' title='bbox 573 2007 638 2034; x_wconf 86' lang='lat' dir='ltr'><strong>Nam</strong></span> <span class='ocrx_word' id='word_1_331' title='bbox 659 2007 882 2042; x_wconf 89' lang='lat' dir='ltr'><strong>quemadmodum</strong></span> <span class='ocrx_word' id='word_1_332' title='bbox 905 2008 973 2035; x_wconf 89' lang='lat' dir='ltr'><strong>ludi-</strong></span> 
     </span>
    </p>
   </div>
   <div class='ocr_carea' id='block_1_43' title="bbox 181 2053 973 2088">
    <p class='ocr_par' dir='ltr' id='par_1_43' title="bbox 181 2053 973 2088">
     <span class='ocr_line' id='line_1_43' title="bbox 181 2053 973 2088; baseline 0.001 -8"><span class='ocrx_word' id='word_1_333' title='bbox 181 2053 298 2088; x_wconf 82' lang='lat' dir='ltr'><strong>magistri</strong></span> <span class='ocrx_word' id='word_1_334' title='bbox 309 2053 408 2088; x_wconf 88' lang='lat' dir='ltr'><strong>pueris,</strong></span> <span class='ocrx_word' id='word_1_335' title='bbox 420 2053 487 2088; x_wconf 86' lang='lat' dir='ltr'><strong>quia</strong></span> <span class='ocrx_word' id='word_1_336' title='bbox 495 2053 647 2087; x_wconf 82' lang='lat' dir='ltr'><strong>parentibus</strong></span> <span class='ocrx_word' id='word_1_337' title='bbox 658 2054 668 2069; x_wconf 84' lang='lat'><strong>&#39;</strong></span> <span class='ocrx_word' id='word_1_338' title='bbox 679 2053 742 2088; x_wconf 85' lang='lat' dir='ltr'><strong>ipsis</strong></span> <span class='ocrx_word' id='word_1_339' title='bbox 752 2054 973 2081; x_wconf 85' lang='lat' dir='ltr'><strong>commendantur</strong></span> 
     </span>
    </p>
   </div>
   <div class='ocr_carea' id='block_1_44' title="bbox 181 2099 994 2135">
    <p class='ocr_par' dir='ltr' id='par_1_44' title="bbox 181 2099 994 2135">
     <span class='ocr_line' id='line_1_44' title="bbox 181 2099 994 2135; baseline 0.002 -9"><span class='ocrx_word' id='word_1_340' title='bbox 181 2099 327 2133; x_wconf 88' lang='lat' dir='ltr'><strong>emdiendi,</strong></span> <span class='ocrx_word' id='word_1_341' title='bbox 342 2099 426 2135; x_wconf 84' lang='lat' dir='ltr'><strong>prima</strong></span> <span class='ocrx_word' id='word_1_342' title='bbox 447 2099 554 2126; x_wconf 89' lang='lat' dir='ltr'><strong>tradunt</strong></span> <span class='ocrx_word' id='word_1_343' title='bbox 568 2100 698 2127; x_wconf 88' lang='lat' dir='ltr'><strong>eletnenta</strong></span> <span class='ocrx_word' id='word_1_344' title='bbox 711 2120 719 2133; x_wconf 96' lang='lat'><strong>,</strong></span> <span class='ocrx_word' id='word_1_345' title='bbox 735 2107 801 2135; x_wconf 91' lang='lat' dir='ltr'><strong>quos</strong></span> <span class='ocrx_word' id='word_1_346' title='bbox 817 2107 915 2135; x_wconf 89' lang='lat' dir='ltr'><strong>pueros</strong></span> <span class='ocrx_word' id='word_1_347' title='bbox 926 2101 972 2135; x_wconf 89' lang='lat' dir='ltr'><strong>qui</strong></span> <span class='ocrx_word' id='word_1_348' title='bbox 991 2133 994 2135; x_wconf 25' lang='lat'><strong>,</strong></span> 
     </span>
    </p>
   </div>
   <div class='ocr_carea' id='block_1_45' title="bbox 179 2145 970 2180">
    <p class='ocr_par' dir='ltr' id='par_1_45' title="bbox 179 2145 970 2180">
     <span class='ocr_line' id='line_1_45' title="bbox 179 2145 970 2180; baseline 0.001 -8"><span class='ocrx_word' id='word_1_349' title='bbox 179 2147 213 2172; x_wconf 86' lang='lat' dir='ltr'><strong>ab</strong></span> <span class='ocrx_word' id='word_1_350' title='bbox 228 2146 280 2173; x_wconf 87' lang='lat' dir='ltr'><strong>illis</strong></span> <span class='ocrx_word' id='word_1_351' title='bbox 293 2149 384 2180; x_wconf 85' lang='lat' dir='ltr'><strong>postea</strong></span> <span class='ocrx_word' id='word_1_352' title='bbox 401 2145 557 2180; x_wconf 89' lang='lat' dir='ltr'><strong>suscipiunt,</strong></span> <span class='ocrx_word' id='word_1_353' title='bbox 572 2145 770 2172; x_wconf 86' lang='lat' dir='ltr'><strong>sublimioribus</strong></span> <span class='ocrx_word' id='word_1_354' title='bbox 784 2151 810 2173; x_wconf 91' lang='lat' dir='ltr'><strong>et</strong></span> <span class='ocrx_word' id='word_1_355' title='bbox 829 2145 970 2180; x_wconf 74' lang='lat' dir='ltr'><strong>perfectio-</strong></span> 
     </span>
    </p>
   </div>
   <div class='ocr_carea' id='block_1_46' title="bbox 180 2190 970 2223">
    <p class='ocr_par' dir='ltr' id='par_1_46' title="bbox 180 2190 970 2223">
     <span class='ocr_line' id='line_1_46' title="bbox 180 2190 970 2223; baseline 0 -5"><span class='ocrx_word' id='word_1_356' title='bbox 180 2191 253 2218; x_wconf 89' lang='lat' dir='ltr'><strong>ribus</strong></span> <span class='ocrx_word' id='word_1_357' title='bbox 267 2190 394 2218; x_wconf 86' lang='lat' dir='ltr'><strong>doctrinis</strong></span> <span class='ocrx_word' id='word_1_358' title='bbox 413 2190 533 2217; x_wconf 89' lang='lat' dir='ltr'><strong>imbuunt</strong></span> <span class='ocrx_word' id='word_1_359' title='bbox 550 2199 556 2216; x_wconf 92' lang='lat'>:</span> <span class='ocrx_word' id='word_1_360' title='bbox 573 2190 607 2216; x_wconf 90' lang='lat' dir='ltr'><strong>ita</strong></span> <span class='ocrx_word' id='word_1_361' title='bbox 620 2195 647 2217; x_wconf 90' lang='lat' dir='ltr'><strong>et</strong></span> <span class='ocrx_word' id='word_1_362' title='bbox 666 2190 757 2217; x_wconf 86' lang='lat' dir='ltr'><strong>beatus</strong></span> <span class='ocrx_word' id='word_1_363' title='bbox 769 2190 864 2223; x_wconf 84' lang='lat' dir='ltr'><strong>Moses,</strong></span> <span class='ocrx_word' id='word_1_364' title='bbox 879 2195 906 2218; x_wconf 85' lang='lat' dir='ltr'><strong>et</strong></span> <span class='ocrx_word' id='word_1_365' title='bbox 922 2191 970 2218; x_wconf 82' lang='lat' dir='ltr'><strong>tlo-</strong></span> 
     </span>
    </p>
   </div>
   <div class='ocr_carea' id='block_1_47' title="bbox 179 2235 971 2271">
    <p class='ocr_par' dir='ltr' id='par_1_47' title="bbox 179 2235 971 2271">
     <span class='ocr_line' id='line_1_47' title="bbox 179 2235 971 2271; baseline 0.001 -8"><span class='ocrx_word' id='word_1_366' title='bbox 179 2241 236 2263; x_wconf 87' lang='lat' dir='ltr'><strong>ctor</strong></span> <span class='ocrx_word' id='word_1_367' title='bbox 249 2236 377 2271; x_wconf 75' lang='lat' dir='ltr'><strong>gentium.</strong></span> <span class='ocrx_word' id='word_1_368' title='bbox 393 2243 425 2263; x_wconf 85' lang='lat' dir='ltr'><strong>ac</strong></span> <span class='ocrx_word' id='word_1_369' title='bbox 437 2235 506 2262; x_wconf 79' lang='lat' dir='ltr'><strong>filius</strong></span> <span class='ocrx_word' id='word_1_370' title='bbox 523 2235 629 2263; x_wconf 86' lang='lat' dir='ltr'><strong>tonitrui</strong></span> <span class='ocrx_word' id='word_1_371' title='bbox 651 2235 778 2263; x_wconf 79' lang='lat' dir='ltr'><strong>fecerunt.</strong></span> <span class='ocrx_word' id='word_1_372' title='bbox 802 2236 866 2263; x_wconf 88' lang='lat' dir='ltr'><strong>Nam</strong></span> <span class='ocrx_word' id='word_1_373' title='bbox 883 2236 971 2264; x_wconf 82' lang='lat' dir='ltr'><strong>llloses</strong></span> 
     </span>
    </p>
   </div>
   <div class='ocr_carea' id='block_1_48' title="bbox 179 2282 967 2318">
    <p class='ocr_par' dir='ltr' id='par_1_48' title="bbox 179 2282 967 2318">
     <span class='ocr_line' id='line_1_48' title="bbox 179 2282 967 2318; baseline 0.001 -9"><span class='ocrx_word' id='word_1_374' title='bbox 179 2283 286 2318; x_wconf 87' lang='lat' dir='ltr'><strong>quidem</strong></span> <span class='ocrx_word' id='word_1_375' title='bbox 302 2290 364 2310; x_wconf 90' lang='lat' dir='ltr'><strong>cum</strong></span> <span class='ocrx_word' id='word_1_376' title='bbox 379 2283 480 2317; x_wconf 88' lang='lat' dir='ltr'><strong>primus</strong></span> <span class='ocrx_word' id='word_1_377' title='bbox 494 2282 612 2310; x_wconf 91' lang='lat' dir='ltr'><strong>omnium</strong></span> <span class='ocrx_word' id='word_1_378' title='bbox 627 2282 816 2310; x_wconf 88' lang='lat' dir='ltr'><strong>instituendam</strong></span> <span class='ocrx_word' id='word_1_379' title='bbox 836 2283 967 2317; x_wconf 49' lang='lat' dir='ltr'><strong>suscepis‘</strong></span> 
     </span>
    </p>
   </div>
   <div class='ocr_carea' id='block_1_49' title="bbox 179 2328 969 2364">
    <p class='ocr_par' dir='ltr' id='par_1_49' title="bbox 179 2328 969 2364">
     <span class='ocr_line' id='line_1_49' title="bbox 179 2328 969 2364; baseline 0.001 -8"><span class='ocrx_word' id='word_1_380' title='bbox 179 2334 218 2356; x_wconf 87' lang='lat' dir='ltr'><strong>set</strong></span> <span class='ocrx_word' id='word_1_381' title='bbox 234 2329 377 2355; x_wconf 83' lang='lat' dir='ltr'><strong>humanam</strong></span> <span class='ocrx_word' id='word_1_382' title='bbox 397 2333 529 2361; x_wconf 87' lang='lat' dir='ltr'><strong>naturam,</strong></span> <span class='ocrx_word' id='word_1_383' title='bbox 551 2328 641 2356; x_wconf 83' lang='lat' dir='ltr'><strong>docuit</strong></span> <span class='ocrx_word' id='word_1_384' title='bbox 661 2328 795 2356; x_wconf 87' lang='lat' dir='ltr'><strong>auditores</strong></span> <span class='ocrx_word' id='word_1_385' title='bbox 813 2329 898 2364; x_wconf 88' lang='lat' dir='ltr'><strong>prima</strong></span> <span class='ocrx_word' id='word_1_386' title='bbox 913 2329 969 2357; x_wconf 82' lang='lat' dir='ltr'><strong>ele-</strong></span> 
     </span>
    </p>
   </div>
   <div class='ocr_carea' id='block_1_50' title="bbox 179 2373 971 2410">
    <p class='ocr_par' dir='ltr' id='par_1_50' title="bbox 179 2373 971 2410">
     <span class='ocr_line' id='line_1_50' title="bbox 179 2373 971 2410; baseline 0.003 -10"><span class='ocrx_word' id='word_1_387' title='bbox 179 2379 266 2401; x_wconf 74' lang='lat' dir='ltr'><strong>menta</strong></span> <span class='ocrx_word' id='word_1_388' title='bbox 282 2383 289 2401; x_wconf 85' lang='lat'><strong>:</strong></span> <span class='ocrx_word' id='word_1_389' title='bbox 305 2374 423 2401; x_wconf 80' lang='lat' dir='ltr'><strong>Joannes</strong></span> <span class='ocrx_word' id='word_1_390' title='bbox 443 2379 531 2400; x_wconf 89' lang='lat' dir='ltr'><strong>autem</strong></span> <span class='ocrx_word' id='word_1_391' title='bbox 547 2378 574 2400; x_wconf 86' lang='lat' dir='ltr'><strong>et</strong></span> <span class='ocrx_word' id='word_1_392' title='bbox 595 2373 692 2401; x_wconf 84' lang='lat' dir='ltr'><strong>Paulus</strong></span> <span class='ocrx_word' id='word_1_393' title='bbox 719 2374 750 2401; x_wconf 92' lang='lat' dir='ltr'><strong>iis</strong></span> <span class='ocrx_word' id='word_1_394' title='bbox 767 2383 834 2410; x_wconf 89' lang='lat' dir='ltr'><strong>quos</strong></span> <span class='ocrx_word' id='word_1_395' title='bbox 856 2383 871 2402; x_wconf 85' lang='lat' dir='ltr'><strong>a</strong></span> <span class='ocrx_word' id='word_1_396' title='bbox 898 2375 971 2402; x_wconf 85' lang='lat' dir='ltr'><strong>Mose</strong></span> 
     </span>
    </p>
   </div>
   <div class='ocr_carea' id='block_1_51' title="bbox 179 2420 969 2457">
    <p class='ocr_par' dir='ltr' id='par_1_51' title="bbox 179 2420 969 2457">
     <span class='ocr_line' id='line_1_51' title="bbox 179 2420 969 2457; baseline 0.003 -10"><span class='ocrx_word' id='word_1_397' title='bbox 179 2425 347 2456; x_wconf 79' lang='lat' dir='ltr'><strong>acceperant,</strong></span> <span class='ocrx_word' id='word_1_398' title='bbox 368 2424 459 2455; x_wconf 83' lang='lat' dir='ltr'><strong>postea</strong></span> <span class='ocrx_word' id='word_1_399' title='bbox 480 2421 635 2455; x_wconf 80' lang='lat' dir='ltr'><strong>perfectiora</strong></span> <span class='ocrx_word' id='word_1_400' title='bbox 658 2420 800 2448; x_wconf 87' lang='lat' dir='ltr'><strong>tradidere.</strong></span> <span class='ocrx_word' id='word_1_401' title='bbox 825 2421 904 2457; x_wconf 82' lang='lat' dir='ltr'><strong>Igitur</strong></span> <span class='ocrx_word' id='word_1_402' title='bbox 915 2423 969 2456; x_wconf 84' lang='lat' dir='ltr'><strong>jam</strong></span> 
     </span>
    </p>
   </div>
   <div class='ocr_carea' id='block_1_52' title="bbox 178 2466 968 2501">
    <p class='ocr_par' dir='ltr' id='par_1_52' title="bbox 178 2466 968 2501">
     <span class='ocr_line' id='line_1_52' title="bbox 178 2466 968 2501; baseline 0.001 -7"><span class='ocrx_word' id='word_1_403' title='bbox 178 2467 329 2498; x_wconf 79' lang='lat' dir='ltr'><strong>didicimus,</strong></span> <span class='ocrx_word' id='word_1_404' title='bbox 350 2473 433 2500; x_wconf 90' lang='lat' dir='ltr'><strong>quare</strong></span> <span class='ocrx_word' id='word_1_405' title='bbox 454 2466 489 2492; x_wconf 91' lang='lat' dir='ltr'><strong>ita</strong></span> <span class='ocrx_word' id='word_1_406' title='bbox 512 2473 541 2493; x_wconf 89' lang='lat' dir='ltr'><strong>se</strong></span> <span class='ocrx_word' id='word_1_407' title='bbox 562 2467 778 2501; x_wconf 80' lang='lat' dir='ltr'><strong>attemperaverit</strong></span> <span class='ocrx_word' id='word_1_408' title='bbox 799 2467 831 2494; x_wconf 89' lang='lat' dir='ltr'><strong>ad</strong></span> <span class='ocrx_word' id='word_1_409' title='bbox 852 2473 968 2495; x_wconf 87' lang='lat' dir='ltr'><strong>nostram</strong></span> 
     </span>
    </p>
   </div>
   <div class='ocr_carea' id='block_1_53' title="bbox 180 2511 971 2548">
    <p class='ocr_par' dir='ltr' id='par_1_53' title="bbox 180 2511 971 2548">
     <span class='ocr_line' id='line_1_53' title="bbox 180 2511 971 2548; baseline 0 -8"><span class='ocrx_word' id='word_1_410' title='bbox 180 2513 346 2544; x_wconf 84' lang='lat' dir='ltr'><strong>tenuitatem,</strong></span> <span class='ocrx_word' id='word_1_411' title='bbox 360 2516 388 2539; x_wconf 89' lang='lat' dir='ltr'><strong>et</strong></span> <span class='ocrx_word' id='word_1_412' title='bbox 400 2519 461 2539; x_wconf 88' lang='lat' dir='ltr'><strong>eum</strong></span> <span class='ocrx_word' id='word_1_413' title='bbox 478 2511 578 2546; x_wconf 82' lang='lat' dir='ltr'><strong>Spiritu</strong></span> <span class='ocrx_word' id='word_1_414' title='bbox 600 2517 694 2540; x_wconf 88' lang='lat' dir='ltr'><strong>sancto</strong></span> <span class='ocrx_word' id='word_1_415' title='bbox 714 2513 874 2548; x_wconf 85' lang='lat' dir='ltr'><strong>loquentem,</strong></span> <span class='ocrx_word' id='word_1_416' title='bbox 892 2518 971 2548; x_wconf 86' lang='lat' dir='ltr'><strong>prout</strong></span> 
     </span>
    </p>
   </div>
   <div class='ocr_carea' id='block_1_54' title="bbox 178 2557 970 2595">
    <p class='ocr_par' dir='ltr' id='par_1_54' title="bbox 178 2557 970 2595">
     <span class='ocr_line' id='line_1_54' title="bbox 178 2557 970 2595; baseline 0.004 -10"><span class='ocrx_word' id='word_1_417' title='bbox 178 2558 344 2585; x_wconf 83' lang='lat' dir='ltr'><strong>auditoribus</strong></span> <span class='ocrx_word' id='word_1_418' title='bbox 357 2557 529 2592; x_wconf 80' lang='lat' dir='ltr'><strong>cungruchat,</strong></span> <span class='ocrx_word' id='word_1_419' title='bbox 543 2557 630 2584; x_wconf 89' lang='lat' dir='ltr'><strong>omnia</strong></span> <span class='ocrx_word' id='word_1_420' title='bbox 644 2559 801 2593; x_wconf 76' lang='lat' dir='ltr'><strong>exposmsse</strong></span> <span class='ocrx_word' id='word_1_421' title='bbox 817 2568 823 2585; x_wconf 90' lang='lat'><strong>:</strong></span> <span class='ocrx_word' id='word_1_422' title='bbox 839 2559 970 2595; x_wconf 87' lang='lat' dir='ltr'><strong>simulque</strong></span> 
     </span>
    </p>
   </div>
   <div class='ocr_carea' id='block_1_55' title="bbox 179 2601 970 2640">
    <p class='ocr_par' dir='ltr' id='par_1_55' title="bbox 179 2601 970 2640">
     <span class='ocr_line' id='line_1_55' title="bbox 179 2601 970 2640; baseline 0.004 -9"><span class='ocrx_word' id='word_1_423' title='bbox 179 2605 221 2631; x_wconf 91' lang='lat' dir='ltr'><strong>ille</strong></span> <span class='ocrx_word' id='word_1_424' title='bbox 243 2610 337 2630; x_wconf 88' lang='lat' dir='ltr'><strong>omnes</strong></span> <span class='ocrx_word' id='word_1_425' title='bbox 362 2601 488 2635; x_wconf 80' lang='lat' dir='ltr'><strong>haereses,</strong></span> <span class='ocrx_word' id='word_1_426' title='bbox 511 2611 570 2638; x_wconf 78' lang='lat' dir='ltr'><strong>quae</strong></span> <span class='ocrx_word' id='word_1_427' title='bbox 591 2604 659 2631; x_wconf 87' lang='lat' dir='ltr'><strong>sicut</strong></span> <span class='ocrx_word' id='word_1_428' title='bbox 680 2605 779 2632; x_wconf 84' lang='lat' dir='ltr'><strong>zizania</strong></span> <span class='ocrx_word' id='word_1_429' title='bbox 804 2606 970 2640; x_wconf 76' lang='lat' dir='ltr'><strong>pullulatura:</strong></span> 
     </span>
    </p>
   </div>
   <div class='ocr_carea' id='block_1_56' title="bbox 179 2653 970 2690">
    <p class='ocr_par' dir='ltr' id='par_1_56' title="bbox 179 2653 970 2690">
     <span class='ocr_line' id='line_1_56' title="bbox 179 2653 970 2690; baseline 0.005 -12"><span class='ocrx_word' id='word_1_430' title='bbox 179 2657 253 2679; x_wconf 85' lang='lat' dir='ltr'><strong>erant</strong></span> <span class='ocrx_word' id='word_1_431' title='bbox 273 2653 299 2680; x_wconf 93' lang='lat' dir='ltr'><strong>in</strong></span> <span class='ocrx_word' id='word_1_432' title='bbox 323 2653 453 2686; x_wconf 85' lang='lat' dir='ltr'><strong>Ecclesia,</strong></span> <span class='ocrx_word' id='word_1_433' title='bbox 468 2654 584 2682; x_wconf 87' lang='lat' dir='ltr'><strong>eradicat</strong></span> <span class='ocrx_word' id='word_1_434' title='bbox 605 2663 652 2690; x_wconf 90' lang='lat' dir='ltr'><strong>per</strong></span> <span class='ocrx_word' id='word_1_435' title='bbox 675 2654 726 2682; x_wconf 84' lang='lat' dir='ltr'><strong>hoc</strong></span> <span class='ocrx_word' id='word_1_436' title='bbox 748 2656 818 2690; x_wconf 92' lang='lat' dir='ltr'><strong>quod</strong></span> <span class='ocrx_word' id='word_1_437' title='bbox 838 2656 921 2684; x_wconf 86' lang='lat' dir='ltr'><strong>dicit:</strong></span> <span class='ocrx_word' id='word_1_438' title='bbox 937 2655 970 2683; x_wconf 88' lang='lat' dir='ltr'><strong>In</strong></span> 
     </span>
    </p>
   </div>
   <div class='ocr_carea' id='block_1_57' title="bbox 178 2699 970 2736">
    <p class='ocr_par' dir='ltr' id='par_1_57' title="bbox 178 2699 970 2736">
     <span class='ocr_line' id='line_1_57' title="bbox 178 2699 970 2736; baseline 0.014 -12"><span class='ocrx_word' id='word_1_439' title='bbox 178 2699 302 2733; x_wconf 85' lang='lat' dir='ltr'><strong>principio</strong></span> <span class='ocrx_word' id='word_1_440' title='bbox 315 2701 374 2736; x_wconf 75' lang='lat' dir='ltr'><strong>fecit</strong></span> <span class='ocrx_word' id='word_1_441' title='bbox 396 2700 462 2729; x_wconf 80' lang='lat' dir='ltr'><strong>Deus</strong></span> <span class='ocrx_word' id='word_1_442' title='bbox 481 2702 568 2728; x_wconf 77' lang='grc' dir='ltr'><em>ειειιιηι</em></span> <span class='ocrx_word' id='word_1_443' title='bbox 583 2708 605 2729; x_wconf 82' lang='lat' dir='ltr'><strong>et</strong></span> <span class='ocrx_word' id='word_1_444' title='bbox 624 2708 724 2730; x_wconf 77' lang='lat' dir='ltr'><strong>terram.</strong></span> <span class='ocrx_word' id='word_1_445' title='bbox 746 2704 821 2732; x_wconf 87' lang='lat' dir='ltr'><strong>Unde</strong></span> <span class='ocrx_word' id='word_1_446' title='bbox 843 2706 865 2732; x_wconf 86' lang='lat' dir='ltr'><strong>si</strong></span> <span class='ocrx_word' id='word_1_447' title='bbox 888 2707 970 2735; x_wconf 82' lang='lat' dir='ltr'><strong>Mani-</strong></span> 
     </span>
    </p>
   </div>
   <div class='ocr_carea' id='block_1_58' title="bbox 179 2745 968 2788">
    <p class='ocr_par' dir='ltr' id='par_1_58' title="bbox 179 2745 968 2788">
     <span class='ocr_line' id='line_1_58' title="bbox 179 2745 968 2788; baseline 0.011 -17"><span class='ocrx_word' id='word_1_448' title='bbox 179 2745 268 2773; x_wconf 72' lang='lat' dir='ltr'><strong>cha-us</strong></span> <span class='ocrx_word' id='word_1_449' title='bbox 281 2746 315 2774; x_wconf 87' lang='lat' dir='ltr'><strong>ad</strong></span> <span class='ocrx_word' id='word_1_450' title='bbox 330 2752 355 2774; x_wconf 90' lang='lat' dir='ltr'><strong>te</strong></span> <span class='ocrx_word' id='word_1_451' title='bbox 368 2749 761 2779; x_wconf 87' lang='lat' dir='ltr'><strong>accesseritdicensmateriam</strong></span> <span class='ocrx_word' id='word_1_452' title='bbox 770 2752 968 2788; x_wconf 65' lang='lat' dir='ltr'><strong>prmexsistere;</strong></span> 
     </span>
    </p>
   </div>
   <div class='ocr_carea' id='block_1_59' title="bbox 212 2865 599 2897">
    <p class='ocr_par' dir='ltr' id='par_1_59' title="bbox 212 2865 599 2897">
     <span class='ocr_line' id='line_1_59' title="bbox 212 2865 599 2897; baseline 0.008 -7"><span class='ocrx_word' id='word_1_453' title='bbox 212 2866 219 2882; x_wconf 75' lang='grc' dir='ltr'><strong>ι</strong></span> <span class='ocrx_word' id='word_1_454' title='bbox 239 2865 266 2890; x_wconf 83' lang='lat' dir='ltr'><strong>ln</strong></span> <span class='ocrx_word' id='word_1_455' title='bbox 279 2865 339 2891; x_wconf 74' lang='lat' dir='ltr'><strong>mu.</strong></span> <span class='ocrx_word' id='word_1_456' title='bbox 353 2866 445 2897; x_wconf 62' lang='grc' dir='ltr'><strong>πονοι,</strong></span> <span class='ocrx_word' id='word_1_457' title='bbox 456 2869 599 2894; x_wconf 82' lang='lat' dir='ltr'><strong>cucurrerit.</strong></span> 
     </span>
    </p>
   </div>
   <div class='ocr_carea' id='block_1_60' title="bbox 211 2897 938 2935">
    <p class='ocr_par' dir='ltr' id='par_1_60' title="bbox 211 2897 938 2935">
     <span class='ocr_line' id='line_1_60' title="bbox 211 2897 938 2935; baseline 0.018 -15"><span class='ocrx_word' id='word_1_458' title='bbox 211 2897 222 2911; x_wconf 88' lang='grc'>¹</span> <span class='ocrx_word' id='word_1_459' title='bbox 238 2897 309 2921; x_wconf 74' lang='lat' dir='ltr'><strong>Savil.</strong></span> <span class='ocrx_word' id='word_1_460' title='bbox 323 2900 349 2921; x_wconf 89' lang='lat' dir='ltr'><strong>et</strong></span> <span class='ocrx_word' id='word_1_461' title='bbox 361 2897 429 2923; x_wconf 84' lang='lat' dir='ltr'><strong>multi</strong></span> <span class='ocrx_word' id='word_1_462' title='bbox 444 2902 508 2930; x_wconf 54' lang='lat' dir='ltr'><strong>uss,</strong></span> <span class='ocrx_word' id='word_1_463' title='bbox 521 2906 537 2924; x_wconf 76' lang='grc' dir='ltr'><em>α</em></span> <span class='ocrx_word' id='word_1_464' title='bbox 548 2901 653 2931; x_wconf 72' lang='lat' dir='ltr'><strong>patribus</strong></span> <span class='ocrx_word' id='word_1_465' title='bbox 663 2909 671 2932; x_wconf 82' lang='lat'><strong>,&#39;</strong></span> <span class='ocrx_word' id='word_1_466' title='bbox 684 2903 774 2935; x_wconf 65' lang='lat' dir='ltr'><strong>atorel.,</strong></span> <span class='ocrx_word' id='word_1_467' title='bbox 787 2911 802 2929; x_wconf 91' lang='lat' dir='ltr'><strong>a</strong></span> <span class='ocrx_word' id='word_1_468' title='bbox 813 2906 938 2933; x_wconf 73' lang='lat' dir='ltr'><strong>matribus.</strong></span> 
     </span>
    </p>
   </div>
   <div class='ocr_carea' id='block_1_61' title="bbox 1039 221 1828 262">
    <p class='ocr_par' dir='ltr' id='par_1_61' title="bbox 1039 221 1828 262">
     <span class='ocr_line' id='line_1_61' title="bbox 1039 221 1828 262; baseline 0.014 -15"><span class='ocrx_word' id='word_1_469' title='bbox 1039 221 1060 248; x_wconf 88' lang='lat' dir='ltr'><strong>si</strong></span> <span class='ocrx_word' id='word_1_470' title='bbox 1075 221 1200 253; x_wconf 81' lang='lat' dir='ltr'><strong>Marcion,</strong></span> <span class='ocrx_word' id='word_1_471' title='bbox 1214 223 1235 249; x_wconf 72' lang='lat' dir='ltr'><strong>si</strong></span> <span class='ocrx_word' id='word_1_472' title='bbox 1253 222 1406 251; x_wconf 74' lang='lat' dir='ltr'><strong>Valentinus</strong></span> <span class='ocrx_word' id='word_1_473' title='bbox 1421 224 1472 259; x_wconf 85' lang='grc' dir='ltr'><em>(ιι),</em></span> <span class='ocrx_word' id='word_1_474' title='bbox 1484 225 1505 253; x_wconf 91' lang='lat' dir='ltr'><strong>si</strong></span> <span class='ocrx_word' id='word_1_475' title='bbox 1518 227 1640 262; x_wconf 75' lang='lat' dir='ltr'><strong>gentiles,</strong></span> <span class='ocrx_word' id='word_1_476' title='bbox 1655 228 1696 256; x_wconf 84' lang='lat' dir='ltr'><strong>die</strong></span> <span class='ocrx_word' id='word_1_477' title='bbox 1711 230 1762 257; x_wconf 78' lang='lat' dir='ltr'><strong>illis</strong></span> <span class='ocrx_word' id='word_1_478' title='bbox 1775 241 1780 258; x_wconf 91' lang='lat'>:</span> <span class='ocrx_word' id='word_1_479' title='bbox 1797 231 1828 259; x_wconf 82' lang='lat' dir='ltr'><strong>In</strong></span> 
     </span>
    </p>
   </div>
   <div class='ocr_carea' id='block_1_62' title="bbox 1038 267 1827 309">
    <p class='ocr_par' dir='ltr' id='par_1_62' title="bbox 1038 267 1827 309">
     <span class='ocr_line' id='line_1_62' title="bbox 1038 267 1827 309; baseline 0.014 -17"><span class='ocrx_word' id='word_1_480' title='bbox 1038 267 1160 302; x_wconf 76' lang='lat' dir='ltr'><strong>principio</strong></span> <span class='ocrx_word' id='word_1_481' title='bbox 1175 267 1233 302; x_wconf 76' lang='lat' dir='ltr'><strong>fecit</strong></span> <span class='ocrx_word' id='word_1_482' title='bbox 1243 267 1313 295; x_wconf 81' lang='lat' dir='ltr'><strong>Deus</strong></span> <span class='ocrx_word' id='word_1_483' title='bbox 1327 270 1415 296; x_wconf 53' lang='lat' dir='ltr'><strong>ratium</strong></span> <span class='ocrx_word' id='word_1_484' title='bbox 1427 275 1450 297; x_wconf 84' lang='lat' dir='ltr'><strong>et</strong></span> <span class='ocrx_word' id='word_1_485' title='bbox 1465 275 1566 298; x_wconf 74' lang='lat' dir='ltr'><strong>terram.</strong></span> <span class='ocrx_word' id='word_1_486' title='bbox 1585 273 1637 302; x_wconf 83' lang='lat' dir='ltr'><strong>Sed</strong></span> <span class='ocrx_word' id='word_1_487' title='bbox 1651 276 1723 309; x_wconf 88' lang='lat' dir='ltr'><strong>quid,</strong></span> <span class='ocrx_word' id='word_1_488' title='bbox 1739 277 1761 303; x_wconf 85' lang='lat' dir='ltr'><strong>si</strong></span> <span class='ocrx_word' id='word_1_489' title='bbox 1775 285 1827 304; x_wconf 87' lang='lat' dir='ltr'><strong>non</strong></span> 
     </span>
    </p>
   </div>
   <div class='ocr_carea' id='block_1_63' title="bbox 1037 313 1825 355">
    <p class='ocr_par' dir='ltr' id='par_1_63' title="bbox 1037 313 1825 355">
     <span class='ocr_line' id='line_1_63' title="bbox 1037 313 1825 355; baseline 0.013 -17"><span class='ocrx_word' id='word_1_490' title='bbox 1037 313 1120 339; x_wconf 89' lang='lat' dir='ltr'><strong>credit</strong></span> <span class='ocrx_word' id='word_1_491' title='bbox 1141 313 1185 341; x_wconf 81' lang='lat' dir='ltr'><strong>ille.</strong></span> <span class='ocrx_word' id='word_1_492' title='bbox 1207 314 1368 350; x_wconf 77' lang='lat' dir='ltr'><strong>Scripturze?</strong></span> <span class='ocrx_word' id='word_1_493' title='bbox 1389 316 1428 343; x_wconf 90' lang='lat' dir='ltr'><strong>Tu</strong></span> <span class='ocrx_word' id='word_1_494' title='bbox 1449 317 1559 352; x_wconf 86' lang='lat' dir='ltr'><strong>posthac</strong></span> <span class='ocrx_word' id='word_1_495' title='bbox 1575 326 1661 353; x_wconf 77' lang='lat' dir='ltr'><strong>ipsum</strong></span> <span class='ocrx_word' id='word_1_496' title='bbox 1684 323 1825 355; x_wconf 75' lang='lat' dir='ltr'><strong>averseris,</strong></span> 
     </span>
    </p>
   </div>
   <div class='ocr_carea' id='block_1_64' title="bbox 1036 358 1826 400">
    <p class='ocr_par' dir='ltr' id='par_1_64' title="bbox 1036 358 1826 400">
     <span class='ocr_line' id='line_1_64' title="bbox 1036 358 1826 400; baseline 0.014 -16"><span class='ocrx_word' id='word_1_497' title='bbox 1036 358 1107 385; x_wconf 88' lang='lat' dir='ltr'><strong>velut</strong></span> <span class='ocrx_word' id='word_1_498' title='bbox 1121 358 1287 387; x_wconf 80' lang='lat' dir='ltr'><strong>furibundum</strong></span> <span class='ocrx_word' id='word_1_499' title='bbox 1301 365 1328 388; x_wconf 89' lang='lat' dir='ltr'><strong>et.</strong></span> <span class='ocrx_word' id='word_1_500' title='bbox 1340 366 1428 389; x_wconf 90' lang='lat' dir='ltr'><strong>mente</strong></span> <span class='ocrx_word' id='word_1_501' title='bbox 1441 367 1557 397; x_wconf 86' lang='lat' dir='ltr'><strong>captum.</strong></span> <span class='ocrx_word' id='word_1_502' title='bbox 1573 364 1637 391; x_wconf 89' lang='lat' dir='ltr'><strong>Nam</strong></span> <span class='ocrx_word' id='word_1_503' title='bbox 1650 366 1694 400; x_wconf 94' lang='lat' dir='ltr'><strong>qui</strong></span> <span class='ocrx_word' id='word_1_504' title='bbox 1710 368 1826 396; x_wconf 86' lang='lat' dir='ltr'><strong>omnium</strong></span> 
     </span>
    </p>
   </div>
   <div class='ocr_carea' id='block_1_65' title="bbox 1036 403 1826 448">
    <p class='ocr_par' dir='ltr' id='par_1_65' title="bbox 1036 403 1826 448">
     <span class='ocr_line' id='line_1_65' title="bbox 1036 403 1826 448; baseline 0.011 -17"><span class='ocrx_word' id='word_1_505' title='bbox 1036 403 1130 438; x_wconf 81' lang='lat' dir='ltr'><strong>Opilici</strong></span> <span class='ocrx_word' id='word_1_506' title='bbox 1146 413 1198 433; x_wconf 92' lang='lat' dir='ltr'><strong>non</strong></span> <span class='ocrx_word' id='word_1_507' title='bbox 1212 406 1307 440; x_wconf 89' lang='lat' dir='ltr'><strong>credit,</strong></span> <span class='ocrx_word' id='word_1_508' title='bbox 1323 412 1350 435; x_wconf 92' lang='lat' dir='ltr'><strong>et</strong></span> <span class='ocrx_word' id='word_1_509' title='bbox 1363 409 1501 436; x_wconf 88' lang='lat' dir='ltr'><strong>veritatem</strong></span> <span class='ocrx_word' id='word_1_510' title='bbox 1517 409 1646 438; x_wconf 87' lang='lat' dir='ltr'><strong>mendacii</strong></span> <span class='ocrx_word' id='word_1_511' title='bbox 1665 412 1762 446; x_wconf 77' lang='lat' dir='ltr'><strong>arguit,</strong></span> <span class='ocrx_word' id='word_1_512' title='bbox 1776 422 1826 448; x_wconf 86' lang='lat' dir='ltr'><strong>qua</strong></span> 
     </span>
    </p>
   </div>
   <div class='ocr_carea' id='block_1_66' title="bbox 1036 450 1827 486">
    <p class='ocr_par' dir='ltr' id='par_1_66' title="bbox 1036 450 1827 486">
     <span class='ocr_line' id='line_1_66' title="bbox 1036 450 1827 486; baseline 0.014 -11"><span class='ocrx_word' id='word_1_513' title='bbox 1036 457 1160 485; x_wconf 82' lang='lat' dir='ltr'><strong>umquam</strong></span> <span class='ocrx_word' id='word_1_514' title='bbox 1175 450 1324 486; x_wconf 87' lang='lat' dir='ltr'><strong>dignandus</strong></span> <span class='ocrx_word' id='word_1_515' title='bbox 1339 457 1380 480; x_wconf 90' lang='lat' dir='ltr'><strong>est</strong></span> <span class='ocrx_word' id='word_1_516' title='bbox 1390 455 1483 482; x_wconf 82' lang='lat' dir='ltr'><strong>venia?</strong></span> <span class='ocrx_word' id='word_1_517' title='bbox 1499 455 1582 483; x_wconf 86' lang='lat' dir='ltr'><strong>[labet</strong></span> <span class='ocrx_word' id='word_1_518' title='bbox 1597 456 1642 484; x_wconf 90' lang='lat' dir='ltr'><strong>ille</strong></span> <span class='ocrx_word' id='word_1_519' title='bbox 1655 457 1770 486; x_wconf 75' lang='lat' dir='ltr'><strong>iocatum</strong></span> <span class='ocrx_word' id='word_1_520' title='bbox 1781 467 1827 486; x_wconf 85' lang='lat' dir='ltr'><strong>co-</strong></span> 
     </span>
    </p>
   </div>
   <div class='ocr_carea' id='block_1_67' title="bbox 1037 494 1827 539">
    <p class='ocr_par' dir='ltr' id='par_1_67' title="bbox 1037 494 1827 539">
     <span class='ocr_line' id='line_1_67' title="bbox 1037 494 1827 539; baseline 0.014 -18"><span class='ocrx_word' id='word_1_521' title='bbox 1037 494 1118 522; x_wconf 88' lang='lat' dir='ltr'><strong>loretn</strong></span> <span class='ocrx_word' id='word_1_522' title='bbox 1141 496 1160 527; x_wconf 84' lang='grc'><strong>¹,</strong></span> <span class='ocrx_word' id='word_1_523' title='bbox 1177 501 1204 524; x_wconf 91' lang='lat' dir='ltr'><strong>et</strong></span> <span class='ocrx_word' id='word_1_524' title='bbox 1222 503 1419 526; x_wconf 88' lang='lat' dir='ltr'><strong>mansuetorum</strong></span> <span class='ocrx_word' id='word_1_525' title='bbox 1441 507 1568 534; x_wconf 88' lang='lat' dir='ltr'><strong>personas</strong></span> <span class='ocrx_word' id='word_1_526' title='bbox 1591 502 1684 535; x_wconf 89' lang='lat' dir='ltr'><strong>induit,</strong></span> <span class='ocrx_word' id='word_1_527' title='bbox 1711 504 1827 539; x_wconf 79' lang='lat' dir='ltr'><strong>legitque</strong></span> 
     </span>
    </p>
   </div>
   <div class='ocr_carea' id='block_1_68' title="bbox 1036 540 1827 583">
    <p class='ocr_par' dir='ltr' id='par_1_68' title="bbox 1036 540 1827 583">
     <span class='ocr_line' id='line_1_68' title="bbox 1036 540 1827 583; baseline 0.015 -16"><span class='ocrx_word' id='word_1_528' title='bbox 1036 540 1085 568; x_wconf 80' lang='lat' dir='ltr'><strong>Sub</strong></span> <span class='ocrx_word' id='word_1_529' title='bbox 1098 541 1177 568; x_wconf 81' lang='lat' dir='ltr'><strong>evilla</strong></span> <span class='ocrx_word' id='word_1_530' title='bbox 1193 543 1262 577; x_wconf 89' lang='lat' dir='ltr'><strong>pelle</strong></span> <span class='ocrx_word' id='word_1_531' title='bbox 1273 543 1372 579; x_wconf 90' lang='lat' dir='ltr'><strong>lupum.</strong></span> <span class='ocrx_word' id='word_1_532' title='bbox 1389 545 1441 573; x_wconf 87' lang='lat' dir='ltr'><strong>Sed</strong></span> <span class='ocrx_word' id='word_1_533' title='bbox 1456 550 1483 574; x_wconf 83' lang='lat' dir='ltr'><strong>tu</strong></span> <span class='ocrx_word' id='word_1_534' title='bbox 1499 555 1532 575; x_wconf 85' lang='lat' dir='ltr'><strong>ne</strong></span> <span class='ocrx_word' id='word_1_535' title='bbox 1543 547 1694 583; x_wconf 82' lang='lat' dir='ltr'><strong>decipiaris,</strong></span> <span class='ocrx_word' id='word_1_536' title='bbox 1709 550 1762 578; x_wconf 90' lang='lat' dir='ltr'><strong>itno</strong></span> <span class='ocrx_word' id='word_1_537' title='bbox 1777 550 1827 578; x_wconf 88' lang='lat' dir='ltr'><strong>hac.</strong></span> 
     </span>
    </p>
   </div>
   <div class='ocr_carea' id='block_1_69' title="bbox 1036 587 1827 630">
    <p class='ocr_par' dir='ltr' id='par_1_69' title="bbox 1036 587 1827 630">
     <span class='ocr_line' id='line_1_69' title="bbox 1036 587 1827 630; baseline 0.014 -17"><span class='ocrx_word' id='word_1_538' title='bbox 1036 587 1090 622; x_wconf 74' lang='lat' dir='ltr'><strong>ipsa</strong></span> <span class='ocrx_word' id='word_1_539' title='bbox 1104 588 1138 615; x_wconf 90' lang='lat' dir='ltr'><strong>de</strong></span> <span class='ocrx_word' id='word_1_540' title='bbox 1150 596 1230 616; x_wconf 70' lang='lat' dir='ltr'><strong>musa</strong></span> <span class='ocrx_word' id='word_1_541' title='bbox 1249 589 1322 617; x_wconf 90' lang='lat' dir='ltr'><strong>illutn</strong></span> <span class='ocrx_word' id='word_1_542' title='bbox 1342 593 1424 626; x_wconf 86' lang='lat' dir='ltr'><strong>magis</strong></span> <span class='ocrx_word' id='word_1_543' title='bbox 1438 599 1549 620; x_wconf 85' lang='lat' dir='ltr'><strong>exosum</strong></span> <span class='ocrx_word' id='word_1_544' title='bbox 1564 594 1642 627; x_wconf 89' lang='lat' dir='ltr'><strong>habe,</strong></span> <span class='ocrx_word' id='word_1_545' title='bbox 1661 596 1731 630; x_wconf 90' lang='lat' dir='ltr'><strong>quod</strong></span> <span class='ocrx_word' id='word_1_546' title='bbox 1751 604 1827 624; x_wconf 91' lang='lat' dir='ltr'><strong>man-</strong></span> 
     </span>
    </p>
   </div>
   <div class='ocr_carea' id='block_1_70' title="bbox 1034 634 1825 676">
    <p class='ocr_par' dir='ltr' id='par_1_70' title="bbox 1034 634 1825 676">
     <span class='ocr_line' id='line_1_70' title="bbox 1034 634 1825 676; baseline 0.014 -16"><span class='ocrx_word' id='word_1_547' title='bbox 1034 634 1202 662; x_wconf 89' lang='lat' dir='ltr'><strong>suetudinem</strong></span> <span class='ocrx_word' id='word_1_548' title='bbox 1216 636 1321 671; x_wconf 89' lang='lat' dir='ltr'><strong>quidem</strong></span> <span class='ocrx_word' id='word_1_549' title='bbox 1335 644 1397 672; x_wconf 79' lang='lat' dir='ltr'><strong>erga</strong></span> <span class='ocrx_word' id='word_1_550' title='bbox 1414 643 1439 666; x_wconf 87' lang='lat' dir='ltr'><strong>te</strong></span> <span class='ocrx_word' id='word_1_551' title='bbox 1453 646 1612 667; x_wconf 89' lang='lat' dir='ltr'><strong>conservum</strong></span> <span class='ocrx_word' id='word_1_552' title='bbox 1627 641 1741 676; x_wconf 90' lang='lat' dir='ltr'><strong>simulet,</strong></span> <span class='ocrx_word' id='word_1_553' title='bbox 1758 651 1825 671; x_wconf 87' lang='lat' dir='ltr'><strong>con-</strong></span> 
     </span>
    </p>
   </div>
   <div class='ocr_carea' id='block_1_71' title="bbox 1035 679 1825 723">
    <p class='ocr_par' dir='ltr' id='par_1_71' title="bbox 1035 679 1825 723">
     <span class='ocr_line' id='line_1_71' title="bbox 1035 679 1825 723; baseline 0.014 -18"><span class='ocrx_word' id='word_1_554' title='bbox 1035 682 1075 706; x_wconf 88' lang='lat' dir='ltr'><strong>tra</strong></span> <span class='ocrx_word' id='word_1_555' title='bbox 1091 679 1229 708; x_wconf 87' lang='lat' dir='ltr'><strong>Dominum</strong></span> <span class='ocrx_word' id='word_1_556' title='bbox 1251 686 1339 709; x_wconf 89' lang='lat' dir='ltr'><strong>autem</strong></span> <span class='ocrx_word' id='word_1_557' title='bbox 1363 683 1546 712; x_wconf 89' lang='lat' dir='ltr'><strong>universorum</strong></span> <span class='ocrx_word' id='word_1_558' title='bbox 1568 686 1649 713; x_wconf 87' lang='lat' dir='ltr'><strong>Deum</strong></span> <span class='ocrx_word' id='word_1_559' title='bbox 1665 687 1762 715; x_wconf 90' lang='lat' dir='ltr'><strong>bellum</strong></span> <span class='ocrx_word' id='word_1_560' title='bbox 1777 697 1825 723; x_wconf 74' lang='lat' dir='ltr'><strong>ge-</strong></span> 
     </span>
    </p>
   </div>
   <div class='ocr_carea' id='block_1_72' title="bbox 1034 727 1824 765">
    <p class='ocr_par' dir='ltr' id='par_1_72' title="bbox 1034 727 1824 765">
     <span class='ocr_line' id='line_1_72' title="bbox 1034 727 1824 765; baseline 0.014 -15"><span class='ocrx_word' id='word_1_561' title='bbox 1034 729 1084 757; x_wconf 86' lang='lat' dir='ltr'><strong>rat,</strong></span> <span class='ocrx_word' id='word_1_562' title='bbox 1099 729 1126 752; x_wconf 89' lang='lat' dir='ltr'><strong>et</strong></span> <span class='ocrx_word' id='word_1_563' title='bbox 1138 733 1223 760; x_wconf 86' lang='lat' dir='ltr'><strong>neque</strong></span> <span class='ocrx_word' id='word_1_564' title='bbox 1234 727 1351 762; x_wconf 82' lang='lat' dir='ltr'><strong>seipsum</strong></span> <span class='ocrx_word' id='word_1_565' title='bbox 1365 729 1477 756; x_wconf 85' lang='lat' dir='ltr'><strong>salutem</strong></span> <span class='ocrx_word' id='word_1_566' title='bbox 1490 738 1564 757; x_wconf 79' lang='lat' dir='ltr'><strong>suam</strong></span> <span class='ocrx_word' id='word_1_567' title='bbox 1582 732 1694 765; x_wconf 84' lang='lat' dir='ltr'><strong>prodere</strong></span> <span class='ocrx_word' id='word_1_568' title='bbox 1705 733 1824 761; x_wconf 90' lang='lat' dir='ltr'><strong>animad-</strong></span> 
     </span>
    </p>
   </div>
   <div class='ocr_carea' id='block_1_73' title="bbox 1033 770 1824 812">
    <p class='ocr_par' dir='ltr' id='par_1_73' title="bbox 1033 770 1824 812">
     <span class='ocr_line' id='line_1_73' title="bbox 1033 770 1824 812; baseline 0.013 -16"><span class='ocrx_word' id='word_1_569' title='bbox 1033 774 1127 797; x_wconf 79' lang='lat' dir='ltr'><strong>vertat.</strong></span> <span class='ocrx_word' id='word_1_570' title='bbox 1143 770 1275 799; x_wconf 68' lang='lat' dir='ltr'><strong>Cmterum</strong></span> <span class='ocrx_word' id='word_1_571' title='bbox 1297 780 1346 800; x_wconf 90' lang='lat' dir='ltr'><strong>nos</strong></span> <span class='ocrx_word' id='word_1_572' title='bbox 1359 774 1462 801; x_wconf 88' lang='lat' dir='ltr'><strong>tirmam</strong></span> <span class='ocrx_word' id='word_1_573' title='bbox 1476 779 1612 803; x_wconf 86' lang='lat' dir='ltr'><strong>teneamus</strong></span> <span class='ocrx_word' id='word_1_574' title='bbox 1625 783 1736 812; x_wconf 89' lang='lat' dir='ltr'><strong>petram,</strong></span> <span class='ocrx_word' id='word_1_575' title='bbox 1749 784 1774 806; x_wconf 88' lang='lat' dir='ltr'><strong>et</strong></span> <span class='ocrx_word' id='word_1_576' title='bbox 1790 779 1824 806; x_wconf 88' lang='lat' dir='ltr'><strong>ad</strong></span> 
     </span>
    </p>
   </div>
   <div class='ocr_carea' id='block_1_74' title="bbox 1034 815 1824 860">
    <p class='ocr_par' dir='ltr' id='par_1_74' title="bbox 1034 815 1824 860">
     <span class='ocr_line' id='line_1_74' title="bbox 1034 815 1824 860; baseline 0.014 -19"><span class='ocrx_word' id='word_1_577' title='bbox 1034 815 1192 850; x_wconf 87' lang='lat' dir='ltr'><strong>principium</strong></span> <span class='ocrx_word' id='word_1_578' title='bbox 1215 818 1310 845; x_wconf 89' lang='lat' dir='ltr'><strong>iterum</strong></span> <span class='ocrx_word' id='word_1_579' title='bbox 1336 820 1517 854; x_wconf 82' lang='lat' dir='ltr'><strong>regrediamur</strong></span> <span class='ocrx_word' id='word_1_580' title='bbox 1540 831 1546 848; x_wconf 91' lang='lat'><strong>:</strong></span> <span class='ocrx_word' id='word_1_581' title='bbox 1569 822 1603 849; x_wconf 87' lang='lat' dir='ltr'><strong>In</strong></span> <span class='ocrx_word' id='word_1_582' title='bbox 1623 824 1747 860; x_wconf 80' lang='lat' dir='ltr'><strong>principio</strong></span> <span class='ocrx_word' id='word_1_583' title='bbox 1765 826 1824 860; x_wconf 81' lang='lat' dir='ltr'><strong>fecit</strong></span> 
     </span>
    </p>
   </div>
   <div class='ocr_carea' id='block_1_75' title="bbox 1032 862 1822 904">
    <p class='ocr_par' dir='ltr' id='par_1_75' title="bbox 1032 862 1822 904">
     <span class='ocr_line' id='line_1_75' title="bbox 1032 862 1822 904; baseline 0.014 -16"><span class='ocrx_word' id='word_1_584' title='bbox 1032 862 1101 890; x_wconf 72' lang='lat' dir='ltr'><strong>Deus</strong></span> <span class='ocrx_word' id='word_1_585' title='bbox 1116 864 1205 891; x_wconf 74' lang='lat' dir='ltr'><strong>mlum</strong></span> <span class='ocrx_word' id='word_1_586' title='bbox 1224 870 1247 892; x_wconf 86' lang='lat' dir='ltr'><strong>et</strong></span> <span class='ocrx_word' id='word_1_587' title='bbox 1266 869 1368 893; x_wconf 78' lang='lat' dir='ltr'><strong>terram.</strong></span> <span class='ocrx_word' id='word_1_588' title='bbox 1391 867 1506 895; x_wconf 82' lang='lat' dir='ltr'><strong>Attende</strong></span> <span class='ocrx_word' id='word_1_589' title='bbox 1527 876 1596 896; x_wconf 89' lang='lat' dir='ltr'><strong>nunc</strong></span> <span class='ocrx_word' id='word_1_590' title='bbox 1608 890 1615 902; x_wconf 93' lang='lat'><strong>,</strong></span> <span class='ocrx_word' id='word_1_591' title='bbox 1636 872 1769 904; x_wconf 86' lang='lat' dir='ltr'><strong>quomodo</strong></span> <span class='ocrx_word' id='word_1_592' title='bbox 1790 879 1822 899; x_wconf 72' lang='lat' dir='ltr'><strong>ex</strong></span> 
     </span>
    </p>
   </div>
   <div class='ocr_carea' id='block_1_76' title="bbox 1007 906 1821 949">
    <p class='ocr_par' dir='ltr' id='par_1_76' title="bbox 1007 906 1821 949">
     <span class='ocr_line' id='line_1_76' title="bbox 1007 906 1821 949; baseline 0.012 -15"><span class='ocrx_word' id='word_1_593' title='bbox 1007 909 1009 915; x_wconf 84' lang='lat'>&#39;</span> <span class='ocrx_word' id='word_1_594' title='bbox 1032 906 1090 942; x_wconf 88' lang='lat' dir='ltr'><strong>ipso</strong></span> <span class='ocrx_word' id='word_1_595' title='bbox 1104 908 1200 943; x_wconf 80' lang='lat' dir='ltr'><strong>opil‘tcii</strong></span> <span class='ocrx_word' id='word_1_596' title='bbox 1216 909 1296 937; x_wconf 91' lang='lat' dir='ltr'><strong>modo</strong></span> <span class='ocrx_word' id='word_1_597' title='bbox 1309 911 1406 938; x_wconf 67' lang='lat' dir='ltr'><strong>divinat</strong></span> <span class='ocrx_word' id='word_1_598' title='bbox 1429 917 1530 940; x_wconf 71' lang='lat' dir='ltr'><strong>natura:</strong></span> <span class='ocrx_word' id='word_1_599' title='bbox 1544 913 1660 948; x_wconf 77' lang='lat' dir='ltr'><strong>dignitas</strong></span> <span class='ocrx_word' id='word_1_600' title='bbox 1676 916 1821 949; x_wconf 83' lang='lat' dir='ltr'><strong>enitescat;</strong></span> 
     </span>
    </p>
   </div>
   <div class='ocr_carea' id='block_1_77' title="bbox 1030 953 1821 996">
    <p class='ocr_par' dir='ltr' id='par_1_77' title="bbox 1030 953 1821 996">
     <span class='ocr_line' id='line_1_77' title="bbox 1030 953 1821 996; baseline 0.013 -17"><span class='ocrx_word' id='word_1_601' title='bbox 1030 953 1165 987; x_wconf 91' lang='lat' dir='ltr'><strong>quomodo</strong></span> <span class='ocrx_word' id='word_1_602' title='bbox 1180 954 1250 982; x_wconf 88' lang='lat' dir='ltr'><strong>Deus</strong></span> <span class='ocrx_word' id='word_1_603' title='bbox 1263 960 1359 990; x_wconf 70' lang='lat' dir='ltr'><strong>prmter</strong></span> <span class='ocrx_word' id='word_1_604' title='bbox 1372 956 1514 984; x_wconf 92' lang='lat' dir='ltr'><strong>humanum</strong></span> <span class='ocrx_word' id='word_1_605' title='bbox 1526 966 1638 994; x_wconf 88' lang='lat' dir='ltr'><strong>morem,</strong></span> <span class='ocrx_word' id='word_1_606' title='bbox 1654 967 1730 988; x_wconf 90' lang='lat' dir='ltr'><strong>suum</strong></span> <span class='ocrx_word' id='word_1_607' title='bbox 1742 963 1821 996; x_wconf 85' lang='lat' dir='ltr'><strong>perli-</strong></span> 
     </span>
    </p>
   </div>
   <div class='ocr_carea' id='block_1_78' title="bbox 1031 998 1822 1040">
    <p class='ocr_par' dir='ltr' id='par_1_78' title="bbox 1031 998 1822 1040">
     <span class='ocr_line' id='line_1_78' title="bbox 1031 998 1822 1040; baseline 0.013 -15"><span class='ocrx_word' id='word_1_608' title='bbox 1031 998 1104 1026; x_wconf 87' lang='lat' dir='ltr'><strong>ciens</strong></span> <span class='ocrx_word' id='word_1_609' title='bbox 1118 999 1268 1033; x_wconf 61' lang='lat' dir='ltr'><strong>aedilicium,</strong></span> <span class='ocrx_word' id='word_1_610' title='bbox 1283 1001 1356 1036; x_wconf 87' lang='lat' dir='ltr'><strong>prius</strong></span> <span class='ocrx_word' id='word_1_611' title='bbox 1368 1002 1460 1030; x_wconf 63' lang='lat' dir='ltr'><strong>caelum</strong></span> <span class='ocrx_word' id='word_1_612' title='bbox 1470 1004 1611 1038; x_wconf 85' lang='lat' dir='ltr'><strong>extendat,</strong></span> <span class='ocrx_word' id='word_1_613' title='bbox 1626 1011 1717 1040; x_wconf 87' lang='lat' dir='ltr'><strong>postea</strong></span> <span class='ocrx_word' id='word_1_614' title='bbox 1732 1011 1758 1034; x_wconf 87' lang='lat' dir='ltr'><strong>et</strong></span> <span class='ocrx_word' id='word_1_615' title='bbox 1769 1012 1822 1035; x_wconf 87' lang='lat' dir='ltr'><strong>ter-</strong></span> 
     </span>
    </p>
   </div>
   <div class='ocr_carea' id='block_1_79' title="bbox 1031 1045 1820 1085">
    <p class='ocr_par' dir='ltr' id='par_1_79' title="bbox 1031 1045 1820 1085">
     <span class='ocr_line' id='line_1_79' title="bbox 1031 1045 1820 1085; baseline 0.013 -15"><span class='ocrx_word' id='word_1_616' title='bbox 1031 1051 1087 1070; x_wconf 89' lang='lat' dir='ltr'><strong>ram</strong></span> <span class='ocrx_word' id='word_1_617' title='bbox 1102 1045 1256 1073; x_wconf 74' lang='lat' dir='ltr'><strong>Substernat</strong></span> <span class='ocrx_word' id='word_1_618' title='bbox 1272 1055 1279 1073; x_wconf 88' lang='lat'><strong>:</strong></span> <span class='ocrx_word' id='word_1_619' title='bbox 1293 1047 1367 1082; x_wconf 88' lang='lat' dir='ltr'><strong>prius</strong></span> <span class='ocrx_word' id='word_1_620' title='bbox 1382 1048 1498 1082; x_wconf 89' lang='lat' dir='ltr'><strong>culmen,</strong></span> <span class='ocrx_word' id='word_1_621' title='bbox 1516 1054 1542 1077; x_wconf 86' lang='lat' dir='ltr'><strong>et</strong></span> <span class='ocrx_word' id='word_1_622' title='bbox 1557 1055 1647 1085; x_wconf 89' lang='lat' dir='ltr'><strong>postea</strong></span> <span class='ocrx_word' id='word_1_623' title='bbox 1664 1051 1820 1080; x_wconf 78' lang='lat' dir='ltr'><strong>fundamen-</strong></span> 
     </span>
    </p>
   </div>
   <div class='ocr_carea' id='block_1_80' title="bbox 1031 1090 1819 1128">
    <p class='ocr_par' dir='ltr' id='par_1_80' title="bbox 1031 1090 1819 1128">
     <span class='ocr_line' id='line_1_80' title="bbox 1031 1090 1819 1128; baseline 0.013 -13"><span class='ocrx_word' id='word_1_624' title='bbox 1031 1093 1097 1116; x_wconf 90' lang='lat' dir='ltr'><strong>tum.</strong></span> <span class='ocrx_word' id='word_1_625' title='bbox 1113 1090 1177 1124; x_wconf 86' lang='lat' dir='ltr'><strong>Quis</strong></span> <span class='ocrx_word' id='word_1_626' title='bbox 1197 1091 1249 1118; x_wconf 85' lang='lat' dir='ltr'><strong>tale</strong></span> <span class='ocrx_word' id='word_1_627' title='bbox 1263 1092 1324 1126; x_wconf 86' lang='lat' dir='ltr'><strong>quid</strong></span> <span class='ocrx_word' id='word_1_628' title='bbox 1339 1093 1421 1120; x_wconf 81' lang='lat' dir='ltr'><strong>vidit?</strong></span> <span class='ocrx_word' id='word_1_629' title='bbox 1434 1094 1494 1128; x_wconf 89' lang='lat' dir='ltr'><strong>quis</strong></span> <span class='ocrx_word' id='word_1_630' title='bbox 1508 1095 1623 1123; x_wconf 77' lang='lat' dir='ltr'><strong>audivit?</strong></span> <span class='ocrx_word' id='word_1_631' title='bbox 1636 1095 1664 1123; x_wconf 90' lang='lat' dir='ltr'><strong>In</strong></span> <span class='ocrx_word' id='word_1_632' title='bbox 1683 1097 1819 1126; x_wconf 90' lang='lat' dir='ltr'><strong>hominum</strong></span> 
     </span>
    </p>
   </div>
   <div class='ocr_carea' id='block_1_81' title="bbox 1030 1136 1820 1178">
    <p class='ocr_par' dir='ltr' id='par_1_81' title="bbox 1030 1136 1820 1178">
     <span class='ocr_line' id='line_1_81' title="bbox 1030 1136 1820 1178; baseline 0.015 -18"><span class='ocrx_word' id='word_1_633' title='bbox 1030 1141 1095 1162; x_wconf 87' lang='lat' dir='ltr'><strong>sane</strong></span> <span class='ocrx_word' id='word_1_634' title='bbox 1107 1136 1232 1169; x_wconf 86' lang='lat' dir='ltr'><strong>operibus</strong></span> <span class='ocrx_word' id='word_1_635' title='bbox 1244 1136 1310 1164; x_wconf 91' lang='lat' dir='ltr'><strong>nihil</strong></span> <span class='ocrx_word' id='word_1_636' title='bbox 1330 1137 1381 1165; x_wconf 82' lang='lat' dir='ltr'><strong>tale</strong></span> <span class='ocrx_word' id='word_1_637' title='bbox 1394 1147 1519 1174; x_wconf 84' lang='lat' dir='ltr'><strong>umquam</strong></span> <span class='ocrx_word' id='word_1_638' title='bbox 1534 1140 1612 1168; x_wconf 83' lang='lat' dir='ltr'><strong>fuerit</strong></span> <span class='ocrx_word' id='word_1_639' title='bbox 1629 1150 1635 1169; x_wconf 93' lang='lat'>:</span> <span class='ocrx_word' id='word_1_640' title='bbox 1651 1143 1697 1170; x_wconf 89' lang='lat' dir='ltr'><strong>sed</strong></span> <span class='ocrx_word' id='word_1_641' title='bbox 1708 1143 1820 1178; x_wconf 88' lang='lat' dir='ltr'><strong>juhente</strong></span> 
     </span>
    </p>
   </div>
   <div class='ocr_carea' id='block_1_82' title="bbox 1031 1179 1820 1224">
    <p class='ocr_par' dir='ltr' id='par_1_82' title="bbox 1031 1179 1820 1224">
     <span class='ocr_line' id='line_1_82' title="bbox 1031 1179 1820 1224; baseline 0.013 -18"><span class='ocrx_word' id='word_1_642' title='bbox 1031 1179 1096 1212; x_wconf 87' lang='lat' dir='ltr'><strong>Deo,</strong></span> <span class='ocrx_word' id='word_1_643' title='bbox 1111 1180 1240 1208; x_wconf 84' lang='lat' dir='ltr'><strong>voluntati</strong></span> <span class='ocrx_word' id='word_1_644' title='bbox 1251 1182 1309 1216; x_wconf 83' lang='lat' dir='ltr'><strong>ejus</strong></span> <span class='ocrx_word' id='word_1_645' title='bbox 1326 1188 1418 1217; x_wconf 86' lang='lat' dir='ltr'><strong>parent</strong></span> <span class='ocrx_word' id='word_1_646' title='bbox 1432 1188 1458 1211; x_wconf 91' lang='lat' dir='ltr'><strong>et</strong></span> <span class='ocrx_word' id='word_1_647' title='bbox 1469 1185 1566 1213; x_wconf 85' lang='lat' dir='ltr'><strong>cedunt</strong></span> <span class='ocrx_word' id='word_1_648' title='bbox 1576 1187 1675 1214; x_wconf 90' lang='lat' dir='ltr'><strong>omnia.</strong></span> <span class='ocrx_word' id='word_1_649' title='bbox 1690 1188 1728 1215; x_wconf 86' lang='lat' dir='ltr'><strong>Ne</strong></span> <span class='ocrx_word' id='word_1_650' title='bbox 1739 1189 1820 1224; x_wconf 80' lang='lat' dir='ltr'><strong>igitur</strong></span> 
     </span>
    </p>
   </div>
   <div class='ocr_carea' id='block_1_83' title="bbox 1030 1225 1818 1269">
    <p class='ocr_par' dir='ltr' id='par_1_83' title="bbox 1030 1225 1818 1269">
     <span class='ocr_line' id='line_1_83' title="bbox 1030 1225 1818 1269; baseline 0.013 -17"><span class='ocrx_word' id='word_1_651' title='bbox 1030 1225 1151 1254; x_wconf 86' lang='lat' dir='ltr'><strong>humanis</strong></span> <span class='ocrx_word' id='word_1_652' title='bbox 1161 1227 1308 1256; x_wconf 79' lang='lat' dir='ltr'><strong>rationibus</strong></span> <span class='ocrx_word' id='word_1_653' title='bbox 1315 1228 1402 1256; x_wconf 80' lang='lat' dir='ltr'><strong>divina</strong></span> <span class='ocrx_word' id='word_1_654' title='bbox 1413 1237 1493 1264; x_wconf 86' lang='lat' dir='ltr'><strong>opera</strong></span> <span class='ocrx_word' id='word_1_655' title='bbox 1504 1231 1634 1260; x_wconf 83' lang='lat' dir='ltr'><strong>curiosius</strong></span> <span class='ocrx_word' id='word_1_656' title='bbox 1644 1234 1818 1269; x_wconf 74' lang='lat' dir='ltr'><strong>excutiamus,</strong></span> 
     </span>
    </p>
   </div>
   <div class='ocr_carea' id='block_1_84' title="bbox 1029 1272 1817 1308">
    <p class='ocr_par' dir='ltr' id='par_1_84' title="bbox 1029 1272 1817 1308">
     <span class='ocr_line' id='line_1_84' title="bbox 1029 1272 1817 1308; baseline 0.011 -10"><span class='ocrx_word' id='word_1_657' title='bbox 1029 1272 1076 1299; x_wconf 87' lang='lat' dir='ltr'><strong>sed</strong></span> <span class='ocrx_word' id='word_1_658' title='bbox 1099 1280 1133 1300; x_wconf 76' lang='lat' dir='ltr'><strong>ex</strong></span> <span class='ocrx_word' id='word_1_659' title='bbox 1153 1274 1278 1307; x_wconf 84' lang='lat' dir='ltr'><strong>operibus</strong></span> <span class='ocrx_word' id='word_1_660' title='bbox 1302 1275 1472 1308; x_wconf 87' lang='lat' dir='ltr'><strong>manuducti.</strong></span> <span class='ocrx_word' id='word_1_661' title='bbox 1492 1276 1655 1305; x_wconf 88' lang='lat' dir='ltr'><strong>admiremur</strong></span> <span class='ocrx_word' id='word_1_662' title='bbox 1678 1279 1817 1308; x_wconf 78' lang='lat' dir='ltr'><strong>artiﬁcem.</strong></span> 
     </span>
    </p>
   </div>
   <div class='ocr_carea' id='block_1_85' title="bbox 1030 1316 1818 1358">
    <p class='ocr_par' dir='ltr' id='par_1_85' title="bbox 1030 1316 1818 1358">
     <span class='ocr_line' id='line_1_85' title="bbox 1030 1316 1818 1358; baseline 0.011 -15"><span class='ocrx_word' id='word_1_663' title='bbox 1030 1316 1099 1344; x_wconf 83' lang='lat' dir='ltr'><strong>Nam</strong></span> <span class='ocrx_word' id='word_1_664' title='bbox 1113 1318 1248 1345; x_wconf 75' lang='lat' dir='ltr'><strong>invisibilia</strong></span> <span class='ocrx_word' id='word_1_665' title='bbox 1266 1320 1331 1354; x_wconf 81' lang='lat' dir='ltr'><strong>ejus,</strong></span> <span class='ocrx_word' id='word_1_666' title='bbox 1348 1320 1443 1356; x_wconf 86' lang='lat' dir='ltr'><strong>inquit,</strong></span> <span class='ocrx_word' id='word_1_667' title='bbox 1459 1329 1490 1349; x_wconf 66' lang='lat' dir='ltr'><strong>es</strong></span> <span class='ocrx_word' id='word_1_668' title='bbox 1506 1323 1631 1350; x_wconf 82' lang='lat' dir='ltr'><strong>creatione</strong></span> <span class='ocrx_word' id='word_1_669' title='bbox 1645 1324 1742 1358; x_wconf 77' lang='lat' dir='ltr'><strong>mundi,</strong></span> <span class='ocrx_word' id='word_1_670' title='bbox 1757 1325 1818 1353; x_wconf 73' lang='lat' dir='ltr'><strong>dum</strong></span> 
     </span>
    </p>
   </div>
   <div class='ocr_carea' id='block_1_86' title="bbox 1028 1365 1746 1406">
    <p class='ocr_par' dir='ltr' id='par_1_86' title="bbox 1028 1365 1746 1406">
     <span class='ocr_line' id='line_1_86' title="bbox 1028 1365 1746 1406; baseline 0.011 -16"><span class='ocrx_word' id='word_1_671' title='bbox 1028 1371 1073 1398; x_wconf 79' lang='lat' dir='ltr'><strong>per</strong></span> <span class='ocrx_word' id='word_1_672' title='bbox 1085 1372 1161 1399; x_wconf 80' lang='lat' dir='ltr'><strong>opera</strong></span> <span class='ocrx_word' id='word_1_673' title='bbox 1175 1365 1358 1401; x_wconf 80' lang='lat' dir='ltr'><strong>intelliguntur,</strong></span> <span class='ocrx_word' id='word_1_674' title='bbox 1374 1367 1533 1401; x_wconf 73' lang='lat' dir='ltr'><strong>pervidentur</strong></span> <span class='ocrx_word' id='word_1_675' title='bbox 1544 1369 1632 1405; x_wconf 84' lang='lat' dir='ltr'><strong>(Rom.</strong></span> <span class='ocrx_word' id='word_1_676' title='bbox 1650 1370 1675 1397; x_wconf 78' lang='lat' dir='ltr'><strong>l.</strong></span> <span class='ocrx_word' id='word_1_677' title='bbox 1689 1370 1746 1406; x_wconf 71' lang='lat'><strong>9.0).</strong></span> 
     </span>
    </p>
   </div>
   <div class='ocr_carea' id='block_1_87' title="bbox 1062 1410 1818 1451">
    <p class='ocr_par' dir='ltr' id='par_1_87' title="bbox 1062 1410 1818 1451">
     <span class='ocr_line' id='line_1_87' title="bbox 1062 1410 1818 1451; baseline 0.012 -15"><span class='ocrx_word' id='word_1_678' title='bbox 1062 1410 1089 1437; x_wconf 77' lang='grc'><strong>4.</strong></span> <span class='ocrx_word' id='word_1_679' title='bbox 1105 1410 1199 1437; x_wconf 84' lang='lat' dir='ltr'><strong>Contra</strong></span> <span class='ocrx_word' id='word_1_680' title='bbox 1213 1419 1255 1438; x_wconf 76' lang='lat' dir='ltr'><strong>eos</strong></span> <span class='ocrx_word' id='word_1_681' title='bbox 1266 1413 1310 1446; x_wconf 82' lang='lat' dir='ltr'><strong>qui</strong></span> <span class='ocrx_word' id='word_1_682' title='bbox 1321 1413 1435 1440; x_wconf 80' lang='lat' dir='ltr'><strong>dicebant</strong></span> <span class='ocrx_word' id='word_1_683' title='bbox 1445 1418 1575 1442; x_wconf 74' lang='lat' dir='ltr'><strong>teri-antea:</strong></span> <span class='ocrx_word' id='word_1_684' title='bbox 1588 1415 1699 1451; x_wconf 77' lang='lat' dir='ltr'><strong>subjecta</strong></span> <span class='ocrx_word' id='word_1_685' title='bbox 1713 1419 1818 1446; x_wconf 79' lang='lat' dir='ltr'><strong>materia</strong></span> 
     </span>
    </p>
   </div>
   <div class='ocr_carea' id='block_1_88' title="bbox 1027 1455 1815 1496">
    <p class='ocr_par' dir='ltr' id='par_1_88' title="bbox 1027 1455 1815 1496">
     <span class='ocr_line' id='line_1_88' title="bbox 1027 1455 1815 1496; baseline 0.01 -14"><span class='ocrx_word' id='word_1_686' title='bbox 1027 1455 1121 1489; x_wconf 80' lang='lat' dir='ltr'><strong>[actam</strong></span> <span class='ocrx_word' id='word_1_687' title='bbox 1130 1464 1140 1488; x_wconf 88' lang='lat'><strong>,&#39;</strong></span> <span class='ocrx_word' id='word_1_688' title='bbox 1150 1461 1217 1484; x_wconf 84' lang='lat' dir='ltr'><strong>terra</strong></span> <span class='ocrx_word' id='word_1_689' title='bbox 1230 1458 1312 1492; x_wconf 77' lang='lat' dir='ltr'><strong>patria</strong></span> <span class='ocrx_word' id='word_1_690' title='bbox 1331 1463 1417 1485; x_wconf 75' lang='lat' dir='ltr'><strong>nostra</strong></span> <span class='ocrx_word' id='word_1_691' title='bbox 1430 1464 1474 1490; x_wconf 71' lang='lat' dir='ltr'><strong>est,</strong></span> <span class='ocrx_word' id='word_1_692' title='bbox 1489 1465 1512 1486; x_wconf 88' lang='lat' dir='ltr'><strong>et</strong></span> <span class='ocrx_word' id='word_1_693' title='bbox 1524 1468 1654 1488; x_wconf 76' lang='lat' dir='ltr'><strong>commune</strong></span> <span class='ocrx_word' id='word_1_694' title='bbox 1663 1461 1815 1496; x_wconf 58' lang='lat' dir='ltr'><strong>sepulcrum.</strong></span> 
     </span>
    </p>
   </div>
   <div class='ocr_carea' id='block_1_89' title="bbox 1029 1500 1817 1537">
    <p class='ocr_par' dir='ltr' id='par_1_89' title="bbox 1029 1500 1817 1537">
     <span class='ocr_line' id='line_1_89' title="bbox 1029 1500 1817 1537; baseline 0.011 -10"><span class='ocrx_word' id='word_1_695' title='bbox 1029 1500 1135 1529; x_wconf 70' lang='lat' dir='ltr'><strong>:lloralir</strong></span> <span class='ocrx_word' id='word_1_696' title='bbox 1145 1502 1408 1537; x_wconf 58' lang='lat' dir='ltr'><strong>exhortatio—Quod</strong></span> <span class='ocrx_word' id='word_1_697' title='bbox 1416 1505 1437 1532; x_wconf 87' lang='lat' dir='ltr'><strong>si</strong></span> <span class='ocrx_word' id='word_1_698' title='bbox 1448 1505 1566 1533; x_wconf 87' lang='lat' dir='ltr'><strong>veritatis</strong></span> <span class='ocrx_word' id='word_1_699' title='bbox 1576 1506 1665 1535; x_wconf 87' lang='lat' dir='ltr'><strong>hostes</strong></span> <span class='ocrx_word' id='word_1_700' title='bbox 1678 1508 1765 1536; x_wconf 87' lang='lat' dir='ltr'><strong>adhuc</strong></span> <span class='ocrx_word' id='word_1_701' title='bbox 1776 1509 1817 1536; x_wconf 89' lang='lat' dir='ltr'><strong>di-</strong></span> 
     </span>
    </p>
   </div>
   <div class='ocr_carea' id='block_1_90' title="bbox 1026 1549 1816 1589">
    <p class='ocr_par' dir='ltr' id='par_1_90' title="bbox 1026 1549 1816 1589">
     <span class='ocr_line' id='line_1_90' title="bbox 1026 1549 1816 1589; baseline 0.011 -16"><span class='ocrx_word' id='word_1_702' title='bbox 1026 1551 1099 1579; x_wconf 89' lang='lat' dir='ltr'><strong>cunt,</strong></span> <span class='ocrx_word' id='word_1_703' title='bbox 1116 1555 1168 1574; x_wconf 92' lang='lat' dir='ltr'><strong>non</strong></span> <span class='ocrx_word' id='word_1_704' title='bbox 1184 1555 1262 1583; x_wconf 84' lang='lat' dir='ltr'><strong>posse</strong></span> <span class='ocrx_word' id='word_1_705' title='bbox 1279 1556 1310 1576; x_wconf 81' lang='lat' dir='ltr'><strong>ex</strong></span> <span class='ocrx_word' id='word_1_706' title='bbox 1326 1549 1410 1578; x_wconf 90' lang='lat' dir='ltr'><strong>nihilo</strong></span> <span class='ocrx_word' id='word_1_707' title='bbox 1425 1550 1521 1586; x_wconf 69' lang='lat' dir='ltr'><strong>aliqyid</strong></span> <span class='ocrx_word' id='word_1_708' title='bbox 1537 1552 1605 1586; x_wconf 87' lang='lat' dir='ltr'><strong>tieri,</strong></span> <span class='ocrx_word' id='word_1_709' title='bbox 1623 1552 1816 1589; x_wconf 83' lang='lat' dir='ltr'><strong>interrogemus</strong></span> 
     </span>
    </p>
   </div>
   <div class='ocr_carea' id='block_1_91' title="bbox 1027 1592 1816 1632">
    <p class='ocr_par' dir='ltr' id='par_1_91' title="bbox 1027 1592 1816 1632">
     <span class='ocr_line' id='line_1_91' title="bbox 1027 1592 1816 1632; baseline 0.01 -13"><span class='ocrx_word' id='word_1_710' title='bbox 1027 1599 1073 1620; x_wconf 88' lang='lat' dir='ltr'><strong>eos</strong></span> <span class='ocrx_word' id='word_1_711' title='bbox 1088 1601 1095 1620; x_wconf 92' lang='lat'><strong>:</strong></span> <span class='ocrx_word' id='word_1_712' title='bbox 1109 1592 1247 1621; x_wconf 81' lang='lat' dir='ltr'><strong>Primusne</strong></span> <span class='ocrx_word' id='word_1_713' title='bbox 1261 1593 1341 1621; x_wconf 81' lang='lat' dir='ltr'><strong>homo</strong></span> <span class='ocrx_word' id='word_1_714' title='bbox 1355 1602 1387 1623; x_wconf 76' lang='lat' dir='ltr'><strong>ex</strong></span> <span class='ocrx_word' id='word_1_715' title='bbox 1400 1600 1471 1623; x_wconf 88' lang='lat' dir='ltr'><strong>terra</strong></span> <span class='ocrx_word' id='word_1_716' title='bbox 1493 1595 1622 1625; x_wconf 84' lang='lat' dir='ltr'><strong>formatus</strong></span> <span class='ocrx_word' id='word_1_717' title='bbox 1631 1602 1687 1632; x_wconf 85' lang='lat' dir='ltr'><strong>est;</strong></span> <span class='ocrx_word' id='word_1_718' title='bbox 1702 1607 1734 1626; x_wconf 88' lang='lat' dir='ltr'><strong>an</strong></span> <span class='ocrx_word' id='word_1_719' title='bbox 1749 1600 1816 1628; x_wconf 80' lang='lat' dir='ltr'><strong>forte</strong></span> 
     </span>
    </p>
   </div>
   <div class='ocr_carea' id='block_1_92' title="bbox 1026 1637 1814 1678">
    <p class='ocr_par' dir='ltr' id='par_1_92' title="bbox 1026 1637 1814 1678">
     <span class='ocr_line' id='line_1_92' title="bbox 1026 1637 1814 1678; baseline 0.011 -14"><span class='ocrx_word' id='word_1_720' title='bbox 1026 1637 1152 1665; x_wconf 83' lang='lat' dir='ltr'><strong>aliunde?</strong></span> <span class='ocrx_word' id='word_1_721' title='bbox 1166 1637 1280 1666; x_wconf 84' lang='lat' dir='ltr'><strong>Omnino</strong></span> <span class='ocrx_word' id='word_1_722' title='bbox 1290 1639 1379 1668; x_wconf 90' lang='lat' dir='ltr'><strong>dicent</strong></span> <span class='ocrx_word' id='word_1_723' title='bbox 1392 1648 1423 1667; x_wconf 91' lang='lat' dir='ltr'><strong>ac</strong></span> <span class='ocrx_word' id='word_1_724' title='bbox 1437 1641 1599 1676; x_wconf 82' lang='lat' dir='ltr'><strong>fatebuntur,</strong></span> <span class='ocrx_word' id='word_1_725' title='bbox 1608 1643 1678 1678; x_wconf 91' lang='lat' dir='ltr'><strong>quod</strong></span> <span class='ocrx_word' id='word_1_726' title='bbox 1688 1651 1720 1672; x_wconf 82' lang='lat' dir='ltr'><strong>ex</strong></span> <span class='ocrx_word' id='word_1_727' title='bbox 1734 1650 1814 1673; x_wconf 81' lang='lat' dir='ltr'><strong>terra.</strong></span> 
     </span>
    </p>
   </div>
   <div class='ocr_carea' id='block_1_93' title="bbox 1028 1682 1817 1720">
    <p class='ocr_par' dir='ltr' id='par_1_93' title="bbox 1028 1682 1817 1720">
     <span class='ocr_line' id='line_1_93' title="bbox 1028 1682 1817 1720; baseline 0.011 -11"><span class='ocrx_word' id='word_1_728' title='bbox 1028 1682 1123 1710; x_wconf 85' lang='lat' dir='ltr'><strong>Dicant</strong></span> <span class='ocrx_word' id='word_1_729' title='bbox 1143 1684 1222 1718; x_wconf 86' lang='lat' dir='ltr'><strong>igitur</strong></span> <span class='ocrx_word' id='word_1_730' title='bbox 1235 1684 1322 1717; x_wconf 89' lang='lat' dir='ltr'><strong>nobis,</strong></span> <span class='ocrx_word' id='word_1_731' title='bbox 1335 1686 1469 1720; x_wconf 90' lang='lat' dir='ltr'><strong>quomodo</strong></span> <span class='ocrx_word' id='word_1_732' title='bbox 1488 1694 1521 1714; x_wconf 78' lang='lat' dir='ltr'><strong>ex</strong></span> <span class='ocrx_word' id='word_1_733' title='bbox 1539 1691 1608 1715; x_wconf 85' lang='lat' dir='ltr'><strong>terra</strong></span> <span class='ocrx_word' id='word_1_734' title='bbox 1628 1688 1696 1717; x_wconf 78' lang='lat' dir='ltr'><strong>facta</strong></span> <span class='ocrx_word' id='word_1_735' title='bbox 1715 1690 1750 1717; x_wconf 89' lang='lat' dir='ltr'><strong>sit</strong></span> <span class='ocrx_word' id='word_1_736' title='bbox 1770 1698 1817 1718; x_wconf 86' lang='lat' dir='ltr'><strong>na-</strong></span> 
     </span>
    </p>
   </div>
   <div class='ocr_carea' id='block_1_94' title="bbox 1027 1730 1815 1771">
    <p class='ocr_par' dir='ltr' id='par_1_94' title="bbox 1027 1730 1815 1771">
     <span class='ocr_line' id='line_1_94' title="bbox 1027 1730 1815 1771; baseline 0.009 -15"><span class='ocrx_word' id='word_1_737' title='bbox 1027 1733 1085 1756; x_wconf 88' lang='lat' dir='ltr'><strong>tura</strong></span> <span class='ocrx_word' id='word_1_738' title='bbox 1099 1730 1196 1757; x_wconf 83' lang='lat' dir='ltr'><strong>carnis.</strong></span> <span class='ocrx_word' id='word_1_739' title='bbox 1212 1730 1252 1757; x_wconf 80' lang='lat' dir='ltr'><strong>Ex</strong></span> <span class='ocrx_word' id='word_1_740' title='bbox 1267 1735 1335 1758; x_wconf 77' lang='lat' dir='ltr'><strong>terra</strong></span> <span class='ocrx_word' id='word_1_741' title='bbox 1350 1732 1420 1758; x_wconf 88' lang='lat' dir='ltr'><strong>enim</strong></span> <span class='ocrx_word' id='word_1_742' title='bbox 1439 1733 1532 1765; x_wconf 90' lang='lat' dir='ltr'><strong>lutum,</strong></span> <span class='ocrx_word' id='word_1_743' title='bbox 1547 1738 1575 1760; x_wconf 90' lang='lat' dir='ltr'><strong>et</strong></span> <span class='ocrx_word' id='word_1_744' title='bbox 1590 1733 1696 1767; x_wconf 84' lang='lat' dir='ltr'><strong>lateres,</strong></span> <span class='ocrx_word' id='word_1_745' title='bbox 1711 1740 1739 1763; x_wconf 89' lang='lat' dir='ltr'><strong>et</strong></span> <span class='ocrx_word' id='word_1_746' title='bbox 1750 1736 1815 1771; x_wconf 80' lang='lat' dir='ltr'><strong>ligu-</strong></span> 
     </span>
    </p>
   </div>
   <div class='ocr_carea' id='block_1_95' title="bbox 1026 1775 1814 1815">
    <p class='ocr_par' dir='ltr' id='par_1_95' title="bbox 1026 1775 1814 1815">
     <span class='ocr_line' id='line_1_95' title="bbox 1026 1775 1814 1815; baseline 0.008 -13"><span class='ocrx_word' id='word_1_747' title='bbox 1026 1775 1107 1802; x_wconf 89' lang='lat' dir='ltr'><strong>linum</strong></span> <span class='ocrx_word' id='word_1_748' title='bbox 1121 1783 1178 1809; x_wconf 86' lang='lat' dir='ltr'><strong>vas,</strong></span> <span class='ocrx_word' id='word_1_749' title='bbox 1199 1781 1226 1803; x_wconf 87' lang='lat' dir='ltr'><strong>et</strong></span> <span class='ocrx_word' id='word_1_750' title='bbox 1238 1781 1305 1804; x_wconf 84' lang='lat' dir='ltr'><strong>testa</strong></span> <span class='ocrx_word' id='word_1_751' title='bbox 1323 1777 1381 1804; x_wconf 84' lang='lat' dir='ltr'><strong>ﬁeri</strong></span> <span class='ocrx_word' id='word_1_752' title='bbox 1396 1777 1464 1805; x_wconf 88' lang='lat' dir='ltr'><strong>solet</strong></span> <span class='ocrx_word' id='word_1_753' title='bbox 1477 1787 1484 1805; x_wconf 90' lang='lat'>:</span> <span class='ocrx_word' id='word_1_754' title='bbox 1500 1779 1633 1813; x_wconf 88' lang='lat' dir='ltr'><strong>quomodo</strong></span> <span class='ocrx_word' id='word_1_755' title='bbox 1646 1787 1709 1815; x_wconf 87' lang='lat' dir='ltr'><strong>ergo</strong></span> <span class='ocrx_word' id='word_1_756' title='bbox 1721 1787 1814 1808; x_wconf 88' lang='lat' dir='ltr'><strong>natura</strong></span> 
     </span>
    </p>
   </div>
   <div class='ocr_carea' id='block_1_96' title="bbox 1025 1821 1813 1861">
    <p class='ocr_par' dir='ltr' id='par_1_96' title="bbox 1025 1821 1813 1861">
     <span class='ocr_line' id='line_1_96' title="bbox 1025 1821 1813 1861; baseline 0.008 -12"><span class='ocrx_word' id='word_1_757' title='bbox 1025 1821 1113 1850; x_wconf 85' lang='lat' dir='ltr'><strong>carnis</strong></span> <span class='ocrx_word' id='word_1_758' title='bbox 1124 1822 1192 1850; x_wconf 85' lang='lat' dir='ltr'><strong>tacta</strong></span> <span class='ocrx_word' id='word_1_759' title='bbox 1211 1823 1271 1850; x_wconf 83' lang='lat' dir='ltr'><strong>est?</strong></span> <span class='ocrx_word' id='word_1_760' title='bbox 1283 1824 1417 1858; x_wconf 88' lang='lat' dir='ltr'><strong>quomodo</strong></span> <span class='ocrx_word' id='word_1_761' title='bbox 1428 1831 1499 1858; x_wconf 90' lang='lat' dir='ltr'><strong>ossa,</strong></span> <span class='ocrx_word' id='word_1_762' title='bbox 1517 1831 1544 1853; x_wconf 89' lang='lat' dir='ltr'><strong>et</strong></span> <span class='ocrx_word' id='word_1_763' title='bbox 1561 1827 1646 1861; x_wconf 83' lang='lat' dir='ltr'><strong>nervi,</strong></span> <span class='ocrx_word' id='word_1_764' title='bbox 1660 1832 1687 1854; x_wconf 88' lang='lat' dir='ltr'><strong>et</strong></span> <span class='ocrx_word' id='word_1_765' title='bbox 1698 1828 1813 1860; x_wconf 68' lang='lat' dir='ltr'><strong>arteriae,</strong></span> 
     </span>
    </p>
   </div>
   <div class='ocr_carea' id='block_1_97' title="bbox 1026 1867 1813 1906">
    <p class='ocr_par' dir='ltr' id='par_1_97' title="bbox 1026 1867 1813 1906">
     <span class='ocr_line' id='line_1_97' title="bbox 1026 1867 1813 1906; baseline 0.008 -12"><span class='ocrx_word' id='word_1_766' title='bbox 1026 1871 1053 1894; x_wconf 87' lang='lat' dir='ltr'><strong>et</strong></span> <span class='ocrx_word' id='word_1_767' title='bbox 1071 1867 1162 1901; x_wconf 87' lang='lat' dir='ltr'><strong>adeps,</strong></span> <span class='ocrx_word' id='word_1_768' title='bbox 1184 1871 1210 1895; x_wconf 89' lang='lat' dir='ltr'><strong>et</strong></span> <span class='ocrx_word' id='word_1_769' title='bbox 1224 1868 1302 1901; x_wconf 87' lang='lat' dir='ltr'><strong>cutis,</strong></span> <span class='ocrx_word' id='word_1_770' title='bbox 1318 1873 1346 1896; x_wconf 85' lang='lat' dir='ltr'><strong>et</strong></span> <span class='ocrx_word' id='word_1_771' title='bbox 1367 1877 1480 1904; x_wconf 83' lang='lat' dir='ltr'><strong>ungues,</strong></span> <span class='ocrx_word' id='word_1_772' title='bbox 1503 1875 1530 1898; x_wconf 90' lang='lat' dir='ltr'><strong>et</strong></span> <span class='ocrx_word' id='word_1_773' title='bbox 1543 1871 1640 1906; x_wconf 86' lang='lat' dir='ltr'><strong>capilli,</strong></span> <span class='ocrx_word' id='word_1_774' title='bbox 1663 1876 1691 1900; x_wconf 87' lang='lat' dir='ltr'><strong>et</strong></span> <span class='ocrx_word' id='word_1_775' title='bbox 1707 1881 1739 1900; x_wconf 78' lang='lat' dir='ltr'><strong>ex</strong></span> <span class='ocrx_word' id='word_1_776' title='bbox 1762 1881 1813 1900; x_wconf 86' lang='lat' dir='ltr'><strong>una</strong></span> 
     </span>
    </p>
   </div>
   <div class='ocr_carea' id='block_1_98' title="bbox 1024 1912 1869 1953">
    <p class='ocr_par' dir='ltr' id='par_1_98' title="bbox 1024 1912 1869 1953">
     <span class='ocr_line' id='line_1_98' title="bbox 1024 1912 1869 1953; baseline 0.011 -15"><span class='ocrx_word' id='word_1_777' title='bbox 1024 1912 1179 1946; x_wconf 77' lang='lat' dir='ltr'><strong>subjacente</strong></span> <span class='ocrx_word' id='word_1_778' title='bbox 1198 1914 1308 1940; x_wconf 86' lang='lat' dir='ltr'><strong>materia</strong></span> <span class='ocrx_word' id='word_1_779' title='bbox 1322 1914 1485 1942; x_wconf 83' lang='lat' dir='ltr'><strong>diversarum</strong></span> <span class='ocrx_word' id='word_1_780' title='bbox 1506 1916 1713 1945; x_wconf 82' lang='lat' dir='ltr'><strong>substantiarum</strong></span> <span class='ocrx_word' id='word_1_781' title='bbox 1730 1919 1814 1953; x_wconf 83' lang='lat' dir='ltr'><strong>quali-</strong></span> <span class='ocrx_word' id='word_1_782' title='bbox 1855 1934 1869 1946; x_wconf 70' lang='grc' dir='ltr'><strong><em>,ρ</em></strong></span> 
     </span>
    </p>
   </div>
   <div class='ocr_carea' id='block_1_99' title="bbox 1024 1957 1813 1996">
    <p class='ocr_par' dir='ltr' id='par_1_99' title="bbox 1024 1957 1813 1996">
     <span class='ocr_line' id='line_1_99' title="bbox 1024 1957 1813 1996; baseline 0.009 -12"><span class='ocrx_word' id='word_1_783' title='bbox 1024 1957 1111 1986; x_wconf 75' lang='lat' dir='ltr'><strong>tates?</strong></span> <span class='ocrx_word' id='word_1_784' title='bbox 1126 1957 1179 1985; x_wconf 91' lang='lat' dir='ltr'><strong>Sed</strong></span> <span class='ocrx_word' id='word_1_785' title='bbox 1191 1958 1223 1985; x_wconf 88' lang='lat' dir='ltr'><strong>ad</strong></span> <span class='ocrx_word' id='word_1_786' title='bbox 1240 1958 1297 1985; x_wconf 64' lang='lat' dir='ltr'><strong>haec</strong></span> <span class='ocrx_word' id='word_1_787' title='bbox 1319 1967 1352 1986; x_wconf 88' lang='lat' dir='ltr'><strong>ne</strong></span> <span class='ocrx_word' id='word_1_788' title='bbox 1366 1960 1462 1987; x_wconf 92' lang='lat' dir='ltr'><strong>mutire</strong></span> <span class='ocrx_word' id='word_1_789' title='bbox 1475 1961 1581 1994; x_wconf 89' lang='lat' dir='ltr'><strong>quidem</strong></span> <span class='ocrx_word' id='word_1_790' title='bbox 1600 1966 1732 1996; x_wconf 84' lang='lat' dir='ltr'><strong>poterunt.</strong></span> <span class='ocrx_word' id='word_1_791' title='bbox 1744 1963 1813 1996; x_wconf 84' lang='lat' dir='ltr'><strong>Quid</strong></span> 
     </span>
    </p>
   </div>
   <div class='ocr_carea' id='block_1_100' title="bbox 1024 2003 1812 2044">
    <p class='ocr_par' dir='ltr' id='par_1_100' title="bbox 1024 2003 1812 2044">
     <span class='ocr_line' id='line_1_100' title="bbox 1024 2003 1812 2044; baseline 0.009 -14"><span class='ocrx_word' id='word_1_792' title='bbox 1024 2008 1111 2031; x_wconf 89' lang='lat' dir='ltr'><strong>autem</strong></span> <span class='ocrx_word' id='word_1_793' title='bbox 1124 2003 1183 2031; x_wconf 88' lang='lat' dir='ltr'><strong>dico</strong></span> <span class='ocrx_word' id='word_1_794' title='bbox 1195 2003 1229 2031; x_wconf 91' lang='lat' dir='ltr'><strong>de</strong></span> <span class='ocrx_word' id='word_1_795' title='bbox 1241 2012 1352 2039; x_wconf 89' lang='lat' dir='ltr'><strong>corpore</strong></span> <span class='ocrx_word' id='word_1_796' title='bbox 1367 2007 1477 2033; x_wconf 81' lang='lat' dir='ltr'><strong>nostro?</strong></span> <span class='ocrx_word' id='word_1_797' title='bbox 1491 2006 1583 2034; x_wconf 86' lang='lat' dir='ltr'><strong>Dicant</strong></span> <span class='ocrx_word' id='word_1_798' title='bbox 1596 2008 1673 2035; x_wconf 85' lang='lat' dir='ltr'><strong>nobis</strong></span> <span class='ocrx_word' id='word_1_799' title='bbox 1686 2009 1719 2036; x_wconf 88' lang='lat' dir='ltr'><strong>de</strong></span> <span class='ocrx_word' id='word_1_800' title='bbox 1733 2017 1812 2044; x_wconf 88' lang='lat' dir='ltr'><strong>pane,</strong></span> 
     </span>
    </p>
   </div>
   <div class='ocr_carea' id='block_1_101' title="bbox 1023 2049 1813 2089">
    <p class='ocr_par' dir='ltr' id='par_1_101' title="bbox 1023 2049 1813 2089">
     <span class='ocr_line' id='line_1_101' title="bbox 1023 2049 1813 2089; baseline 0.01 -14"><span class='ocrx_word' id='word_1_801' title='bbox 1023 2056 1076 2083; x_wconf 92' lang='lat' dir='ltr'><strong>quo</strong></span> <span class='ocrx_word' id='word_1_802' title='bbox 1088 2049 1206 2084; x_wconf 86' lang='lat' dir='ltr'><strong>quotidie</strong></span> <span class='ocrx_word' id='word_1_803' title='bbox 1221 2050 1365 2083; x_wconf 89' lang='lat' dir='ltr'><strong>relicimur,</strong></span> <span class='ocrx_word' id='word_1_804' title='bbox 1382 2051 1524 2086; x_wconf 88' lang='lat' dir='ltr'><strong>quontodo,</strong></span> <span class='ocrx_word' id='word_1_805' title='bbox 1539 2060 1600 2080; x_wconf 89' lang='lat' dir='ltr'><strong>cum</strong></span> <span class='ocrx_word' id='word_1_806' title='bbox 1618 2054 1695 2082; x_wconf 88' lang='lat' dir='ltr'><strong>unius</strong></span> <span class='ocrx_word' id='word_1_807' title='bbox 1714 2055 1813 2089; x_wconf 85' lang='lat' dir='ltr'><strong>speciei</strong></span> 
     </span>
    </p>
   </div>
   <div class='ocr_carea' id='block_1_102' title="bbox 1024 2094 1811 2132">
    <p class='ocr_par' dir='ltr' id='par_1_102' title="bbox 1024 2094 1811 2132">
     <span class='ocr_line' id='line_1_102' title="bbox 1024 2094 1811 2132; baseline 0.009 -12"><span class='ocrx_word' id='word_1_808' title='bbox 1024 2094 1068 2127; x_wconf 92' lang='lat' dir='ltr'><strong>sit,</strong></span> <span class='ocrx_word' id='word_1_809' title='bbox 1082 2097 1271 2122; x_wconf 83' lang='lat' dir='ltr'><strong>transmutatur</strong></span> <span class='ocrx_word' id='word_1_810' title='bbox 1282 2094 1307 2121; x_wconf 90' lang='lat' dir='ltr'><strong>in</strong></span> <span class='ocrx_word' id='word_1_811' title='bbox 1319 2095 1486 2130; x_wconf 76' lang='lat' dir='ltr'><strong>sanguinem,</strong></span> <span class='ocrx_word' id='word_1_812' title='bbox 1499 2100 1526 2123; x_wconf 83' lang='lat' dir='ltr'><strong>et.</strong></span> <span class='ocrx_word' id='word_1_813' title='bbox 1539 2097 1671 2131; x_wconf 87' lang='lat' dir='ltr'><strong>pituitam,</strong></span> <span class='ocrx_word' id='word_1_814' title='bbox 1683 2103 1710 2126; x_wconf 85' lang='lat' dir='ltr'><strong>et</strong></span> <span class='ocrx_word' id='word_1_815' title='bbox 1721 2099 1811 2132; x_wconf 84' lang='lat' dir='ltr'><strong>bilem,</strong></span> 
     </span>
    </p>
   </div>
   <div class='ocr_carea' id='block_1_103' title="bbox 1023 2139 1814 2180">
    <p class='ocr_par' dir='ltr' id='par_1_103' title="bbox 1023 2139 1814 2180">
     <span class='ocr_line' id='line_1_103' title="bbox 1023 2139 1814 2180; baseline 0.009 -14"><span class='ocrx_word' id='word_1_816' title='bbox 1023 2143 1050 2166; x_wconf 92' lang='lat' dir='ltr'><strong>et</strong></span> <span class='ocrx_word' id='word_1_817' title='bbox 1064 2140 1090 2167; x_wconf 92' lang='lat' dir='ltr'><strong>in</strong></span> <span class='ocrx_word' id='word_1_818' title='bbox 1104 2140 1191 2168; x_wconf 89' lang='lat' dir='ltr'><strong>varios</strong></span> <span class='ocrx_word' id='word_1_819' title='bbox 1212 2139 1346 2168; x_wconf 90' lang='lat' dir='ltr'><strong>humores.</strong></span> <span class='ocrx_word' id='word_1_820' title='bbox 1369 2141 1402 2168; x_wconf 87' lang='lat' dir='ltr'><strong>Et</strong></span> <span class='ocrx_word' id='word_1_821' title='bbox 1427 2142 1503 2176; x_wconf 89' lang='lat' dir='ltr'><strong>panis</strong></span> <span class='ocrx_word' id='word_1_822' title='bbox 1519 2143 1624 2178; x_wconf 85' lang='lat' dir='ltr'><strong>quidem</strong></span> <span class='ocrx_word' id='word_1_823' title='bbox 1644 2152 1716 2180; x_wconf 67' lang='lat' dir='ltr'><strong>stupe</strong></span> <span class='ocrx_word' id='word_1_824' title='bbox 1734 2145 1814 2174; x_wconf 75' lang='lat' dir='ltr'><strong>habet</strong></span> 
     </span>
    </p>
   </div>
   <div class='ocr_carea' id='block_1_104' title="bbox 1023 2186 1812 2226">
    <p class='ocr_par' dir='ltr' id='par_1_104' title="bbox 1023 2186 1812 2226">
     <span class='ocr_line' id='line_1_104' title="bbox 1023 2186 1812 2226; baseline 0.009 -13"><span class='ocrx_word' id='word_1_825' title='bbox 1023 2187 1140 2214; x_wconf 89' lang='lat' dir='ltr'><strong>colorem</strong></span> <span class='ocrx_word' id='word_1_826' title='bbox 1151 2186 1288 2219; x_wconf 77' lang='lat' dir='ltr'><strong>immeriti;</strong></span> <span class='ocrx_word' id='word_1_827' title='bbox 1297 2188 1404 2222; x_wconf 87' lang='lat' dir='ltr'><strong>sanguis</strong></span> <span class='ocrx_word' id='word_1_828' title='bbox 1412 2193 1500 2216; x_wconf 92' lang='lat' dir='ltr'><strong>autem</strong></span> <span class='ocrx_word' id='word_1_829' title='bbox 1515 2189 1595 2217; x_wconf 90' lang='lat' dir='ltr'><strong>ruber</strong></span> <span class='ocrx_word' id='word_1_830' title='bbox 1605 2191 1645 2218; x_wconf 89' lang='lat' dir='ltr'><strong>vel</strong></span> <span class='ocrx_word' id='word_1_831' title='bbox 1657 2191 1731 2226; x_wconf 87' lang='lat' dir='ltr'><strong>niger</strong></span> <span class='ocrx_word' id='word_1_832' title='bbox 1742 2193 1812 2220; x_wconf 83' lang='lat' dir='ltr'><strong>est’.</strong></span> 
     </span>
    </p>
   </div>
   <div class='ocr_carea' id='block_1_105' title="bbox 1024 2233 1812 2271">
    <p class='ocr_par' dir='ltr' id='par_1_105' title="bbox 1024 2233 1812 2271">
     <span class='ocr_line' id='line_1_105' title="bbox 1024 2233 1812 2271; baseline 0.008 -11"><span class='ocrx_word' id='word_1_833' title='bbox 1024 2233 1052 2260; x_wconf 89' lang='lat' dir='ltr'><strong>Si</strong></span> <span class='ocrx_word' id='word_1_834' title='bbox 1073 2233 1152 2267; x_wconf 87' lang='lat' dir='ltr'><strong>igitur</strong></span> <span class='ocrx_word' id='word_1_835' title='bbox 1171 2233 1239 2266; x_wconf 65' lang='lat' dir='ltr'><strong>hare,</strong></span> <span class='ocrx_word' id='word_1_836' title='bbox 1255 2241 1314 2268; x_wconf 75' lang='lat' dir='ltr'><strong>quze</strong></span> <span class='ocrx_word' id='word_1_837' title='bbox 1335 2235 1453 2269; x_wconf 77' lang='lat' dir='ltr'><strong>quotidie</strong></span> <span class='ocrx_word' id='word_1_838' title='bbox 1474 2240 1536 2263; x_wconf 86' lang='lat' dir='ltr'><strong>ante</strong></span> <span class='ocrx_word' id='word_1_839' title='bbox 1554 2237 1647 2264; x_wconf 87' lang='lat' dir='ltr'><strong>oculos</strong></span> <span class='ocrx_word' id='word_1_840' title='bbox 1662 2243 1812 2271; x_wconf 84' lang='lat' dir='ltr'><strong>versantur,</strong></span> 
     </span>
    </p>
   </div>
   <div class='ocr_carea' id='block_1_106' title="bbox 1023 2279 1813 2314">
    <p class='ocr_par' dir='ltr' id='par_1_106' title="bbox 1023 2279 1813 2314">
     <span class='ocr_line' id='line_1_106' title="bbox 1023 2279 1813 2314; baseline 0.005 -8"><span class='ocrx_word' id='word_1_841' title='bbox 1023 2287 1167 2314; x_wconf 88' lang='lat' dir='ltr'><strong>numquam</strong></span> <span class='ocrx_word' id='word_1_842' title='bbox 1189 2279 1265 2306; x_wconf 89' lang='lat' dir='ltr'><strong>nobis</strong></span> <span class='ocrx_word' id='word_1_843' title='bbox 1284 2279 1372 2307; x_wconf 89' lang='lat' dir='ltr'><strong>dicere</strong></span> <span class='ocrx_word' id='word_1_844' title='bbox 1393 2285 1524 2314; x_wconf 84' lang='lat' dir='ltr'><strong>poterunt,</strong></span> <span class='ocrx_word' id='word_1_845' title='bbox 1546 2281 1678 2310; x_wconf 80' lang='lat' dir='ltr'><strong>diﬂicilius</strong></span> <span class='ocrx_word' id='word_1_846' title='bbox 1700 2283 1733 2310; x_wconf 91' lang='lat' dir='ltr'><strong>de</strong></span> <span class='ocrx_word' id='word_1_847' title='bbox 1753 2283 1813 2310; x_wconf 78' lang='lat' dir='ltr'><strong>aliis</strong></span> 
     </span>
    </p>
   </div>
   <div class='ocr_carea' id='block_1_107' title="bbox 1024 2325 1812 2364">
    <p class='ocr_par' dir='ltr' id='par_1_107' title="bbox 1024 2325 1812 2364">
     <span class='ocr_line' id='line_1_107' title="bbox 1024 2325 1812 2364; baseline 0.005 -11"><span class='ocrx_word' id='word_1_848' title='bbox 1024 2325 1070 2353; x_wconf 85' lang='lat' dir='ltr'><strong>Dei</strong></span> <span class='ocrx_word' id='word_1_849' title='bbox 1092 2325 1204 2360; x_wconf 85' lang='lat' dir='ltr'><strong>opiﬁciis</strong></span> <span class='ocrx_word' id='word_1_850' title='bbox 1222 2325 1299 2360; x_wconf 86' lang='lat' dir='ltr'><strong>digna</strong></span> <span class='ocrx_word' id='word_1_851' title='bbox 1327 2325 1477 2361; x_wconf 87' lang='lat' dir='ltr'><strong>loquentur.</strong></span> <span class='ocrx_word' id='word_1_852' title='bbox 1493 2327 1570 2360; x_wconf 86' lang='lat' dir='ltr'><strong>Quod</strong></span> <span class='ocrx_word' id='word_1_853' title='bbox 1595 2329 1616 2355; x_wconf 91' lang='lat' dir='ltr'><strong>si</strong></span> <span class='ocrx_word' id='word_1_854' title='bbox 1638 2334 1699 2364; x_wconf 87' lang='lat' dir='ltr'><strong>post</strong></span> <span class='ocrx_word' id='word_1_855' title='bbox 1710 2334 1812 2357; x_wconf 80' lang='lat' dir='ltr'><strong>tanth</strong></span> 
     </span>
    </p>
   </div>
   <div class='ocr_carea' id='block_1_108' title="bbox 1022 2371 1811 2406">
    <p class='ocr_par' dir='ltr' id='par_1_108' title="bbox 1022 2371 1811 2406">
     <span class='ocr_line' id='line_1_108' title="bbox 1022 2371 1811 2406; baseline 0.008 -9"><span class='ocrx_word' id='word_1_856' title='bbox 1022 2371 1278 2398; x_wconf 86' lang='lat' dir='ltr'><strong>demonstrationum</strong></span> <span class='ocrx_word' id='word_1_857' title='bbox 1292 2372 1394 2406; x_wconf 89' lang='lat' dir='ltr'><strong>copiam</strong></span> <span class='ocrx_word' id='word_1_858' title='bbox 1416 2372 1504 2400; x_wconf 89' lang='lat' dir='ltr'><strong>adhuc</strong></span> <span class='ocrx_word' id='word_1_859' title='bbox 1526 2381 1600 2400; x_wconf 90' lang='lat' dir='ltr'><strong>suam</strong></span> <span class='ocrx_word' id='word_1_860' title='bbox 1615 2376 1811 2403; x_wconf 83' lang='lat' dir='ltr'><strong>contentionem</strong></span> 
     </span>
    </p>
   </div>
   <div class='ocr_carea' id='block_1_109' title="bbox 1023 2417 1810 2455">
    <p class='ocr_par' dir='ltr' id='par_1_109' title="bbox 1023 2417 1810 2455">
     <span class='ocr_line' id='line_1_109' title="bbox 1023 2417 1810 2455; baseline 0.005 -11"><span class='ocrx_word' id='word_1_861' title='bbox 1023 2417 1150 2446; x_wconf 74' lang='lat' dir='ltr'><strong>roborat-0</strong></span> <span class='ocrx_word' id='word_1_862' title='bbox 1167 2418 1267 2451; x_wconf 82' lang='lat' dir='ltr'><strong>vohtnt,</strong></span> <span class='ocrx_word' id='word_1_863' title='bbox 1289 2427 1374 2453; x_wconf 86' lang='lat' dir='ltr'><strong>neque</strong></span> <span class='ocrx_word' id='word_1_864' title='bbox 1388 2427 1436 2447; x_wconf 86' lang='lat' dir='ltr'><strong>nos</strong></span> <span class='ocrx_word' id='word_1_865' title='bbox 1449 2419 1611 2448; x_wconf 86' lang='lat' dir='ltr'><strong>desistemus</strong></span> <span class='ocrx_word' id='word_1_866' title='bbox 1630 2428 1701 2455; x_wconf 59' lang='lat' dir='ltr'><strong>saepe</strong></span> <span class='ocrx_word' id='word_1_867' title='bbox 1718 2422 1810 2449; x_wconf 80' lang='lat' dir='ltr'><strong>cadent</strong></span> 
     </span>
    </p>
   </div>
   <div class='ocr_carea' id='block_1_110' title="bbox 1024 2462 1811 2501">
    <p class='ocr_par' dir='ltr' id='par_1_110' title="bbox 1024 2462 1811 2501">
     <span class='ocr_line' id='line_1_110' title="bbox 1024 2462 1811 2501; baseline 0.006 -12"><span class='ocrx_word' id='word_1_868' title='bbox 1024 2462 1088 2497; x_wconf 88' lang='lat' dir='ltr'><strong>ipsis</strong></span> <span class='ocrx_word' id='word_1_869' title='bbox 1102 2463 1227 2498; x_wconf 73' lang='lat' dir='ltr'><strong>obiicere,</strong></span> <span class='ocrx_word' id='word_1_870' title='bbox 1243 2464 1361 2492; x_wconf 83' lang='lat' dir='ltr'><strong>dicentes</strong></span> <span class='ocrx_word' id='word_1_871' title='bbox 1378 2476 1383 2492; x_wconf 89' lang='lat'>:</span> <span class='ocrx_word' id='word_1_872' title='bbox 1397 2465 1428 2492; x_wconf 86' lang='lat' dir='ltr'><strong>In</strong></span> <span class='ocrx_word' id='word_1_873' title='bbox 1437 2466 1560 2501; x_wconf 81' lang='lat' dir='ltr'><strong>principio</strong></span> <span class='ocrx_word' id='word_1_874' title='bbox 1573 2466 1630 2501; x_wconf 78' lang='lat' dir='ltr'><strong>fecit</strong></span> <span class='ocrx_word' id='word_1_875' title='bbox 1645 2466 1711 2493; x_wconf 73' lang='lat' dir='ltr'><strong>Deus</strong></span> <span class='ocrx_word' id='word_1_876' title='bbox 1722 2468 1811 2494; x_wconf 70' lang='lat' dir='ltr'><strong>uelum</strong></span> 
     </span>
    </p>
   </div>
   <div class='ocr_carea' id='block_1_111' title="bbox 1023 2510 1811 2541">
    <p class='ocr_par' dir='ltr' id='par_1_111' title="bbox 1023 2510 1811 2541">
     <span class='ocr_line' id='line_1_111' title="bbox 1023 2510 1811 2541; baseline 0.008 -6"><span class='ocrx_word' id='word_1_877' title='bbox 1023 2514 1046 2535; x_wconf 82' lang='lat' dir='ltr'><strong>et</strong></span> <span class='ocrx_word' id='word_1_878' title='bbox 1057 2513 1157 2536; x_wconf 85' lang='lat' dir='ltr'><strong>terram.</strong></span> <span class='ocrx_word' id='word_1_879' title='bbox 1173 2510 1228 2538; x_wconf 89' lang='lat' dir='ltr'><strong>lloc</strong></span> <span class='ocrx_word' id='word_1_880' title='bbox 1244 2511 1315 2538; x_wconf 88' lang='lat' dir='ltr'><strong>enim</strong></span> <span class='ocrx_word' id='word_1_881' title='bbox 1331 2512 1437 2538; x_wconf 91' lang='lat' dir='ltr'><strong>unicum</strong></span> <span class='ocrx_word' id='word_1_882' title='bbox 1454 2511 1563 2539; x_wconf 88' lang='lat' dir='ltr'><strong>verbum</strong></span> <span class='ocrx_word' id='word_1_883' title='bbox 1577 2511 1674 2539; x_wconf 78' lang='lat' dir='ltr'><strong>sufﬁcit</strong></span> <span class='ocrx_word' id='word_1_884' title='bbox 1689 2512 1765 2540; x_wconf 86' lang='lat' dir='ltr'><strong>nobis</strong></span> <span class='ocrx_word' id='word_1_885' title='bbox 1777 2513 1811 2541; x_wconf 84' lang='lat' dir='ltr'><strong>ad</strong></span> 
     </span>
    </p>
   </div>
   <div class='ocr_carea' id='block_1_112' title="bbox 1023 2555 1811 2590">
    <p class='ocr_par' dir='ltr' id='par_1_112' title="bbox 1023 2555 1811 2590">
     <span class='ocr_line' id='line_1_112' title="bbox 1023 2555 1811 2590; baseline 0.008 -9"><span class='ocrx_word' id='word_1_886' title='bbox 1023 2555 1213 2583; x_wconf 87' lang='lat' dir='ltr'><strong>subvertendas</strong></span> <span class='ocrx_word' id='word_1_887' title='bbox 1227 2563 1321 2584; x_wconf 89' lang='lat' dir='ltr'><strong>omnes</strong></span> <span class='ocrx_word' id='word_1_888' title='bbox 1336 2557 1546 2584; x_wconf 87' lang='lat' dir='ltr'><strong>adversariorum</strong></span> <span class='ocrx_word' id='word_1_889' title='bbox 1563 2562 1658 2590; x_wconf 89' lang='lat' dir='ltr'><strong>turres,</strong></span> <span class='ocrx_word' id='word_1_890' title='bbox 1676 2563 1703 2586; x_wconf 87' lang='lat' dir='ltr'><strong>et</strong></span> <span class='ocrx_word' id='word_1_891' title='bbox 1716 2559 1748 2586; x_wconf 88' lang='lat' dir='ltr'><strong>ad</strong></span> <span class='ocrx_word' id='word_1_892' title='bbox 1768 2567 1811 2587; x_wconf 88' lang='lat' dir='ltr'><strong>re-</strong></span> 
     </span>
    </p>
   </div>
   <div class='ocr_carea' id='block_1_113' title="bbox 1024 2600 1801 2639">
    <p class='ocr_par' dir='ltr' id='par_1_113' title="bbox 1024 2600 1801 2639">
     <span class='ocr_line' id='line_1_113' title="bbox 1024 2600 1801 2639; baseline 0.005 -12"><span class='ocrx_word' id='word_1_893' title='bbox 1024 2600 1144 2628; x_wconf 87' lang='lat' dir='ltr'><strong>vellenda</strong></span> <span class='ocrx_word' id='word_1_894' title='bbox 1166 2601 1200 2628; x_wconf 88' lang='lat' dir='ltr'><strong>ab</strong></span> <span class='ocrx_word' id='word_1_895' title='bbox 1223 2601 1287 2636; x_wconf 88' lang='lat' dir='ltr'><strong>ipsis</strong></span> <span class='ocrx_word' id='word_1_896' title='bbox 1315 2602 1491 2629; x_wconf 78' lang='lat' dir='ltr'><strong>fundamentis</strong></span> <span class='ocrx_word' id='word_1_897' title='bbox 1513 2602 1627 2630; x_wconf 91' lang='lat' dir='ltr'><strong>humana</strong></span> <span class='ocrx_word' id='word_1_898' title='bbox 1648 2604 1801 2639; x_wconf 66' lang='lat' dir='ltr'><strong>ratiocinia;</strong></span> 
     </span>
    </p>
   </div>
   <div class='ocr_carea' id='block_1_114' title="bbox 1023 2647 1810 2684">
    <p class='ocr_par' dir='ltr' id='par_1_114' title="bbox 1023 2647 1810 2684">
     <span class='ocr_line' id='line_1_114' title="bbox 1023 2647 1810 2684; baseline 0.005 -10"><span class='ocrx_word' id='word_1_899' title='bbox 1023 2651 1104 2682; x_wconf 87' lang='lat' dir='ltr'><strong>atque</strong></span> <span class='ocrx_word' id='word_1_900' title='bbox 1117 2648 1138 2674; x_wconf 91' lang='lat' dir='ltr'><strong>si</strong></span> <span class='ocrx_word' id='word_1_901' title='bbox 1149 2647 1247 2675; x_wconf 89' lang='lat' dir='ltr'><strong>vellent</strong></span> <span class='ocrx_word' id='word_1_902' title='bbox 1257 2648 1298 2676; x_wconf 87' lang='lat' dir='ltr'><strong>vel</strong></span> <span class='ocrx_word' id='word_1_903' title='bbox 1311 2655 1372 2676; x_wconf 90' lang='lat' dir='ltr'><strong>sero</strong></span> <span class='ocrx_word' id='word_1_904' title='bbox 1384 2656 1399 2675; x_wconf 94' lang='lat' dir='ltr'><strong>a</strong></span> <span class='ocrx_word' id='word_1_905' title='bbox 1416 2656 1465 2676; x_wconf 88' lang='lat' dir='ltr'><strong>sua</strong></span> <span class='ocrx_word' id='word_1_906' title='bbox 1479 2650 1650 2678; x_wconf 89' lang='lat' dir='ltr'><strong>contentione</strong></span> <span class='ocrx_word' id='word_1_907' title='bbox 1668 2650 1810 2684; x_wconf 83' lang='lat' dir='ltr'><strong>deststere,</strong></span> 
     </span>
    </p>
   </div>
   <div class='ocr_carea' id='block_1_115' title="bbox 1055 2693 1406 2725">
    <p class='ocr_par' dir='ltr' id='par_1_115' title="bbox 1055 2693 1406 2725">
     <span class='ocr_line' id='line_1_115' title="bbox 1055 2693 1406 2725; baseline 0.006 -8"><span class='ocrx_word' id='word_1_908' title='bbox 1055 2693 1063 2708; x_wconf 85' lang='grc'>¹</span> <span class='ocrx_word' id='word_1_909' title='bbox 1080 2693 1184 2725; x_wconf 70' lang='lat' dir='ltr'><strong>enisum,</strong></span> <span class='ocrx_word' id='word_1_910' title='bbox 1196 2693 1302 2724; x_wconf 76' lang='lat' dir='ltr'><strong>fucatam</strong></span> <span class='ocrx_word' id='word_1_911' title='bbox 1311 2700 1406 2725; x_wconf 77' lang='lat' dir='ltr'><strong>corpus.</strong></span> 
     </span>
    </p>
   </div>
   <div class='ocr_carea' id='block_1_116' title="bbox 1054 2724 1810 2757">
    <p class='ocr_par' dir='ltr' id='par_1_116' title="bbox 1054 2724 1810 2757">
     <span class='ocr_line' id='line_1_116' title="bbox 1054 2724 1810 2757; baseline 0.005 -9"><span class='ocrx_word' id='word_1_912' title='bbox 1054 2725 1064 2739; x_wconf 86' lang='grc'>²</span> <span class='ocrx_word' id='word_1_913' title='bbox 1071 2724 1234 2757; x_wconf 78' lang='lat' dir='ltr'><strong>Coisljnianus,</strong></span> <span class='ocrx_word' id='word_1_914' title='bbox 1240 2728 1265 2749; x_wconf 86' lang='lat' dir='ltr'><strong>Et</strong></span> <span class='ocrx_word' id='word_1_915' title='bbox 1272 2724 1340 2755; x_wconf 80' lang='lat' dir='ltr'><strong>panis</strong></span> <span class='ocrx_word' id='word_1_916' title='bbox 1346 2725 1450 2757; x_wconf 73' lang='lat' dir='ltr'><strong>quidem,</strong></span> <span class='ocrx_word' id='word_1_917' title='bbox 1458 2728 1482 2750; x_wconf 84' lang='lat' dir='ltr'><strong>ut</strong></span> <span class='ocrx_word' id='word_1_918' title='bbox 1488 2726 1625 2757; x_wconf 72' lang='lat' dir='ltr'><strong>plurimum,</strong></span> <span class='ocrx_word' id='word_1_919' title='bbox 1631 2727 1700 2752; x_wconf 76' lang='lat' dir='ltr'><strong>habet</strong></span> <span class='ocrx_word' id='word_1_920' title='bbox 1709 2727 1810 2753; x_wconf 75' lang='lat' dir='ltr'><strong>colorem</strong></span> 
     </span>
    </p>
   </div>
   <div class='ocr_carea' id='block_1_117' title="bbox 1021 2732 1811 2790">
    <p class='ocr_par' dir='ltr' id='par_1_117' title="bbox 1021 2732 1811 2790">
     <span class='ocr_line' id='line_1_117' title="bbox 1055 2732 1810 2780; baseline 0.007 -33"><span class='ocrx_word' id='word_1_921' title='bbox 1055 2732 1064 2739; x_wconf 93' lang='lat'><strong><em>-</em></strong></span> <span class='ocrx_word' id='word_1_922' title='bbox 1071 2732 1234 2753; x_wconf 73' lang='lat' dir='ltr'><strong>cotsttntanus.</strong></span> <span class='ocrx_word' id='word_1_923' title='bbox 1240 2732 1265 2749; x_wconf 76' lang='lat' dir='ltr'><strong>El</strong></span> <span class='ocrx_word' id='word_1_924' title='bbox 1272 2732 1340 2755; x_wconf 68' lang='lat' dir='ltr'><strong>palus</strong></span> <span class='ocrx_word' id='word_1_925' title='bbox 1346 2732 1450 2780; x_wconf 59' lang='lat' dir='ltr'><strong>qgtdem,</strong></span> <span class='ocrx_word' id='word_1_926' title='bbox 1458 2732 1482 2750; x_wconf 84' lang='lat' dir='ltr'><strong>ut</strong></span> <span class='ocrx_word' id='word_1_927' title='bbox 1488 2732 1625 2757; x_wconf 67' lang='lat' dir='ltr'><strong>ptttrtmum,</strong></span> <span class='ocrx_word' id='word_1_928' title='bbox 1631 2732 1700 2752; x_wconf 74' lang='lat' dir='ltr'><strong>habet</strong></span> <span class='ocrx_word' id='word_1_929' title='bbox 1709 2732 1810 2753; x_wconf 75' lang='lat' dir='ltr'><strong>colorem</strong></span> 
     </span>
     <span class='ocr_line' id='line_1_118' title="bbox 1021 2754 1811 2790; baseline 0.003 -10"><span class='ocrx_word' id='word_1_930' title='bbox 1021 2754 1142 2785; x_wconf 82' lang='lat' dir='ltr'><strong>frumenti,</strong></span> <span class='ocrx_word' id='word_1_931' title='bbox 1152 2755 1236 2786; x_wconf 79' lang='lat' dir='ltr'><strong>pituita</strong></span> <span class='ocrx_word' id='word_1_932' title='bbox 1245 2759 1324 2780; x_wconf 86' lang='lat' dir='ltr'><strong>autem</strong></span> <span class='ocrx_word' id='word_1_933' title='bbox 1333 2763 1347 2780; x_wconf 80' lang='grc' dir='ltr'><em>(ι</em></span> <span class='ocrx_word' id='word_1_934' title='bbox 1373 2763 1388 2780; x_wconf 90' lang='lat' dir='ltr'><strong>a</strong></span> <span class='ocrx_word' id='word_1_935' title='bbox 1395 2760 1438 2787; x_wconf 64' lang='grc' dir='ltr'><em>εει,</em></span> <span class='ocrx_word' id='word_1_936' title='bbox 1446 2759 1540 2789; x_wconf 82' lang='lat' dir='ltr'><strong>sanguis</strong></span> <span class='ocrx_word' id='word_1_937' title='bbox 1551 2764 1606 2783; x_wconf 80' lang='lat' dir='ltr'><strong>vero</strong></span> <span class='ocrx_word' id='word_1_938' title='bbox 1617 2759 1688 2784; x_wconf 79' lang='lat' dir='ltr'><strong>ruber</strong></span> <span class='ocrx_word' id='word_1_939' title='bbox 1700 2759 1735 2783; x_wconf 59' lang='lat' dir='ltr'><strong>vel</strong></span> <span class='ocrx_word' id='word_1_940' title='bbox 1743 2759 1811 2790; x_wconf 63' lang='lat' dir='ltr'><strong>niger</strong></span> 
     </span>
    </p>
   </div>
   <div class='ocr_carea' id='block_1_118' title="bbox 1023 2790 1065 2810">
    <p class='ocr_par' dir='ltr' id='par_1_118' title="bbox 1023 2790 1065 2810">
     <span class='ocr_line' id='line_1_119' title="bbox 1023 2790 1065 2810; baseline -0.024 -1"><span class='ocrx_word' id='word_1_941' title='bbox 1023 2790 1056 2810; x_wconf 62' lang='grc' dir='ltr'><em>σπι</em></span> <span class='ocrx_word' id='word_1_942' title='bbox 1060 2803 1065 2808; x_wconf 93' lang='grc'>.</span> 
     </span>
    </p>
   </div>
   <div class='ocr_carea' id='block_1_119' title="bbox 1054 2817 1810 2846">
    <p class='ocr_par' dir='ltr' id='par_1_119' title="bbox 1054 2817 1810 2846">
     <span class='ocr_line' id='line_1_120' title="bbox 1054 2817 1810 2846; baseline 0.005 -6"><span class='ocrx_word' id='word_1_943' title='bbox 1054 2817 1090 2843; x_wconf 76' lang='grc' dir='ltr'><em>(ιι)</em></span> <span class='ocrx_word' id='word_1_944' title='bbox 1098 2817 1246 2846; x_wconf 68' lang='grc' dir='ltr'><strong>Μηκύαῖιερυε,</strong></span> <span class='ocrx_word' id='word_1_945' title='bbox 1258 2818 1366 2846; x_wconf 74' lang='lat' dir='ltr'><strong>Marcion.</strong></span> <span class='ocrx_word' id='word_1_946' title='bbox 1378 2822 1403 2842; x_wconf 85' lang='lat' dir='ltr'><strong>et</strong></span> <span class='ocrx_word' id='word_1_947' title='bbox 1413 2818 1555 2844; x_wconf 84' lang='lat' dir='ltr'><strong>Valentinus</strong></span> <span class='ocrx_word' id='word_1_948' title='bbox 1563 2820 1675 2844; x_wconf 84' lang='lat' dir='ltr'><strong>dicebant</strong></span> <span class='ocrx_word' id='word_1_949' title='bbox 1687 2821 1810 2844; x_wconf 85' lang='lat' dir='ltr'><strong>materiam</strong></span> 
     </span>
    </p>
   </div>
   <div class='ocr_carea' id='block_1_120' title="bbox 1023 2848 1808 2878">
    <p class='ocr_par' dir='ltr' id='par_1_120' title="bbox 1023 2848 1808 2878">
     <span class='ocr_line' id='line_1_121' title="bbox 1023 2848 1808 2878; baseline 0.006 -8"><span class='ocrx_word' id='word_1_950' title='bbox 1023 2853 1080 2871; x_wconf 70' lang='lat' dir='ltr'><strong>ante</strong></span> <span class='ocrx_word' id='word_1_951' title='bbox 1092 2852 1199 2870; x_wconf 76' lang='lat' dir='ltr'><strong>creatum</strong></span> <span class='ocrx_word' id='word_1_952' title='bbox 1212 2848 1324 2871; x_wconf 88' lang='lat' dir='ltr'><strong>mundum</strong></span> <span class='ocrx_word' id='word_1_953' title='bbox 1335 2850 1466 2874; x_wconf 64' lang='lat' dir='ltr'><strong>exstitisse.</strong></span> <span class='ocrx_word' id='word_1_954' title='bbox 1477 2853 1510 2874; x_wconf 89' lang='lat' dir='ltr'><strong>De</strong></span> <span class='ocrx_word' id='word_1_955' title='bbox 1519 2851 1646 2878; x_wconf 75' lang='lat' dir='ltr'><strong>Manicha-i,</strong></span> <span class='ocrx_word' id='word_1_956' title='bbox 1657 2851 1776 2874; x_wconf 68' lang='lat' dir='ltr'><strong>Marcionis</strong></span> <span class='ocrx_word' id='word_1_957' title='bbox 1784 2855 1808 2875; x_wconf 79' lang='lat' dir='ltr'><strong>ct</strong></span> 
     </span>
    </p>
   </div>
   <div class='ocr_carea' id='block_1_121' title="bbox 1026 2878 1810 2933">
    <p class='ocr_par' dir='ltr' id='par_1_121' title="bbox 1026 2878 1810 2933">
     <span class='ocr_line' id='line_1_122' title="bbox 1026 2878 1810 2933; baseline 0.006 -32"><span class='ocrx_word' id='word_1_958' title='bbox 1026 2878 1144 2933; x_wconf 48' lang='lat' dir='ltr'><strong>videmini</strong></span> <span class='ocrx_word' id='word_1_959' title='bbox 1156 2879 1269 2908; x_wconf 86' lang='lat' dir='ltr'><strong>opinione</strong></span> <span class='ocrx_word' id='word_1_960' title='bbox 1280 2880 1342 2903; x_wconf 78' lang='lat' dir='ltr'><strong>circa</strong></span> <span class='ocrx_word' id='word_1_961' title='bbox 1361 2881 1442 2905; x_wconf 88' lang='lat' dir='ltr'><strong>mundi</strong></span> <span class='ocrx_word' id='word_1_962' title='bbox 1454 2881 1581 2911; x_wconf 68' lang='lat' dir='ltr'><strong>primotdia</strong></span> <span class='ocrx_word' id='word_1_963' title='bbox 1591 2882 1644 2906; x_wconf 79' lang='lat' dir='ltr'><strong>vide</strong></span> <span class='ocrx_word' id='word_1_964' title='bbox 1651 2880 1810 2912; x_wconf 80' lang='lat' dir='ltr'><strong>Epiphanium</strong></span> 
     </span>
     <span class='ocr_line' id='line_1_123' title="bbox 1026 2915 1179 2933; baseline 0.007 -1"><span class='ocrx_word' id='word_1_965' title='bbox 1026 2915 1037 2932; x_wconf 71' lang='grc' dir='ltr'><em>τι</em></span> <span class='ocrx_word' id='word_1_966' title='bbox 1063 2915 1134 2933; x_wconf 76' lang='lat' dir='ltr'><strong>suum</strong></span> <span class='ocrx_word' id='word_1_967' title='bbox 1145 2916 1179 2933; x_wconf 70' lang='lat' dir='ltr'><strong>os.</strong></span> 
     </span>
    </p>
   </div>
   <div class='ocr_carea' id='block_1_122' title="bbox 1025 2915 1179 2940">
    <p class='ocr_par' dir='ltr' id='par_1_122' title="bbox 1025 2915 1179 2940">
     <span class='ocr_line' id='line_1_124' title="bbox 1025 2915 1179 2940; baseline 0.006 -8"><span class='ocrx_word' id='word_1_968' title='bbox 1025 2915 1054 2933; x_wconf 81' lang='lat' dir='ltr'><strong>au</strong></span> <span class='ocrx_word' id='word_1_969' title='bbox 1063 2915 1117 2940; x_wconf 61' lang='grc' dir='ltr'><strong>ειυς</strong></span> <span class='ocrx_word' id='word_1_970' title='bbox 1120 2915 1179 2933; x_wconf 65' lang='lat'><strong>[1103.</strong></span> 
     </span>
    </p>
   </div>
  </div>
