2066 3126
243 182 274 208 31
634 173 663 202 S.
686 171 823 201 JOANNIS
842 164 1078 198 CllRYSOSTOMl
1099 163 1255 193 ARClllEP.
1275 162 1542 192 CONSTANTINOP.
1847 161 1881 188 32

245 242 353 274 pusscnl
367 243 415 271 per
431 235 481 262 hoc
496 235 522 261 in
541 233 660 261 veritatis
671 233 741 259 viam
751 229 902 258 manuduci.
916 228 943 256 2.
957 227 1036 255 Terra

244 290 327 311 autem
339 282 470 310 invisibilis
483 285 535 308 erat
550 284 572 307 et
587 279 760 314 incomposita.
775 277 858 312 Cujus
869 276 964 311 gratia,
980 275 1034 307 dtc,

243 336 345 363 quaso,
361 327 455 354 caelum
473 327 574 353 clarum
591 329 618 352 et
639 323 785 359 perfectum
803 321 917 354 creavit;
938 326 1036 348 terram

244 380 331 402 autem
346 373 487 401 informem
510 371 615 399 effecit?
630 370 721 405 Neque
738 369 790 396 hoc
810 373 911 396 temere
926 367 1035 399 factum,

243 420 290 448 sed
307 423 345 452 ut,
360 426 419 446 cum
434 417 558 445 didiceris
572 416 711 443 meliorem
726 414 870 442 creationis
885 417 988 448 partem
1003 411 1037 438 ab

243 474 275 493 eo
291 465 431 493 formatam
444 467 470 490 et
487 461 647 494 absolutam,
671 460 735 487 nihil
751 464 842 494 postea
853 459 974 486 dubites:
989 464 1037 484 ne-

243 519 295 546 que
321 514 398 545 putcs
427 508 453 536 id
485 515 517 535 ex
549 506 689 542 potestatis
717 505 899 533 imbecillitate
926 504 1035 531 factum.

245 556 284 583 Ad
309 555 366 583 inec
391 559 419 582 et
445 554 497 582 alia
515 554 619 580 ratione
641 552 782 579 informem
803 555 901 578 terram
925 549 1036 577 creavit.

245 602 311 635 Quia
329 602 400 629 enim
424 600 481 635 ipsa
496 603 537 627 est
558 598 657 630 nutrix,
680 602 708 624 et
732 601 817 624 mater
834 600 936 629 nostra,
954 601 982 622 et
1004 602 1038 622 ex

245 655 275 674 t-a
301 647 362 674 facti
386 654 495 679 sumus,
519 650 599 680 atque
624 644 788 675 educamur,
812 643 921 678 ipsaque
948 646 1037 668 nostra

246 693 329 728 patria
344 697 395 726 est,
407 697 433 719 et
447 699 589 719 commune
604 690 772 725 sepulcrum:
789 688 889 716 reditus
903 688 974 714 enim
988 695 1038 715 no-

246 743 301 766 ster
315 738 347 766 ad
363 746 421 766 eam
436 743 529 764 rursus
540 741 580 764 est
592 745 599 768 ;
613 740 639 763 et
653 735 714 770 quia
731 733 813 761 variis
825 741 873 767 per
887 740 946 760 eam
961 733 1039 761 bonis

247 784 377 810 fruimur:
395 783 464 813 ideo,
479 785 508 808 ut
527 788 560 808 ne
582 780 702 807 homines
717 779 752 806 ob
765 786 830 806 usus
851 779 1038 806 necessitatem

233 829 306 863 -plus
318 835 396 862 quam
409 827 517 861 dignum
530 829 572 853 est
581 832 641 853 eam
653 825 782 858 colerem,
794 825 910 852 ostendit
924 824 1039 859 primum

247 875 340 903 rudem
358 878 386 902 et
408 873 558 904 informem,
587 876 615 899 ut
637 878 671 899 ne
694 871 822 899 beneﬁcia
843 876 920 899 terra:
939 871 1040 898 telluris

248 925 348 948 natura:
361 919 485 954 imputes,
499 918 545 946 sed
561 917 586 946 ei
597 917 708 951 tribuas,
723 917 768 952 qui
783 917 853 945 illam
869 925 902 945 ex
915 916 998 944 nihilo
1012 921 1041 944 ut

248 971 321 994 esset
333 966 442 993 creavit.
466 965 577 999 Propter
593 964 643 991 hoc
656 963 692 990 ait
710 972 717 990 :
734 963 813 989 Terra
834 966 917 989 autem
931 967 985 989 erat
998 962 1040 989 in-

249 1011 351 1038 risibilis
375 1015 398 1037 et
429 1009 602 1045 incomposita.
632 1008 711 1036 Forte
731 1009 820 1036 statim
847 1012 874 1035 et
905 1008 939 1035 ab
965 1007 1041 1035 initio

249 1061 366 1084 mentem
399 1060 514 1083 vestram
548 1054 730 1082 subtilioribus
757 1053 897 1081 sententiis
927 1053 1040 1081 nimium

249 1102 390 1134 torsimus;
407 1101 466 1128 ideo
479 1100 521 1127 hic
533 1107 685 1128 sermonem
701 1102 798 1127 slstere
811 1107 858 1134 par
879 1103 931 1127 est.
953 1099 1040 1135 Roga-

250 1156 309 1176 mus
322 1152 411 1175 autetn
425 1147 563 1175 caritatem
574 1149 702 1180 vestram,
718 1150 746 1173 ut
760 1145 892 1173 dictorum
907 1145 966 1173 sitis
982 1152 1041 1173 me-

250 1201 349 1226 mores,
361 1198 388 1221 et
402 1200 509 1227 semper
522 1192 579 1219 hatc
593 1191 722 1219 memoria
738 1191 850 1218 teneatis
865 1199 872 1217 :
889 1195 968 1224 atque
988 1197 1038 1217 una

248 1247 309 1266 cum
320 1238 438 1266 sensibili
455 1245 557 1271 mensa,
573 1244 634 1264 cum
650 1237 714 1264 hinc
725 1236 845 1264 abieritis
856 1256 865 1269 ,
878 1236 1005 1271 apponite
1014 1242 1042 1264 et

249 1285 414 1320 spiritualem
443 1292 574 1311 mensam.
603 1283 677 1311 Dicat
691 1282 732 1310 vir
755 1283 842 1318 aliqua
858 1274 950 1309 eorum
961 1303 970 1316 ,
983 1290 1042 1317 quas

249 1339 320 1360 nunc
335 1332 378 1359 hic
392 1335 455 1359 sunt
468 1331 537 1358 dicta
554 1339 561 1358 :
575 1329 666 1357 audiat
690 1329 785 1357 mulier
795 1349 803 1362 ,
818 1329 922 1356 discant
944 1329 1040 1364 pueri,

249 1378 353 1405 discant
367 1382 394 1405 et
406 1376 544 1404 domestici
562 1396 570 1410 ,
586 1375 684 1410 ﬁatque
701 1374 796 1402 domus
808 1375 921 1402 ecclesia
934 1395 942 1407 ,
959 1378 988 1402 ut
1000 1374 1042 1402 ef-

250 1422 357 1457 fugetur
371 1422 510 1455 diabolus,
526 1421 553 1448 in
573 1420 660 1456 fugam
685 1424 804 1448 vertatur
824 1419 910 1447 malus
923 1420 967 1447 ille
987 1419 1042 1447 daa-

251 1476 312 1496 mon
324 1489 332 1501 ,
347 1472 374 1495 et
395 1468 518 1495 inimicus
539 1467 632 1494 salutis
645 1471 744 1494 nostra:
759 1475 765 1493 :
782 1466 932 1502 requiescat
951 1471 1040 1494 autem

252 1514 289 1541 ibi
300 1513 416 1548 Spiritus
427 1513 511 1540 sancti
524 1513 620 1548 gratia,
636 1516 664 1539 et
682 1511 770 1539 omnis
789 1519 841 1547 pax
860 1517 887 1539 et
899 1512 1041 1540 concordia

250 1559 351 1586 muniat
369 1558 559 1586 inhabitantes.
580 1557 646 1584 Nam
668 1557 690 1584 si
710 1565 802 1584 eorum
821 1565 880 1588 qua:
902 1557 957 1592 jam
971 1557 1042 1585 dicta

251 1609 323 1638 sunt,
336 1612 468 1632 memores
483 1604 596 1637 fueritis,
606 1608 633 1631 et
654 1602 1043 1641 majorestudioea,quzepost-

251 1653 302 1681 hac
321 1650 480 1679 seminaturi
520 1657 622 1684 sumus,
646 1649 836 1683 suseeperitis,
860 1656 910 1676 nos
936 1657 1042 1684 quoque

252 1696 345 1730 majori
356 1695 445 1723 studio
457 1699 537 1731 atque
549 1695 669 1723 ubertate
683 1695 803 1722 dicemus
816 1702 876 1730 qua:
884 1695 962 1722 nobis
975 1702 1039 1730 sup-

253 1743 381 1777 peditabit
391 1742 476 1778 gratia
498 1742 564 1775 Dei,
577 1743 599 1769 si
616 1741 767 1776 germinare
779 1741 924 1769 viderimus
938 1748 969 1768 ea
981 1749 1042 1776 quae

252 1796 323 1816 nunc
336 1795 352 1815 a
376 1788 453 1816 nobis
476 1788 546 1816 dicta
569 1791 639 1815 sunt.
653 1787 871 1822 Quandoquidem
887 1792 914 1815 et
926 1787 1041 1823 agricola

251 1842 311 1862 cum
322 1834 418 1862 viderit
428 1834 529 1861 semina
539 1834 622 1866 nasci,
634 1833 735 1868 majore
748 1833 884 1861 alacritate
899 1841 961 1861 arva
975 1840 1041 1861 con-

251 1881 348 1908 siderat
363 1884 390 1907 et
404 1880 512 1913 excolit,
527 1883 605 1914 atque
617 1879 669 1906 alia
684 1886 774 1907 serere
791 1880 880 1914 gestit.

287 1927 312 1955 5.
335 1926 369 1954 Ut
381 1927 460 1961 igitur
470 1925 615 1953 alacriores
632 1932 681 1952 nos
693 1925 809 1952 reddatis
819 1946 826 1959 ,
838 1925 893 1960 jam
908 1925 1039 1954 dictorum

250 1977 351 2001 certam
377 1972 525 2000 custodiam
540 1971 730 2005 dem0nstrate,
746 1976 773 1999 et
797 1979 857 1999 cum
879 1976 960 2000 recta:
980 1972 1042 2000 ﬁdei

250 2018 417 2054 dogmatibus
433 2018 513 2045 vitam
526 2024 631 2053 quoque
648 2022 763 2045 vestram
778 2017 919 2053 diligenter
939 2024 1040 2047 curate.

251 2065 345 2091 Lucem
359 2065 441 2093 enim,
464 2063 555 2099 inquit,
572 2063 617 2090 tua:
636 2068 718 2090 vestra
733 2072 819 2090 coram
841 2064 994 2098 hominibus,
1015 2071 1042 2092 ut

250 2110 350 2136 videant
360 2117 437 2144 opera
447 2112 527 2136 vestra
536 2108 610 2141 bona,
623 2113 647 2135 et
655 2109 796 2143 gloriﬁcent
804 2108 907 2136 Patrem
921 2114 1040 2145 oestrum,

249 2155 293 2190 qui
312 2155 339 2181 in
356 2155 423 2182 caalia
438 2159 475 2181 est
493 2153 600 2188 (Matth.
615 2154 642 2181 5.
659 2154 703 2190 10)
722 2163 728 2180 :
744 2159 774 2181 ut
793 2160 820 2182 et
840 2155 892 2182 vita
913 2162 1042 2184 consonet

251 2200 312 2227 ﬁdei
325 2199 500 2236 dogmatibus,
516 2203 544 2226 et
555 2199 678 2234 dogmata
692 2199 838 2234 praedicent
852 2201 943 2228 vitam.
963 2201 1042 2230 Fides

250 2245 321 2272 enim
335 2246 389 2272 sine
406 2245 525 2279 operibus
543 2250 643 2272 mortua
657 2250 694 2272 est
709 2245 817 2280 (Jac.2.
832 2246 879 2282 26)
889 2268 895 2280 ,
911 2252 938 2275 et
960 2255 1040 2283 opera

250 2291 309 2318 sine
332 2290 384 2318 ﬁde
404 2295 506 2317 mortua
529 2295 601 2318 sunt.
617 2291 682 2318 Nam
705 2292 767 2320 licet
790 2300 881 2320 sanam
903 2298 1041 2322 teneamus

251 2335 414 2369 doctrinam,
435 2336 456 2361 si
472 2335 551 2363 vitam
573 2335 748 2371 negligamus,
774 2337 840 2365 nihil
854 2338 930 2366 nobis
943 2340 1041 2374 prode-

247 2380 283 2407 rit
295 2380 415 2407 doctrina
431 2388 437 2407 :
454 2387 556 2414 rursus,
568 2382 590 2408 si
604 2381 665 2409 vita:
679 2389 769 2409 curam
782 2383 935 2418 diligentem
950 2392 1042 2420 gesse-

249 2425 342 2458 rimus,
360 2425 387 2452 in
397 2425 457 2452 ﬁdei
473 2430 561 2453 autem
577 2426 680 2461 placitis
693 2427 940 2463 claudit-averimus,
955 2438 1040 2465 neque

249 2470 287 2497 sic
303 2470 380 2498 nobis
396 2470 495 2505 aliquid
509 2471 575 2498 lucri
601 2471 688 2499 ftterit.
703 2472 766 2500 Ideo
777 2474 901 2501 convenit
916 2475 1041 2510 utrinque

249 2515 389 2542 aediﬁcium
405 2515 456 2542 hoe
471 2520 590 2543 nostrum
605 2517 742 2552 spirituaie
756 2520 914 2546 communiri
930 2529 935 2546 :
949 2519 1039 2547 Omnia

249 2560 330 2592 enim,
343 2561 436 2595 inquit,
451 2562 492 2595 qui
503 2561 574 2593 audit
589 2562 634 2589 hos
644 2571 769 2591 sermones
783 2573 860 2598 meos,
875 2570 898 2592 et
911 2566 972 2601 facit
984 2574 1036 2599 eos,

248 2604 426 2632 assimilubitur
446 2607 498 2634 viro
514 2608 630 2641 prudenti
641 2601 745 2643 (Matth.
763 2611 788 2637 7.
804 2611 863 2645 24).
878 2611 943 2639 Vide
970 2620 1037 2647 quo-

247 2650 328 2678 modo
349 2658 401 2678 non
418 2652 503 2679 solum
528 2654 618 2682 audire
634 2663 682 2682 nos
696 2656 769 2688 velit,
790 2657 836 2684 sed
854 2658 933 2685 etiam
952 2658 1038 2686 facere

247 2701 274 2724 et
287 2697 411 2731 operibus
432 2698 607 2728 obedientiam
621 2702 768 2730 exhibere:
788 2703 858 2731 hunc
879 2704 1037 2739 prudentem

247 2744 361 2777 vocavit,
377 2744 420 2779 qui
437 2745 560 2780 operibus
573 2753 711 2775 sermones
724 2748 946 2783 subsequentibus
968 2751 1030 2778 mn-

247 2789 355 2822 spicuus
368 2790 402 2817 sit
419 2799 425 2817 τ
442 2791 487 2825 qui
501 2799 563 2819 vero
579 2796 680 2820 tantum
700 2793 732 2821 ad
748 2801 885 2822 sermones
901 2796 1036 2830 pervenit,

248 2839 271 2860 et
289 2842 341 2861 non
353 2835 385 2862 ad
399 2843 491 2870 opera,
503 2842 562 2864 eum
577 2838 686 2865 stultum
700 2839 805 2866 vocavit
818 2848 824 2866 :
840 2839 936 2868 merito
948 2846 1035 2870 certe:

248 2881 308 2915 quia
324 2881 367 2910 ille
381 2882 488 2910 domum
500 2891 574 2911 suam
588 2890 667 2919 super
682 2892 789 2913 arenam
800 2885 954 2921 aediﬁcavit;
975 2895 1037 2923 pro-

1092 230 1181 259 pterea
1193 231 1279 259 neque
1295 229 1433 251 ventorum
1456 224 1508 250 vim
1531 224 1598 251 ferre
1612 222 1708 258 potuit,
1729 222 1776 251 sed
1790 225 1879 251 statim

1090 271 1193 298 corruit
1204 271 1312 306 (Matth.
1326 271 1353 297 7.
1364 270 1422 305 26).
1437 270 1515 298 Tales
1527 271 1597 298 enim
1612 275 1673 298 sunt
1693 270 1799 298 desides
1822 270 1880 298 ani-

1090 324 1151 349 mae,
1163 324 1216 344 non
1232 316 1354 344 Solidata:
1367 323 1448 351 super
1463 316 1566 343 ﬁrmam
1581 321 1684 351 petram
1696 316 1860 351 spiritualetn
1872 324 1879 343 :

1091 369 1143 389 non
1156 362 1226 389 enim
1236 361 1270 389 de
1282 361 1396 388 aediﬁcio
1409 366 1435 388 et
1444 361 1478 389 de
1491 362 1571 389 domo
1585 369 1655 389 nunc
1667 367 1708 389 est
1720 369 1820 395 sermo,
1834 362 1881 390 sed

1085 407 1124 434 de
1138 406 1237 440 anima,
1247 414 1307 441 quae
1320 414 1335 433 a
1349 406 1495 434 tentatione
1504 413 1596 441 quavns
1603 407 1728 442 quatitur.
1740 406 1806 434 Nam
1819 415 1882 434 ven-

1091 452 1120 484 ti,
1133 452 1239 487 pluvite,
1265 456 1291 479 et
1304 451 1444 479 ﬂuviorum
1461 451 1611 480 nominibus
1632 453 1791 480 tentationes
1806 453 1882 480 nobis

1090 497 1276 526 subindicavit.
1295 498 1329 525 At
1343 498 1415 526 enim
1433 498 1479 533 qui
1493 503 1632 531 constans,
1647 499 1727 534 vigil,
1736 503 1763 526 et
1777 499 1882 526 sobrius

1091 549 1143 578 est,
1159 544 1208 572 hac
1222 544 1325 572 ratione
1338 545 1441 572 ﬁrmior
1452 545 1553 578 evadit;
1562 549 1590 572 et
1603 550 1702 580 quanto
1711 545 1826 580 majores
1839 545 1880 572 in-

1091 595 1227 619 tentantur
1239 591 1408 624 afﬂictiones,
1424 596 1497 619 tanto
1510 591 1569 626 ejus
1584 592 1695 620 virilitas
1708 596 1735 619 et
1756 592 1883 620 fortitudo

1091 637 1175 673 magis
1189 641 1319 673 augentur
1339 645 1346 664 :
1369 637 1448 665 deses
1466 642 1554 665 autem
1569 641 1596 665 et
1609 638 1731 672 supinus,
1747 637 1770 665 si
1783 638 1825 665 vel
1841 643 1878 666 te—

1091 683 1151 711 nuis
1171 683 1292 719 quaedam
1308 684 1484 711 tentationum
1495 691 1559 712 aura
1573 683 1681 718 amarit,
1700 683 1789 712 statim
1801 684 1883 712 vacil-

1092 729 1136 762 lat,
1152 734 1180 757 et
1195 730 1284 757 animo
1297 729 1423 762 concidit,
1440 737 1492 757 non
1510 730 1545 757 ob
1559 734 1681 757 naturatn
1696 729 1881 762 tentalionum.

1092 774 1138 802 sed
1161 775 1195 802 ob
1208 775 1350 802 voluntatis
1365 775 1555 802 inﬁrmitatem.
1568 775 1697 808 Quocirca
1711 779 1817 810 oportet
1837 783 1884 802 so-

1092 821 1165 849 brios
1178 828 1249 854 esse,
1262 825 1290 848 et
1304 821 1413 856 vigiles,
1428 825 1456 848 et
1468 821 1500 848 ad
1517 821 1605 848 omnia
1619 827 1782 856 praeparatos
1797 830 1804 848 :
1819 826 1885 849 utet

1092 867 1118 894 in
1139 866 1315 902 prosperitate
1329 866 1442 894 modesti
1457 874 1488 893 ac
1502 873 1555 894 non
1569 866 1657 900 effusi,
1672 871 1699 894 et
1718 867 1745 894 in
1759 867 1884 895 afﬂictio-

1093 912 1173 940 nibus
1179 919 1239 948 qua:
1251 911 1327 939 nobis
1339 911 1504 947 inﬂigantur,
1521 911 1604 939 sobrii
1616 916 1643 939 et
1656 911 1811 947 prudentes,
1821 920 1884 948 per.

1092 961 1187 994 petuas
1198 957 1298 993 gratias
1312 957 1458 985 referamus
1468 956 1582 992 benigno
1595 957 1660 985 Deo.
1676 957 1704 986 Si
1718 958 1756 984 sic
1773 965 1818 986 res
1835 966 1885 985 no-

1092 1009 1160 1032 stras
1169 1003 1373 1037 inslituerimus,
1382 1003 1493 1030 multum
1502 1003 1593 1038 gratia:
1599 1003 1695 1031 divina:
1702 1010 1884 1039 assequemur:

1094 1048 1291 1083 poterimusque
1302 1053 1462 1083 praesentem
1484 1047 1566 1075 vitam
1582 1055 1676 1076 secure
1692 1048 1884 1082 transmittere,

1093 1098 1121 1121 et
1133 1094 1159 1120 in
1173 1093 1261 1121 futura
1273 1094 1327 1121 vita
1341 1101 1443 1129 magna:
1453 1093 1555 1121 ﬁducia:
1566 1101 1630 1128 opes
1644 1101 1773 1129 reponere
1787 1102 1794 1120 :
1806 1102 1885 1129 quam

1094 1140 1171 1168 nobis
1185 1139 1309 1167 omnibus
1318 1139 1423 1174 assequi
1433 1140 1581 1175 contingat,
1591 1140 1675 1175 gratia
1686 1145 1713 1167 ct
1723 1139 1886 1175 benignitate

1095 1185 1200 1213 Domini
1214 1185 1299 1213 nostri
1313 1185 1375 1213 Jesu
1388 1184 1498 1218 Christi,
1519 1193 1580 1213 cum
1601 1193 1657 1220 quo
1672 1183 1747 1212 Patri
1767 1186 1845 1213 simul
1860 1191 1886 1213 et

1093 1236 1186 1259 sancto
1192 1231 1303 1266 Spiritui
1315 1231 1409 1265 gloria,
1422 1230 1574 1266 imperium,
1588 1231 1684 1265 honor,
1697 1239 1767 1260 nunc
1780 1236 1807 1260 et
1817 1239 1886 1259 scm-

1094 1285 1153 1313 per,
1169 1282 1196 1306 et
1208 1278 1235 1306 in
1246 1278 1345 1306 saecula
1358 1278 1528 1306 smeulorum.
1543 1278 1638 1306 Amen.

1386 1343 1526 1372 HOMlLlA
1551 1343 1593 1371 lll.

1095 1401 1175 1429 Deiis
1189 1408 1246 1436 qute
1256 1405 1390 1436 supersunt
1403 1401 1509 1428 dicenda
1520 1401 1545 1428 in
1559 1401 1636 1434 illud,
1653 1400 1681 1428 ln
1702 1401 1834 1437 principio
1847 1401 1886 1429 fe-

1129 1447 1165 1475 cit
1176 1447 1245 1475 Deus
1260 1447 1355 1474 malum
1369 1451 1397 1474 et
1411 1451 1511 1474 terram
1528 1446 1603 1482 (Gen.
1619 1447 1645 1474 l.
1662 1447 1701 1482 l),
1716 1455 1794 1482 usque
1804 1448 1838 1474 ad
1851 1447 1885 1474 it-

1130 1493 1185 1527 lud,
1199 1493 1232 1520 Et
1246 1492 1343 1520 factum
1368 1497 1410 1520 est
1432 1499 1553 1527 vespere,
1578 1496 1605 1520 et
1626 1493 1723 1520 factum
1739 1498 1780 1520 est
1792 1501 1887 1526 mane,

1129 1538 1186 1566 dies
1198 1546 1265 1566 unus
1276 1537 1350 1574 (Gen.
1367 1538 1391 1565 l.
1407 1538 1446 1574 5).

1130 1596 1155 1624 Ι.
1176 1596 1314 1623 Thesauro
1327 1596 1441 1630 cuipiam
1461 1600 1632 1630 comparatur
1645 1596 1795 1624 divinarum
1815 1597 1887 1625 Scri-

1094 1646 1231 1677 pturarum
1256 1641 1344 1669 lectio.
1357 1641 1424 1669 Nam
1444 1642 1514 1669 sicut
1527 1650 1560 1669 ex
1576 1642 1621 1670 illo
1634 1643 1753 1678 quisquis
1768 1643 1809 1670 vel
1831 1643 1887 1671 fru-

1093 1687 1192 1715 stulum
1208 1694 1317 1722 carpere
1341 1687 1426 1720 valet,
1451 1687 1549 1714 multas
1561 1687 1611 1715 sibi
1626 1692 1700 1722 parat
1715 1688 1818 1715 divitias
1832 1697 1838 1714 :
1851 1689 1887 1716 ita

1093 1737 1121 1760 et
1131 1733 1158 1760 in
1171 1740 1246 1761 sacra
1258 1732 1404 1768 Scriptura,
1420 1733 1500 1760 etiam
1513 1733 1539 1760 in
1553 1733 1627 1760 brevi
1641 1733 1759 1761 dictione
1768 1754 1775 1767 ,
1791 1733 1884 1769 ingen-

1095 1782 1149 1806 tem
1164 1778 1356 1806 sententiarum
1377 1778 1431 1805 vim
1446 1783 1472 1806 et
1486 1778 1629 1806 immensas
1642 1778 1747 1806 divitias
1767 1779 1888 1807 invenire

1094 1824 1165 1852 licet.
1181 1824 1214 1852 Et
1236 1832 1289 1852 non
1302 1824 1388 1852 solum
1402 1824 1527 1852 thesauro
1541 1825 1637 1852 similia
1655 1830 1717 1852 sunt
1729 1825 1818 1853 divina
1829 1826 1886 1853 elo-

1093 1870 1164 1905 quia,
1173 1869 1221 1898 sed
1232 1869 1298 1898 fonti
1307 1878 1413 1906 quoque
1422 1869 1502 1906 largis
1511 1870 1724 1905 perennibusque
1731 1870 1886 1899 scaturienti

1094 1915 1220 1944 ﬂuentis:
1238 1915 1264 1943 id
1282 1916 1353 1952 quod
1367 1924 1399 1944 ex
1415 1917 1495 1944 rebus
1509 1917 1573 1952 ipsis
1598 1916 1655 1944 lteri
1673 1924 1768 1944 omnes
1789 1917 1884 1944 didici-

1094 1970 1163 1989 mus.
1178 1962 1244 1990 Nam
1259 1967 1288 1990 ut
1307 1962 1436 1997 procemia
1448 1962 1508 1990 libri
1521 1962 1656 1990 Geneseos
1670 1963 1828 1998 iucepimus,
1856 1963 1883 1990 in

1094 2007 1260 2043 explananda
1275 2007 1327 2035 hoc
1346 2008 1428 2042 dicto,
1453 2007 1486 2035 In
1501 2008 1626 2044 principio
1640 2009 1698 2044 fecit
1713 2008 1783 2036 Deus
1796 2009 1887 2036 aulum

1094 2059 1118 2081 et
1130 2058 1232 2086 terram,
1245 2057 1328 2081 totum
1341 2053 1476 2081 tradendae
1495 2053 1624 2081 doctrina:
1645 2053 1805 2081 destinatum
1816 2058 1887 2081 tem-

1094 2107 1144 2135 pus
1155 2100 1354 2135 insumpsimus,
1376 2104 1403 2128 et
1414 2108 1500 2135 neque
1513 2100 1552 2128 sic
1565 2105 1648 2128 totum
1661 2100 1789 2135 expedire
1803 2100 1887 2127 valui-

1094 2154 1164 2174 mus.
1183 2146 1276 2182 Magna
1289 2147 1361 2174 enim
1382 2151 1422 2174 est
1437 2146 1515 2181 hujus
1536 2146 1651 2174 thesauri
1667 2146 1838 2180 abundantia,
1859 2151 1887 2173 et

1093 2192 1165 2227 larga
1177 2192 1258 2219 fontis
1267 2191 1346 2227 hujus
1358 2191 1502 2227 Spiritualis
1517 2191 1624 2219 ﬂuenta.
1641 2191 1695 2219 Nec
1712 2191 1826 2225 mireris,
1839 2198 1885 2218 ca-

1094 2238 1208 2270 rissime,
1233 2237 1255 2264 si
1276 2237 1352 2265 nobis
1366 2237 1418 2264 hoc
1433 2236 1561 2264 accidat:
1577 2237 1658 2264 etiam
1682 2237 1728 2271 qui
1752 2241 1815 2264 ante
1836 2245 1886 2264 nos

1094 2284 1167 2312 fuere
1179 2291 1228 2319 pro
1242 2284 1342 2312 viribus
1353 2284 1409 2311 suis
1422 2291 1506 2319 aquas
1519 2283 1581 2311 inde
1592 2283 1747 2317 hauserunt,
1764 2287 1790 2311 et
1809 2283 1885 2311 simi-

1093 2329 1153 2357 liter
1166 2329 1210 2364 qui
1235 2333 1295 2364 post
1309 2336 1356 2356 nos
1371 2327 1455 2356 futuri
1466 2333 1528 2356 sunt
1553 2328 1623 2356 idem
1643 2328 1821 2362 attentabunt,
1835 2336 1884 2355 nc-

1092 2383 1144 2410 que
1158 2375 1197 2402 sic
1211 2379 1294 2402 totum
1314 2381 1444 2402 evacuare
1455 2378 1596 2408 poterunt;
1613 2373 1659 2401 sed
1675 2373 1759 2408 magis
1778 2373 1884 2400 interim

1093 2425 1238 2456 augescunt
1246 2420 1356 2453 ﬂuenta,
1372 2423 1400 2447 et
1413 2423 1537 2447 crescunt
1556 2418 1635 2446 alvei.
1648 2418 1711 2446 Haec
1723 2418 1793 2446 enim
1807 2418 1885 2452 spiri-

1093 2467 1204 2495 tualium
1218 2466 1359 2494 ﬂuminum
1370 2470 1463 2493 natura
1478 2469 1528 2497 est,
1542 2468 1571 2492 ut
1585 2471 1618 2491 eo
1631 2464 1715 2498 magis
1727 2464 1883 2496 scaturiant,
1906 2468 1911 2472 ‘

1093 2519 1120 2542 et
1143 2518 1278 2541 accrescat
1298 2512 1442 2548 spiritualis
1456 2511 1548 2547 gratia,
1578 2517 1632 2546 quo
1646 2510 1706 2545 quis
1723 2509 1804 2544 magis
1823 2508 1885 2536 inde

1094 2560 1202 2588 haurire
1215 2559 1313 2588 studet.
1329 2559 1440 2593 Propter
1454 2557 1505 2584 hoc
1523 2561 1551 2585 et
1571 2557 1694 2584 Christus
1705 2551 1811 2583 dicebat
1829 2563 1836 2581 :
1854 2554 1884 2581 Si

1093 2607 1148 2643 quis
1162 2608 1223 2639 sitit,
1239 2606 1320 2633 ueniat
1333 2606 1367 2632 ad
1382 2613 1430 2635 me,
1444 2609 1466 2631 ct
1477 2604 1552 2630 bibat.
1568 2602 1617 2634 Qui
1628 2602 1706 2629 credit
1717 2602 1742 2628 in
1757 2608 1806 2634 me,
1820 2600 1884 2627 sicut

1094 2655 1157 2682 dixit
1171 2654 1314 2688 Scriptura,
1326 2651 1433 2687 [lumina
1447 2651 1478 2677 de
1495 2654 1578 2676 uentre
1591 2649 1646 2684 ejus
1667 2648 1746 2683 ﬂuent
1757 2653 1831 2682 aqum
1847 2645 1884 2672 vi-

1093 2702 1171 2729 ventis
1186 2700 1275 2738 (Joan.
1293 2700 1318 2729 7.
1327 2699 1371 2732 57,
1381 2697 1436 2731 58):
1445 2695 1544 2731 quibus
1553 2695 1643 2723 verbis
1660 2695 1755 2721 horum
1768 2693 1881 2720 ﬂuento—

1094 2757 1154 2775 rum
1169 2744 1356 2775 abundantiam
1380 2742 1456 2770 nobis
1472 2741 1579 2768 indicat.
1595 2740 1725 2775 Quoniam
1739 2738 1817 2773 igitur
1829 2738 1882 2772 Spi-

1094 2794 1228 2822 ritualium
1244 2792 1404 2819 ﬂuentorum
1422 2793 1515 2816 natura
1532 2788 1591 2815 talis
1604 2791 1659 2820 est,
1676 2793 1724 2821 age
1738 2785 1884 2813 afferamus

1094 2848 1187 2869 omnes
1210 2838 1308 2866 mentis
1329 2841 1427 2864 nostra
1438 2843 1511 2867 vasa,
1526 2840 1554 2862 ιιι
1573 2833 1689 2868 impletis
1703 2833 1754 2860 illis
1775 2832 1883 2859 domum

1094 2889 1244 2915 redeamus.
1271 2883 1336 2912 Nam
1350 2882 1456 2918 quando
1473 2881 1544 2910 videt
1555 2880 1638 2916 gratia
1652 2878 1766 2914 Spiritus
1780 2877 1885 2905 fervens
