2066 3126
238 122 273 150 33
796 123 827 150 ΙΝ
847 124 922 151 CAP.
943 124 964 151 l.
984 124 1109 151 GENEF.
1127 124 1241 152 llOMlL.
1263 124 1304 152 lll.
1754 129 1758 133 ’
1836 132 1869 159 ﬁt.

235 176 444 208 desiderium,ct
454 176 557 211 vigilem
572 181 699 211 mentem,
715 182 775 205 tunc
790 183 816 205 et
827 179 937 213 gratiam
949 187 1023 206 suam

233 223 388 256 opulentam
409 222 546 250 liberalius
559 223 675 258 largitur.
694 224 861 252 Abducamus
877 225 955 260 igitur
976 234 1025 253 nos

232 268 267 294 ab
289 267 412 294 omnibus
428 267 506 302 hujus
519 268 577 295 vita:
599 269 679 301 curis,
695 273 721 296 ct
737 270 845 297 resectis
865 270 896 296 iis
909 278 967 304 qua:
980 278 1024 298 co-

232 313 376 347 gitationes
397 318 501 340 nostras
516 314 586 340 velut
599 314 681 349 spina:
693 314 840 349 suifocant,
854 316 886 343 ad
901 317 1025 351 spiritua-

236 360 299 385 lium
323 359 484 386 desiderium
508 364 624 386 mentem
643 364 760 387 nostram
778 365 860 388 totam
879 362 1024 389 transfera-

232 412 303 437 mus,
331 409 359 431 ut
383 411 479 439 magno
490 404 551 431 inde
572 405 805 439 reportatolucro,
819 411 846 434 et
860 407 958 442 ingenti
973 407 1024 434 uti-

233 451 306 477 litate
317 454 449 484 pereepta,
478 450 513 476 ita
533 449 594 477 hinc
608 451 773 478 recedamus.
789 451 920 479 Caeterum
934 458 962 480 ut
975 460 1019 480 v0—

234 496 274 522 bis
289 495 454 522 manifestior
474 496 508 523 sit
522 503 620 530 sermo,
635 504 716 530 pauca
730 497 850 532 qumdam
864 505 896 524 ex
919 498 1022 525 hester-

232 542 273 568 nis
293 541 371 568 dictis
385 542 410 568 in
426 541 580 568 memoriam
599 542 702 569 caritati
716 547 811 570 vestra:
822 544 977 576 referemus,
995 548 1022 571 ut

231 588 270 615 sie
282 588 316 615 iis
329 595 388 622 quae
401 587 458 614 beri
476 586 546 614 dicta
560 591 634 620 sunt,
659 589 715 615 tunc
730 596 799 615 nunc
813 588 924 616 dicenda
945 597 981 624 qu
991 590 1021 616 isi

231 633 258 660 in
272 640 352 659 unum
373 640 469 667 corpus
480 633 683 668 conjungamus.
693 633 863 661 Ostendimus
873 635 943 662 enim
953 635 1018 668 heri,

231 685 257 706 ut
270 680 438 710 meministis,
453 679 587 714 quomodo
601 680 693 706 beatus
702 680 787 707 Moses
801 688 929 708 enarrans
944 682 1021 708 nobis

231 727 325 753 horum
350 725 491 752 visibilium
520 725 710 752 elementorum
725 725 886 752 creationem
905 731 932 753 et
945 726 1021 761 opiﬁ-

229 773 308 805 cium,
320 771 417 798 dixerit
431 779 437 798 :
452 771 484 798 In
493 771 617 806 principio
628 772 684 806 fecit
699 771 766 798 Deus
777 772 865 798 ratium
876 777 898 799 et
909 777 1000 799 terram
1011 781 1019 800 :

229 823 294 846 terra
307 823 391 845 autem
410 823 462 844 erat
475 818 604 845 invisibilis
618 823 640 844 et
656 819 820 853 incomposita
831 828 840 846 :
857 824 884 846 et
896 827 941 847 vos
956 827 1018 847 cau-

229 872 284 892 sam
303 863 454 896 docuimus,
466 871 548 898 quare
562 863 633 890 Deus
646 868 743 891 terram
756 863 907 897 informem,
923 870 950 892 et
961 865 1020 891 nul-

229 911 259 938 lis
282 900 372 946 ﬁguris
383 901 526 944 expolitam
545 910 694 942 creaverit;
716 918 785 945 qum,
810 911 917 945 opinor,
929 912 1017 938 omnia

227 960 314 983 mente
329 956 427 983 tenetis
444 964 450 982 :
464 956 644 983 necessarium
661 960 702 982 est
717 956 796 990 igitur
807 963 856 983 nos
868 956 900 982 ad
917 963 947 983 ea
958 964 1017 991 qua:

225 1006 371 1037 sequuntur
385 1001 463 1029 hodie
473 1001 606 1037 progredi.
621 1001 686 1028 Nam
701 1005 840 1036 postquam
852 1001 927 1034 dixit,
939 1001 1018 1029 Terra

224 1054 306 1075 autem
327 1052 380 1074 erat
393 1048 524 1074 invisibilis
536 1056 565 1074 ac
579 1048 752 1083 incomposita,
769 1055 818 1075 nos
832 1052 955 1074 accurate
968 1047 1015 1074 do-

224 1099 276 1127 cet,
299 1094 369 1122 unde
384 1094 524 1121 invisibilis
543 1097 616 1122 esset
629 1098 656 1120 cl.
671 1093 780 1126 inculta,
795 1093 886 1121 dicens
901 1101 908 1118 ι
925 1093 958 1120 Et
979 1098 1016 1121 te-

223 1140 307 1168 nebra:
326 1145 398 1167 erant
414 1148 490 1175 super
504 1140 633 1175 abyssum,
647 1144 670 1166 et
685 1140 798 1174 Spiritus
812 1139 858 1166 Dei
873 1142 1014 1176 superfere-

224 1187 298 1212 batur
309 1194 384 1221 super
396 1194 497 1221 aquam.
516 1185 580 1213 Vide
590 1185 643 1218 hic,
666 1193 745 1220 quam
754 1185 819 1212 nihil
830 1186 955 1221 supcrflui
969 1185 1017 1213 ad-

223 1231 335 1258 misceat
354 1231 447 1258 beatus
476 1231 617 1266 propheta,
644 1235 671 1258 et
693 1230 826 1266 quomodo
848 1238 900 1258 non
926 1231 1014 1258 omnia

223 1275 399 1310 particulatim
415 1279 514 1307 narret,
529 1283 588 1310 qua:
603 1279 692 1302 creata
702 1280 773 1308 sunt,
786 1275 831 1303 sed
843 1283 902 1302 cum
913 1275 1014 1302 docue-

222 1321 256 1348 rit
269 1330 317 1349 nos
330 1322 363 1349 de
377 1322 444 1349 caelo
457 1327 481 1349 et
495 1327 575 1356 terra,
591 1329 648 1357 qua:
662 1322 774 1357 plurima
791 1322 816 1348 in
832 1330 861 1349 se
876 1323 1014 1349 continent

220 1367 368 1399 elementa,
385 1367 571 1401 prmtermittat
591 1367 652 1394 alia.
667 1366 732 1393 Nam
747 1374 807 1393 cum
828 1366 862 1394 de
885 1374 1012 1401 aquarum

219 1412 327 1447 opiﬁcio
340 1412 469 1439 nihildum
481 1412 601 1444 dixisset,
612 1412 649 1440 ait
663 1422 668 1439 :
686 1412 717 1439 Et
733 1413 841 1439 tenebrte
852 1418 923 1439 erant
938 1421 1013 1448 super

220 1459 349 1493 abyssum,
365 1464 387 1485 et
406 1458 518 1493 Spiritus
534 1458 582 1486 Dei
606 1459 807 1495 superfercbalur
819 1468 895 1494 super
909 1468 1009 1492 aquam.

220 1504 283 1531 Ihec
296 1504 366 1531 enim
382 1504 506 1539 tegebant
519 1505 612 1532 faciem
629 1509 724 1538 terrae;
736 1505 769 1533 de
785 1505 902 1533 tenebris
917 1506 1013 1540 loquor

218 1555 245 1577 et
259 1550 356 1585 abysso
370 1557 511 1585 aquarum.
523 1550 590 1577 l'line
602 1551 753 1585 didicimus,
765 1559 844 1578 omne
856 1551 925 1586 quod
939 1551 1013 1579 vidc-

219 1595 297 1622 batur
313 1595 394 1623 fuisse
408 1595 535 1631 abyssum
553 1604 680 1631 aquarum
705 1596 822 1624 tenebris
840 1596 968 1629 velatam,
985 1601 1012 1624 et

216 1648 286 1674 opus
306 1640 430 1668 habuisse
440 1640 560 1676 sapiente
573 1641 683 1676 Opiﬁce,
699 1641 745 1677 qui
762 1649 868 1669 omnem
882 1641 950 1670 hanc
968 1641 1011 1669 in-

218 1686 381 1714 formitatem
396 1686 529 1714 discutere
541 1708 548 1719 ,
563 1691 590 1714 ct
604 1691 726 1714 ornatutn
742 1687 857 1722 aliquem
880 1687 907 1714 in
922 1687 1010 1714 omnia

218 1735 309 1764 posset
320 1731 454 1758 inducere.
465 1731 497 1758 Et
513 1732 628 1763 teucbrw,
644 1731 740 1766 inquit,
755 1740 830 1766 super
843 1732 970 1766 abyssum,
987 1737 1010 1758 et

217 1777 331 1810 Spiritus
358 1775 407 1803 Dei
428 1777 627 1812 superferebatur
645 1785 720 1811 super
742 1785 842 1812 aquam.
868 1776 937 1810 Quid
959 1777 1009 1804 sibi

217 1821 274 1847 vult
292 1821 363 1856 quod
379 1821 461 1848 dicit:
478 1821 511 1848 Et
531 1821 643 1856 Spiritus
663 1821 709 1848 Dei
719 1821 924 1856 superferebatur
935 1829 1010 1856 super

215 1866 326 1901 aquam?
339 1866 401 1893 Mihi
415 1866 520 1894 videtur
535 1867 584 1894 hoc
598 1866 746 1902 signiﬁcare
756 1887 764 1899 ,
790 1867 871 1894 fuisse
887 1866 912 1893 in
933 1867 1010 1901 aquis

217 1912 354 1939 elﬁcacem
362 1912 502 1947 quamdam
517 1916 541 1940 ct
552 1913 658 1940 vitalem
667 1913 859 1947 operationem.
866 1921 917 1950 pec
926 1913 1009 1941 fuisse

215 1957 373 1993 simpliciter
387 1965 482 1993 aquam
497 1963 611 1985 stantem
627 1962 654 1986 et
669 1958 844 1992 immobilem,
859 1958 905 1986 sed
920 1959 1007 1986 mobi-

216 2004 285 2037 lem,
301 2008 328 2030 et
349 2003 455 2031 vitalem
471 2003 610 2038 quamdam
626 2004 678 2031 vim
693 2004 843 2032 habentem.
856 2003 922 2031 Nam
937 2004 1007 2039 quod

216 2050 365 2082 immobile,
378 2050 488 2078 omnino
506 2050 598 2078 inutile
611 2055 666 2084 est;
691 2051 762 2086 quod
786 2059 850 2079 Vero
870 2055 1006 2085 movetur,

214 2096 250 2123 ad
265 2097 346 2123 multa
361 2096 495 2124 conducit.

251 2141 278 2168 2.
300 2141 334 2168 Ut
349 2141 428 2176 igitur
436 2141 544 2169 doceret
557 2141 705 2169 nosbeatus
715 2142 760 2169 ille
774 2143 900 2177 propheta
910 2149 1005 2178 aquam

215 2188 287 2214 illam
306 2194 433 2221 magnam,
449 2191 476 2214 et
499 2187 657 2214 ineﬂ'ahilem
679 2187 776 2215 habere
792 2188 844 2215 vim
864 2188 1005 2222 quamdam

214 2232 333 2264 vitalem,
354 2231 438 2259 dicit:
459 2231 490 2258 Et
506 2231 618 2267 Spiritus
639 2232 685 2259 Dei
703 2234 906 2267 superferebatur
929 2241 1006 2267 super

214 2285 317 2311 nquam.
345 2277 427 2311 quue
450 2285 502 2304 non
528 2277 628 2312 absque
643 2278 745 2305 ratione
759 2278 895 2312 Scriptura
917 2278 1005 2305 divina

214 2323 403 2359 praeveniendo
427 2323 508 2356 dicit;
529 2323 577 2351 sed
592 2331 625 2351 eo
648 2323 719 2359 quod
734 2329 825 2358 postea
847 2324 948 2352 dictura
971 2324 1005 2352 sit

214 2370 291 2397 nobis
316 2370 440 2396 animalia
455 2377 488 2397 ex
502 2370 577 2405 aquis
593 2370 650 2397 istis
667 2378 699 2397 ex
720 2376 854 2405 prazcepto
879 2371 924 2397 Dei
948 2378 1005 2398 om-

214 2415 285 2441 nium
301 2414 447 2442 conditoris
458 2415 585 2449 producta
599 2415 690 2448 fuisse,
704 2421 843 2450 propterea
856 2416 1003 2443 auditorem

215 2459 256 2486 hic
271 2467 342 2486 nunc
357 2460 435 2487 docet
447 2467 499 2487 non
514 2461 571 2488 sine
583 2468 662 2488 causa
676 2468 770 2496 aquam
788 2462 859 2488 illam
870 2463 1006 2489 constitis~

214 2513 253 2538 se,
265 2504 312 2532 sed
325 2509 353 2532 ut
366 2511 528 2538 moveretur,
542 2505 713 2539 discurreret,
728 2511 755 2534 et
779 2507 867 2534 omnia
881 2507 1002 2534 alluerct.

213 2551 432 2586 Quandoquidem
455 2552 532 2587 igitur
557 2551 652 2580 dilfusa
685 2558 743 2580 erat
768 2561 862 2588 magna
887 2555 1002 2581 universi

213 2596 323 2624 visibilis
339 2596 498 2630 informitas,
512 2603 645 2632 praecepto
659 2607 708 2626 suo
724 2599 807 2632 Deus,
829 2600 944 2634 optimus
961 2601 1004 2628 ille

212 2643 316 2675 artifex,
329 2643 524 2671 deformitatem
539 2644 610 2672 illam
621 2644 731 2679 depulit,
753 2650 780 2673 et
792 2645 921 2674 immensa
936 2646 1002 2674 lucis

213 2689 323 2716 visibilis
337 2688 506 2723 pulchritudo
523 2690 649 2724 producta
665 2691 788 2718 tenebras
802 2691 901 2726 fugavit
911 2692 998 2719 sensi-

212 2735 289 2767 biles,
310 2735 504 2770 illustravitque
515 2735 613 2762 omhia.
629 2736 655 2763 5.
675 2735 706 2763 Et
721 2736 796 2769 dixit,
811 2737 906 2771 inquit,
925 2737 1001 2771 Deus,

207 2782 256 2815 ’ραι
267 2782 329 2813 lux;
345 2786 369 2808 et
387 2783 455 2816 facta
467 2786 502 2808 est
518 2782 570 2808 lux.
587 2782 669 2814 Dixit,
684 2787 711 2810 et
733 2782 800 2810 facta
814 2787 855 2810 est
871 2792 877 2809 :
893 2784 1002 2811 manda-

213 2827 258 2861 vit,
275 2832 301 2855 et
314 2828 431 2856 tenebrae
447 2827 553 2862 quidem
569 2826 661 2864 fugata:
687 2832 758 2863 sunt,
773 2828 816 2856 lux
832 2833 919 2857 autem
936 2837 999 2865 pro-

1079 180 1166 207 ducta.
1191 180 1270 207 Vides
1292 180 1452 208 ineﬂ'ahilcm
1475 184 1639 216 potentiam?
1655 184 1752 212 Verum
1768 186 1811 221 qui
1826 195 1870 212 cr-

1079 232 1138 252 rore
1152 226 1329 260 praeoccupati
1340 231 1411 257 sunt,
1422 235 1472 253 non
1483 228 1651 256 attendentes
1661 230 1791 257 dicturum
1806 238 1855 257 con
1867 248 1869 251 -

1077 271 1256 305 sequentiam,
1281 278 1366 306 neque
1380 272 1517 300 audientes
1529 273 1635 302 beatum
1658 276 1758 304 Mosen)
1778 277 1869 304 diceti-

1078 320 1131 343 tem
1148 325 1154 343 :
1170 316 1203 343 Iri
1227 317 1352 351 principio
1378 319 1437 353 fecit
1461 318 1529 346 Deus
1553 321 1643 348 ca’lum
1669 329 1692 350 et
1719 329 1829 359 (errant;
1845 331 1871 353 et

1077 368 1138 388 mox
1151 362 1307 390 subdentem
1321 372 1328 390 :
1345 363 1424 391 Terra
1436 371 1518 392 anteiit
1530 371 1582 392 erat
1594 367 1723 396 invisibilis
1737 375 1758 397 et
1773 371 1869 398 incom—

1077 407 1168 439 posita,
1191 415 1223 435 eo
1244 409 1314 442 quod
1327 410 1442 438 tenebris
1457 416 1484 438 et
1504 413 1580 447 aquis
1599 418 1670 440 esset
1684 415 1805 450 obtecta;
1828 418 1865 444 sic

1075 451 1146 479 cnim
1161 453 1244 480 visum
1256 453 1306 481 fuit
1320 455 1431 483 Domino
1441 456 1475 484 ab
1489 457 1563 484 initio
1572 465 1630 485 eam
1645 460 1809 492 producae:
1823 462 1868 489 di-

1075 504 1138 525 cunt
1158 503 1235 526 antea
1249 500 1329 527 fuisse
1346 501 1491 536 subjectum
1516 503 1653 530 materiam
1665 525 1671 537 ,
1699 510 1726 532 ct
1745 506 1867 534 tenebras

1075 545 1274 578 pra-exstitisse.
1291 545 1359 578 Quid
1371 546 1420 573 hac
1437 549 1552 575 amentia
1567 549 1664 584 pejus?
1678 550 1760 577 Audis
1787 551 1867 578 Deum

1075 588 1100 615 in
1120 590 1248 625 principio
1264 590 1359 619 fecisse
1377 593 1470 620 cadum
1499 597 1526 620 et
1541 597 1656 628 terram,
1678 599 1706 622 et
1723 603 1757 623 ex
1782 595 1866 624 nihilo

1074 642 1131 669 qnze
1142 641 1203 662 sunt
1219 636 1287 664 facta
1303 637 1398 670 fuisse,
1414 643 1441 666 et
1454 639 1520 667 dicis
1535 640 1607 675 prius
1631 641 1765 670 exstitisse
1779 648 1863 670 mate-

1073 681 1158 708 riam?
1173 682 1237 716 Quis
1250 691 1344 711 eorum
1359 685 1403 719 qui
1430 691 1546 714 mentem
1563 686 1675 719 habent,
1691 692 1789 715 tantam
1811 689 1865 716 fer-

1073 731 1113 754 ret
1125 727 1270 755 insaniam?
1282 730 1419 767 Numquid
1432 731 1511 759 homo
1525 736 1565 759 est
1579 732 1671 768 Upii‘cx
1685 732 1740 766 ille,
1758 739 1786 761 ut
1798 742 1866 769 opus

1073 771 1168 799 habeat
1180 773 1300 808 subjecto
1321 775 1410 809 aliquo
1424 775 1457 803 ad
1472 776 1704 805 demonstrandam
1727 786 1801 806 suam
1822 787 1865 806 ar-

1073 817 1148 844 tem?
1163 819 1233 846 Deus
1246 824 1286 846 est
1299 820 1342 847 cui
1357 821 1445 848 omnia
1461 822 1568 854 cedunt,
1584 823 1627 858 qui
1642 824 1723 851 verbo
1746 830 1774 852 et
1795 834 1864 860 pra:-

1072 867 1148 897 cepto
1161 871 1210 890 suo
1222 865 1311 892 omnia
1322 866 1449 893 condidit.
1463 867 1578 895 Attende
1591 869 1661 895 enim
1675 878 1681 895 :
1696 869 1864 904 dicitsolum,

1071 912 1097 933 et
1112 908 1239 942 producta
1252 914 1292 937 est
1313 910 1355 937 lux
1366 931 1374 944 ,
1390 915 1417 938 et
1433 912 1621 940 abscesserunt
1645 914 1772 941 tcnebrm.
1786 916 1812 942 4.
1831 915 1863 943 Et

1071 953 1185 980 distinxit
1200 954 1267 982 Deus
1285 956 1349 983 inter
1369 957 1448 984 lucem
1464 962 1486 984 et
1506 958 1571 985 inter
1591 959 1715 986 tenebras.
1731 960 1798 994 Quid
1812 967 1864 996 est,

1071 999 1214 1027 Distinxit?
1227 1001 1373 1037 Unicuique
1388 1003 1473 1031 locum
1489 1005 1623 1039 proprium
1638 1005 1782 1039 distribuit,
1798 1015 1865 1034 con~

1070 1054 1220 1082 gruensque
1234 1052 1339 1082 tempus
1349 1048 1478 1076 deﬁnivit.
1496 1049 1529 1076 Et
1543 1055 1681 1085 postquam
1698 1051 1749 1078 hoc
1765 1051 1861 1079 factum

1070 1097 1120 1125 est,
1137 1097 1198 1119 tunc
1210 1100 1286 1119 suum
1313 1093 1409 1128 cuique
1422 1095 1579 1121 vocabulum
1595 1095 1698 1122 indidit.
1713 1096 1739 1123 5.
1760 1095 1863 1124 Vocarit

1068 1137 1150 1168 enim,
1167 1137 1269 1171 inquit,
1294 1138 1362 1165 Deus
1385 1139 1464 1166 lucem
1481 1140 1546 1166 diem
1567 1149 1574 1166 :
1593 1145 1616 1167 et
1634 1141 1747 1169 tenebras
1767 1144 1863 1169 vocarit

1069 1187 1174 1209 noctem.
1190 1182 1420 1218 Vidistioptimam
1436 1184 1652 1219 distinctionem,
1667 1191 1695 1214 et
1707 1186 1862 1216 admirabile

1068 1227 1212 1262 opiﬁcium,
1237 1229 1307 1264 quod
1327 1237 1433 1257 onmem
1452 1231 1582 1258 rationem
1605 1233 1786 1266 transcendit,
1808 1242 1860 1261 uno

1068 1273 1151 1301 νοιὺο
1172 1279 1200 1302 et
1223 1280 1355 1310 prtccepto
1370 1275 1488 1303 factum?
1503 1276 1595 1304 Vidisti
1619 1283 1747 1313 quantum
1766 1287 1795 1306 se
1809 1288 1860 1306 nn-

1067 1323 1182 1346 strorum
1191 1319 1356 1354 ingeniorum
1366 1321 1486 1355 parvitati
1494 1322 1712 1357 attemperaverit
1719 1324 1810 1351 beatus
1818 1324 1862 1352 ilic

1067 1364 1205 1400 propheta,
1220 1365 1274 1393 imo
1285 1366 1415 1401 benignus
1441 1367 1511 1395 Deus
1531 1375 1577 1402 per
1591 1369 1727 1402 propheta:
1743 1370 1857 1405 linguam

1065 1410 1212 1438 erudiendo
1225 1418 1305 1439 omne
1318 1411 1455 1439 hominum
1467 1420 1560 1448 genus,
1575 1417 1603 1440 ut
1620 1414 1686 1441 sciat
1697 1422 1789 1442 eormn
1801 1423 1860 1451 qua:

1066 1455 1135 1482 facta
1148 1460 1210 1483 sunt
1225 1456 1355 1490 ordinem,
1371 1458 1430 1493 quis
1445 1458 1561 1486 universi
1585 1459 1621 1487 sit
1640 1460 1738 1495 opifex,
1756 1466 1782 1488 et
1795 1469 1860 1496 quo-

1066 1500 1146 1528 modo
1169 1502 1376 1537 unumquodque
1391 1502 1549 1537 productum
1573 1504 1623 1531 sit?
1637 1505 1767 1538 Quoniam
1787 1507 1858 1534 enim

1066 1546 1151 1574 adhuc
1162 1547 1319 1575 imbecillius
1334 1553 1393 1576 erat
1407 1548 1551 1577 humanum
1565 1557 1744 1586 genus,quam
1757 1557 1786 1579 ut
1797 1561 1860 1587 per-

1066 1591 1175 1620 fectiora
1191 1601 1286 1628 capere
1301 1599 1408 1629 posset;
1425 1600 1563 1630 propterea
1579 1603 1627 1630 pro
1641 1597 1792 1625 auditorum
1804 1599 1854 1626 im-

1065 1637 1208 1666 becillitate
1218 1639 1354 1674 prophetae
1368 1640 1484 1676 linguam
1500 1649 1610 1669 movens
1620 1641 1736 1677 Spiritus
1749 1651 1857 1672 sanctus

1065 1683 1092 1711 in
1119 1683 1188 1711 hunc
1212 1685 1319 1712 modum
1335 1686 1411 1713 nobis
1426 1686 1514 1714 omnia
1528 1687 1702 1723 edisserebat.
1719 1689 1750 1716 Et
1771 1695 1799 1716 nt
1819 1691 1857 1718 di-

1063 1736 1122 1756 scas
1137 1730 1208 1756 illum
1224 1731 1258 1757 ob
1269 1731 1364 1759 mentis
1380 1736 1479 1759 nostra:
1493 1732 1699 1760 imbecillitatem
1713 1734 1763 1762 hoc
1776 1743 1853 1762 enar-

1064 1775 1174 1802 rationis
1199 1780 1408 1810 temperamento
1430 1777 1512 1805 fuisse
1535 1785 1623 1812 usum,
1648 1779 1709 1806 vide
1723 1781 1857 1814 queniodo

1064 1821 1172 1848 tonitrui
1187 1821 1266 1854 ﬁlius,
1283 1830 1341 1848 cum
1354 1822 1408 1857 jam
1425 1822 1560 1850 hominum
1578 1832 1661 1858 genus
1675 1825 1707 1852 ad
1733 1826 1855 1853 virtutem

1069 1866 1235 1901 profecisset,
1250 1867 1365 1902 nonjam
1376 1867 1426 1895 hac
1441 1868 1482 1895 via
1497 1868 1668 1903 ingrediatur,
1685 1871 1730 1897 sed
1750 1871 1776 1898 in
1790 1871 1855 1899 sub-

1065 1911 1194 1939 limiorem
1211 1912 1388 1940 eruditionem
1414 1913 1561 1941 auditorem
1584 1915 1722 1942 subducat.
1744 1916 1809 1943 Nam
1829 1922 1857 1944 ut

1062 1958 1127 1985 dixit
1143 1967 1150 1984 :
1169 1958 1201 1985 In
1217 1959 1341 1993 principio
1356 1963 1408 1986 erat
1428 1959 1545 1993 Verbum,
1557 1964 1580 1986 et
1607 1961 1711 1988 Verbum
1725 1967 1777 1989 erat
1787 1964 1856 1997 apud

1063 2003 1154 2037 Deum,
1166 2009 1188 2030 et
1198 2003 1268 2031 Deus
1281 2009 1333 2031 erat
1346 2004 1453 2031 Verbum
1463 2005 1552 2041 (Joan.
1566 2007 1589 2032 1.
1605 2007 1640 2040 1);
1650 2015 1712 2034 mox
1727 2007 1834 2041 subjicit
1847 2017 1853 2034 :

1061 2050 1124 2077 Erat
1137 2051 1182 2077 tua:
1201 2058 1271 2084 vera,
1285 2058 1340 2085 qum
1354 2050 1481 2077 illuminat
1495 2059 1594 2078 omnem
1612 2053 1738 2079 hominem
1752 2054 1854 2080 venim-

1062 2101 1111 2122 tem
1125 2096 1282 2122 inmundum
1297 2095 1379 2131 (Ibid.
1394 2105 1417 2122 υ.
1432 2096 1471 2130 9).
1487 2096 1552 2125 Nam
1563 2097 1786 2132 quemadmodum
1803 2099 1853 2126 hoc

1062 2141 1120 2168 loco
1141 2141 1184 2168 lux
1200 2141 1250 2168 ista
1273 2141 1407 2168 sensibilis
1428 2146 1563 2176 praecepto
1588 2143 1693 2170 Domini
1714 2144 1851 2179 producta,

1063 2187 1188 2215 tenebras
1202 2187 1262 2214 illas
1276 2186 1392 2213 visibiles
1405 2187 1543 2214 abscondit
1557 2197 1563 2215 ε
1575 2188 1613 2215 sic
1626 2193 1652 2216 et
1671 2189 1714 2216 lux
1733 2191 1854 2218 mentalis

1061 2232 1185 2260 tenebras
1198 2239 1319 2259 errorum
1331 2231 1466 2266 eﬁ‘ugavit,
1483 2237 1510 2260 et
1523 2233 1556 2260 ad
1570 2235 1708 2262 veritatem
1723 2235 1853 2272 errabun-

1060 2279 1108 2306 dus
1122 2279 1287 2306 manudnxit.

1094 2325 1120 2352 5.
1137 2324 1316 2359 Suscipiamus
1330 2332 1393 2360 ergo
1405 2323 1554 2359 gratissimo
1569 2324 1657 2350 animo
1668 2324 1711 2351 illa
1725 2332 1739 2351 a
1754 2324 1850 2352 divinis

1059 2370 1203 2404 Scripturis
1227 2370 1404 2402 documenta,
1429 2373 1504 2396 etne
1530 2369 1703 2396 adversentur
1727 2370 1852 2401 veritati,

1060 2424 1146 2451 neque
1162 2416 1187 2442 in
1203 2416 1319 2443 tenebris
1336 2422 1490 2443 maneamus
1507 2423 1513 2440 :
1528 2415 1574 2442 sed
1595 2415 1627 2441 ad
1653 2415 1738 2441 lucem
1756 2423 1852 2449 propc-

1058 2469 1157 2494 remus,
1172 2468 1366 2496 operemnrque
1379 2460 1456 2495 digna
1468 2460 1526 2487 luce
1535 2464 1561 2487 et
1571 2459 1624 2491 die,
1637 2460 1705 2485 sicut
1719 2459 1852 2497 etJ‘aulus

1059 2509 1200 2542 admonet,
1221 2507 1313 2535 dicens
1339 2516 1345 2534 :
1372 2507 1444 2534 Sicut
1467 2507 1492 2533 in
1513 2506 1552 2532 die
1573 2506 1675 2531 honeste
1696 2505 1851 2532 ambulemus

1059 2555 1146 2591 (Itoni.
1163 2553 1277 2589 15.15),
1291 2559 1318 2581 ct
1331 2561 1363 2580 ne
1376 2559 1517 2587 operemur
1530 2559 1608 2586 opera
1622 2551 1801 2578 tenebrarum.
1819 2550 1851 2577 Et

1058 2602 1164 2635 uocauit,
1192 2600 1296 2635 inquit,
1318 2599 1385 2626 Deus
1399 2599 1477 2626 lucem
1500 2598 1581 2628 diem,
1597 2602 1619 2624 et
1635 2597 1747 2624 tenebras
1757 2597 1850 2624 uocauit

1058 2652 1164 2674 noctem.
1181 2645 1233 2673 Sed
1246 2644 1317 2680 quod
1330 2643 1412 2670 ferme
1423 2650 1472 2669 nos
1484 2642 1657 2676 praeterierat,
1670 2642 1848 2669 necessarium

1058 2692 1136 2719 fuerit
1152 2692 1247 2719 iterum
1264 2695 1395 2724 repetere.
1422 2687 1486 2714 Nam
1502 2691 1640 2722 postquam
1655 2687 1774 2719 dixerat,
1792 2686 1848 2712 Fiat

1057 2739 1101 2765 lux
1114 2741 1136 2763 rt
1149 2738 1216 2772 facta
1230 2739 1264 2761 est
1278 2734 1331 2765 lux,
1353 2733 1492 2768 suhjnnvit
1503 2740 1511 2759 :
1522 2733 1549 2760 4.
1567 2732 1598 2759 Et
1609 2733 1670 2759 vidit
1681 2732 1747 2759 Deus
1758 2731 1848 2763 lucem,

1045 2783 1122 2818 ‘quod
1136 2782 1198 2808 bona
1213 2783 1286 2807 esset.
1302 2778 1369 2806 Vide
1383 2786 1473 2813 quaeso
1488 2777 1540 2810 hic,
1555 2777 1660 2810 dilecte,
1678 2784 1756 2811 quam
1780 2781 1840 2803 teml

1060 2833 1148 2863 perata
1171 2825 1309 2854 verborum
1335 2825 1412 2853 ratio.
1431 2824 1501 2858 Quid
1519 2825 1618 2860 igitur?
1632 2832 1664 2852 an
1684 2823 1837 2858 priusquam
