2066 3126
191 132 224 158 55
562 128 589 156 S.
612 128 649 156 JO
658 126 748 154 \NNIS
768 125 1004 153 CllltYSOSTONII
1026 125 1184 154 ARClllEP.
1205 127 1471 156 CONSTANTINUP.
1796 127 1827 156 56

193 191 266 217 fit-ret
282 188 326 216 lux
338 210 344 222 ,
362 186 496 215 ltC:(‘lcbttl
511 194 570 214 eam
584 185 680 212 bonam
697 184 810 211 futuram
824 191 830 215 ;
847 183 893 210 sed
909 187 982 218 post-

193 243 271 268 quam
292 233 420 270 producta
437 233 495 265 fuit,
517 241 549 260 ex
570 236 677 266 aspectu
693 231 806 265 primum
821 229 914 264 Opifex
930 229 986 264 pul-

191 279 369 307 chritudinem
383 284 410 306 et
424 279 569 306 bonitatem
583 277 641 312 ejus
655 276 789 311 producta:
805 274 942 310 perecpit?
954 275 986 302 Et

190 326 249 360 quis
261 333 333 353 sana:
344 325 440 352 mentis
453 324 505 352 tale
518 323 652 359 quidpiam
667 321 782 349 dixerit?
793 320 858 348 Natu
871 321 893 347 si
905 320 986 347 homo

190 371 234 407 qui
251 371 348 406 aliquid
366 379 412 406 per
424 374 508 397 artem
522 374 657 404 operatur,
673 368 826 403 priusquam
844 366 986 394 fabricetur

190 417 261 452 quod
278 417 333 444 vult
348 417 435 444 facere
447 437 454 449 ,
470 419 497 443 et
513 415 665 450 priusquam
686 413 811 441 eliormet
822 433 830 446 ,
847 412 896 439 scit
910 419 986 439 usunt

192 463 250 497 ejus
270 463 341 499 quod
358 463 497 490 elaborare
512 461 605 488 statuit
621 470 627 487 :
645 463 743 495 quanto
765 459 850 494 magis
867 459 986 486 omnium

191 510 295 545 Opifcx,
311 509 355 545 qui
365 509 446 536 verbo
460 508 549 536 omnia
564 515 598 534 ex
611 506 694 534 ttihilo
705 510 734 533 ut
750 509 842 533 essent
853 504 985 540 produxit,

193 557 295 585 sciebat
307 561 448 591 antequam
472 556 557 583 lucem
582 553 697 587 faceret,
721 560 779 579 eam
795 559 855 579 esse
868 552 984 579 bonam!

191 603 279 636 Quare
300 610 364 638 ergo
383 602 433 629 hac
453 601 569 628 dictione
595 607 658 626 usus
681 598 742 626 est?
765 597 945 628 Demittitse,
961 600 987 622 et

191 647 336 676 secundum
359 647 502 674 humanam
518 643 739 672 consuetudinem
764 642 820 669 hmc
840 641 929 669 omnia
946 640 984 667 lo-

190 694 280 729 quitur
293 693 385 720 beatus
398 692 443 719 ille
458 690 595 726 propheta.
611 689 644 716 Et
658 686 883 723 quemadmodum
898 685 985 712 homi-

192 746 238 766 nes
252 746 313 766 cum
327 737 425 773 aliquid
436 743 531 771 magno
549 735 637 762 studio
651 732 855 766 elaboraverint,
869 736 896 759 et
907 732 986 758 finem

191 784 325 812 laboribus
337 784 392 811 suis
417 782 608 817 imposuerint,
623 785 686 808 tunc
705 779 812 807 tandem
835 786 882 814 per
904 786 986 813 expe-

191 831 312 858 rientiam
325 834 352 857 et
367 829 550 864 probationem
565 834 632 862 opus
648 827 771 854 laudibus
781 826 910 854 extollunt
928 835 934 854 :
947 826 982 852 ita

191 881 219 904 et
233 876 321 904 divina
336 875 472 910 Scriptura
489 881 570 907 nunc,
587 881 646 901 cum
663 880 691 901 se
716 872 750 900 ad
766 877 916 900 nostrarum
932 880 981 898 au-

192 923 261 950 riqu
274 922 455 950 infirmitatem
481 920 606 953 demisit,
635 923 663 946 et
686 919 753 946 dixit
768 927 774 945 :
790 918 824 945 Et
841 918 902 945 vidit
916 917 986 945 Deus

191 969 291 1000 lucem,
312 967 380 1002 quod
393 967 457 994 bona
471 970 550 998 esset,
575 969 637 992 tunc
652 963 765 998 subjecit
786 972 792 990 :
817 963 850 990 Et
873 963 988 990 distinxit

192 1013 262 1041 Deus
275 1014 339 1040 inter
356 1013 436 1040 lucem
450 1033 457 1045 ,
485 1017 508 1039 et
529 1012 594 1039 inter
609 1010 720 1038 tenebras
740 1017 750 1036 .'
769 1014 792 1037 et
808 1009 902 1036 vocavit
920 1009 989 1036 Deus

194 1062 274 1088 lucem
286 1061 363 1092 diem,
375 1065 398 1087 et
414 1059 526 1086 tenebras
537 1059 632 1086 vocavit
645 1063 751 1090 noctem,
766 1062 793 1085 et
805 1064 880 1084 suam
892 1057 988 1092 cuique

193 1107 329 1142 regionem
349 1105 483 1133 distribuit
505 1113 512 1131 ε
534 1112 595 1131 nam
611 1103 644 1131 ab
658 1103 734 1130 initio
747 1103 845 1137 cuique
857 1109 921 1130 suos
936 1107 988 1130 ter-

193 1154 281 1181 minos
294 1152 407 1188 prazlixit
419 1172 427 1185 ,
443 1158 511 1187 quos
531 1155 659 1186 perpetuo
680 1150 780 1185 absque
799 1150 988 1185 impedimento

192 1198 348 1226 custodiret.
362 1197 391 1225 ld
406 1196 475 1232 quod
486 1196 605 1230 cuilibet,
618 1196 662 1231 qui
676 1201 749 1223 recte
761 1195 855 1230 sapiat,
867 1195 988 1223 contueri

193 1245 275 1278 licet,
295 1243 430 1279 quomodo
453 1250 488 1270 ex
513 1249 546 1270 eo
570 1246 689 1277 tempore
711 1248 795 1276 usque
820 1241 845 1268 in
870 1248 988 1276 prmsens

196 1297 283 1324 neque
311 1289 355 1316 lux
386 1288 516 1316 terminos
544 1295 609 1315 suos
637 1292 801 1321 transgressa
825 1287 876 1319 sit,
903 1294 989 1321 neque

199 1335 317 1363 tenebrae
331 1341 408 1361 suum
423 1333 543 1361 ordinem
566 1333 745 1368 prmterierint
757 1353 764 1366 ,
787 1332 943 1360 confusione
962 1337 990 1360 et

195 1380 394 1415 perturbatione
416 1378 530 1414 quadam
553 1378 713 1406 introducta.
738 1377 809 1406 Sane
832 1377 883 1406 ltoe
906 1386 988 1406 unum

194 1426 303 1462 ingratis
317 1426 371 1453 illis
385 1425 509 1453 Sufficere
524 1424 652 1458 deberet,
666 1428 695 1451 ut
707 1423 846 1452 crederent
858 1428 886 1452 et
897 1424 989 1452 obedi-

193 1476 254 1500 reut
280 1472 312 1500 iis
334 1479 393 1506 qua:
414 1478 430 1498 a
450 1471 538 1498 divina
559 1470 695 1506 Scriptura
719 1469 787 1497 dicta
803 1474 887 1497 sunt:
903 1470 940 1498 ita
962 1474 990 1497 ut

195 1517 238 1545 vel
270 1516 402 1544 elementa
426 1516 579 1548 imitantes,
608 1523 668 1551 qua:
697 1522 805 1543 cursum
831 1515 990 1543 inoffensum

195 1567 324 1598 perpetuo
352 1565 481 1596 servant,
509 1561 646 1589 dimensus
681 1561 808 1588 terminos
841 1567 905 1589 suos
936 1568 989 1589 non

194 1609 463 1644 pnetergrediantur,
494 1608 541 1636 sed
569 1612 715 1643 agnoscant
747 1607 883 1642 propriam
913 1612 990 1635 natu-

196 1663 264 1682 ram.
290 1654 359 1682 Exin
382 1658 522 1689 postquam
547 1653 651 1688 utrique
673 1660 750 1680 suum
775 1660 871 1680 nomen
893 1652 988 1685 dedit,

195 1706 338 1735 utrumque
359 1700 386 1727 in
406 1703 487 1727 unum
507 1699 635 1734 copulans
649 1698 728 1731 dicit,
750 1699 778 1726 5.
794 1697 829 1724 Et
842 1700 937 1734 factum
954 1702 990 1725 est

197 1754 308 1781 vespere,
322 1750 345 1772 et
366 1747 461 1780 factum
474 1749 509 1772 est
524 1752 614 1776 mane,
631 1743 683 1770 diu
699 1752 773 1770 unus.
790 1743 882 1771 Finem
896 1743 948 1771 diei
963 1749 990 1771 et

198 1793 279 1819 tinem
300 1791 385 1818 noctis
400 1798 481 1818 unum
497 1797 623 1825 expresse
645 1789 807 1821 nominavit,
823 1793 851 1816 ut
869 1790 988 1816 ordinem

196 1837 314 1872 aliquem
325 1841 351 1864 et
361 1836 578 1872 consequentiam
592 1840 723 1863 statueret
734 1835 886 1869 visibilium,
899 1836 984 1863 nulla-

198 1889 252 1918 que
262 1882 337 1909 fieret
349 1880 480 1910 emtfusio.

229 1927 280 1955 Cur
290 1927 360 1954 Deus
378 1936 429 1954 non
445 1927 531 1954 omnia
538 1926 615 1954 simul
622 1934 672 1953 uno
679 1926 719 1953 die
727 1926 890 1961 produxerit;
898 1931 989 1954 contra

193 1981 235 2001 eos
247 1974 382 2009 quiomm'a
391 1973 494 2008 fortuito
508 1972 563 2007 ﬁeri
581 1971 678 1998 dicunt.
692 1986 728 1991 ——
745 1971 842 1999 Verum
853 1971 988 2000 discamus

194 2024 299 2055 oportet
311 2027 326 2047 a
340 2011 445 2055 Spiritu]
455 2023 548 2046 sancto
563 2026 611 2053 per
621 2018 737 2053 linguam
754 2017 824 2045 beati
839 2018 917 2052 hujus
928 2026 989 2053 pro-

195 2066 292 2101 ρΙιυιαε,
308 2073 367 2100 quae
376 2065 461 2099 primo
473 2064 517 2092 die
529 2063 636 2091 condita
651 2067 724 2096 sunt,
735 2067 763 2090 et
774 2070 833 2098 qua:
844 2063 912 2090 aliis.
923 2063 988 2090 Nam

196 2117 224 2140 et
237 2111 307 2139 istud
321 2111 407 2146 ipsum
422 2110 583 2138 clementem
595 2109 677 2136 Deum
691 2116 751 2136 sese
768 2113 988 2143 attemperantem

196 2157 314 2186 exhibet.
324 2155 414 2190 Neque
426 2155 498 2183 enim
509 2155 585 2189 inops
597 2158 655 2181 erat
666 2154 833 2188 omnipotens
847 2153 916 2181 illius
931 2161 988 2180 nta-

196 2210 246 2230 uus
259 2207 286 2229 et
301 2201 404 2228 infinita
426 2200 566 2234 sapientia,
581 2203 610 2226 ut
626 2206 679 2226 non
696 2202 786 2233 posset
798 2206 850 2226 uno
860 2198 903 2226 die
927 2206 989 2233 pro-

196 2248 295 2275 ducere
314 2246 413 2273 omnia.
431 2245 499 2279 Quid
519 2245 589 2277 dico,
603 2252 657 2271 uno
670 2244 735 2272 die?
757 2244 789 2271 Et
804 2244 917 2279 simplici
931 2252 988 2272 mo-

197 2297 287 2321 mento
301 2295 414 2327 poterat.
432 2290 484 2318 Sed
504 2290 719 2325 quandoquidem
733 2297 779 2318 res
792 2297 845 2317 non
865 2290 900 2318 ob
914 2297 989 2318 suam

198 2338 339 2366 utilitatem
360 2336 502 2371 produxit;
517 2343 602 2370 neque
613 2335 683 2362 enim
698 2335 750 2362 ulla
764 2343 793 2362 re
808 2343 875 2370 opus
890 2335 987 2368 habet;

196 2384 243 2412 sed
258 2383 292 2410 ob
305 2389 380 2410 suam
394 2381 584 2416 benignitatem
599 2385 626 2408 et
640 2380 785 2408 bonitatem
801 2380 919 2408 condidit
929 2389 987 2408 etn-

195 2430 239 2456 nia
261 2438 267 2456 :
288 2428 387 2457 idcirco
401 2427 569 2455 successione
583 2426 696 2461 quadam
711 2431 738 2453 et
761 2434 808 2461 per
823 2431 912 2461 partes
923 2434 986 2454 con-

195 2475 272 2510 didit,
284 2478 312 2502 et
325 2473 473 2502 doctrinam
493 2473 570 2500 nobis
592 2471 760 2499 manifestam
781 2471 815 2499 de
830 2472 909 2499 rebus
922 2479 987 2499 cou-

196 2522 259 2549 ditis
275 2529 324 2556 per
347 2520 464 2556 tinguant
479 2518 550 2547 beati
563 2517 642 2553 hujus
665 2518 802 2552 prophetae
825 2517 943 2550 tradidit,
961 2522 989 2544 ut

198 2568 254 2594 haec
268 2570 391 2594 accurate
404 2565 486 2598 docti,
500 2572 554 2591 non
575 2563 721 2591 incidamus
732 2563 758 2590 in
773 2570 865 2590 eorum
880 2568 988 2590 senten-

198 2613 260 2640 tiam
274 2611 318 2646 qui
332 2610 455 2638 humanis
478 2609 623 2637 ratiociniis
645 2613 794 2636 moventur.
809 2608 838 2636 Si
862 2615 987 2643 namque,

199 2658 240 2686 his
257 2658 301 2684 illo
319 2655 399 2684 modo
420 2656 544 2690 peractis,
568 2663 621 2683 non
644 2655 741 2682 desunt
755 2654 799 2690 qui
814 2654 922 2681 fortuito
946 2661 989 2682 res

199 2710 294 2730 omnes
308 2702 392 2730 {30135
406 2708 465 2729 esse
480 2705 601 2728 asseraut
618 2710 624 2728 ε
641 2701 664 2728 Si
678 2708 730 2728 non
746 2705 798 2727 tam
815 2704 988 2734 attemperata

200 2748 311 2776 docendi
326 2748 429 2775 ratione
445 2755 493 2775 nos
506 2746 629 2782 dignatus
636 2751 719 2779 esset,
736 2746 798 2781 quid
810 2754 861 2773 non
878 2745 989 2772 fuissent

202 2793 270 2824 ausi,
296 2792 342 2827 qui
353 2792 462 2820 adersus
474 2792 587 2820 salutem
605 2799 679 2820 suam
690 2798 802 2826 qumque
815 2795 842 2819 et
858 2789 947 2818 dicere
962 2795 989 2819 ct

198 2838 284 2866 facere
298 2837 404 2866 student
420 2839 430 2865 ’ἒ

1077 183 1102 210 4.
1124 183 1192 217 Quid
1206 185 1276 212 enim
1292 185 1414 213 miserius
1433 190 1459 213 et
1473 185 1638 221 iusipientius
1648 185 1687 218 iis,
1704 186 1747 222 qui
1769 188 1828 215 talia

1039 229 1127 257 dicere
1147 234 1288 263 attentam,
1303 235 1328 258 et
1344 231 1478 258 affirmant
1497 239 1539 259 res
1553 232 1660 260 fortuito
1678 232 1744 265 fieri,
1759 232 1829 260 frau-

1038 274 1154 310 dantque
1173 283 1280 303 omnem
1292 278 1453 304 creationem
1468 277 1556 305 divina
1568 278 1732 312 providentia
1746 279 1757 305 ?
1772 280 1829 312 Quo

1041 325 1117 355 pacto
1136 321 1206 348 enim
1230 323 1326 350 rationi
1347 329 1556 351 consentaneum
1575 324 1663 357 fuerit,
1688 325 1741 358 dic,
1769 334 1827 358 oro,

1041 371 1112 393 tanta
1136 367 1277 402 elententa,
1300 373 1327 396 et
1351 373 1453 396 tantum
1469 374 1590 406 ornatum
1617 371 1718 406 absque
1741 371 1830 406 aliquo

1039 413 1207 441 moderatore
1221 419 1249 442 et
1262 414 1350 442 omnia
1363 421 1538 444 conservattte
1554 417 1696 451 gubernari
1710 417 1721 443 ?
1736 417 1768 444 Et
1784 425 1828 444 tta-

1039 460 1080 487 vis
1091 468 1233 494 ttumquam
1245 461 1341 495 poterit
1355 461 1456 497 absque
1477 463 1654 497 gubernatore
1675 463 1756 490 maris
1780 462 1828 489 ﬂu-

1039 509 1097 533 ctus
1116 513 1263 540 permeare,
1278 507 1406 543 milesque
1425 508 1491 535 nihil
1504 513 1641 536 strenuum
1654 513 1681 536 et
1694 510 1829 544 egregium

1039 551 1140 586 absqt'e
1164 554 1285 586 praetoris
1309 553 1390 580 ductu
1412 558 1438 581 et
1453 554 1577 588 auspiciis
1599 554 1676 589 gerit,
1692 559 1719 582 et
1733 554 1829 582 domus

1039 602 1162 625 constare
1190 599 1283 633 nequit
1298 619 1305 631 ,
1327 599 1377 626 nisi
1404 599 1473 626 adsit
1487 598 1531 634 qui
1546 607 1604 626 eam
1617 599 1784 627 administret
1799 600 1806 615 ¹
1822 609 1828 625 .-

1040 644 1154 672 mundus
1176 649 1264 672 autem
1281 646 1324 673 hic
1339 645 1496 679 immensus,
1513 650 1540 674 ct
1561 646 1754 673 elementorum
1769 646 1830 673 illo-

1039 697 1098 717 rum
1121 695 1239 724 ornatus,
1256 691 1364 718 fortuito
1379 697 1405 719 et
1425 696 1525 719 temere
1540 691 1601 719 ferri
1622 690 1738 726 poterit,
1758 691 1831 719 nullo

1039 736 1185 764 exsistente
1208 737 1252 772 qui
1273 738 1361 768 omnia
1388 737 1472 772 possit
1497 737 1642 771 moderari,
1665 742 1692 765 et
1716 737 1760 772 qui
1784 743 1832 770 per

1039 789 1113 809 suam
1135 782 1292 816 sapientiam
1307 790 1338 810 ea
1358 783 1493 810 contineat
1507 787 1534 811 et
1545 783 1711 810 conservet?
1732 783 1830 810 Verum

1039 827 1102 863 quid
1117 828 1227 856 ulterius
1248 829 1434 856 contendimus
1454 829 1505 857 illis
1523 829 1635 863 probare
1659 836 1701 862 ea,
1728 836 1786 864 qua-
1806 833 1831 856 et

1041 874 1128 908 cmeis,
1151 879 1179 901 ut
1201 874 1227 901 in
1243 874 1384 909 proverbio
1397 879 1446 907 est,
1460 875 1597 909 perspicua
1611 874 1693 907 sunt?
1708 874 1831 901 Attamen

1040 927 1074 946 ne
1085 919 1238 947 omittamus
1249 928 1398 955 proponere
1413 921 1452 948 eis
1466 921 1614 948 doctrinam
1623 921 1830 956 Scripturarum,

1040 964 1087 992 sed
1103 972 1182 992 omne
1201 965 1386 1001 impendamus
1410 967 1538 1000 studium,
1562 971 1590 994 ttt
1611 967 1645 994 ab
1656 975 1746 995 errore
1766 967 1832 996 libe-

1041 1010 1102 1043 rati,
1114 1009 1148 1037 ad
1159 1011 1295 1038 veritatem
1304 1011 1476 1039 reducantur.
1489 1012 1552 1040 Nam
1564 1012 1717 1040 licetadhuc
1730 1020 1832 1048 prame-

1041 1057 1129 1091 cupati
1144 1057 1281 1085 erroribus
1295 1057 1358 1092 sint,
1374 1058 1493 1093 ejusdem
1508 1063 1606 1090 tamen,
1623 1059 1698 1094 cujus
1713 1067 1771 1093 nos,
1784 1067 1831 1095 ge—

1041 1103 1113 1130 neris
1128 1106 1190 1130 sunt
1211 1111 1217 1130 :
1233 1107 1260 1131 et
1274 1110 1320 1138 par
1335 1109 1374 1131 est
1390 1109 1419 1131 ut
1433 1111 1556 1140 magnam
1571 1112 1663 1132 eorum
1679 1113 1769 1133 curam
1784 1105 1832 1132 ha-

1041 1147 1159 1181 beamus,
1176 1155 1318 1184 numquam
1327 1153 1517 1184 torpesccntes,
1526 1150 1572 1178 sed
1581 1150 1716 1185 diligentia
1729 1159 1832 1178 summa

1042 1193 1169 1222 facientes
1180 1202 1211 1222 ea
1224 1203 1282 1230 qua:
1292 1195 1318 1222 itt
1332 1195 1409 1222 nobis
1421 1201 1494 1229 sunt,
1512 1196 1602 1224 utilem
1613 1197 1663 1224 illis
1674 1197 1832 1224 medicinam

1042 1240 1226 1274 adhibeamus,
1252 1245 1280 1268 ut
1303 1241 1396 1269 saltem
1419 1242 1525 1270 tandem
1541 1243 1684 1278 aliquando
1697 1243 1729 1270 ad
1743 1251 1833 1271 verum

1041 1286 1181 1314 sanitatem
1197 1287 1316 1315 redeant.
1332 1287 1402 1315 Nihil
1416 1289 1486 1316 enim
1501 1289 1535 1315 ita
1551 1294 1626 1316 curat
1639 1289 1720 1321 Deus,
1733 1294 1760 1316 ut
1773 1290 1833 1316 aui-

1042 1340 1144 1360 marum
1167 1333 1291 1361 salutem.
1309 1333 1336 1362 ld
1356 1335 1453 1362 clamat
1465 1335 1571 1368 Paulus,
1588 1335 1681 1363 dicens
1698 1344 1704 1361 :
1719 1335 1769 1369 Qui
1781 1336 1834 1362 uult

1042 1387 1127 1407 omnes
1149 1380 1261 1407 homines
1277 1381 1360 1408 salvos
1377 1381 1442 1415 ﬁeri,
1465 1386 1489 1409 et
1502 1382 1536 1408 ad
1550 1382 1702 1417 agnitionem
1723 1383 1834 1410 veritatis

1042 1425 1125 1452 venire
1140 1426 1178 1461 (l.
1195 1424 1261 1452 Tim.
1280 1425 1307 1452 2.
1322 1427 1362 1461 ι).
1379 1426 1411 1453 Et
1425 1427 1521 1454 iterum
1537 1427 1607 1455 Deus
1621 1427 1676 1462 ipse
1690 1428 1727 1455 ait
1741 1437 1747 1456 :
1764 1427 1833 1455 Nolo

1042 1475 1147 1497 mortem
1162 1472 1310 1505 peccatoris,
1330 1472 1374 1499 sed
1387 1479 1414 1499 ut
1427 1478 1595 1507 convertatur,
1613 1478 1636 1500 et
1647 1474 1713 1501 vivat
1726 1474 1832 1509 (Each.

1042 1516 1086 1544 18.
1098 1517 1155 1553 25).
1170 1517 1282 1552 PrOpter
1293 1519 1342 1546 hoc
1354 1519 1433 1546 etiam
1445 1524 1566 1547 naturam
1581 1519 1650 1548 hanc
1657 1528 1764 1548 omnem
1773 1528 1834 1556 pro-

1041 1561 1128 1596 duxit,
1143 1567 1171 1591 et
1186 1570 1235 1590 nos
1249 1563 1386 1597 formavit,
1397 1571 1448 1592 non
1463 1569 1492 1592 ut
1504 1572 1655 1600 pereamus,
1672 1573 1758 1602 neque
1771 1567 1833 1594 utin

1041 1609 1199 1644 supplicium
1213 1616 1262 1637 nos
1275 1610 1377 1643 mittat;
1391 1610 1439 1638 sed
1454 1615 1481 1637 ut
1497 1610 1584 1638 salvos
1599 1611 1688 1644 faciat,
1704 1616 1732 1639 et
1743 1612 1777 1639 ab
1787 1619 1833 1639 er-

1042 1661 1103 1682 rore
1114 1654 1243 1688 liberatis,
1269 1663 1351 1691 regno
1371 1656 1421 1683 frui
1446 1657 1523 1684 nobis
1538 1658 1676 1685 concedat.
1693 1658 1748 1685 Hoc
1761 1659 1832 1686 enim

1043 1699 1120 1727 nobis
1133 1701 1299 1735 praeparavit,
1316 1709 1369 1728 nott
1392 1710 1464 1730 nunc
1482 1708 1620 1738 postquam
1641 1703 1703 1732 facti
1729 1712 1832 1737 sumus,

1042 1745 1089 1774 sed
1108 1751 1171 1773 ante
1187 1746 1258 1780 jacta
1283 1746 1454 1774 fundamenta
1476 1749 1578 1780 mundi,
1594 1749 1662 1776 sicut
1674 1749 1731 1784 ipse
1746 1749 1810 1777 dicit
1825 1759 1831 1776 :

1047 1791 1143 1826 Venite,
1168 1792 1289 1820 benedicti
1311 1793 1397 1821 Patris
1418 1794 1477 1827 mei,
1499 1794 1525 1820 in
1539 1794 1710 1822 hwreditatem
1729 1795 1834 1830 accipite

1043 1843 1214 1872 praeparatum
1229 1838 1297 1865 vobis
1318 1846 1423 1873 regnum
1445 1843 1504 1866 ante
1521 1840 1725 1866 constitutionem
1745 1840 1834 1866 mundi

1044 1883 1150 1919 (Matth.
1163 1884 1208 1912 25.
1221 1885 1277 1920 54).
1291 1884 1356 1913 Vide
1370 1885 1559 1921 benignitatem
1571 1887 1685 1920 Domini,
1699 1887 1833 1922 quomodo

1041 1934 1183 1965 antequam
1194 1929 1354 1958 formarctur
1364 1931 1490 1964 mundus,
1501 1936 1528 1959 et
1539 1932 1730 1966 produceretur
1741 1932 1831 1966 homo,

1042 1975 1146 2003 infinita
1161 1976 1210 2011 ipsi
1232 1976 1301 2003 bona
1315 1977 1506 2011 pmparaverit
1524 1985 1530 2003 :
1546 1977 1692 2005 ostendens
1705 1984 1831 2012 quautam

1042 2023 1126 2050 nostri
1140 2022 1246 2058 generis
1260 2023 1452 2058 providentiam
1464 2028 1549 2058 gerat,
1566 2029 1593 2051 et
1606 2031 1635 2051 se
1648 2024 1766 2051 omnium
1787 2032 1832 2052 sa-

1043 2070 1126 2098 lutem
1136 2070 1214 2098 velle.

1082 2115 1141 2143 Non
1156 2121 1268 2143 nostram
1289 2115 1381 2148 solum,
1397 2116 1442 2143 sed
1457 2120 1480 2143 et
1499 2116 1608 2142 aliarum
1627 2116 1734 2143 ealtttetn
1745 2124 1836 2144 curare

1043 2162 1169 2189 debemus.
1182 2161 1321 2188 —Talem
1342 2161 1421 2196 igitur
1445 2160 1572 2189 habentes
1600 2161 1751 2195 Dominum,
1780 2166 1833 2190 tant

1043 2207 1252 2239 misericordem,
1268 2211 1321 2234 tam
1335 2207 1488 2242 benignum,
1504 2211 1556 2234 tam
1573 2211 1752 2240 mansuetum,
1773 2214 1832 2234 cmn

1043 2258 1151 2284 nostra).
1168 2257 1222 2280 tum
1240 2253 1350 2280 fratrum
1365 2257 1516 2279 nostrorum
1530 2253 1622 2280 salutis
1645 2260 1735 2280 cttram
1755 2261 1829 2288 gera-

1042 2308 1112 2327 mus.
1127 2299 1192 2327 Nam
1208 2304 1234 2327 et
1247 2299 1298 2326 hoc
1316 2303 1414 2326 nostrze
1436 2299 1529 2326 salutis
1543 2304 1728 2334 argumentum
1743 2300 1794 2327 erit
1805 2305 1832 2328 et

1042 2346 1158 2378 occasio,
1174 2345 1196 2372 si
1217 2353 1270 2372 non
1284 2345 1368 2372 solum
1383 2352 1430 2379 pro
1443 2344 1519 2372 nobis
1533 2344 1597 2379 ipsis
1611 2345 1729 2377 solliciti,
1746 2345 1791 2373 sed
1807 2349 1831 2372 et

1043 2391 1164 2427 proximo
1186 2391 1263 2418 utiles
1283 2390 1420 2422 fuerimus,
1441 2395 1467 2417 et
1482 2390 1566 2425 ipsum
1579 2389 1613 2417 ad
1627 2390 1696 2417 viam
1713 2391 1831 2418 veritatis

1042 2439 1213 2466 deducamus.
1242 2437 1275 2464 Et
1299 2440 1328 2464 ut
1347 2436 1434 2464 discas
1454 2440 1581 2471 quantum
1605 2436 1703 2463 bonum
1719 2436 1753 2463 sit
1772 2444 1832 2463 cum

1042 2488 1134 2511 nostra
1147 2483 1259 2510 aliorum
1270 2483 1350 2509 etiam
1361 2482 1474 2509 salutem
1487 2481 1594 2514 lucrari,
1604 2482 1664 2508 audi
1678 2482 1834 2516 prophetam

1041 2538 1076 2557 ex
1092 2537 1204 2565 persona
1218 2528 1264 2556 Dei
1277 2528 1409 2555 dicentem
1427 2537 1433 2554 :
1449 2527 1499 2561 Qui
1512 2527 1594 2554 educit
1607 2528 1742 2562 pretiosth
1754 2535 1770 2554 a
1781 2528 1832 2560 vili,

1041 2577 1112 2613 quasi
1126 2585 1154 2604 οε
1175 2584 1257 2603 meum
1281 2576 1326 2603 erit
1349 2574 1414 2611 (Jer.
1430 2575 1473 2602 l5.
1489 2574 1544 2609 19).
1558 2573 1626 2607 Quid
1641 2573 1692 2601 ltoc
1706 2579 1747 2601 est
1761 2574 1772 2600 ?
1784 2574 1832 2607 Qui

1073 2657 1080 2672 ί
1100 2659 1163 2680 Unus
1173 2654 1324 2679 Colbertintts
1335 2653 1414 2678 codex
1430 2652 1505 2677 habet
1515 2658 1607 2681 vocem,
1620 2651 1780 2676 adtniniitrrt.
1791 2651 1832 2676 Alii

1041 2693 1127 2711 omnes
1137 2692 1191 2710 cum
1203 2686 1260 2710 Fditi
1271 2689 1321 2708 tum
1334 2688 1385 2708 Mss.
1397 2684 1486 2711 ferunt,
1499 2681 1611 2714 ardiﬁcet.
1625 2683 1671 2714 sed
1683 2688 1765 2714 veram
1777 2688 1835 2706 esse

1042 2717 1171 2742 lectionem
1178 2716 1308 2740 Colbertini
1318 2715 1408 2739 Codieis
1419 2714 1541 2738 existimo.
1549 2713 1683 2737 secundum
1695 2713 1764 2737 aliam
1776 2719 1835 2736 vero

1042 2748 1172 2772 lectionem
1184 2753 1231 2771 non
1243 2750 1322 2777 potest
1333 2746 1453 2777 sententia
1465 2744 1592 2777 quadrare.
1615 2747 1673 2767 Num
1684 2743 1833 2777 dicatttction

1042 2785 1114 2809 posse
1124 2778 1222 2802 domum
1233 2773 1376 2809 consistere,
1387 2776 1430 2800 nisi
1437 2773 1502 2809 adiit
1509 2776 1554 2809 qui
1567 2774 1632 2809 illam
1642 2773 1781 2809 construct?
1791 2775 1809 2809 lt
1815 2775 1836 2798 ii.-

1042 2804 1074 2833 ile
1083 2808 1208 2838 domojzuu
1220 2812 1310 2833 structa
1321 2808 1409 2838 agitur,
1420 2807 1460 2830 ubi
1474 2805 1554 2830 nullus
1565 2804 1626 2830 ultra
1632 2804 1781 2830 architectus
1791 2806 1834 2830 de—

1043 2839 1172 2865 sideratur.
