2066 3126
169 115 204 142 37
738 107 770 134 IN
789 107 864 134 CAP.
886 105 905 133 l.
925 105 973 134 ΟΕ

1026 105 1047 133 5.
1069 104 1182 133 nouit.
1205 104 1247 132 ιη.
1771 107 1804 135 εδ

170 169 205 197 ab
218 175 310 196 errore
320 166 352 193 ad
360 165 507 196 veritatem,
516 163 562 194 ait.
573 162 767 194 manuduxcrit,
777 162 817 189 vel
828 170 842 187 a
852 166 961 196 peccato

171 216 204 242 ad
220 219 346 241 virtutem
362 212 510 247 proximum
525 209 666 239 induxerit,
682 216 730 242 pro
745 208 812 234 virili
828 212 902 242 parte
913 207 958 233 lut-

171 268 250 288 maua
265 268 308 287 me
321 259 450 286 imitatur.
465 256 569 284 Etenim
580 256 636 291 ipse
648 262 707 282 cum
720 255 790 281 Deus
799 255 841 285 sit,
853 258 962 288 propter

170 306 237 334 nihil
250 305 320 332 aliud
335 308 452 331 nostram
464 302 549 329 induit
563 308 680 333 carnem,
693 304 720 327 et
734 304 841 334 propter
854 298 961 325 humani

170 351 278 386 generis
297 349 412 376 salutem
433 348 518 375 factus
531 352 572 374 est
591 347 680 373 homo.
696 345 749 373 Sed
769 345 830 379 quid
852 352 902 379 ego
915 352 979 370 no-.

171 402 254 424 stram
276 396 348 422 illum
364 393 481 421 induisse
502 400 609 420 carnem
623 392 694 424 dico,
713 395 861 425 ctetcraque
874 390 961 416 onmia

170 441 333 468 sustinuisse
355 441 481 471 humana,
497 437 604 473 quando
620 437 699 463 etiam
714 443 821 463 crucem
836 435 962 469 suscepit,

164 486 198 514 Ίιι
209 495 258 514 nos
269 490 378 522 peccato
390 485 520 512 obnoxios
530 491 545 510 a
559 483 699 510 maledicto
712 482 856 510 liberaret?
871 482 903 508 Et
914 481 964 508 hoc

170 541 277 568 qucque
301 532 396 559 Paulus
421 531 527 563 clamat,
550 529 663 556 dicens:
690 527 801 555 Christus
825 535 870 553 nos
891 526 964 553 rede-

170 580 217 605 mit
242 587 258 605 n
283 578 415 605 maledicto
438 577 510 611 legis,
532 578 614 611 factus
638 583 684 610 pro
710 574 780 601 nobis
804 573 964 600 maledictum

171 625 243 661 (Gal.
261 625 288 651 5.
303 625 359 658 15).
373 623 400 650 Si
416 623 494 657 igitur
509 622 575 656 ipse,
587 622 631 656 qui
648 621 716 648 Deus
730 625 771 648 est
783 625 810 661 et
825 619 965 647 incfl'abilis

171 671 314 702 essentiae,
337 670 373 696 ob
399 669 589 703 benignitatem
612 667 770 695 inclTabilctn
796 658 854 695 lucc
877 666 965 694 omnia

171 721 282 751 promer
304 707 355 742 nos
376 719 403 742 ct
421 719 529 749 propter
550 714 663 741 salutem
684 718 802 740 nostram
824 713 963 747 suscepit:

172 761 237 797 quid
252 769 306 788 non
329 768 345 787 a
372 760 448 788 nobis
462 767 567 795 acquum
581 764 622 786 est
634 763 762 794 prrcstare
774 766 836 794 erga
849 766 905 791 cos,
922 759 965 793 qui

173 809 278 842 cognati
292 811 354 834 sunt
365 814 397 834 ac
408 806 526 834 membra
542 810 642 836 nostra,
655 810 682 832 ut
695 811 803 840 ereptos
811 812 857 832 eos
869 812 901 832 ex
912 804 967 831 dia-

174 853 227 880 boli
251 852 381 885 faucibus,
398 852 423 879 in
439 851 507 878 viam
529 850 636 877 virtutis
650 849 830 877 inducamus?
851 849 916 876 Nam
939 854 968 876 ut

175 899 264 925 anima
285 905 397 932 corpore
412 896 580 931 prestantior
593 900 643 927 est,
661 896 695 922 ita
712 896 752 928 iis,
766 895 810 930 qui
825 895 963 930 indigenti-

175 945 226 973 bus
248 945 378 980 pecunias
401 948 428 971 et
450 943 587 970 facultates
613 942 795 977 suppeditant,
824 941 968 976 majoribus

175 992 293 1026 prmmiis
316 989 388 1026 digni
412 994 474 1017 sunt
494 989 523 1022 ii,
545 989 589 1023 qui
613 988 782 1014 admonendo
800 991 827 1014 et
842 987 967 1014 continue

175 1038 298 1065 docendo
312 1038 337 1064 in
351 1037 421 1064 viam
436 1041 537 1063 rectam
551 1035 660 1069 supinos
673 1039 700 1060 et
708 1033 814 1061 desides
829 1033 967 1066 inducunt,

175 1082 353 1110 monstrando
366 1082 404 1109 eis
421 1087 449 1108 et
459 1081 584 1108 vitiormn
598 1079 795 1106 deformitatem
810 1098 818 1111 ,
834 1083 860 1105 et
871 1078 968 1106 divina:

177 1129 284 1156 virtutis
297 1135 418 1163 magnam
432 1125 655 1162 pulchritudinem
667 1125 686 1151 ¹.

211 1176 238 1203 5.
256 1174 364 1202 Muralis
389 1173 540 1201 exhortatio.
563 1187 597 1192 -—
620 1172 682 1198 llmc
702 1171 780 1205 igitur
796 1170 884 1197 onmia
904 1177 964 1196 cum

175 1222 303 1254 sciamus,
317 1229 370 1256 pra:
383 1220 505 1247 omnibus
519 1219 579 1246 aliis
588 1218 665 1252 hujus
678 1217 738 1244 vita:
749 1217 820 1243 curis
835 1216 868 1243 de
882 1216 968 1243 salute

175 1269 273 1295 animm
288 1267 423 1302 proximos
443 1265 618 1300 alloquamur,
635 1263 756 1291 eamdem
772 1263 823 1290 illis
843 1262 969 1289 sollicitu-

175 1315 266 1342 dinem
280 1313 440 1348 ingerentes.
456 1311 578 1346 Optabile
591 1310 662 1337 enim
677 1329 685 1342 ,
701 1309 816 1344 optabile
832 1308 918 1343 plane,
942 1312 971 1334 ut

177 1359 277 1392 anima,
294 1358 336 1385 cui
361 1357 418 1384 lucc
437 1356 563 1384 continuo
588 1355 764 1385 inculcantur,
780 1353 865 1388 possit
879 1352 970 1380 reduci

176 1411 212 1431 ex
231 1403 330 1439 abysso
343 1402 486 1434 malorum,
501 1401 527 1428 in
544 1407 655 1436 quorum
673 1399 762 1426 medio
785 1405 932 1431 versamur,
946 1402 973 1425 et

177 1456 351 1484 compescere
371 1448 513 1476 affectuum
527 1467 535 1479 ,
558 1446 602 1481 qui
630 1449 759 1481 perpetuo
783 1444 899 1472 animam
926 1451 974 1471 no-

179 1500 262 1522 stram
284 1494 421 1526 infestant,
444 1493 625 1521 rebellionem.
641 1491 742 1518 Idcirco
764 1490 841 1517 nobis
854 1497 921 1524 opus
934 1493 975 1516 est

178 1548 275 1575 magna
297 1539 443 1574 vigilantia,
461 1538 587 1573 quoniam
607 1541 634 1565 et
653 1536 810 1564 continuum
832 1535 909 1562 nobis
932 1539 974 1562 cst

180 1587 293 1618 bellum,
316 1590 344 1613 et
367 1585 480 1612 induciae
500 1583 581 1611 nulla:
596 1592 603 1610 :
619 1582 732 1617 ideoque
751 1581 849 1608 Paulus
869 1580 974 1608 dicebat

180 1634 305 1670 Ephesiis
325 1633 446 1661 scribens
466 1641 473 1659 :
489 1631 549 1658 Non
563 1635 598 1658 est
615 1630 686 1658 nobis
701 1629 846 1656 colluctatio
855 1628 975 1656 adversus

179 1682 329 1715 sanguinem
344 1685 366 1706 et
388 1687 499 1712 carnem,
512 1678 557 1705 sed
571 1677 689 1704 adversus
702 1676 867 1711 principatus,
882 1674 973 1701 adver-

181 1736 223 1754 sus
233 1731 377 1762 potestates,
392 1725 510 1752 adversus
531 1723 619 1750 mundi
634 1723 760 1754 dominos,
776 1726 882 1748 rectores
905 1725 975 1747 tene-

180 1773 284 1799 brantm
303 1772 387 1798 amuli
402 1771 488 1806 hujus,
504 1770 626 1796 adversus
640 1767 784 1804 spiritualcs
805 1767 927 1800 nequitias
950 1766 976 1793 in

181 1817 321 1844 crclcstibus
334 1816 441 1852 (Ephes.
458 1815 484 1843 6.
501 1815 558 1849 12).
574 1813 612 1841 Nc
625 1813 794 1845 existimetis,
810 1812 856 1844 ait,
869 1811 976 1846 vulgare

182 1863 260 1890 nobis
273 1866 408 1889 certamen
423 1860 532 1895 proponi
550 1868 556 1886 :
572 1866 625 1886 non
640 1858 769 1886 adversus
793 1856 913 1892 ejusdem
927 1863 976 1891 ge-

182 1909 256 1936 neris
269 1907 437 1935 adversarios
452 1906 528 1933 nobis
541 1909 583 1933 est
595 1908 741 1937 certamen,
758 1911 843 1938 neque
857 1911 889 1930 ex
901 1909 977 1937 aequo

185 1955 319 1982 exercitus
333 1957 424 1980 noster
439 1952 584 1979 instructus
599 1955 650 1977 est.
665 1950 719 1977 Nos
734 1949 803 1977 enim
822 1949 866 1984 qui
882 1955 978 1983 corpo-

183 2001 258 2028 ribus
270 2007 363 2028 sumus
377 1998 487 2031 annexi,
503 1999 529 2024 in
548 2004 605 2025 acu:
619 1996 742 2024 collocati
759 2002 860 2027 sumus,
876 1999 904 2022 ut
917 2002 977 2022 cum

185 2045 354 2081 incorporcis
366 2044 508 2071 virtutibus
523 2042 697 2078 confligamus
713 2050 719 2068 :
733 2040 780 2068 sed
795 2048 827 2068 ne
844 2040 977 2068 timcatis:

185 2100 248 2120 nam
261 2091 324 2118 licet
338 2087 476 2125 inarqualis
499 2088 534 2115 sit
553 2095 651 2123 pugna,
675 2094 769 2120 magna
786 2090 873 2113 tamen
888 2092 979 2112 armo-

188 2145 248 2165 rum
262 2141 413 2163 nostrorum
425 2135 507 2161 virtus
520 2138 571 2161 est.
587 2132 728 2167 Subjungit
741 2132 812 2159 enim
827 2131 893 2164 hate,
905 2130 980 2164 quasi

186 2183 306 2211 diceret:
319 2181 448 2216 Quoniam
457 2180 568 2208 novistis
580 2179 695 2206 hostium
709 2183 839 2210 naturam,
853 2185 885 2204 ne
894 2177 982 2204 animo

187 2228 344 2261 concidatis,
358 2235 391 2255 nc
404 2226 558 2262 torpescalis
567 2225 598 2253 ad
609 2232 735 2260 pugnam;
747 2224 805 2262 sed,
820 2223 927 2258 Propter
937 2223 983 2250 hoc

187 2275 463 2309 suscipitearmaturam
473 2272 559 2306 Dei,ut
564 2271 662 2306 possitis
671 2271 782 2298 resistere
789 2261 886 2296 insidiis
891 2269 985 2296 diaboli

190 2321 300 2357 (Ephes.
320 2320 347 2348 6.
362 2319 419 2355 il).
433 2319 521 2346 Multa:
547 2318 617 2345 cnim
639 2317 696 2352 ejus
721 2321 783 2343 sunt
800 2314 913 2347 insidiae,
930 2314 982 2342 hoc
1003 2327 1013 2331 -

190 2371 233 2395 est
247 2367 307 2399 vice,
323 2373 371 2400 per
389 2372 454 2400 quas
467 2363 672 2399 negligentiores
687 2362 856 2397 supplantare
869 2360 962 2387 nititur
976 2368 983 2387 :

191 2419 258 2448 quas
278 2411 420 2445 diligenter
435 2416 598 2444 cognoscere
609 2415 697 2442 operm
710 2406 823 2441 pretium
838 2410 888 2437 cst,
904 2406 937 2431 ita
953 2409 983 2432 ut

191 2457 348 2492 eﬂ‘ugiamus
358 2455 415 2491 ejus
424 2459 545 2486 conatus,
556 2458 584 2481 et
594 2453 695 2480 nullum
707 2452 757 2487 ipsi
769 2452 916 2486 ingressum
927 2458 988 2486 per-

192 2504 339 2531 mittamus.
347 2501 415 2536 Quin
424 2505 450 2528 et
458 2501 553 2535 linguae
562 2497 802 2533 diligensltabenda
808 2501 848 2524 est
857 2496 987 2529 custodia,

193 2555 219 2578 et
229 2549 298 2576 oculi
312 2547 448 2575 muniendi
461 2550 533 2579 sunt,
545 2551 572 2573 et
584 2552 659 2572 mens
666 2543 812 2579 purganda,
824 2547 850 2569 et
859 2546 987 2577 perpetuo

195 2595 228 2622 ad
245 2601 359 2629 pugnam
380 2597 488 2628 paratos
504 2598 562 2618 esse
586 2589 723 2620 convenit,
743 2588 818 2623 quasi
832 2588 885 2614 fera
899 2587 987 2620 aliqua

196 2648 246 2669 nos
260 2639 388 2670 invadat,
404 2642 431 2665 et
442 2637 540 2664 ltedere
552 2639 673 2663 conetur.
692 2633 804 2668 Propter
818 2631 889 2667 quod
909 2631 988 2658 cat-le-

196 2687 245 2715 stis
259 2687 304 2714 illa
313 2685 412 2718 anima,
427 2683 518 2711 doctor
529 2681 656 2717 gentium,
670 2681 757 2714 lingua
767 2679 849 2710 orbis,
862 2677 927 2705 nihil
938 2684 987 2704 nor

199 2739 281 2768 agens
294 2739 343 2766 pro
356 2730 444 2758 salute
459 2728 658 2763 discipulorum,
673 2730 813 2761 postquam
830 2724 905 2756 dixit,
923 2723 982 2750 Acci

231 2821 241 2835 τ
257 2821 367 2853 Quinque
379 2823 443 2847 Mss,
456 2817 540 2842 bonum
550 2815 655 2844 odorem,
668 2820 719 2845 pro,
732 2810 944 2845 pulchritudinem.

1017 165 1070 195 ptte
1079 165 1236 187 armaturam
1258 159 1303 187 Dei
1316 169 1324 192 ;
1340 161 1435 188 iterum
1449 160 1567 196 subjicit,
1581 166 1609 190 et
1623 170 1672 190 nos
1686 163 1802 199 undique

1015 206 1148 239 muniens,
1175 211 1199 233 ct
1225 206 1336 233 invictos
1360 206 1471 240 faciens,
1487 208 1527 236 sic
1537 208 1602 236 dicit
1620 218 1627 236 :
1646 209 1718 237 State
1728 211 1803 245 igitur

1015 252 1119 278 accincti
1143 252 1234 279 lumbis
1255 252 1341 279 vestris
1360 253 1386 279 in
1407 253 1524 286 veritate,
1539 259 1562 280 et
1575 255 1657 282 induti
1677 257 1803 283 thoracem

1015 297 1075 332 ﬁdei
1089 298 1108 329 ¹,
1122 302 1145 324 et
1159 298 1262 325 calceoli
1283 298 1357 333 pedes
1375 302 1468 325 vestros
1480 299 1506 325 iu
1522 301 1705 334 prteparatione
1725 310 1802 329 evan-

1015 343 1073 378 gelii
1095 343 1173 378 pacis.
1198 343 1230 371 In
1255 344 1368 371 omnibus
1389 345 1507 371 assttntite
1519 349 1616 371 scutum
1634 346 1703 378 ﬁdet,
1717 347 1742 373 in
1757 356 1804 381 quo

1016 389 1116 424 possitis
1134 389 1218 416 omnia
1235 390 1285 417 tela
1307 390 1376 417 illius
1397 390 1477 426 ignita
1489 391 1655 426 exstinguere,
1670 397 1693 419 et
1705 394 1804 427 galeam

1015 434 1135 461 salutaris
1150 434 1264 469 accipite,
1276 439 1298 461 et
1311 435 1424 469 gladium
1439 435 1560 469 Spiritus,
1576 436 1643 470 quod
1655 441 1692 463 est
1706 438 1805 464 verbum

1017 479 1064 508 Dei
1088 479 1195 516 (Ep/tes.
1215 480 1242 507 6.
1266 479 1382 515 14-17).
1407 480 1502 508 Vidisti
1529 481 1663 516 quomodo
1687 482 1805 509 onmium

1018 526 1137 553 membra
1159 526 1317 558 muniverit,
1333 531 1360 553 et
1372 526 1446 561 quasi
1467 527 1492 553 in
1509 527 1627 560 praelium
1653 535 1805 563 egressuros

1019 571 1132 610 primum
1146 579 1212 598 zona
1225 572 1324 606 cingat,
1338 579 1391 606 quo
1406 571 1588 606 expeditiores
1600 573 1683 600 simus
1703 573 1736 600 ad
1747 581 1806 600 cur-

1018 623 1094 649 sum;
1110 616 1171 643 dein
1192 616 1283 644 induat
1296 624 1345 643 nos
1365 617 1484 649 thorace,
1499 625 1532 644 ne
1546 625 1560 643 a
1573 617 1669 652 jacnlis
1683 619 1807 645 vulnere-

1019 670 1087 695 mur,
1105 662 1151 689 sed
1162 667 1189 690 et
1203 662 1283 697 pedes
1297 663 1418 694 munivit,
1435 667 1461 689 et
1474 662 1592 698 undique
1605 663 1719 691 armavit
1733 663 1805 691 fide?

1020 707 1092 741 lla-c,
1110 708 1157 740 ait,
1181 707 1238 734 lucc
1252 707 1332 741 ignita
1345 707 1396 735 tela
1411 707 1496 734 hostis
1514 708 1683 743 exstinguere
1699 710 1806 743 poterit.

1019 753 1145 786 Qumnam
1157 757 1244 780 autem
1255 757 1317 780 sunt
1333 753 1384 780 tela
1397 753 1514 780 diaboli?
1528 753 1602 780 Millil!
1616 754 1806 788 concupiscent.

1021 798 1073 830 tiae,
1088 798 1230 825 immunda
1239 799 1424 833 cogitationes,
1436 799 1580 834 perniciosi
1591 799 1711 831 allectus,
1725 799 1806 832 furor,

1020 844 1176 876 invidentia,
1192 843 1300 877 invidia,
1314 844 1362 877 ira,
1375 844 1476 877 odium,
1488 845 1607 879 pecunia:
1618 847 1808 880 concupiscen-

1022 890 1066 923 tia,
1081 895 1108 918 et
1127 894 1222 917 cmtera
1235 890 1322 917 omnis
1337 890 1448 925 ignavia.
1466 890 1537 922 ll:rc,
1551 891 1597 923 ait,
1611 892 1700 918 omnia
1712 892 1810 918 exstin'

1019 943 1102 970 gnere
1121 935 1216 969 poterit
1238 935 1342 970 gladius
1362 935 1484 970 Spiritus.
1501 935 1534 962 Et
1546 935 1609 970 quid
1624 936 1693 970 dico,
1707 938 1809 964 exstin—

1021 980 1120 1015 guere?
1144 980 1230 1007 Etiam
1251 980 1335 1014 ipsum
1358 980 1443 1006 hostis
1463 985 1690 1015 caputamputarc
1702 982 1810 1008 valebit.

1024 1026 1116 1054 Vidisti
1138 1026 1272 1062 quomodo
1287 1026 1421 1054 roboravit
1436 1026 1579 1061 discipulos
1593 1027 1604 1054 ?
1618 1027 1752 1062 quomodo
1766 1035 1812 1055 eos

1022 1077 1098 1100 antea
1111 1080 1171 1100 cera
1184 1072 1331 1106 molliores,
1346 1072 1416 1099 ferro
1428 1071 1551 1099 fortiores
1561 1072 1646 1099 effecit
1658 1072 1669 1098 ?
1681 1072 1810 1106 Quoniam

1022 1119 1093 1146 enim
1106 1118 1182 1146 nobis
1195 1119 1291 1146 bellum
1300 1122 1351 1149 est,
1367 1125 1419 1144 non
1430 1117 1557 1145 adversus
1580 1125 1687 1145 carnem
1701 1123 1727 1145 ct
1748 1125 1811 1145 san-

1022 1164 1137 1199 guinem,
1148 1163 1194 1190 sed
1203 1164 1330 1190 adversus
1339 1163 1508 1197 incorporeas
1519 1163 1646 1190 virtutes:
1661 1163 1721 1190 ideo
1729 1171 1814 1197 neque

1023 1208 1173 1237 carnalibus
1184 1215 1232 1235 nos
1246 1207 1328 1235 armis
1336 1208 1458 1240 munivit,
1474 1207 1520 1234 sed
1534 1215 1607 1235 arma
1622 1213 1710 1235 nostra
1726 1209 1815 1236 omnia

1024 1255 1172 1290 spiritualia
1196 1258 1267 1287 sunt,
1292 1255 1331 1282 sic
1352 1253 1493 1287 radiantia,
1517 1259 1546 1281 ut
1569 1261 1662 1282 eorum
1683 1254 1812 1290 fulgorem

1024 1301 1130 1330 dtemon
1146 1302 1188 1329 ille
1202 1301 1286 1329 malus
1299 1300 1369 1328 ferre
1382 1304 1507 1335 nequeat.

1061 1350 1088 1376 6.
1104 1349 1213 1377 Talibus
1231 1348 1310 1383 igitur
1328 1347 1410 1375 armis
1423 1347 1507 1374 induti
1520 1368 1526 1378 ,
1542 1354 1575 1374 ne
1595 1347 1750 1375 horreamus
1765 1355 1814 1382 pu-

1025 1403 1116 1430 gnam,
1140 1402 1174 1422 ne
1197 1394 1325 1429 fugiamus
1344 1400 1538 1428 congressum;
1560 1393 1607 1420 scd
1629 1401 1715 1427 neque
1732 1393 1817 1428 ignavi

1028 1441 1123 1468 simus.
1139 1440 1205 1467 Nam
1231 1439 1310 1473 sicut,
1326 1438 1402 1466 nobis
1419 1438 1596 1473 vigilantibus,
1621 1438 1752 1473 malignus
1765 1438 1819 1465 (ιειτ-

1026 1494 1089 1514 mon
1104 1493 1248 1521 numquam
1262 1491 1396 1512 armorum
1413 1488 1564 1511 nostrorum
1585 1483 1673 1510 virtuti
1690 1483 1818 1518 prmvulc-

1029 1532 1077 1564 bit,
1091 1531 1114 1559 si
1130 1531 1291 1559 voluerimus
1306 1530 1394 1557 irritas
1406 1529 1494 1557 facere
1509 1529 1566 1564 ejus
1580 1529 1788 1556 machinationes
1798 1531 1818 1555 ¹;

1027 1575 1065 1602 sic
1091 1574 1114 1601 si
1137 1573 1245 1601 desides
1266 1572 1403 1604 fuerimus,
1431 1571 1504 1599 nulla
1524 1571 1601 1598 nobis
1625 1571 1724 1598 utilitas
1750 1572 1819 1604 erit;

1027 1618 1240 1655 quandoquidem
1251 1618 1374 1646 inimicus
1384 1617 1477 1644 salutis
1490 1621 1589 1644 nostra:
1605 1624 1747 1651 numquam
1759 1616 1821 1643 dor-

1028 1665 1112 1697 mitat,
1124 1668 1152 1692 et
1162 1664 1262 1698 omnia,
1276 1671 1335 1699 qua;
1350 1663 1429 1691 saluti
1446 1667 1543 1690 nostra:
1560 1662 1667 1695 obsunt,
1683 1667 1817 1697 operatur.

1029 1710 1152 1745 Undique
1176 1709 1255 1745 igitur
1280 1716 1415 1736 armemus
1446 1715 1494 1735 nos
1517 1708 1590 1742 ipsos
1608 1729 1617 1742 ,
1642 1711 1670 1735 et
1691 1716 1705 1734 a
1732 1708 1822 1735 verbis

1031 1760 1220 1790 temperemus,
1236 1758 1263 1782 et
1282 1754 1316 1781 ab
1339 1753 1464 1788 operibus
1487 1753 1676 1785 abstineamus,
1702 1760 1761 1788 qua:
1775 1760 1824 1780 nos

1029 1800 1127 1828 laedere
1151 1803 1279 1835 possunt;
1305 1803 1332 1826 ct
1355 1806 1416 1826 cum
1443 1797 1603 1825 abstinentia
1623 1805 1638 1824 a
1663 1798 1739 1829 cibis,
1769 1802 1823 1824 tmn

1029 1845 1140 1872 aliarum
1155 1845 1281 1872 virtutum
1294 1864 1303 1877 ,
1327 1848 1382 1871 tum
1397 1843 1562 1870 liberalitatis
1577 1843 1602 1869 in
1619 1850 1747 1878 pauperes
1761 1850 1808 1878 spc

1029 1891 1116 1919 cimen
1129 1890 1302 1918 cxhibeamus
1318 1898 1325 1916 :
1338 1889 1453 1916 scientes
1471 1893 1569 1923 quanta
1586 1888 1662 1915 nobis
1677 1895 1780 1916 merces
1790 1888 1824 1914 ob

1030 1943 1121 1964 curam
1136 1935 1188 1962 illis
1196 1934 1340 1962 exhibitam
1356 1934 1470 1968 reposita
1482 1933 1525 1960 sit.
1536 1932 1612 1964 Nam,
1624 1933 1674 1966 Qui
1684 1933 1823 1964 miseretur,

1031 1982 1086 2015 ait,
1109 1980 1230 2017 pauperi,
1255 1981 1392 2015 [ωηεν-[λωι-
1413 1978 1467 2005 Deo
1495 1978 1592 2012 (Prov.
1608 1978 1651 2005 l9.
1667 1979 1729 2012 17).
1760 1978 1826 2005 Vide

1033 2034 1120 2054 usura:
1133 2033 1222 2053 raram
1236 2029 1356 2052 naturam
1367 2044 1374 2056 ,
1391 2028 1418 2050 et
1431 2023 1625 2050 admirabilem.
1640 2023 1715 2050 Alius
1727 2027 1768 2051 est
1781 2024 1826 2058 qui

1033 2073 1138 2106 accipit,
1154 2075 1181 2099 et
1194 2071 1261 2099 alius
1271 2071 1315 2105 qui
1330 2077 1360 2097 se
1375 2069 1463 2097 dando
1478 2069 1573 2097 faenori
1586 2069 1729 2097 obnoxium
1744 2069 1805 2096 facit
1819 2077 1825 2101 ;

1034 2126 1120 2153 neque
1142 2118 1194 2145 hoc
1214 2117 1301 2145 solum
1319 2115 1503 2151 spectandum,
1527 2114 1574 2142 scd
1599 2115 1679 2142 etiam
1703 2115 1774 2149 quod
1801 2115 1827 2142 iu

1037 2165 1087 2192 hoc
1111 2171 1197 2191 usura:
1216 2170 1315 2198 genere
1338 2169 1425 2196 neque
1440 2161 1570 2195 ingratum
1584 2160 1720 2193 animum,
1742 2167 1829 2194 neque

1037 2210 1119 2238 ullum
1130 2208 1200 2236 aliud
1212 2209 1338 2235 damnum
1346 2207 1525 2242 experiamur.
1537 2206 1628 2240 Neque
1641 2206 1722 2238 enim,
1734 2213 1829 2241 quem-

1037 2255 1179 2284 admodum
1194 2254 1248 2287 hic,
1269 2254 1440 2282 centesimam
1465 2252 1501 2288 (a)
1528 2252 1613 2280 solum
1630 2252 1769 2287 promittit,
1783 2251 1829 2279 sed

1038 2302 1162 2336 centuplo
1181 2300 1256 2335 plura
1271 2300 1353 2332 datis,
1370 2306 1419 2326 nec
1432 2299 1518 2326 solum
1534 2298 1659 2333 centuplo
1673 2298 1758 2332 plora,
1783 2297 1829 2327 sed

1038 2349 1097 2376 hate
1111 2348 1207 2376 dantur
1222 2347 1248 2374 in
1261 2345 1385 2381 przesenti
1406 2345 1470 2378 vita,
1496 2344 1523 2372 in
1546 2344 1635 2371 futuro
1661 2349 1749 2371 autem
1778 2343 1830 2370 vita

1040 2400 1149 2422 mlerna.
1178 2394 1210 2420 Et
1230 2393 1256 2420 in
1280 2391 1404 2427 praesenti
1429 2390 1535 2426 quidem
1549 2390 1610 2422 vita,
1633 2390 1656 2417 si
1674 2390 1733 2424 quis
1755 2389 1833 2416 nobis

1041 2441 1126 2469 solum
1140 2439 1253 2474 duplicia
1275 2437 1445 2472 polliceretur
1461 2443 1508 2470 pro
1527 2435 1558 2462 iis
1578 2442 1636 2469 quae
1650 2442 1664 2461 a
1679 2435 1754 2462 nobis
1767 2433 1833 2461 dan-

1042 2492 1095 2522 tur,
1112 2486 1196 2522 parati
1215 2492 1335 2512 essemus
1351 2483 1387 2510 illi
1402 2490 1507 2510 omnem
1523 2486 1639 2508 nostram
1658 2480 1832 2508 substantiam

1075 2588 1084 2604 ί
1102 2585 1208 2613 Cois-lim,
1220 2581 1327 2612 iustitia.
1341 2587 1392 2611 pro,

1075 2620 1086 2635 ¹
1103 2607 1259 2647 sic'ﬁiiiritiué
1269 2607 1360 2647 Mss."
1372 2607 1443 2647 sailil.
1455 2613 1481 2644 μ]
1499 2607 1581 2647 litorei.
1592 2608 1716 2647 autqmuitn
1726 2607 1835 2647 legem.

1044 2653 1085 2676 tur
1097 2639 1207 2673 ε’ὶῖίῗιᾶιιὶ
1218 2639 1363 2677 praevalebit,
1375 2641 1427 2668 sed.
1440 2640 1461 2665 si
1471 2639 1624 2667 voluerimus,
1634 2639 1715 2664 irritus
1723 2639 1836 2670 faciemus

1045 2681 1098 2712 (jus
1108 2676 1341 2712 machinationes“.

1079 2703 1115 2742 (a)
1129 2705 1285 2735 Centesimam
1302 2708 1353 2739 (Gr.
1370 2705 1521 2742 éttatoatjijv).
1540 2712 1549 2728 (
1568 2703 1677 2742 Alludit,
1691 2704 1824 2742 inquit'ss.

1048 2735 1143 2772 vil‘.i,'ad
1156 2747 1236 2772 usurae
1252 2735 1332 2772 genus
1354 2736 1545 2772 usitatissimum
1562 2737 1649 2766 priscis
1668 2735 1822 2772 temporibus

1048 2765 1114 2805 quod
1125 2765 1401 2805 centesiutqvtlicebatur,
1415 2767 1479 2805 quod
1492 2765 1591 2805 centum
1604 2765 1729 2790 mensibus
1740 2771 1829 2790 sortem

1049 2797 1164 2836 aequaret.
1182 2810 1190 2825 ι
1204 2800 1266 2825 Vide
1277 2800 1347 2825 Tomi
1361 2797 1433 2832 hujus
1446 2798 1515 2825 l’ra-l'.
1528 2797 1541 2828 δ
1554 2797 1582 2822 V.
