2066 3126
261 107 295 135 59
641 107 669 136 S.
685 109 742 137 1οᾹ
748 109 823 139 NNIS
842 111 1034 142 Clll‘tYSOS’IT

1100 117 1255 149 ARCHIEP.
1272 122 1537 156 CONSTANTINOP.

260 163 374 195 offerre,
401 162 505 190 tametsi
527 170 598 198 smpe
621 165 695 192 multi
712 166 807 201 ingrati
821 168 884 201 sint,
908 170 1052 205 multaque

261 208 314 235 sint
325 215 467 236 avarorum
482 208 598 237 fraudes.
613 210 716 238 Etenim
732 213 838 247 plurimi
855 215 898 249 qui
914 215 989 248 probi
1005 216 1052 243 ha-

260 254 365 286 bentur,
389 253 507 281 debitum
530 263 584 283 non
603 257 719 290 solvunt,
735 258 776 285 vel
791 259 861 293 quod
877 261 971 295 ingrati
987 262 1051 296 sint,

259 299 298 327 rel
322 307 394 334 sa'pe
415 300 502 335 inopia
525 303 692 337 prohibente.
716 304 792 332 Circa
810 306 948 334 Dominum
962 313 1050 336 autem

255 345 378 391 omnium.
389 346 454 373 nihil
470 347 622 382 huiusmodi
634 350 835 391 suspicandum,
858 352 904 380 sed
926 357 952 381 et
975 355 1049 390 capi-

254 391 314 418 talis
329 383 432 420 summa
448 393 474 420 in
489 398 545 420 tuto
558 398 608 427 est,
631 399 658 422 et
670 383 820 431 centuplum
835 398 877 425 hic
890 400 1050 433 promittitur

253 438 389 472 dantibus,
410 444 437 467 et
452 440 477 467 iu
503 440 619 468 futurum
644 442 696 469 vita
718 448 818 470 a-terna
834 445 910 472 nobis
925 453 1048 473 reserva~

254 490 307 513 tur.
332 485 398 518 Qua:
419 486 499 521 igitur
521 487 598 514 nobis
620 488 741 516 defensio
762 490 823 523 erit,
841 491 862 518 si
883 492 1048 528 negligentes

253 530 389 563 fuerimus,
406 535 433 558 et
447 539 499 559 non
515 532 727 561 festiuaverimus
746 536 869 571 centupla
890 545 938 572 pro
956 538 1047 572 paucis

252 577 384 612 accipere,
406 582 433 605 et
448 586 496 612 pro
510 579 685 612 pr:csentibus
698 579 796 614 futura,
810 587 837 609 et
850 590 897 616 pro
913 587 1045 618 tempora-

251 622 321 650 Lbus
332 627 430 649 a-terua
444 631 451 655 ;
467 624 513 650 sed
528 624 631 658 placide
646 626 771 660 pecunias
784 627 871 661 jannis
885 632 912 655 et
928 629 1046 657 vectibus

252 668 448 701 incluserimus,
470 674 496 697 ct
511 670 688 705 indigentibus
712 679 763 699 non
785 673 991 708 expenderimus
1014 683 1045 703 ea

249 721 310 748 qua:
329 714 364 741 ibi
390 715 462 741 nullo
492 722 541 742 usu
565 720 590 743 et
616 720 716 745 temere
735 718 835 752 jaeent,
862 723 890 746 ut
915 719 941 746 in
956 719 1044 749 futuro

250 759 349 786 sa-eulo
368 767 460 787 eorum
481 761 598 788 subsidia
618 762 805 790 inveniamus?
833 764 930 799 Facite,
948 767 1042 803 inquit,

249 804 317 830 vobis
339 805 433 830 anticus
456 812 488 831 ex
508 813 652 833 mammona
670 808 809 843 iniquitatis
825 817 834 836 :
848 815 875 837 ut
897 819 955 838 cum
974 813 1041 848 defe-

247 849 342 882 ceritis,
363 849 485 884 recipiant
498 859 541 877 vos
556 851 582 877 in
595 857 690 880 (eterna
704 853 868 882 tabernacula
893 856 978 892 (Luc.
999 859 1042 886 l6.

248 894 287 930 9).
312 895 383 927 Scio,
407 895 506 923 multos
521 904 574 924 non
592 898 672 925 modo
685 906 737 926 non
751 900 905 936 adstipulari
921 903 962 933 iis,
983 912 1042 939 qua:

247 948 261 966 a
278 940 353 967 nobis
365 947 435 968 nunc
450 946 512 968 sunt
527 942 610 974 dicta,
628 943 674 971 sed
694 945 775 972 etiam
789 954 820 973 ea
834 952 862 974 ut
878 948 1000 976 delirium
1015 955 1043 977 et

247 985 360 1012 tabulam
384 986 534 1020 audientes,
558 988 647 1016 verbis
671 991 768 1018 nostris
790 992 898 1020 minime
921 1001 981 1022 esse
1002 1001 1042 1023 at-

248 1036 345 1059 tentos.
359 1032 433 1060 Unde
448 1041 498 1068 ego
507 1035 613 1061 crucior
625 1040 653 1063 et
666 1035 755 1070 doleo,
767 1038 837 1072 quod
852 1047 937 1075 neque
952 1049 1040 1070 rerum

244 1077 420 1110 experientia,
449 1086 535 1113 neque
555 1083 635 1107 tantm
653 1080 700 1108 Dei
723 1083 924 1117 promisstones,
954 1093 1041 1122 neque

244 1123 335 1150 timor-
350 1123 521 1158 futurorum,
553 1133 640 1161 neque
663 1128 825 1162 quotidiana:
846 1130 1040 1162 admonitiones

244 1173 342 1195 nostra:
361 1169 431 1204 apud
455 1169 521 1197 tales
536 1171 679 1206 quidquam
693 1174 842 1208 proficiant.
867 1175 925 1204 Non
951 1183 1038 1207 tamen

242 1213 364 1246 cessabo,
390 1215 470 1242 etiam
496 1215 545 1248 sic,
570 1216 604 1244 ab
628 1217 680 1245 hoc
700 1218 788 1246 dando
809 1221 932 1255 consilio,
954 1223 1039 1253 donec

243 1267 290 1287 eos
313 1260 460 1294 frequentia
482 1261 642 1289 monitorum
666 1269 824 1298 superatos,
857 1272 972 1297 attentos
996 1276 1023 1297 at

242 1313 294 1339 que
308 1305 447 1340 vigilantes
462 1306 620 1340 reddidero,
643 1313 724 1344 atque
745 1317 777 1338 ex
798 1313 907 1347 crapula
922 1319 949 1341 et
963 1315 1036 1342 ebri-

243 1355 323 1382 etate,
338 1358 416 1385 quatn
432 1351 457 1378 in
471 1351 672 1381 obtcuebratam
692 1354 798 1383 illorqu
819 1363 936 1386 mentem
951 1360 1036 1388 avidi-

242 1401 283 1423 tns
302 1397 473 1431 pecuniarum
495 1398 604 1432 invexit,
627 1407 722 1428 eruere
736 1402 854 1430 valuero.
876 1404 939 1433 Scio
948 1407 1035 1440 enim,

241 1443 297 1469 scio
319 1442 375 1470 fore
400 1446 428 1470 ut
448 1450 496 1478 per
517 1445 628 1479 gratiam
646 1445 692 1473 Dei
711 1454 863 1477 sermonum
884 1456 1036 1480 nostrorum

242 1487 399 1522 frequentia,
424 1492 451 1515 et
474 1489 569 1524 jejuuii
594 1491 711 1519 studium
736 1493 809 1528 ipsos
827 1496 868 1523 vel
882 1503 944 1524 sero
956 1505 970 1525 a
983 1498 1035 1526 dif-

241 1533 301 1560 ficili
316 1534 366 1560 hoc
379 1536 473 1562 tuorho
484 1534 598 1564 liberare
610 1557 618 1571 ,
642 1538 820 1576 perfectaeque
836 1543 942 1571 sanitati
957 1546 1035 1572 resti-

240 1583 314 1606 tuere
340 1580 439 1614 possit,
455 1585 484 1608 ut
497 1585 525 1608 et
538 1582 586 1616 ipsi
600 1590 615 1609 a
629 1584 782 1620 suppliciis,
810 1595 869 1622 qua:
893 1589 925 1617 iis
944 1596 1034 1625 parata

239 1630 310 1657 sunt,
330 1625 485 1660 liberentur,
501 1632 528 1655 et
543 1636 592 1656 nos
607 1636 622 1656 a
637 1630 743 1658 tristitia
762 1640 905 1669 eruamur,
932 1642 959 1664 et
987 1646 1035 1673 pro

237 1669 360 1697 erunibus
379 1671 490 1705 gloriam
515 1672 662 1702 referamus
690 1676 743 1703 Deo
758 1677 841 1712 Patri,
868 1684 896 1707 et
910 1681 989 1716 Filio,
1006 1689 1033 1712 et

238 1715 348 1749 Spiritui
367 1722 470 1751 sancto,
487 1726 558 1747 nunc
572 1724 599 1747 ct
621 1728 737 1756 semper,
761 1729 788 1752 et
813 1726 839 1753 in
862 1729 958 1756 szncula
983 1738 1033 1758 stc-

236 1762 365 1790 culorum.
387 1763 480 1791 Amen.

531 1820 670 1851 IIOMILIA
694 1823 737 1852 IV.

237 1871 306 1899 Dia-it
316 1881 411 1908 quoque
424 1873 491 1901 Deut
508 1883 517 1901 :
531 1875 588 1903 Fiat
601 1877 795 1908 firmameutmu
806 1883 831 1910 in
844 1885 931 1913 medio
941 1895 1029 1923 aqum,

270 1924 298 1946 et
309 1918 409 1946 dividat
423 1920 491 1948 inter
503 1929 598 1957 aquam
612 1928 639 1952 et
652 1932 748 1960 aquam
765 1937 770 1954 :
787 1933 815 1956 et
827 1929 925 1959 factum
937 1918 979 1962 est
994 1918 1030 1963 ita

269 1962 353 1998 (Gen.
372 1965 396 1992 l.
411 1964 459 2001 6).

270 2031 295 2057 Ι.
319 2030 418 2059 Videas
438 2030 498 2069 ego,
524 2034 699 2072 dilectissimi,
723 2041 840 2071 alacrem
854 2050 881 2073 et
895 2049 1027 2082 quotidia-

234 2084 297 2103 num
312 2083 429 2106 vestrum
444 2086 615 2117 conventum,
639 2093 762 2122 magnam
778 2092 895 2127 percipio
906 2097 1028 2131 volupta-

234 2125 298 2153 teut,
318 2126 345 2149 et
364 2123 488 2152 clementi
503 2126 557 2154 Deo
571 2128 682 2162 gloriam
695 2131 729 2160 de
745 2123 863 2167 profectu
877 2123 1028 2170 vestro-re-

234 2166 333 2194 ferendi
354 2168 435 2196 finem
455 2178 508 2198 non
530 2171 609 2201 facio.
636 2175 702 2204 Nam
726 2178 794 2207 sicut
814 2184 914 2212 esurire
929 2193 1025 2222 corpo-

234 2211 293 2222 ...l!.,
312 2214 413 2222 _,,'.,.~
442 2215 448 2220 ι
478 2215 494 2222 ι.
513 2216 519 2222 ε
643 2221 647 2222 ν

233 2211 295 2239 ralis
309 2214 430 2241 sanitatis
442 2215 566 2245 indicium
580 2224 631 2253 est,
642 2221 676 2249 ita
690 2229 716 2250 et
730 2225 818 2253 studio
831 2235 926 2264 magno
933 2211 1026 2262 audire

231 2257 322 2285 divina
345 2259 450 2294 eloquia
474 2261 551 2290 bona:
571 2267 652 2294 animi
676 2269 833 2300 valetudinis
848 2276 1024 2307 certissimum

231 2307 270 2330 est
285 2309 484 2338 argumentum.
497 2307 558 2336 Ideo
572 2314 599 2337 et
613 2311 738 2343 Dominus
753 2323 843 2346 noster
853 2319 932 2350 Iesus
943 2323 1025 2353 Chri-

230 2353 287 2376 stus
318 2349 343 2376 in
363 2350 419 2378 suis
443 2351 658 2390 beatitudinihns,
674 2367 741 2394 quas
758 2362 783 2390 in
797 2371 889 2394 monte
903 2349 1022 2405 protulit,

232 2394 331 2405 ,ιλ-μ,
372 2396 390 2405 ,,
425 2398 440 2405 ,.
491 2399 496 2405 .
568 2401 573 2405 .

228 2394 333 2422 dicebat
347 2405 353 2422 :
367 2396 440 2424 Beati
453 2399 496 2433 qui
508 2401 619 2430 esuriant
631 2409 654 2430 et
663 2405 751 2434 sitiunt
758 2409 895 2446 justitiam,
903 2394 1023 2450 quoniam

230 2440 279 2474 ipsi
293 2442 473 2471 saturabuntur
485 2445 591 2480 (Matth.
603 2449 630 2477 5.
647 2450 685 2486 6).
701 2440 766 2487 Quis
783 2455 861 2491 igitur

229 2486 338 2514 laudare
349 2488 447 2522 valeat;
468 2491 513 2525 qui
536 2495 619 2522 semel
639 2496 672 2524 ab
696 2486 814 2529 omnium
830 2486 942 2534 Domino
956 2507 1021 2537 bea-

229 2531 366 2559 titudinem
380 2535 530 2570 accepistis,
555 2543 582 2566 et
600 2541 634 2568 ab
657 2549 691 2570 eo
715 2544 815 2574 inﬁnita
837 2549 906 2578 bona
926 2560 1020 2589 exspe-

229 2577 305 2589 ιιιιιιέρ
318 2577 330 2589 9
348 2577 370 2589 1.-
404 2588 407 2589 ν
421 2580 427 2585 ⁵
481 2581 500 2589 λ
550 2584 555 2589 '
578 2584 583 2589 ”

228 2577 330 2603 etatis?
347 2577 371 2604 ls
385 2580 456 2608 enim
481 2581 585 2612 Domini
607 2589 690 2615 nostri
711 2598 770 2618 mos
788 2598 839 2627 est,
863 2601 892 2624 ut
915 2577 1020 2633 ᾳυοίξθε

229 2620 298 2633 -.;,Ι-ι
322 2623 403 2633 -_:__,
427 2632 431 2633 ν
479 2626 494 2633 ι.

229 2620 300 2647 videt
321 2623 435 2651 animam
461 2626 576 2662 aliquam
603 2633 687 2661 multo
716 2620 850 2667 desiderio
877 2620 1019 2681 stu‘ilioque

229 2667 345 2695 maximo
378 2670 561 2704 spiritualibus
592 2678 757 2716 inhiantem,
781 2685 925 2717 liberaliter
947 2667 1018 2720 illim

229 2714 312 2746 gratia
332 2719 360 2742 et
383 2718 516 2751 opulentis
541 2721 618 2751 donis
642 2727 699 2754 suis
726 2714 879 2766 locupletet.
905 2736 980 2765 Unde
992 2745 1020 2767 et

228 2765 278 2792 030
293 2759 317 2786 in
333 2766 448 2790 vestram
462 2765 600 2796 utilitatem
613 2775 640 2797 ct
661 2773 864 2806 aedificationem
878 2788 1016 2817 exspecto,

228 2808 253 2817 ιιι
277 2805 382 2817 ..Ι-Αμῖ-..
426 2813 432 2817 ι
503 2811 508 2817 ι
522 2812 526 2816 -
578 2814 584 2817 _

859 2805 862 2806 ν
882 2805 925 2808 ως
938 2805 1014 2816 mw.

228 2808 254 2830 ot
277 2805 383 2834 uberior
408 2813 434 2836 et
465 2811 542 2840 nobis
568 2814 695 2846 doctrinae
722 2828 811 2850 sermo
845 2805 1014 2858 concedatur.

1863 149 1899 176 ιίυ

1109 174 1220 211 Propter
1245 187 1292 206 vos
1315 181 1396 215 enim,
1425 189 1452 212 ct
1476 193 1582 221 propter
1600 193 1714 219 vesti-tun
1740 196 1897 230 profectum,

1106 227 1211 249 omnem
1234 223 1304 253 hunc
1325 226 1443 256 laborem
1465 231 1620 266 toleramus,
1646 241 1674 262 ut
1697 242 1725 265 et
1740 223 1798 268 nvos
1819 242 1899 271 citius

1104 266 1138 293 ad
1158 267 1244 302 ipsum
1265 271 1369 300 virtutis
1391 273 1522 311 fastigium
1550 281 1709 316 aseendatis,
1731 284 1812 314 futttri
1836 289 1897 317 vita:

1104 311 1199 340 divina:
1217 317 1336 351 magistri
1361 321 1485 348 omnibus
1503 324 1548 358 qui
1564 333 1611 353 vos
1629 329 1783 364 respiciunt,
1799 337 1827 360 et
1848 342 1897 361 no-

1103 357 1143 385 bis
1165 360 1251 395 major
1268 363 1374 391 dicendi
1399 366 1493 395 fiducia
1514 357 1634 404 accedat,
1649 357 1693 408 qui
1707 357 1827 405 videmus
1843 357 1896 407 non

1103 404 1128 431 in
1152 413 1258 440 vanum,
1285 417 1335 436 nec
1357 410 1453 439 frustra
1478 422 1526 441 nos
1552 415 1691 452 laborare;
1716 421 1764 448 sed
1777 425 1896 457 quotidie

1100 457 1193 478 semen
1208 451 1260 480 hoc
1273 454 1409 488 spirituale
1423 457 1539 487 iuWobiS
1557 469 1691 497 crescere,
1718 473 1805 502 neque
1826 470 1895 510 sicut

1102 495 1127 510 :n
1152 499 1289 510 ,μω-.--πμ
1316 508 1337 510 μ
1373 503 1379 508 -
1439 505 1454 510 ν.
1548 507 1554 510 .
1616 508 1621 510 Α

1102 495 1127 523 in
1150 499 1291 534 evangelio
1314 503 1455 532 seminanti
1478 507 1577 540 evenit,
1615 508 1650 536 ita
1672 515 1700 538 et
1723 513 1800 541 nobis
1826 495 1892 544 cor:

1100 541 1211 578 tingere.
1235 544 1272 571 ibi
1298 547 1370 574 enim
1390 556 1442 576 una
1464 555 1565 579 tantum
1592 561 1652 588 pars
1665 556 1738 584 salva
1763 558 1821 593 fuit,
1839 565 1893 590 tres

1100 588 1245 621 perierunt.
1270 591 1336 625 Quia
1359 600 1462 629 semen,
1497 598 1568 632 quod
1594 606 1671 628 secus
1696 602 1765 630 viam
1784 606 1890 640 cecidit,

1098 633 1157 660 sine
1183 633 1275 662 fructu'
1298 638 1407 671 mansit,
1434 645 1461 667 et
1483 643 1555 676 quod
1579 643 1648 672 inter
1675 647 1781 682 spinas,
1806 633 1890 678 sntio:

1097 682 1186 706 catum
1210 685 1267 714 est;
1288 683 1358 717 quod
1385 688 1475 712 autem
1503 686 1530 714 in
1555 693 1673 723 petram,
1699 692 1726 719 in
1749 697 1892 729 superficie

1097 732 1218 759 manens,
1241 727 1356 757 fructum
1381 731 1477 760 afferre
1499 736 1617 770 nequivit
1629 737 1733 772 (Matt/1.
1747 727 1790 768 l5:
1803 742 1865 776 4-7)
1882 753 1889 770 :

1097 771 1140 798 hic
1161 772 1188 800 in
1214 775 1298 808 gratia
1325 776 1372 804 Dei
1394 785 1455 812 spes
1483 785 1540 814 est,
1572 782 1647 817 fore,
1677 790 1706 813 ut
1727 794 1787 815 cum
1810 796 1890 818 omne

1097 817 1122 844 in
1149 822 1247 847 terram
1281 821 1377 850 bonam
1399 825 1542 860 ceciderit,
1570 829 1614 856 alii
1636 830 1749 860 reddant
1776 834 1888 863 fructum

1094 865 1259 900 centuplum,
1274 867 1544 905 aliisexagesimum,
1565 874 1609 901 alii
1637 876 1810 912 trigesimum.
1833 881 1890 909 lloc

1095 914 1214 938 nostram
1236 913 1402 942 alacritatem
1428 915 1519 951 fovet,
1547 918 1598 947 hoc
1623 928 1740 950 mentem
1770 926 1888 961 excitat,

1094 956 1164 990 quod
1187 958 1303 988 sciamus
1326 969 1378 989 non
1404 963 1430 990 in
1453 971 1567 998 vanum,
1590 975 1640 996 nec
1666 969 1763 998 frustra
1787 979 1890 1001 sermo-

1094 1008 1142 1028 nes
1156 1010 1205 1030 nos
1221 1003 1316 1038 facere,
1334 1007 1381 1034 sed
1404 1010 1516 1038 arrectis
1531 1012 1638 1040 auribus
1651 1019 1677 1042 et
1689 1015 1788 1044 intenta
1800 1024 1888 1047 mente

1094 1046 1165 1074 dicta
1183 1053 1272 1076 nostra
1287 1051 1381 1087 accipi.
1401 1054 1487 1089 Atque
1503 1055 1560 1084 hzcc
1573 1067 1624 1086 non
1639 1060 1770 1090 adulando
1782 1064 1886 1093 caritati

1096 1097 1192 1120 Vestra:
1203 1094 1273 1128 dico,
1294 1097 1340 1124 sed
1355 1099 1477 1133 conjecto
1490 1102 1652 1132 alacritatem
1664 1114 1696 1134 ex
1708 1108 1741 1135 iis
1753 1117 1812 1143 qua:
1829 1110 1887 1139 beri

1091 1144 1107 1164 a
1122 1139 1199 1166 nobis
1213 1139 1283 1168 dicta
1299 1149 1369 1170 sunt.
1395 1144 1522 1174 Videbam
1538 1149 1607 1177 enim
1624 1159 1670 1179 vos
1684 1160 1778 1182 omnes
1795 1157 1887 1185 avidos

1091 1184 1220 1214 doctrina:
1234 1188 1268 1215 ab
1283 1197 1330 1217 ore
1344 1199 1405 1218 meo
1420 1193 1577 1227 pendentes.
1602 1202 1629 1224 et
1643 1199 1731 1227 omnia
1747 1201 1886 1238 facientes,

1091 1239 1125 1259 ne
1139 1233 1202 1267 quid
1216 1241 1264 1261 vos
1278 1235 1408 1269 dictorum
1430 1240 1593 1274 praeteriret;
1618 1250 1746 1278 praeterea
1768 1249 1886 1278 continui

1091 1278 1197 1312 plausus
1217 1281 1337 1310 maxime
1351 1284 1527 1320 testabantur,
1550 1295 1598 1316 vos
1616 1289 1684 1318 dicta
1700 1299 1794 1328 magna
1808 1295 1885 1323 volu-

1091 1328 1161 1358 ptate
1182 1326 1329 1361 suscipere.
1367 1329 1417 1362 Qui
1441 1336 1530 1358 autem
1549 1333 1648 1369 aliquid
1674 1326 1770 1372 volupe
1793 1340 1883 1375 audit,

1089 1375 1190 1411 certum
1206 1377 1247 1400 est
1268 1373 1331 1401 illud
1353 1376 1482 1409 profunde
1505 1378 1532 1405 in
1555 1380 1644 1408 animo
1666 1382 1746 1418 ﬁgere
1762 1394 1769 1412 :
1785 1373 1884 1422 ubique

1089 1409 1167 1443 altius
1189 1424 1334 1461 reponens,
1359 1420 1422 1448 facit
1443 1429 1478 1450 ne
1500 1409 1703 1456 eradidelerive
1712 1435 1802 1464 queat.
1818 1409 1884 1466 Qluis

1090 1461 1169 1495 igitur
1190 1462 1270 1498 digne
1291 1458 1338 1492 vos
1357 1465 1483 1501 laudare,
1508 1473 1535 1496 et
1555 1478 1603 1498 nos
1626 1458 1884 1509 beatos-praedicare

1089 1512 1189 1542 posset,
1213 1510 1258 1544 qui
1282 1511 1309 1538 in
1332 1519 1411 1540 aures
1430 1513 1564 1550 loquimur
1586 1518 1770 1548 audientium?
1788 1522 1883 1551 Beatus

1088 1553 1170 1586 enim,
1185 1555 1232 1587 ait,
1251 1556 1295 1591 qui
1307 1557 1420 1592 loquitur
1430 1559 1457 1586 in
1471 1568 1545 1589 aures
1560 1563 1716 1592 audientium
1731 1566 1823 1602 (Eccli.
1835 1570 1880 1597 25.

1088 1598 1142 1634 12).
1157 1599 1213 1627 Hoc
1232 1602 1389 1636 prteclarum
1408 1612 1476 1640 opus
1493 1607 1595 1641 jejunio
1616 1598 1753 1646 acceptum
1774 1614 1880 1650 refero,

1087 1643 1137 1671 hoc
1161 1646 1307 1675 remedium
1328 1650 1441 1678 salutem
1462 1657 1601 1687 operatum
1614 1660 1656 1683 est
1668 1658 1817 1688 animarum
1832 1669 1882 1689 no-

1086 1694 1211 1718 strarum.
1224 1692 1300 1725 Quod
1315 1694 1338 1721 si
1352 1695 1386 1722 ab
1401 1696 1477 1724 initio
1489 1698 1577 1727 statim
1594 1706 1694 1730 tantum
1708 1705 1785 1733 nobis
1799 1707 1881 1736 robur

1085 1737 1212 1771 ostendit,
1236 1740 1441 1773 procedentibus
1462 1743 1557 1772 diebus
1579 1753 1676 1782 quanta
1701 1754 1878 1786 exspectanda

1086 1783 1185 1810 utilitas
1199 1784 1335 1813 alfutura?
1353 1787 1438 1816 Unum
1451 1789 1502 1818 hoc
1515 1799 1562 1820 vos
1575 1793 1697 1829 obsecro,
1713 1796 1744 1824 In
1755 1799 1844 1828 timore
1855 1806 1879 1828 et

1084 1834 1190 1857 tremore
1211 1831 1318 1859 salutent
1339 1839 1446 1862 uestram
1466 1839 1602 1872 operamini
1629 1839 1713 1876 (Phil.
1727 1843 1754 1870 2.
1772 1845 1828 1880 l2),
1851 1852 1878 1874 et

1083 1875 1185 1902 nullum
1197 1876 1297 1905 aditum
1312 1880 1450 1909 concedite
1465 1882 1573 1912 inimico
1585 1875 1678 1914 salutis
1693 1893 1798 1918 vestrm.
1810 1891 1875 1920 Nam

1083 1921 1176 1949 videns
1198 1930 1268 1951 nunc
1292 1925 1444 1960 spirituales
1469 1934 1572 1958 vestras
1594 1931 1708 1966 divitias,
1729 1935 1827 1965 insanit
1849 1944 1877 1966 et

1082 1967 1193 2002 ferocit,
1230 1975 1258 1998 et
1280 1971 1348 1999 sicut
1378 1973 1420 2001 leo
1447 1975 1554 2010 rugiens
1584 1977 1726 2014 circumit,
1752 1984 1874 2017 quairens

1081 2021 1160 2048 quem
1180 2014 1292 2043 devoret
1303 2016 1342 2051 (l.
1358 2017 1414 2045 Pet.
1430 2019 1456 2046 5.
1471 2020 1509 2054 8).
1539 2021 1638 2050 Verum
1653 2025 1677 2052 si
1694 2014 1776 2054 sobrii
1792 2028 1873 2058 fueri-

1081 2065 1150 2090 tnus,
1166 2059 1228 2087 nulli
1244 2062 1399 2095 przevalebit
1418 2071 1466 2098 per
1476 2066 1587 2100 gratiam
1603 2068 1658 2096 Dei.

1114 2103 1142 2130 2.
1168 2103 1240 2132 Talia
1255 2107 1325 2134 enim
1340 2113 1402 2135 sunt
1414 2117 1488 2137 arma
1500 2116 1589 2140 nostra
1603 2114 1759 2151 spiritualia,
1779 2119 1875 2153 quibus

1081 2155 1129 2175 nos
1151 2149 1236 2177 induit
1256 2150 1371 2185 Spiritus
1385 2154 1478 2188 gratia,
1499 2156 1568 2184 sicut
1590 2158 1647 2186 heri
1668 2149 1805 2191 caritatem
1825 2172 1872 2193 ve-

1080 2196 1162 2220 stram
1184 2194 1332 2224 docuimus.
1358 2197 1386 2225 Si
1400 2198 1478 2234 igitur
1494 2200 1534 2229 his
1548 2204 1675 2233 continuo
1688 2207 1806 2236 membra
1822 2217 1872 2237 no-

1080 2243 1134 2265 stra
1153 2240 1338 2279 munieﬁmus,
1364 2243 1434 2272 nulla
1460 2246 1509 2274 tela
1533 2248 1567 2276 ab
1586 2250 1631 2277 illo
1652 2252 1748 2280 emissa
1768 2255 1801 2282 ad
1824 2264 1873 2284 nos

1078 2283 1229 2320 pertingere
1252 2291 1386 2321 poterunt,
1412 2290 1459 2317 sed
1484 2292 1559 2320 irrita
1586 2294 1619 2321 ad
1644 2295 1729 2331 ipsum
1754 2299 1870 2329 reditura

1076 2334 1139 2357 sunt
1153 2339 1159 2358 :
1176 2332 1316 2361 adamante
1329 2335 1401 2362 enim
1412 2336 1552 2366 solidiores
1566 2339 1611 2367 Dei
1622 2342 1705 2376 gratia
1715 2351 1764 2371 nos
1779 2346 1870 2380 efficit,

1076 2378 1104 2402 et
1116 2375 1139 2402 si
1154 2376 1285 2411 volumus,
1309 2380 1418 2408 omnino
1433 2381 1555 2412 invictos.
1578 2385 1668 2422 Itaque
1683 2389 1751 2416 sicut
1764 2391 1809 2425 qui
1824 2375 1871 2419 ad;

1075 2427 1209 2450 amantem
1232 2424 1327 2458 tundit,
1348 2426 1414 2454 nihil
1434 2427 1567 2458 adamanti
1588 2438 1677 2467 nocet,
1692 2435 1740 2462 sed
1753 2424 1869 2472 seipsum

1075 2466 1178 2503 fatigat,
1200 2473 1227 2496 et
1248 2470 1332 2498 robur
1345 2479 1422 2499 suum
1437 2473 1587 2510 imminuit;
1607 2482 1634 2505 et
1653 2466 1698 2514 qiii
1717 2466 1809 2509 contra
1822 2483 1870 2510 sti-

1074 2513 1161 2541 mulos
1173 2514 1301 2549 calcitrat,
1318 2523 1381 2544 suos
1394 2518 1476 2553 pedes
1486 2526 1608 2550 cruentat
1620 2531 1627 2551 :
1638 2513 1669 2552 in,
1678 2525 1748 2554 hunc
1760 2522 1868 2556 modum

1074 2566 1117 2586 res
1138 2566 1168 2587 se
1181 2559 1281 2588 habent
1293 2567 1392 2590 nostra:
1403 2571 1464 2592 cum
1477 2566 1569 2595 salutis
1583 2574 1682 2598 nostrae
1702 2572 1866 2609 adversario,

1045 2618 1053 2621 ~
1074 2604 1095 2631 si
1108 2605 1200 2638 armis,
1227 2614 1287 2642 quae
1307 2608 1384 2636 nobis
1399 2609 1513 2644 Spiritus
1533 2614 1618 2642 sancti
1641 2617 1725 2650 gratia
1747 2604 1864 2652 exhibet,

1073 2651 1200 2679 continuo
1213 2661 1261 2681 nos
1276 2655 1436 2684 muniamus.
1461 2657 1544 2686 Tanta
1566 2661 1637 2688 eiiim
1658 2663 1762 2691 illorum
1785 2666 1867 2694 virtus

1072 2701 1123 2729 est,
1145 2701 1175 2725 ut
1193 2698 1282 2727 radios
1296 2700 1358 2728 inde
1375 2701 1538 2738 fulgurantes
1551 2706 1720 2736 adversarius
1733 2711 1867 2739 sustinere

1073 2749 1125 2770 non
1146 2744 1239 2778 possit,
1261 2745 1309 2772 sed
1334 2746 1386 2774 illis
1412 2749 1482 2776 oculi
1501 2750 1560 2785 ejus
1583 2760 1762 2782 cxcmcentur.
1801 2757 1865 2790 llis,

1071 2795 1173 2823 quaeso,
1196 2790 1279 2817 armis
1297 2799 1403 2826 semper
1426 2801 1474 2822 nos
1497 2797 1658 2831 muniamus,
1673 2804 1699 2826 et
1714 2803 1753 2828 sic
1773 2803 1865 2830 muniti

1073 2833 1098 2861 in
1114 2833 1199 2862 forum
1213 2841 1261 2863 nos
1283 2837 1468 2868 conferamus:
1493 2841 1532 2869 sic
1556 2842 1624 2878 apud
1644 2845 1743 2874 amicos
1765 2848 1862 2883 simus,
