2066 3126
118 164 141 191 tl
695 154 726 183 ΙΝ
746 153 822 182 (ΖΑΓ.
844 153 863 180 l.
880 152 913 180 Gl

966 151 1000 179 JS.
1024 153 1136 181 llOMil..
1160 153 1202 180 IV.
1717 163 1751 189 t9.

115 222 150 248 sic
173 226 254 253 opera
280 217 475 253 aggrediamur.
512 215 544 242 Et
567 213 628 249 quid
654 212 715 240 dico
742 213 767 238 in
795 209 904 238 forum?

117 267 197 294 Etiam
220 266 246 292 in
270 265 413 292 ecclesiam
435 266 576 298 pergentes
597 259 718 288 instructi
739 258 791 285 illis
812 257 903 289 simus,

117 320 140 342 et
163 314 275 341 dotnum
300 312 455 343 redeuntes,
482 315 510 337 et
530 307 705 340 dormientes,
728 311 755 334 et
778 304 904 340 evigilan-

117 366 162 390 ωε,
189 366 277 394 neque
299 364 426 392 umquam
454 363 500 391 per
522 359 604 382 totam
627 354 708 380 vitam
725 356 842 379 nostram
863 350 905 377 illa

115 406 293 440 deponamus;
307 402 484 436 cotnmigrant
497 401 568 428 enim
584 399 731 431 nobiseum,
745 401 773 424 et
791 396 824 423 ad
836 395 906 423 illam

115 453 192 478 vitam
206 457 332 485 maguum
347 448 450 476 fiducia:
465 447 541 474 nobis
556 449 740 480 argumentum
754 447 826 470 sunt.
850 441 906 469 Non

115 498 182 526 enim
194 498 263 524 sicut
275 495 410 524 sensibilia
424 502 496 521 arma
507 500 603 528 corpus
616 496 725 528 gravant
742 500 748 518 :
761 491 808 518 sed
823 490 908 517 levius

116 544 228 571 reddunt
251 547 277 569 et
301 541 463 576 expeditius,
488 545 519 566 ac
540 538 691 569 sublimius,
714 537 847 570 roburque
859 544 907 563 au-

114 593 175 624 gent
190 597 199 614 τ
218 592 321 615 tantum
335 594 405 614 curm
417 585 461 618 sit,
475 589 503 611 ut
516 585 573 619 ipsa
583 582 701 618 quotidie
714 582 907 616 abstergamus,

115 638 146 662 ita
168 640 198 662 ut
213 633 312 669 fulgida
328 633 390 663 sint,
404 637 431 659 et
445 631 525 658 radiis
539 633 675 657 excmcent
688 628 779 656 oculos
802 627 907 662 maligni

114 680 257 711 dzemonis,
278 678 367 705 omnia
386 681 478 704 contra
498 675 610 703 salutem
626 679 742 701 nostram
756 672 903 700 machinan-

116 727 155 752 tis.
172 727 239 760 Age,
255 724 380 759 quoniam
401 722 465 750 satis
488 728 536 748 vos
548 720 630 748 armis
645 718 829 751 instruximus,
842 725 907 745 con-

116 778 218 800 suetam
240 777 310 798 nunc
325 770 401 797 vobis
419 775 538 796 mensam
556 773 730 802 apponamus,
756 769 782 792 et
800 771 832 792 ea
850 771 909 799 qua:

116 819 268 846 hesternam
294 816 434 843 lectionem
462 818 627 849 sequuntur,
655 811 782 845 deinceps
805 809 908 837 caritati

115 870 211 892 vestra:
226 868 416 898 proponamus,
433 867 537 887 rursum
557 857 742 886 admirabilem
758 856 830 883 illum
845 862 910 881 con-

116 909 180 948 vivii
196 908 373 936 exhibitorem
395 906 499 933 beatum
518 904 629 937 Mosem,
646 909 771 937 magnum
795 899 909 935 prophe-

117 946 180 989 tam,
204 955 280 982 bona:
297 953 375 988 hujus
394 951 522 980 doctrina:
543 950 638 977 ducem
662 948 798 975 facientes.
813 946 909 972 Videa-

117 1008 174 1028 mus
194 1000 273 1036 igitur
295 1006 417 1034 qua-nam
442 997 495 1024 sint
518 1003 549 1023 ea
564 1003 623 1030 quae
645 994 724 1021 hodie
739 1000 789 1020 nos
813 991 910 1019 docere

117 1047 180 1079 vult,
206 1051 232 1074 et
249 1045 391 1080 diligenter
408 1043 485 1071 dictis
498 1042 556 1077 ejus
571 1040 750 1069 attendamus.
766 1038 823 1066 Non
837 1037 909 1065 enim

115 1100 162 1119 sua
187 1092 286 1119 virtute
310 1090 442 1125 loquitur,
470 1088 517 1116 sed
538 1093 712 1123 quaecumque
734 1084 771 1112 illi
797 1083 910 1119 Spiritus

116 1140 199 1167 sancti
224 1139 311 1174 gratia
338 1138 461 1169 insonat,
481 1143 513 1163 ea
533 1141 579 1170 per
598 1140 673 1161 suam
696 1131 830 1166 linguam,
863 1129 911 1156 do-

116 1185 199 1214 cendo
214 1185 360 1211 humanum
372 1189 466 1218 genus,
491 1181 599 1217 profert.
624 1179 814 1206 Consummato
832 1175 912 1210 igitur

115 1231 148 1258 de
173 1230 219 1257 die
234 1229 321 1265 primo
338 1235 472 1259 sermone,
489 1230 628 1261 postquam
640 1223 751 1251 formata
766 1221 910 1253 lucedixit,

117 1277 225 1304 Factum
244 1280 280 1302 est
301 1282 410 1309 vespere,
436 1277 459 1300 et
483 1274 578 1309 factum
599 1275 634 1298 est
653 1277 735 1300 mane,
759 1268 812 1295 dies
834 1275 909 1300 unus,

116 1324 212 1351 iterum
228 1322 293 1349 dicit
309 1329 316 1348 :
333 1321 360 1348 6.
382 1319 500 1354 Dixitque
519 1317 588 1345 Deus
612 1324 621 1344 :
644 1315 703 1343 Fiat
725 1315 912 1350 ﬁrmamentum

115 1369 140 1395 in
163 1368 247 1394 medio
273 1375 365 1403 aquae,
396 1370 417 1392 et
449 1365 481 1391 sit
510 1363 666 1398 distinguens
685 1361 750 1388 inter
773 1367 865 1394 aquam
889 1363 912 1385 rt

115 1422 217 1450 aquam.
250 1412 366 1440 Attende
391 1411 451 1445 hic,
479 1410 635 1442 carissimo,
663 1407 793 1435 doctrina:
816 1412 913 1433 conse-

115 1461 264 1495 quentiam.
279 1458 411 1493 Quoniam
436 1457 507 1485 enim
533 1460 611 1484 antea
638 1454 714 1482 nobis
737 1453 821 1484 dixit,
853 1455 913 1487 post

116 1505 173 1533 celi
197 1510 224 1532 et
248 1509 328 1532 terra:
353 1503 515 1531 creationem
541 1510 548 1528 :
574 1501 651 1528 Terra
665 1504 748 1527 autem
761 1503 816 1526 erat
830 1498 913 1525 inuisi-

117 1551 174 1578 bilis
191 1556 216 1578 et
240 1549 430 1585 incomposita;
456 1553 484 1576 et
503 1555 611 1575 causam
637 1545 779 1581 apposuit,
805 1549 913 1580 propter

118 1597 167 1624 hoc
188 1596 273 1624 tuisse
296 1595 465 1628 invisibilem,
491 1594 554 1632 quia
577 1592 695 1621 tenebris
713 1596 740 1619 et
763 1591 840 1626 aquis
865 1591 915 1618 ob-

118 1643 256 1678 tegebatur
274 1651 283 1670 :
301 1642 390 1669 omnia
408 1641 480 1668 enim
505 1645 580 1668 erant
601 1647 668 1675 aqua
693 1643 720 1666 et
740 1639 866 1672 tenebrte,
886 1642 913 1665 et

118 1690 182 1717 nihil
206 1695 357 1725 praetcrea;
387 1693 414 1715 et
439 1691 530 1723 postea
559 1691 691 1722 praecepto
718 1685 823 1713 Domini
851 1692 911 1719 pro-

118 1737 223 1764 duc:am
247 1742 308 1762 esse
329 1735 415 1762 lucem
443 1733 594 1768 factamque
619 1732 817 1760 distinctionem
845 1730 912 1758 lucis

117 1787 143 1809 et
171 1781 363 1812 tenebrarum;
397 1779 432 1806 ita
451 1784 480 1806 ut
500 1779 542 1806 illa
561 1778 613 1805 diei
634 1776 839 1812 appellationem
866 1783 913 1803 ae-

117 1827 231 1861 ceperit,
260 1825 318 1852 hare
338 1832 401 1852 vero
421 1825 507 1851 noctis
523 1832 530 1850 :
545 1824 641 1851 iterum
663 1830 712 1850 nos
730 1821 827 1849 docere
846 1821 912 1854 vult,

117 1879 190 1904 cum,
208 1872 278 1899 sicut
292 1870 414 1898 tenebras
427 1863 560 1904 separavit
574 1868 699 1903 prodttcta
713 1867 783 1898 luce,
795 1870 822 1894 et
835 1866 914 1893 utris-

117 1925 169 1953 que
190 1924 338 1952 congruum
363 1915 521 1942 vocabulum
545 1914 657 1947 indidit,
681 1913 717 1940 ita
746 1917 773 1940 et
795 1912 914 1939 multitu-

118 1963 209 1990 dinem
228 1969 360 1996 aquarum
383 1965 516 1996 praecepto
541 1966 692 1994 segregare.

154 2009 182 2035 5.
205 2007 326 2034 Potentia
341 2003 387 2033 Dei
402 2005 498 2033 nullam
511 2013 607 2032 moram
629 2004 758 2036 admittit;
771 2003 914 2037 ﬁrmamen-

120 2061 172 2082 tum
185 2055 299 2090 quidsit,
315 2054 356 2080 vix
369 2053 428 2080 sciri
441 2056 520 2088 potest
530 2059 539 2083 ;
552 2051 644 2078 multa:
656 2050 730 2077 cattas
741 2057 793 2076 esse
805 2057 855 2076 non
871 2056 917 2082 pu-

120 2106 156 2127 tut
185 2100 216 2127 Β.
243 2099 448 2135 Cltrysostomus.
466 2113 501 2119 —-
515 2098 546 2125 Et
567 2097 628 2124 vide
647 2095 808 2124 ineffabilem
823 2099 914 2130 poten-

120 2146 196 2179 tiam,
207 2153 270 2181 qua:
282 2152 389 2172 omnem
411 2144 554 2171 humanam
573 2142 679 2170 excedit
692 2142 835 2169 rationem.
850 2139 917 2167 Natu

119 2193 207 2219 solum
221 2191 309 2226 jubet,
330 2195 357 2217 et
372 2190 477 2217 accedit
495 2189 566 2216 aliud
581 2189 785 2220 elementorum,
801 2190 828 2214 et
847 2185 918 2213 aliud

119 2238 237 2266 decedit.
252 2237 382 2272 Dixitque,
394 2237 440 2268 ait,
455 2235 520 2262 Deus
532 2242 542 2262 .'
556 2234 615 2261 Fiat
626 2234 813 2269 ﬁrmamentum
828 2233 856 2259 in
867 2239 920 2258 me-

119 2285 164 2311 dio
176 2291 263 2319 aqum,
277 2288 300 2310 et
312 2283 344 2310 sit
355 2283 509 2317 distinguens
521 2281 585 2308 inter
595 2287 688 2315 aquam
700 2284 724 2306 et
735 2285 836 2314 aquam.
849 2276 918 2310 Quid

120 2335 174 2361 est.
189 2329 250 2356 Fiat
266 2327 473 2363 ﬁrmamentum!
490 2326 570 2360 Quasi
581 2325 640 2361 quis
653 2325 725 2352 dicat
735 2324 850 2352 humana
866 2323 920 2349 lin-

120 2385 173 2412 gua
189 2388 196 2404 :
212 2377 272 2404 Fiat
282 2376 371 2410 paries
383 2374 489 2409 quidam
503 2377 531 2401 et
542 2377 646 2407 septum
657 2372 684 2399 in
699 2370 787 2398 medio
797 2368 920 2397 dividens

122 2428 151 2450 et
167 2422 366 2457 scparationem
380 2419 518 2447 inducens.
538 2418 572 2446 Et
585 2423 612 2445 ut
624 2417 712 2445 discas
725 2423 848 2451 magnam
863 2414 920 2442 ele-

123 2474 279 2496 mcntorutn
312 2466 509 2499 obedientiam,
541 2464 770 2498 excellentemque
795 2462 920 2489 virtutem

121 2514 246 2550 Opiﬁcis,
267 2513 304 2540 ait
316 2521 322 2539 :
335 2512 370 2539 Et
382 2512 477 2547 factum
491 2516 526 2538 est
540 2511 586 2537 ita.
603 2509 673 2536 Dixit
694 2508 792 2540 solum,
815 2511 840 2534 et
855 2513 922 2542 opus

122 2563 271 2595 sequutum
291 2562 341 2585 est.
359 2558 386 2584 7.
403 2556 435 2584 Et
450 2557 517 2592 fecit,
532 2556 580 2588 ait,
598 2555 667 2582 Deus
686 2554 883 2589 ﬁrmamentum,
899 2557 922 2578 et

123 2605 211 2632 divisit
233 2603 304 2630 Deus
325 2603 391 2630 inter
403 2610 505 2637 aquam,
516 2609 572 2637 quis
585 2605 639 2628 erat
653 2599 698 2627 sub
714 2600 885 2633 ﬁrmamento,
900 2601 924 2624 et

123 2651 192 2677 inter
204 2656 309 2684 aquam,
330 2655 389 2683 qua:
402 2651 454 2674 erat
475 2654 549 2681 super
566 2646 762 2681 ﬁrmamentum.
782 2643 865 2671 Facto
880 2642 924 2669 tir-

125 2700 276 2726 tnamento,
293 2693 390 2728 inquit,
403 2692 483 2728 jussit
494 2699 576 2727 aquas
588 2691 653 2719 alias
667 2689 717 2717 sub
727 2689 924 2716 firmamentum

127 2741 204 2773 ferri,
221 2740 289 2767 alias
297 2744 387 2766 autem
401 2745 481 2772 supra
495 2737 604 2764 dorsum
614 2743 673 2764 esse
687 2734 858 2762 ﬁrmamenti.
873 2734 925 2761 Sed

126 2786 190 2822 quid
201 2786 311 2813 tandem
322 2792 385 2812 esse
392 2784 514 2812 dicemus
523 2784 573 2810 hoc
580 2782 796 2810 ﬁrmamentum?
808 2782 925 2817 Aquam-

129 2842 163 2862 ιιι
185 2833 339 2865 densatam,
356 2831 398 2859 vel
412 2838 501 2858 aerem
521 2829 661 2864 quemdam
680 2829 865 2863 convolutum,
885 2829 925 2856 vel

128 2881 207 2906 aliam
220 2879 419 2906 substantiam?
433 2877 515 2904 Nemo
528 2875 695 2910 prudentium
708 2875 760 2903 hoc
775 2880 874 2902 temere
886 2882 926 2902 as-

963 212 1135 258 severat-crit.
1152 211 1262 246 Oportet
1282 213 1353 240 enim
1376 222 1469 250 magna
1492 218 1619 247 modestia
1634 226 1661 249 et
1675 229 1751 258 grato

962 257 1051 283 animo
1071 265 1102 285 ca
1114 266 1173 293 qua:
1184 258 1310 287 dicuntur
1329 268 1343 287 a
1367 262 1443 290 nobis
1456 264 1550 299 accipi,
1567 271 1593 293 ct
1615 276 1666 296 non
1679 257 1750 297 ultra

961 307 1082 330 natumut
1094 309 1213 332 nostram
1224 307 1357 340 progredi,
1374 313 1400 335 et
1413 310 1524 337 scrutari
1537 319 1596 346 qua:
1608 320 1686 348 Supra
1703 323 1752 344 nos

961 355 1039 379 sunt:
1054 352 1101 379 scd
1115 352 1165 380 hoc
1178 355 1264 381 solum
1282 355 1351 383 scire
1371 362 1398 384 ct
1418 361 1508 385 tenere
1521 360 1590 394 apud
1607 369 1665 394 nos,
1682 370 1751 397 prae-

960 402 1038 432 cepto
1054 398 1157 425 Domini
1172 400 1329 434 productum
1343 409 1403 430 esse
1418 403 1624 439 firmamentum,
1637 407 1662 434 in
1677 415 1753 442 sepa-

962 443 1093 470 rationem
1114 452 1254 480 aquarum,
1277 448 1347 482 quod
1363 449 1448 476 valeat
1469 450 1534 477 alius
1556 451 1604 479 sub
1628 460 1656 479 se
1671 455 1752 481 conti-

961 497 1035 522 nere,
1051 491 1118 518 alias
1129 499 1193 519 vero
1211 499 1317 520 sursum
1333 495 1359 521 in
1374 494 1455 523 dorso
1470 503 1517 524 suo
1532 496 1602 525 ferre
1614 499 1752 527 sublimes.

961 534 988 562 8.
1013 535 1045 562 Et
1066 537 1173 569 vocavit,
1199 538 1246 571 ait,
1269 537 1338 566 Deus
1357 540 1545 574 ﬁrmamentum
1564 544 1663 571 mlum.
1686 544 1754 573 Vide

961 581 1094 614 quomodo
1119 582 1213 610 eadem
1241 586 1431 619 consequentia
1459 587 1538 614 etiam
1566 596 1636 616 nunc
1661 590 1752 617 divina

961 625 1096 661 Scriptura
1113 635 1158 655 usa
1173 633 1223 655 est.
1238 628 1304 657 Nam
1324 630 1392 658 sicut
1405 631 1472 658 dixit
1494 632 1563 666 beri,
1580 632 1639 661 Fiat
1653 635 1708 668 lux,
1722 640 1751 663 et

961 675 1100 706 postquam
1114 672 1241 707 producta
1259 673 1388 707 fuit,tunc
1399 675 1514 711 subjecit
1526 688 1532 706 :
1544 679 1584 707 Sit
1593 681 1754 715 distinguens

961 716 1027 743 inter
1041 716 1123 744 lucem
1135 723 1158 745 et
1173 719 1239 746 inter
1251 721 1374 753 tenebras,
1395 726 1423 749 et
1436 723 1473 750 sic
1486 723 1572 751 lucem
1588 725 1657 752 diem
1671 733 1751 753 voca-

961 763 1019 790 vit:
1037 763 1071 790 ita
1095 769 1120 791 et
1137 765 1217 793 hodie
1235 765 1320 794 dixit:
1338 766 1396 794 Fiat
1417 768 1604 803 [irritamentum
1625 772 1651 798 in
1672 772 1753 799 medio

949 810 1044 844 'aqme.
1059 809 1123 836 Dein
1135 811 1203 838 sicut
1217 811 1250 839 de
1266 812 1324 839 luce
1337 812 1450 847 dixerat,
1463 814 1498 841 ita
1511 820 1536 842 et
1549 816 1591 843 hic
1605 816 1694 844 docuit
1705 825 1753 845 nos

962 863 1039 882 usum
1062 856 1231 889 firmamenti,
1260 858 1294 886 Ut
1319 858 1425 893 dividat,
1457 861 1503 893 ait,
1525 862 1592 889 inter
1615 871 1705 898 (tr/unm
1730 869 1754 890 et

962 909 1063 936 aquam.
1081 902 1114 928 Et
1127 907 1266 937 postquam
1281 903 1352 932 hunc
1361 906 1418 940 ejus
1430 913 1506 933 usum
1520 907 1673 941 declaravit,
1691 913 1753 936 tunc

962 947 1031 974 sicut
1044 948 1096 974 luci
1110 956 1205 975 nomen
1222 949 1305 980 dedit,
1329 950 1364 977 ita
1384 955 1411 978 et
1427 951 1594 980 firmamento
1613 961 1689 980 suum
1705 961 1754 981 no-

964 1001 1024 1020 men
1040 994 1176 1028 imposuit.
1202 995 1234 1022 Et
1252 996 1358 1028 vocavit,
1382 997 1428 1030 ait,
1445 998 1632 1032 ﬁrmamentum
1652 1001 1754 1033 cwlunt,

963 1039 1014 1067 hoc
1027 1042 1096 1076 quod
1109 1041 1221 1069 videtur.
1232 1042 1414 1077 thuomodo,
1430 1044 1543 1079 inquies,
1558 1046 1649 1073 volunt
1662 1046 1753 1080 aliqui,

964 1086 1047 1114 factos
1058 1087 1155 1115 multos
1169 1087 1266 1115 caelos?
1280 1096 1333 1115 non
1345 1096 1378 1116 ex
1393 1089 1482 1116 divina
1500 1089 1635 1124 Scriptura
1651 1090 1700 1118 hoc
1714 1091 1755 1118 di-

963 1133 1097 1165 dicerunt,
1113 1133 1158 1160 sed
1171 1141 1203 1160 ex
1218 1134 1274 1161 suis
1289 1135 1435 1162 ratiociniis
1449 1135 1501 1162 hoc
1517 1136 1644 1164 inferunt.
1659 1137 1755 1166 Beatus

963 1184 1051 1207 autem
1067 1180 1153 1207 Moses
1168 1179 1233 1206 nihil
1253 1180 1294 1207 his
1307 1181 1421 1215 amplius
1433 1183 1510 1209 docet
1525 1191 1531 1208 :
1549 1191 1608 1210 nam
1631 1188 1659 1210 ut
1677 1184 1753 1218 dixit,

964 1224 996 1252 In
1009 1225 1133 1260 principio
1145 1225 1203 1260 fecit
1221 1225 1288 1252 Deus
1302 1226 1392 1253 mlum
1407 1232 1430 1253 et
1449 1231 1540 1256 terram
1556 1233 1604 1256 :ot
1614 1229 1675 1256 dein
1690 1237 1755 1257 cau—

963 1278 1021 1298 sam
1033 1270 1123 1298 docuit
1136 1279 1218 1305 quarc
1233 1275 1303 1298 terra
1317 1277 1387 1299 esset
1403 1272 1554 1306 invisibilis,
1575 1282 1671 1309 nempe
1685 1276 1755 1310 quod

964 1317 1070 1344 oblecta
1081 1324 1096 1344 a
1108 1318 1225 1345 tenebris
1240 1323 1266 1345 et
1279 1318 1355 1353 aquis
1373 1318 1479 1355 abyssi;
1494 1325 1554 1354 post
1569 1319 1755 1350 formationem

965 1362 1041 1396 lucis,
1056 1363 1149 1390 ordine
1162 1367 1189 1390 ct
1203 1364 1392 1398 consequentia
1410 1364 1525 1399 quadam
1547 1371 1635 1400 utens,
1650 1367 1734 1401 inquit
1748 1376 1754 1394 :

967 1408 999 1435 Et
1021 1408 1086 1435 dixit
1101 1408 1181 1442 Deus,
1205 1408 1267 1436 Fiat
1287 1409 1484 1444 ﬁrmamentum.
1503 1411 1602 1439 Deinde
1618 1418 1756 1447 postquam

964 1453 1054 1480 docuit
1067 1453 1207 1489 diligenter
1221 1462 1296 1482 usum
1316 1455 1392 1482 istius
1400 1455 1571 1490 firmamenti,
1584 1463 1611 1485 et
1625 1458 1704 1492 dixit,
1723 1458 1756 1486 Ut

965 1500 1126 1536 distingueret
1146 1501 1210 1527 inter
1219 1509 1311 1535 aquam
1325 1506 1348 1528 et
1363 1510 1464 1538 aquam,
1481 1503 1549 1530 istud
1565 1504 1650 1539 ipsum
1666 1505 1754 1532 firma-

965 1551 1083 1574 mentum
1098 1547 1166 1581 quod
1181 1555 1308 1582 aquarum
1319 1549 1513 1583 separatiouem
1527 1549 1648 1584 faciebat,
1663 1552 1757 1579 cadum

964 1593 1080 1620 vocavit.
1095 1593 1160 1627 Quis
1177 1593 1256 1628 igitur
1275 1597 1334 1628 post
1349 1598 1446 1621 lautam
1465 1594 1613 1623 doctrinam
1628 1595 1695 1623 feret
1711 1604 1758 1624 eos

965 1640 1010 1675 qui
1023 1647 1056 1667 ex
1078 1646 1126 1667 sua
1141 1644 1230 1667 mente
1245 1640 1326 1675 loqui,
1344 1646 1370 1667 et
1389 1645 1482 1667 contra
1504 1640 1620 1668 divinam
1636 1641 1758 1677 Scriptu-

966 1693 1022 1712 ram
1036 1685 1134 1713 multos
1147 1685 1228 1713 czelos
1238 1686 1328 1713 dicere
1343 1686 1468 1719 audcut?_
1480 1687 1515 1714 At
1528 1688 1651 1722 inquiunt
1667 1697 1673 1714 :
1690 1689 1758 1716 Ecce

966 1731 1060 1759 beatus
1084 1731 1166 1759 David
1189 1732 1294 1759 laudern
1316 1732 1371 1759 Deo
1390 1732 1515 1764 offerens,
1534 1732 1600 1760 dixit
1617 1743 1624 1760 :
1645 1733 1759 1760 Latulate

966 1785 1034 1811 eum,
1049 1778 1104 1805 raali
1118 1777 1237 1805 ueterum
1250 1777 1408 1820 (Psatzits.
1422 1778 1459 1814 Il).
1473 1778 1510 1806 Ne
1521 1778 1759 1811 turberis.dilccte,

967 1832 1053 1859 ncqtte
1069 1828 1145 1859 putes
1162 1831 1263 1852 sacram
1279 1823 1442 1859 Scripturatn
1459 1824 1560 1860 sibiipsi
1582 1825 1678 1852 alicubi
1692 1833 1757 1852 cott-

968 1870 1075 1898 trariam
1094 1880 1099 1897 :
1115 1870 1162 1897 sed
1176 1870 1247 1898 disce
1261 1871 1348 1905 potius
1362 1870 1492 1897 dictorum
1505 1870 1642 1897 veritatem
1652 1892 1659 1904 ,
1680 1875 1707 1898 et
1721 1876 1760 1898 te-

969 1924 1034 1945 nens
1055 1916 1197 1951 diligenter
1221 1916 1292 1942 illius
1311 1915 1472 1949 doctrinam,
1499 1915 1593 1943 obtura
1613 1923 1692 1944 aures
1721 1917 1758 1944 illi

968 1963 1101 1991 contraria
1114 1961 1274 1990 dicentibus.

1003 2010 1029 2037 4.
1052 2007 1205 2035 Ptolemazus
1219 2012 1337 2034 convocat
1347 2006 1422 2034 LXX
1434 2005 1597 2042 Interpretes.
1609 2021 1644 2027 —
1653 2006 1685 2034 Et
1695 2007 1761 2042 quid

970 2055 1020 2082 hoc
1033 2055 1077 2087 sit,
1093 2053 1163 2089 quod
1178 2054 1267 2081 dicere
1289 2052 1361 2086 volo,
1376 2052 1466 2080 audite
1487 2060 1581 2087 magna
1602 2053 1760 2086 attentione,

970 2106 998 2129 ut
1012 2109 1045 2130 ne
1059 2101 1135 2128 facile
1145 2099 1302 2127 moveamiui
1315 2106 1329 2126 a
1344 2098 1493 2126 volentibus
1504 2098 1631 2133 quidquid
1647 2098 1673 2126 in
1687 2106 1763 2126 men-

971 2153 1024 2176 tem
1038 2147 1140 2175 venerit
1154 2146 1253 2173 dicere.
1267 2145 1367 2173 Omnes
1380 2144 1461 2172 divini
1478 2144 1537 2171 libri
1554 2144 1657 2172 Veteris
1671 2144 1768 2171 Tcsta~

971 2193 1053 2222 menti
1069 2193 1241 2221 Hebraeorum
1255 2191 1343 2226 lingua
1365 2189 1399 2216 ab
1423 2189 1498 2217 ittitio
1521 2189 1596 2217 fuere
1610 2190 1767 2225 compositi,

971 2245 997 2268 et
1012 2240 1038 2267 in
1055 2241 1105 2266 ltoc
1119 2237 1256 2265 nobiscum
1278 2235 1464 2264 consenserint
1482 2242 1586 2262 omnes.
1602 2234 1659 2262 Non
1675 2234 1768 2262 multis

971 2290 1060 2313 autem
1074 2283 1151 2311 annis
1166 2287 1228 2310 ante
1244 2281 1387 2309 adventum
1402 2279 1501 2308 Christi
1516 2288 1564 2307 rex
1578 2279 1685 2315 quidam
1700 2279 1766 2307 Ptoo

973 2332 1080 2359 lcmaaus
1096 2329 1145 2367 (α),
1161 2330 1188 2356 in
1199 2328 1356 2363 colligendis
1375 2326 1449 2354 libris
1461 2325 1605 2354 admodum
1617 2325 1765 2358 studiosus,

973 2377 1064 2405 multis
1076 2377 1135 2404 aliis
1150 2375 1316 2409 diversisque
1332 2373 1443 2405 coactis,
1458 2380 1546 2407 Opera:
1557 2373 1671 2408 pretium
1686 2376 1765 2406 puta-

973 2424 1012 2451 vit
1025 2424 1074 2450 hos
1087 2423 1167 2450 etiam
1189 2421 1271 2448 libros
1291 2417 1425 2454 colligere.
1444 2419 1482 2445 Ea
1495 2418 1528 2446 de
1542 2425 1621 2445 causa
1635 2416 1770 2452 quosdam

973 2469 1126 2497 Iudaeorum
1149 2465 1433 2501 Jerosoiymitauorum
1461 2463 1571 2496 accivit,
1592 2463 1636 2498 qui
1662 2469 1710 2490 eos
1737 2463 1768 2489 itr

975 2515 1094 2542 Grrccam
1108 2513 1223 2547 linguam
1236 2513 1371 2538 verterent
1383 2519 1389 2537 :
1405 2509 1475 2545 quod
1488 2509 1567 2536 etiarn
1584 2507 1728 2542 perfectum
1742 2512 1769 2535 et

974 2560 1125 2587 absolutum
1141 2558 1198 2585 fuit.
1215 2556 1324 2584 Factum
1337 2560 1425 2582 autent
1437 2559 1477 2582 est
1489 2554 1538 2581 hoc
1547 2553 1644 2580 divinae
1660 2553 1768 2588 dispen-

976 2605 1088 2633 sationis
1103 2611 1181 2639 opus,
1196 2606 1226 2630 ut
1239 2610 1290 2630 non
1311 2601 1397 2629 soluat
1420 2599 1556 2626 llehraica:
1572 2599 1667 2634 lingua:
1679 2599 1771 2634 periti,

979 2651 1025 2679 scd
1039 2655 1066 2679 et
1079 2657 1174 2677 omnes
1186 2648 1230 2684 qui
1246 2653 1330 2675 totum
1343 2645 1435 2673 orbem
1449 2644 1609 2676 inhabitant,
1620 2652 1654 2671 ex
1666 2644 1705 2672 eis
1719 2645 1775 2672 uti--

1020 2751 1044 2782 α)
1062 2747 1256 2782 Ptoletmeus,_de
1267 2743 1366 2782 quanio
1373 2741 1683 2782 loqtttturfhrysostomluls,
1696 2743 1774 2767 Phila-

1020 2753 1044 2782 a)
1062 2753 1213 2776 l'tolemtcus,
1224 2753 1256 2771 ue
1267 2753 1316 2777 quo
1328 2753 1366 2768 lllt:
1379 2753 1483 2778 Ιυψιιιψ·
1495 2753 1683 2773 μητιυυδιυιιιιιδ,
1696 2753 1772 2767 rrum-

978 2753 1027 2814 dcit
1038 2783 1082 2807 llus
1092 2781 1167 2814 MSS?
1179 2779 1266 2814 ἀῖςηυτ
1277 2778 1301 2813 i."
1318 2773 1710 2814 ίὲίὲίοῗῖἷέ,ἒῖἓῖῗῖκὲἓὲΫὶῘΨΨ

981 2807 1082 2846 {atque
1093 2811 1171 2846 utuuia
1183 2810 1214 2845 ad
1225 2807 1773 2846 versiouetlﬁptuagtnta“interpretaturum-E—

980 2835 1081 2871 ῖῧὶἑιῖίίἆ
1090 2841 1271 2872 exploravimus
1280 2840 1303 2863 in
1316 2835 1516 2862 t‘rtcliuiiuaribus
1532 2835 1561 2860 ad
1574 2835 1680 2866 ttexupta
1690 2836 1772 2866 (triga-

983 2873 1021 2899 uis
1032 2879 1083 2902 cap.
1095 2871 1174 2900 3(ubi
1186 2871 1241 2896 vide
1252 2871 1295 2895 sis;
