2066 3126
303 161 337 188 43
723 160 751 188 S.
766 159 904 188 JOANNIS
924 158 1159 186 CHRYSOSTOMI
1180 158 1335 186 ARCIIIEP.
1357 158 1620 187 CONSTANTINOP.
1906 162 1939 189 Μ

304 217 403 242 litatem
420 215 597 250 perciperent.
618 215 748 251 Quodque
767 215 922 243 admirabile
934 222 966 242 ac
984 219 1088 249 stupcn.

299 261 364 287 dum
386 264 435 293 est,
452 261 497 295 qui
520 261 585 288 illud
605 262 669 296 egit,
694 268 746 288 non
764 261 915 287 Judamrum
939 260 1091 295 religionem

300 304 464 337 sectabatur,
480 305 526 332 sed
541 305 671 333 idolorum
690 305 771 332 culmi
784 304 888 332 deditus
903 309 970 337 erat,
986 310 1013 332 et
1029 306 1093 340 ipsis

298 351 434 377 contraria
448 351 589 378 sentiebat.
605 351 661 379 Hoc
671 351 741 379 enim
754 352 833 379 modo
851 360 880 378 se
893 351 992 380 habent
1005 353 1093 379 onmia

302 404 361 430 qmr
372 403 387 423 a
402 395 515 424 Domino
530 402 622 424 nostro
642 397 842 432 dispensantur,
860 402 887 424 ut
905 406 951 432 per
965 398 1092 425 adverSa-

300 445 356 470 r'os
371 450 477 477 semper
491 448 612 470 crescam
629 443 748 471 veritatis
761 449 904 478 praecepta.
925 444 987 471 llzec
1003 449 1091 471 autem

302 497 354 516 nan
370 493 470 516 temere
485 494 581 516 vestra:
601 489 705 516 caritati
721 490 895 522 narraverim,
917 489 963 517 sed
983 494 1010 516 ut
1024 490 1093 516 scire

301 534 420 568 possitis,
445 540 498 560 non
515 533 565 561 hac
588 533 688 570 lingua,
710 538 813 567 nostra,
837 534 953 569 inquam,
979 534 1025 561 sed
1042 534 1092 560 lle-

301 578 402 610 hraica,
414 578 495 606 fuisse
507 577 557 606 hos
567 578 648 606 libros
660 580 833 614 compositos.
846 579 941 606 Dicunt
953 579 1034 614 igitur
1048 579 1092 613 qui

301 622 398 658 iingua:
411 623 470 658 ejus
489 624 609 658 apprime
622 624 697 659 gnari
714 629 784 658 sunt,
804 624 863 651 ea:|i
883 632 980 652 nomen
997 624 1091 658 plurali

301 676 414 696 numero
435 669 469 696 ab
488 668 606 697 Hebrmis
621 669 722 703 vocari,
738 669 809 703 quod
829 669 990 697 conﬁtentur
1010 669 1091 696 etiam

300 715 344 748 qui
361 714 488 750 Syrorum
504 714 620 749 linguam
631 715 728 742 sciunt.
742 714 776 742 Et
791 722 870 742 nemo
883 722 914 742 ea
927 714 1014 749 lingua
1028 715 1094 742 dicit

300 759 405 792 escium,
420 760 466 786 sed
477 760 545 787 creli.
559 759 646 794 Atque
660 760 759 787 idcirco
774 759 813 786 sic
823 759 922 786 dictum
937 763 980 787 est
991 767 1006 786 a
1017 760 1094 787 beato

302 805 411 838 Davide,
433 804 494 832 Cteti
512 805 717 832 ειιιιοηιηιεηοη
741 805 812 839 quod
834 805 907 832 multi
934 806 989 833 sint
1010 805 1091 834 caeli:

301 858 353 877 non
367 850 438 877 enim
456 851 506 877 hoc
522 857 570 877 nos
581 850 671 877 docuit
684 850 777 877 beatus
786 850 890 881 Moses;
905 850 952 877 sed
964 850 1024 885 quia
1036 857 1094 877 mos

300 901 340 923 est
362 896 456 930 linguze
472 895 608 923 liebraicm
622 903 701 922 unam
718 903 773 922 rem
789 895 927 923 notniuare
940 896 1033 930 plurali
1048 904 1094 923 nu-

302 948 375 968 mero
388 940 426 976 (α)
442 949 448 966 ;
465 941 524 975 quia
541 940 562 967 si
583 940 659 967 multi
672 945 771 974 essent,
789 948 842 967 non
857 940 992 968 omisisset
1005 941 1090 975 Spiri-

303 990 345 1014 tus
365 991 473 1013 sauctus
487 994 534 1021 per
554 986 669 1021 linguam
690 986 759 1013 beati
785 985 896 1020 hujusce
909 986 1046 1021 propheta:
1065 990 1094 1014 et

301 1031 411 1059 aliorum
428 1031 611 1059 formationem
631 1039 680 1059 nos
695 1031 801 1058 docere.
825 1031 886 1058 llzec
897 1031 1037 1066 diligenter
1050 1039 1095 1059 rc-

302 1077 395 1110 tinetc,
412 1076 533 1109 obsecro,
553 1081 580 1103 ut
595 1076 701 1110 possitis
724 1075 864 1103 obstruere
878 1083 924 1103 ora
944 1083 1036 1104 eorum
1049 1075 1095 1111 qui

300 1122 435 1149 contraria
449 1122 638 1149 ecclesiasticis
657 1121 786 1149 doctrinis
807 1121 932 1153 afferunt,
948 1126 975 1148 rt
994 1121 1020 1148 in
1039 1126 1096 1148 toto

301 1167 412 1194 videatis
426 1167 549 1194 virtutem
571 1174 664 1194 eorum
678 1174 737 1201 quae
761 1166 787 1194 in
804 1166 940 1201 Scriptura
955 1167 1096 1193 continen-

301 1217 354 1240 tur.
370 1212 436 1240 Nam
458 1212 558 1240 idcirco
579 1213 735 1247 frequenter
750 1212 793 1239 hic
817 1212 975 1244 convenitis,
1000 1217 1027 1239 et
1039 1220 1096 1251 Inos

302 1258 452 1286 uberiorem
464 1258 615 1286 doctrinam
628 1258 867 1291 communicamus,
880 1263 908 1285 ut
922 1259 1006 1293 parati
1037 1259 1095 1287 sitis

302 1304 374 1331 omni
387 1305 506 1340 poscenti
522 1312 570 1332 vos
583 1305 715 1331 rationem
732 1303 845 1331 reddere
860 1303 898 1339 (1.
916 1303 974 1330 Pet.
991 1305 1018 1332 5.
1038 1305 1094 1340 15).

302 1351 354 1378 Sed
368 1350 400 1378 ad
412 1350 604 1385 consequentia
618 1349 769 1383 redeamus,
786 1349 807 1376 si
823 1349 918 1383 placet.
937 1349 965 1376 8.
979 1349 1012 1376 Et
1027 1358 1096 1377 voca-

301 1397 346 1427 vit,
367 1396 422 1428 ait,
447 1395 517 1422 Deus
542 1396 729 1430 ﬁrmamentum
753 1394 854 1421 cwlum.
873 1393 906 1421 Et
931 1394 992 1421 vidit
1012 1393 1093 1428 Deus,

301 1442 369 1476 quod
382 1446 443 1468 esset
457 1442 560 1468 bonum.
576 1440 692 1468 Attende
701 1445 829 1475 quantum
844 1439 885 1466 his
898 1440 987 1468 verbis
1002 1440 1095 1468 huma-

303 1496 343 1515 na:
357 1495 387 1515 se
397 1491 556 1522 attemperct
567 1486 724 1513 inﬁrmitati.
735 1486 802 1513 Nam
817 1487 885 1513 sicut
897 1486 930 1513 de
944 1487 1003 1513 lucc
1013 1487 1094 1514 dixit:

308 1532 376 1559 Vidit
390 1533 458 1568 quod
471 1537 535 1559 esset
547 1531 613 1559 bona
628 1539 637 1559 :
650 1532 684 1559 ita
705 1536 732 1559 et
746 1540 817 1559 nunc
831 1531 865 1559 de
877 1533 943 1560 caelo
954 1533 1030 1566 dicit,
1045 1533 1095 1562 hoc

301 1583 353 1611 est,
367 1578 401 1606 de
412 1578 579 1605 ﬁrmamento
593 1587 600 1604 :
616 1578 650 1604 Et
663 1578 734 1609 vidit,
753 1579 848 1613 inquit,
864 1578 941 1611 Deus,
951 1580 1019 1614 quod
1034 1585 1095 1608 esset

301 1625 392 1651 bonum
404 1633 413 1651 .'
424 1625 523 1651 docens
532 1632 582 1651 nos
598 1632 645 1659 pcr
658 1624 728 1651 istud
743 1625 900 1652 immensam
917 1625 1095 1660 pulchritudi-

302 1677 362 1696 nem
376 1670 444 1704 ejus.
460 1669 525 1702 Quis
539 1670 611 1697 enim
628 1677 680 1696 non
695 1669 897 1704 obstupesceret
914 1675 994 1705 atque
1008 1672 1095 1699 admi-

302 1719 405 1742 raretur
415 1714 486 1750 quod
503 1715 701 1742 ﬁrmamentum
725 1719 798 1742 tanto
820 1720 941 1750 tempore
961 1716 1094 1751 vigentem

301 1764 391 1787 servet
404 1759 639 1794 pulchritudinem,
661 1764 688 1787 et
700 1760 770 1795 quod
784 1765 911 1795 quantum
926 1762 1096 1797 progreditur

302 1810 418 1841 tempus,
433 1810 534 1833 tantum
549 1811 677 1841 augeatur
691 1806 927 1841 etppuichritudo?
942 1807 1010 1841 Quid
1023 1809 1094 1836 enim

302 1852 449 1885 speciosius
460 1859 503 1884 eo,
515 1852 586 1887 quod
600 1852 702 1879 laudern
716 1853 749 1880 ab
771 1853 828 1887 ipso
847 1852 950 1888 Opiﬁce
973 1854 1096 1889 accepit?

302 1897 367 1924 Nam
383 1898 404 1924 si
419 1905 470 1925 nos
484 1897 601 1925 hominis
614 1905 682 1933 opus
695 1898 818 1926 videntes
828 1899 992 1933 absolutum,
1007 1901 1095 1928 admi-

303 1951 392 1971 rantur
401 1944 521 1979 figurant,
533 1943 624 1975 situm,
637 1943 872 1978 pulchritudinem,
882 1946 1094 1980 proportionem,

301 1990 472 2028 elegantiam,
493 1990 599 2024 aliaque
614 1990 702 2017 omnia
717 1998 724 2016 :
740 1990 810 2025 quod
831 1990 930 2017 factum
952 1995 994 2018 est
1011 1999 1026 2018 a
1040 1992 1096 2019 Deo

301 2035 361 2069 quis
373 2035 454 2070 digne
470 2035 593 2068 laudarit,
610 2035 759 2070 prmserlim
778 2043 838 2063 cum
860 2036 894 2063 ab
910 2036 968 2071 ipso
982 2037 1096 2065 Domino

303 2081 407 2108 laudem
432 2081 551 2116 accepit?
569 2080 632 2108 Hinc
645 2081 715 2107 enim
731 2080 800 2108 dicta
822 2080 858 2108 ita
874 2086 946 2115 sunt,
968 2087 997 2109 ut
1011 2091 1040 2110 se
1053 2089 1095 2111 at-

304 2129 466 2160 temperaret
491 2130 590 2153 nostra:
613 2125 765 2160 fragilitati,
793 2125 950 2162 videbisque
975 2127 1027 2155 hoc
1049 2136 1096 2164 per

303 2171 421 2205 singulas
442 2175 578 2197 creaturas
590 2170 653 2204 dici,
675 2175 703 2198 et
725 2171 759 2197 ita
781 2171 872 2198 multis
891 2177 969 2200 antea
989 2175 1096 2203 saaculis

304 2216 436 2251 profligari
454 2224 547 2244 ausum
571 2224 675 2250 cormn,
698 2217 741 2251 qui
758 2217 873 2252 linguam
888 2225 964 2245 suam
992 2221 1095 2249 acuturi

302 2268 378 2289 erant
393 2268 484 2290 contra
499 2263 632 2298 opiﬁcium
647 2263 705 2296 Dei,
722 2267 748 2290 et
761 2263 858 2291 dicturi
871 2273 878 2291 :
894 2264 982 2298 Quare
1004 2266 1055 2295 hoc
1069 2272 1095 2295 et

303 2309 353 2336 hoc
366 2309 461 2337 factum
475 2309 533 2337 est?
546 2309 619 2336 Talia
636 2309 716 2344 igitur
725 2309 843 2337 dicturos
856 2315 918 2338 ante
930 2313 1092 2347 comprimit,

301 2355 412 2383 dicens:
425 2354 457 2381 Et
470 2355 532 2382 vidit
550 2355 618 2382 Deus
630 2355 697 2390 quod
709 2359 772 2382 esset
793 2355 894 2382 bonum.
911 2357 1022 2391 Quando
1044 2367 1094 2387 au-

303 2405 355 2429 tem
375 2401 462 2435 audis,
478 2401 550 2428 Vidit
564 2401 633 2428 Deus
652 2404 679 2428 et
699 2400 826 2433 laudavit,
848 2401 965 2436 iutcllige
979 2403 1092 2437 dictum,

303 2450 381 2482 prout
394 2447 502 2481 dignum
523 2449 563 2473 est
578 2445 612 2473 de
635 2446 690 2473 Deo
707 2445 790 2480 loqui.
807 2445 873 2473 Nam
894 2447 939 2482 qui
959 2449 1093 2483 produxit,

301 2492 382 2520 etiam
395 2492 548 2527 priusquam
564 2491 701 2524 formarel,
714 2490 814 2518 sciebat
826 2490 971 2520 formandm
985 2494 1022 2521 rei
1037 2495 1094 2529 pul-

300 2538 500 2570 chritudinem;
526 2537 572 2565 sed
597 2537 657 2572 quia
682 2544 732 2564 nos
754 2536 875 2564 homines
894 2538 978 2573 (tanta
1001 2547 1093 2568 sumus

302 2583 484 2610 imbeciliitate
500 2582 669 2617 circumdati)
693 2582 772 2609 aliter
790 2582 841 2610 hoc
865 2583 1014 2620 intelligere
1038 2594 1091 2613 non

302 2629 447 2664 potuimus,
469 2629 529 2657 ideo
551 2629 592 2656 sic
607 2629 706 2656 direxit
726 2628 794 2656 beati
809 2630 948 2664 propheta:
963 2631 1090 2666 linguam,

302 2679 330 2701 ut
350 2674 383 2702 ad
399 2674 571 2703 erudiendum
586 2674 731 2702 humanum
754 2681 838 2710 genus
858 2679 929 2703 tanta
951 2678 1092 2706 verborum

302 2726 420 2748 uteretur
434 2721 619 2749 crassitudine.

331 2779 369 2807 (a)
385 2778 500 2802 celerum
523 2785 612 2803 nomen
635 2778 751 2803 hebraice
769 2779 862 2804 nmis.
886 2780 983 2803 Unicum
1006 2779 1092 2805 caelum

300 2807 402 2843 admittit
412 2809 599 2843 chrysostomus.
613 2814 639 2834 et
647 2811 779 2843 respondet
791 2815 938 2843 argumento
950 2817 981 2834 ex
994 2811 1092 2843 lfsaltnis

299 2839 471 2873 deditumque
483 2840 566 2871 plures
586 2840 735 2870 comprobari
757 2839 868 2866 videntur
888 2841 949 2873 c.eli;
963 2842 1008 2866 sed
1027 2846 1092 2867 tacet

296 2869 397 2896 l’aulnm
407 2869 498 2902 raptum
510 2872 629 2905 usquead
641 2869 739 2896 tertium
756 2873 851 2897 caelum.

1182 215 1209 243 5.
1230 215 1342 247 Quando
1365 215 1442 250 igitur
1457 216 1580 243 sublevas
1598 215 1701 248 oculos,
1718 221 1746 243 et
1759 222 1866 250 spectas
1880 218 1938 245 cadi

1146 260 1382 295 pulchritudinem,
1398 262 1616 296 magnitudinem,
1633 261 1784 293 utilitatem,
1800 267 1863 291 tunc
1877 263 1939 290 inde

1144 307 1177 333 ad
1200 306 1329 341 Opificem
1352 307 1487 340 ascende,
1509 308 1579 336 sicut
1602 313 1629 336 et
1646 308 1752 342 Sapiens
1765 309 1873 343 quidam
1899 310 1939 338 di-

1144 351 1222 378 cebat
1247 359 1253 377 :
1278 351 1319 378 Ex
1350 352 1521 386 magnitudine
1549 357 1572 379 et
1601 353 1789 387 pulchritudine
1813 360 1940 382 creatura-

1145 404 1201 422 rum
1224 397 1333 423 uniuersi
1354 397 1475 424 Conditor
1493 406 1537 432 per
1556 398 1744 432 proportionem
1763 400 1942 428 consideratur

1147 440 1224 476 (Sap.
1243 443 1285 468 15.
1301 443 1339 477 5).
1355 442 1388 469 Et
1408 443 1468 470 vide
1482 444 1561 470 etiam
1575 451 1607 470 es
1628 443 1722 472 horum
1743 445 1938 474 elementorum

1146 486 1314 519 formatione,
1337 493 1435 523 quanta
1456 489 1490 515 sit
1511 489 1616 516 Domini
1639 490 1674 517 tui
1690 491 1783 518 virtus.
1805 491 1938 520 Naméeui

1146 539 1226 566 Sagax
1238 536 1265 559 et
1280 533 1378 567 probus
1401 540 1442 561 est
1456 535 1571 568 animus,
1594 535 1617 562 si
1631 535 1744 563 voluerit
1757 537 1860 572 singula
1876 538 1940 565 visi-

1146 576 1207 604 bilia
1222 579 1333 605 scrutari
1347 586 1354 610 ;
1369 583 1397 606 et
1415 579 1478 614 quid
1499 579 1569 612 dico,
1585 580 1687 615 singula
1701 589 1760 616 qua:
1775 581 1842 609 facta
1857 584 1940 610 sunt?

1146 631 1221 650 suam
1238 624 1322 652 solam
1337 624 1522 653 formationem
1545 626 1567 653 si
1583 631 1708 655 accurate
1722 628 1835 656 voluerit
1849 631 1939 657 cousi-

1147 668 1252 702 dcrarc,
1269 670 1410 697 ridebith
1426 671 1513 705 parvis
1534 671 1586 698 illis
1602 672 1758 701 immensam
1774 676 1802 701 et
1817 673 1938 703 ineﬁ‘abi-

1146 713 1198 741 lem
1216 714 1262 741 Dei
1286 716 1441 750 potentiam.
1455 716 1531 749 Quod
1553 717 1576 744 si
1591 717 1703 745 visibilia
1725 719 1781 747 sola
1804 720 1942 748 sufﬁciunt

1147 759 1223 786 nobis
1241 760 1273 787 ad
1295 761 1442 788 docendam
1461 763 1587 797 potentiae
1606 763 1758 792 Conditoris
1779 766 1942 801 magnitudi-

1147 811 1220 837 neut,
1241 805 1263 832 si
1282 810 1309 832 et
1322 805 1355 832 ad
1370 806 1514 834 invisibiles
1530 808 1633 836 veneris
1648 809 1769 843 virtutes,
1783 815 1811 838 et
1824 816 1939 839 mentem

1147 851 1299 879 extenderis
1313 851 1346 879 ad
1369 852 1522 888 angelorum
1544 855 1687 889 exercitus,
1708 855 1939 892 archangelorum,

1147 904 1323 931 supernarum
1350 897 1487 932 virtutum,
1520 899 1689 934 thronorum,
1717 901 1938 935 dominationum.

1148 942 1353 976 priueipatuum,
1363 947 1532 977 potestatum,
1546 944 1702 978 Cherubim,
1717 946 1856 982 Seraphim
1868 957 1941 984 :quze

1148 996 1234 1021 mens,
1247 989 1291 1023 qui
1301 997 1390 1016 sermo
1401 990 1497 1024 poterit
1507 998 1634 1019 enarrare
1647 993 1867 1027 magniﬁcentiam
1881 995 1940 1029 ejus

1148 1032 1327 1061 ineffabilem?
1350 1034 1416 1062 Nam
1439 1036 1461 1063 si
1489 1035 1582 1064 beatus
1609 1038 1738 1072 propheta
1762 1038 1853 1072 David,
1879 1047 1940 1068 cum

1148 1078 1349 1114 dispositionem
1371 1081 1514 1109 visibilium
1534 1082 1740 1117 considerasset,
1763 1085 1941 1119 exclamabat,

1148 1124 1260 1152 dicens:
1278 1125 1361 1158 Quam
1382 1127 1546 1161 magniﬁcam
1564 1133 1622 1154 sunt
1647 1136 1723 1163 opera
1744 1134 1798 1163 tua,
1815 1129 1942 1158 Domino!

1148 1171 1233 1197 onmia
1246 1170 1273 1197 in
1286 1172 1409 1206 sapientia
1423 1172 1506 1206 fecisti
1516 1172 1600 1207 (Psal.
1615 1173 1674 1201 103.
1688 1174 1735 1210 2-1)
1750 1183 1758 1203 ;
1774 1175 1806 1208 si,
1822 1176 1940 1211 inquam,

1149 1215 1190 1242 vir
1203 1219 1277 1243 tanto
1290 1216 1388 1251 Spiritu
1405 1218 1539 1252 prteditus,
1553 1223 1581 1246 et
1601 1219 1695 1254 dignus
1710 1219 1825 1255 habitus,
1845 1222 1888 1249 cui
1902 1223 1943 1250 in-

1147 1265 1221 1289 certa
1233 1266 1261 1289 et
1272 1263 1374 1290 occulta
1388 1263 1526 1299 sapientia:
1536 1265 1632 1292 divina:
1643 1265 1885 1301 manifestarentur,
1901 1269 1942 1296 sic

1148 1307 1314 1335 exclamabat
1330 1316 1337 1335 :
1353 1309 1416 1344 quid
1438 1309 1587 1337 diceremus
1607 1319 1656 1339 nos
1677 1312 1722 1347 qui
1736 1316 1806 1340 terra
1831 1318 1858 1340 et
1874 1315 1943 1342 cinis

1148 1361 1251 1387 sumus,
1274 1359 1302 1382 et
1314 1355 1443 1384 debemus
1457 1357 1585 1385 continuo
1600 1358 1702 1386 vultum
1725 1359 1894 1394 submittere,
1915 1366 1943 1389 ct

1148 1400 1340 1436 obstupescere
1357 1402 1542 1430 universorum
1567 1403 1671 1431 Domini
1691 1405 1851 1434 ineffabilem
1866 1406 1942 1435 beni-

1148 1446 1297 1480 gnitatem?
1333 1447 1366 1474 Et
1384 1447 1447 1482 quid
1469 1448 1528 1476 dico
1562 1449 1737 1484 prophetam?
1761 1451 1858 1480 Beatus
1885 1451 1944 1487 ipse

1149 1491 1256 1525 Paulus,
1268 1493 1355 1520 anima
1369 1493 1412 1521 illa
1434 1493 1468 1521 ad
1486 1494 1566 1522 caelos
1581 1503 1664 1530 usque
1677 1496 1810 1531 sublimis,
1830 1504 1942 1533 corpore

1148 1540 1338 1574 circumdatus,
1355 1545 1382 1569 et
1396 1549 1456 1570 cum
1483 1542 1647 1578 incorporeis
1659 1544 1801 1572 virtutibus
1823 1550 1942 1579 certans,

1149 1586 1175 1613 in
1190 1590 1260 1614 terra
1276 1588 1425 1621 ambulans,
1441 1594 1468 1616 et
1483 1590 1564 1616 anniti
1578 1590 1667 1617 studio
1681 1591 1774 1618 czelum
1789 1599 1942 1627 peragrans,

1148 1640 1207 1660 cum
1229 1633 1255 1660 in
1280 1642 1358 1661 unam
1374 1639 1475 1669 partem
1491 1635 1719 1670 dispensationmn
1744 1637 1790 1664 Dei
1813 1638 1943 1666 incideret

1150 1677 1195 1713 (de
1217 1678 1318 1706 Judmis
1337 1684 1365 1706 et
1388 1680 1532 1715 gentilibus
1552 1681 1659 1716 loquor,
1682 1682 1752 1717 quod
1775 1683 1811 1710 illi
1835 1683 1942 1718 quidem

1148 1724 1238 1758 ejecti,
1253 1724 1278 1751 hi
1290 1729 1378 1752 autem
1393 1726 1419 1752 in
1431 1726 1517 1753 locum
1532 1727 1639 1754 illormn
1653 1728 1794 1756 introducti
1806 1729 1942 1764 fuissent),

1148 1774 1175 1796 et
1190 1776 1281 1797 secum
1302 1770 1443 1804 dubitaret,
1467 1776 1494 1800 et
1517 1773 1680 1801 internorum
1702 1775 1840 1802 oculorum
1857 1776 1942 1802 verti-

1148 1815 1210 1849 gine
1225 1815 1367 1850 laboraret,
1392 1818 1560 1852 exclamavit,
1581 1819 1693 1848 dicens:
1712 1820 1734 1847 0
1754 1821 1863 1848 altitudo
1878 1821 1943 1848 divi-

1149 1860 1242 1887 tiarum
1255 1865 1277 1888 et
1289 1863 1430 1896 sapientia,
1445 1868 1468 1889 et
1482 1859 1594 1891 scientite
1608 1864 1666 1899 Dei,
1680 1873 1755 1901 quam
1771 1866 1943 1893 inscrutabilia

1148 1911 1207 1933 sunt
1221 1907 1319 1941 iudicia
1332 1909 1396 1943 ejus,
1413 1914 1436 1935 et
1457 1910 1641 1945 investigabiles
1659 1912 1707 1938 via:
1720 1912 1774 1947 ejus
1790 1912 1879 1946 (Rom.
1897 1913 1939 1939 11.

1148 1952 1213 1987 55)1
1230 1952 1282 1980 Sed
1308 1953 1350 1980 hic
1371 1954 1486 1982 libenter
1501 1957 1616 1990 rogarim
1641 1963 1699 1990 eos,
1716 1957 1760 1991 qui
1776 1957 1810 1984 de
1829 1965 1942 1991 genera-

1150 1998 1221 2025 tione
1238 1999 1297 2026 Filii
1313 1999 1359 2027 Dei
1374 2001 1505 2028 curiosius
1520 2002 1672 2036 quuirunt,
1686 2007 1713 2030 et
1726 2002 1811 2030 sancti
1827 2002 1941 2037 Spiritus

1149 2043 1303 2079 dignitatem
1330 2045 1436 2073 auferre
1457 2050 1559 2074 tentant
1581 2056 1587 2074 :
1610 2046 1686 2075 Unde
1705 2048 1790 2080 vobis,
1818 2048 1941 2082 obsecro,

1151 2093 1232 2117 tanta:
1246 2090 1366 2118 audacia:
1381 2091 1535 2120 temeritas?
1546 2100 1561 2120 a
1574 2100 1625 2127 qua
1639 2092 1787 2120 temeritate
1802 2093 1828 2120 in
1842 2097 1942 2120 tantam

1149 2136 1239 2163 ruistis
1260 2136 1409 2164 insaniam?
1430 2137 1496 2165 Nam
1511 2138 1533 2165 si
1548 2137 1646 2165 Paulus
1669 2138 1713 2165 ille
1737 2143 1828 2165 Lautus
1842 2143 1869 2165 et
1883 2139 1943 2167 talis

1147 2180 1245 2214 judicia
1256 2181 1322 2216 ejus,
1340 2182 1391 2210 hoc
1403 2188 1454 2217 est,
1466 2183 1677 2218 dispensationes
1687 2188 1714 2211 et
1723 2184 1940 2219 gubernationes,

1150 2226 1331 2255 inscrutabilia
1344 2235 1405 2256 esse
1417 2228 1481 2255 dicit
1495 2237 1502 2255 :
1518 2233 1545 2256 et
1557 2236 1611 2256 non
1629 2229 1694 2256 dicit
1709 2229 1940 2264 incomprehensi-

1148 2271 1221 2305 bilia,
1240 2274 1288 2300 sed
1303 2273 1494 2307 inscrutabilia,
1518 2275 1551 2301 ita
1566 2278 1594 2301 ut
1613 2275 1726 2302 scrutari
1741 2282 1771 2302 ea
1787 2282 1866 2302 nemo
1882 2282 1943 2309 pos-

1147 2318 1200 2351 sit;
1220 2322 1248 2346 et
1270 2319 1467 2354 investigahiles
1492 2320 1556 2347 dicit
1578 2320 1635 2348 vias
1657 2320 1730 2355 ejus;
1753 2320 1849 2348 iterum
1871 2320 1941 2348 idem

1148 2364 1249 2398 dicens,
1265 2365 1320 2393 vias
1340 2366 1463 2394 mandata
1477 2374 1577 2394 vocans
1592 2371 1619 2394 et
1639 2371 1768 2402 praecepta
1783 2376 1790 2395 :
1805 2367 1941 2402 quomodo

1148 2419 1195 2439 vos
1209 2412 1383 2440 substantiam
1398 2413 1481 2448 ipsam
1495 2413 1629 2448 Unigcniti
1641 2414 1771 2441 curiosius
1788 2414 1940 2448 explorare,

1147 2463 1175 2485 et
1191 2458 1306 2493 Spiritus
1320 2459 1405 2486 sancti
1420 2459 1586 2494 dignitatem.
1610 2465 1739 2494 quantum
1760 2461 1786 2487 in
1801 2460 1876 2488 vobis
1889 2459 1941 2493 est,

1148 2505 1306 2532 imminuere
1318 2505 1419 2532 audetis
1433 2505 1488 2541 (a)?
1503 2506 1603 2538 Videte,
1619 2506 1795 2538 dilectissimi,
1810 2511 1941 2540 quantum

1147 2551 1245 2578 malum
1265 2551 1300 2578 sit
1314 2559 1366 2578 non
1381 2551 1522 2586 diligenter
1537 2551 1676 2579 attendere
1691 2552 1724 2579 ad
1738 2560 1767 2579 ea
1784 2560 1842 2587 qua:
1857 2553 1882 2579 iu
1898 2552 1940 2579 di-

1147 2596 1216 2623 vinis
1227 2596 1370 2632 Scripturis
1385 2601 1447 2624 sunt
1457 2601 1591 2624 contenta.
1608 2597 1639 2624 lli
1654 2597 1723 2625 enim
1737 2598 1759 2625 si
1775 2605 1835 2624 cum
1851 2599 1940 2633 sagaci

1145 2648 1173 2671 ct
1188 2643 1270 2679 proba
1284 2648 1373 2671 mente
1388 2643 1536 2670 doctrinam
1550 2643 1647 2670 divina:
1660 2643 1804 2678 Scriptura:
1818 2644 1940 2678 accepis-

1145 2694 1214 2723 sent,
1233 2693 1261 2717 et
1280 2696 1333 2716 non
1347 2696 1395 2716 sua
1410 2696 1442 2717 ex
1456 2689 1564 2724 proprio
1577 2689 1718 2717 ratiocinio
1731 2689 1939 2724 excogitassent,

1175 2778 1211 2809 (a)
1228 2779 1343 2812 Haeretici
1357 2778 1397 2810 qui
1412 2778 1570 2812 substantiam
1581 2778 1703 2812 Unigeniu
1722 2778 1842 2812 curiosius
1854 2776 1939 2812 explo-

1144 2810 1237 2838 rabant,
1251 2812 1276 2833 et
1287 2808 1473 2843 Spiritussancti
1487 2809 1631 2843 dignitatem
1652 2808 1802 2843 Illiiittebant,
1825 2808 1935 2843 Ancum-1'

1145 2845 1214 2873 erant
1234 2843 1259 2873 et
1278 2840 1446 2873 Macciloniaui.
1458 2839 1544 2873 contra
1558 2840 1688 2863 Anommos
1710 2839 1936 2873 multas_orationes

1146 2871 1228 2895 habuit
1239 2871 1418 2902 Chrysostomus
1426 2871 1559 2896 Antiochiae
1570 2875 1594 2894 et
1606 2871 1818 2900 Constantinopoli.
