2066 3126
153 109 186 138 36
509 89 513 92 ι
722 110 753 138 ΙΝ
771 110 848 138 CAP.
869 109 890 137 l.
910 108 1031 137 GENES.
1052 108 1167 136 HOMIL.
1188 108 1231 136 IV.
1756 107 1790 137 ιϐ

151 166 307 201 neutiquam
331 166 359 193 in
380 170 481 194 tantam
506 166 642 194 venissent
665 167 819 193 amentiam.
841 165 875 193 At
896 172 944 193 nos

152 219 239 246 neque
251 212 290 238 sic
305 219 442 239 cessemus
455 212 551 239 divina!
561 212 705 247 Scriptune
719 211 868 239 testintonia
883 211 946 245 ipsis

151 257 280 291 nhjieere,
302 262 330 284 et
348 265 426 285 aures
451 263 555 285 nostras
569 258 601 285 ad
616 258 773 292 pestilentes
788 265 880 284 eorum
899 257 946 284 do—

151 306 252 333 ctrinas
266 306 401 341 obsepire.

188 351 215 378 ε.
231 351 282 379 Sed
301 352 392 379 nescio
410 351 544 387 quomodo
559 352 656 379 iterum
669 351 704 379 ab
721 351 823 386 impetu
846 351 947 386 oratio-

153 397 194 423 nis
211 398 237 424 iu
252 398 310 425 ha-c
331 398 419 426 evecti
441 405 533 425 sumus
544 418 552 430 ,
569 403 595 425 et
612 405 628 425 a
640 402 766 425 contextu
778 397 924 425 excidimus
939 405 946 423 :

155 443 217 469 ideo
232 444 328 471 iterum
341 444 374 471 ad
393 445 481 479 priora
493 445 584 472 redeat
596 452 695 472 sermo.
715 443 748 470 Et
763 444 857 471 rocavit
867 464 874 475 ,
893 443 947 475 ait,

155 489 226 516 Date
243 491 429 524 ﬁrmamentum
458 491 567 522 aetum,
589 495 613 517 et
627 491 689 517 vidit
709 489 779 517 Dent:
801 489 869 525 quod
885 494 949 516 esset

153 534 257 561 bonum.
280 534 313 561 Et
326 537 421 570 factum
433 542 470 563 ut
484 544 594 570 uespere,
607 541 630 562 et
645 536 740 571 factum
750 540 786 562 est
797 543 885 567 mane,
896 535 950 561 dies

153 580 293 607 secundus.
304 581 490 615 Appellatiune
504 581 586 608 indita
607 581 774 608 firmamento
784 602 792 613 ,
807 584 834 607 et
844 580 950 607 laudato

153 633 249 660 opere,
264 626 344 653 linem
359 627 486 661 imposuit
506 627 558 654 diei
576 627 694 654 secundo
704 647 712 660 ,
725 631 753 654 et
763 626 848 654 dixit:
863 625 897 652 Et
910 628 951 661 {u-

152 676 222 697 ttmn
236 676 274 698 est
296 679 416 706 uespere,
428 677 450 699 et
467 674 565 708 {actum
586 678 624 700 est
638 681 728 705 mane.
741 673 795 700 dies
816 673 950 700 secundus.

155 716 250 743 Vidisti
263 723 361 752 quanta
371 718 506 753 diligentia
519 726 568 746 nos
577 718 666 751 docet,
683 719 762 746 liuent
777 719 844 746 lucis
856 726 951 753 vespe-

155 770 213 789 rnu
237 770 349 796 vocans,
363 768 390 790 et
409 764 489 791 ﬁnem
510 764 597 792 noctis
623 771 718 797 mane,
739 769 766 792 et
780 769 864 792 totum
888 763 950 792 illud

155 808 228 834 diem
241 828 248 839 ,
264 813 293 836 ιιι
313 816 347 836 ne
359 816 481 837 erremus
494 818 543 838 nos
553 831 560 843 ,
574 818 661 846 neque
676 815 799 846 putemus
812 818 950 846 vesperam

157 853 239 879 tinent
260 861 319 882 esse
343 854 416 888 diei,
440 855 487 883 sed
511 856 651 884 manifeste
675 856 792 886 sciamus
816 856 952 891 utriuSque

158 899 274 932 spatium
290 907 370 927 unum
393 900 464 928 diem
481 901 609 937 implere?
624 902 658 929 Et
669 910 780 937 vespere
792 902 871 931 ﬂuctu
887 902 952 929 lueis

158 947 233 971 recte
253 945 312 979 quis
335 945 450 980 dixerit,
483 954 562 974 mane
583 951 692 980 autem,
720 947 771 974 hoc
797 952 854 980 est,
872 946 952 974 ﬁnem

157 989 262 1022 nectis,
282 990 506 1024 complementum
531 991 596 1020 diei.
618 991 674 1019 Hoc
695 992 767 1019 enim
789 992 845 1019 vult
863 991 952 1019 divina

157 1033 296 1070 Scriptura
312 1036 494 1070 manifestam,
510 1037 603 1066 dicens
616 1047 623 1065 :
639 1038 671 1065 Et
684 1039 778 1074 factum
790 1042 827 1065 est
841 1046 951 1074 vespere,

156 1085 182 1106 et
208 1081 305 1114 factum
318 1086 355 1108 est
375 1090 467 1114 mne,
487 1083 541 1110 die:
560 1083 695 1110 mundus.
718 1083 799 1111 Forte
822 1084 953 1118 prolixius

158 1132 312 1154 sermonem
324 1128 502 1163 extendimus,
519 1136 572 1156 non
584 1129 645 1156 data
658 1137 755 1164 opera,
771 1128 818 1157 sed
832 1129 866 1157 ab
877 1129 934 1164 ipsa
943 1151 952 1162 ,

159 1176 189 1198 ιιι
212 1172 315 1200 dixerit
331 1174 462 1209 quispiam
472 1195 481 1208 ,
495 1175 637 1205 verborum
657 1175 846 1210 consequentia
858 1195 866 1211 ,
879 1175 952 1210 quasi

159 1218 254 1252 rapido
273 1219 388 1254 quodam
403 1227 481 1248 amne
502 1221 525 1248 vi
541 1220 679 1248 abstracti.
699 1220 807 1256 Vosque
822 1221 901 1255 hujus
913 1221 952 1248 rei

158 1271 240 1291 causa
262 1265 341 1298 estis,
356 1266 400 1301 qtti
422 1274 518 1302 magna
539 1274 600 1295 eum
615 1268 751 1302 voluptate
773 1267 844 1294 dicta
861 1273 953 1294 nostra

159 1310 268 1337 auditis.
290 1311 361 1338 Nihil
377 1312 448 1340 enim
467 1315 506 1340 sic
527 1313 645 1345 excitare
659 1317 747 1348 potest
760 1313 893 1341 dicentem
905 1334 912 1346 ,
927 1318 954 1342 et

159 1355 353 1383 sententiarum
375 1364 499 1392 magnam
522 1358 628 1393 copiam
655 1358 693 1385 illi
712 1358 828 1392 all‘erre,
852 1363 881 1385 ut
904 1366 954 1386 au-

158 1399 277 1427 ditorum
291 1401 425 1429 alacritas.
439 1403 471 1430 Et
483 1403 552 1430 sicut
565 1403 652 1438 supini
663 1407 690 1431 et
704 1403 811 1431 desides
820 1403 955 1432 auditores

159 1445 242 1472 etiam
257 1447 369 1474 mttltutn
385 1448 492 1483 eloquio
505 1448 636 1476 valentetn
653 1448 766 1479 reddunt
779 1449 931 1484 segniorem
945 1458 952 1477 :

161 1491 198 1518 ita
212 1499 260 1518 vos
273 1499 320 1526 per
340 1493 386 1520 Dei
407 1494 520 1528 gratiam
532 1514 540 1527 ,
555 1493 658 1521 etiamsi
672 1494 737 1520 muti
760 1501 880 1522 essemus
895 1495 955 1529 plus

160 1544 240 1571 quam
250 1537 352 1573 lapides
363 1539 384 1572 ‘,
395 1539 510 1574 possetis
523 1544 641 1566 nostrum
653 1543 788 1574 stuporem
799 1539 953 1573 emendare,

161 1589 187 1611 et
200 1585 406 1612 somnulentiam
422 1585 573 1618 discutere,
588 1593 737 1621 cogereque
748 1590 776 1613 ut
791 1585 912 1613 dicamus
923 1593 954 1614 ea

161 1638 222 1665 qua:
237 1631 313 1658 vobis
334 1631 504 1664 conducunt,
520 1637 547 1662 et
567 1631 602 1660 ad
623 1636 739 1661 vestram
761 1631 954 1659 institutionem

162 1677 309 1711 pertinent.
329 1678 460 1711 Quoniam
476 1678 554 1717 igitur
569 1678 635 1706 tales
656 1677 738 1711 estis,
756 1682 848 1712 utpote
862 1685 877 1705 a
900 1677 955 1704 Deo

161 1725 234 1752 docti
246 1745 255 1756 ,
268 1731 296 1752 et
316 1725 462 1753 secundum
484 1724 590 1756 beatum
613 1724 742 1758 Paulum,
757 1724 868 1760 potestis
888 1724 955 1751 alios

161 1773 313 1800 admonere
327 1772 415 1807 (Rom.
428 1772 471 1799 15.
484 1772 529 1807 Η)
543 1781 550 1800 :
560 1780 618 1808 age,
630 1774 808 1803 obsecramus
819 1783 877 1810 vos,
888 1777 951 1809 utsi

164 1827 214 1854 per
231 1818 305 1853 quod
325 1817 411 1850 aliud,
433 1818 551 1846 maxime
576 1826 625 1853 per
638 1818 738 1853 jejunii
757 1823 877 1855 tempus.
894 1829 952 1855 mg-

163 1872 246 1898 gnam
261 1864 330 1890 bene
353 1862 460 1890 vivendi
486 1870 579 1890 curam
601 1863 719 1898 geratis,
748 1872 798 1892 nec
816 1865 861 1892 fiat
874 1866 951 1898 vobis

164 1916 258 1938 sermo
273 1908 443 1940 fastidiosus,
461 1908 484 1935 si
495 1908 618 1943 quotidie
626 1909 660 1936 de
671 1909 772 1937 eisdem
790 1910 949 1946 loquamur:

161 1955 258 1982 eadem
271 1955 343 1982 enim
363 1954 452 1982 dicere
473 1954 538 1981 ntihi
555 1955 662 1991 quidem
674 1962 728 1982 non
739 1961 821 1990 grave
833 1975 840 1986 ,
856 1962 954 1983 secun-

160 1999 226 2026 dum
242 1999 348 2027 beatum
361 1999 482 2032 Paulum,
496 1999 573 2027 vobis
587 2004 676 2027 autent
688 2004 773 2027 tutttm
785 2000 913 2036 (Philipp.
927 2001 953 2028 5.

163 2047 202 2080 t).
216 2046 291 2080 Opus
302 2046 372 2073 enim
394 2045 473 2075 habet
493 2046 580 2072 anima
593 2050 682 2073 nostra
693 2065 702 2078 ,
717 2046 807 2082 segnis
828 2054 888 2074 cutn
904 2047 953 2082 sit,

160 2091 289 2118 continua
310 2090 501 2119 admonitione.
523 2091 558 2118 Et
575 2091 644 2118 sicut
663 2099 760 2126 corpus
775 2091 826 2119 ltoc
836 2092 954 2129 quotidie

161 2144 230 2171 opus
243 2136 323 2164 habet
330 2137 462 2172 corporali
473 2137 610 2170 alimento,
622 2141 651 2164 ut
664 2145 698 2164 ne
707 2138 732 2164 in
745 2145 867 2173 magnam
875 2138 953 2173 :egri-

161 2182 283 2209 tudinetu
293 2182 422 2215 incidens,
431 2183 496 2210 nihil
504 2182 592 2210 facere
601 2182 685 2217 possit
695 2194 701 2211 :
711 2183 746 2210 ita
754 2188 781 2210 et
790 2183 878 2211 anima
888 2190 955 2218 opus

161 2228 242 2255 habet
261 2228 392 2263 spirituali
407 2229 467 2256 cibo
477 2250 484 2262 ,
498 2233 526 2257 et
545 2229 645 2265 optima
657 2229 718 2256 vita:
737 2230 840 2257 ratione
851 2250 859 2263 ,
875 2234 904 2257 ut
927 2231 953 2258 in

160 2274 383 2303 consuetudinem
399 2275 512 2310 aliquam
523 2275 652 2302 bonorum
668 2276 825 2310 perveniens
836 2297 843 2308 ,
858 2276 953 2304 invicta

159 2321 212 2351 sit,
227 2325 254 2346 et
267 2320 392 2347 resistere
405 2321 489 2355 possit
501 2320 608 2356 maligni
623 2320 706 2348 hostis
730 2321 842 2348 insidiis.

197 2366 222 2392 7.
239 2365 347 2392 Moralis
358 2366 509 2398 exhortatio;
518 2365 617 2401 {uda-is
623 2366 750 2402 jejunium
765 2375 814 2394 non
825 2367 954 2402 proderat;

160 2417 285 2446 quantum
293 2412 385 2439 bonum
392 2413 424 2445 sit
432 2413 590 2440 inimicorum
600 2413 869 2447 dilectior—Quotidie
875 2414 954 2449 igitur

160 2459 218 2493 ejus
229 2459 352 2486 virtutem
362 2466 473 2494 operose
481 2455 615 2491 duremus,
626 2464 653 2486 et
662 2467 710 2486 nos
718 2460 789 2494 ipsos
797 2460 953 2487 examinan-

160 2509 201 2530 ινδ
211 2524 218 2534 ,
235 2511 381 2538 numquam
392 2503 545 2531 deﬁciamus
555 2512 562 2537 ;
574 2504 747 2532 rationarium
758 2512 862 2540 quoque
876 2505 954 2532 nobis

159 2550 336 2577 conifieiatnus
347 2558 438 2577 eorum
449 2557 508 2585 qua:
524 2550 680 2585 accipimus,
691 2555 818 2577 eteorum
833 2558 892 2586 qttte
905 2558 953 2578 ex-

160 2596 320 2630 pendimus,
332 2596 459 2631 quidnatn
476 2595 576 2623 utiliter
583 2600 610 2623 et
620 2596 688 2624 bene
698 2596 797 2632 loqttuti
812 2597 910 2628 simus,
926 2600 953 2624 et

159 2641 230 2676 quod
243 2643 359 2668 otiosum
372 2641 484 2668 verbum
498 2642 698 2676 protuleritnus.
713 2646 740 2669 et
755 2642 864 2674 iterum,
886 2641 949 2677 quid

160 2688 225 2718 utile
246 2695 294 2722 per
306 2694 388 2715 aures
403 2688 429 2714 in
453 2687 567 2714 animam
580 2687 819 2719 intromiserimus,
834 2692 859 2714 et
873 2687 950 2722 quid,

158 2734 230 2768 quod
242 2734 435 2761 detrimentum
450 2734 546 2760 alferre
561 2733 652 2769 possit.
669 2734 801 2761 Praeterea
814 2737 841 2760 ct
856 2733 952 2768 littgute

190 2799 199 2808 -
217 2793 329 2832 ξηιξιὲξι
340 2796 444 2822 quatuor
456 2795 507 2817 Mss
528 2791 626 2819 habent.
645 2792 738 2817 etiamsi
757 2791 882 2823 inﬁtiare:
892 2798 968 2832 esse.

157 2831 211 2848 mut
221 2824 349 2853 lupi/ibus.

1001 164 1107 200 regulas
1119 165 1220 201 aliquas
1234 169 1262 193 et
1275 172 1392 194 canones
1404 170 1535 203 ponamus
1545 188 1552 200 .
1565 167 1601 195 lla
1615 173 1644 196 ut
1659 167 1730 204 prius
1745 176 1789 197 N-

1001 212 1135 239 ntinentur
1149 217 1175 239 et
1190 212 1372 247 ponderentur
1384 213 1465 241 verba
1477 233 1486 246 ,
1500 217 1528 241 et
1545 219 1636 249 postea
1650 215 1788 250 proferan-

1000 261 1043 283 tur
1064 264 1219 290 sermones;
1234 262 1349 285 mentem
1371 265 1436 286 vero
1462 259 1496 285 ita
1510 260 1696 291 instituamus.
1713 266 1741 288 ttt
1755 268 1789 288 ne

999 302 1062 337 quid
1076 303 1233 330 damnosum
1249 308 1362 339 promat,
1375 308 1403 332 et
1412 304 1434 331 si
1448 304 1516 332 forte
1528 305 1626 340 aliquid
1638 306 1690 333 tale
1704 305 1788 334 forin-

1000 355 1077 376 secus
1091 348 1230 383 infcratur,
1246 349 1272 377 id
1286 350 1375 377 statim
1395 355 1424 378 ut
1443 350 1605 385 superfluum
1617 356 1643 378 et
1659 352 1790 386 pernicio-

1001 402 1060 421 sum
1073 402 1261 429 amoveantus,
1275 400 1304 424 et
1324 396 1347 424 si
1368 397 1529 424 intrinsecus
1555 402 1688 430 nascatur,
1702 399 1790 425 statim

1001 439 1043 475 pia
1055 441 1215 477 cogitatione
1229 441 1292 468 illud
1307 441 1438 477 fugemus,
1451 447 1478 469 et
1492 450 1525 470 ne
1539 442 1723 470 existimemus
1738 443 1792 470 int--

1001 485 1072 512 diam
1088 493 1172 521 usque
1186 486 1218 513 ad
1233 494 1369 521 vesperam
1382 487 1415 514 ad
1435 487 1546 515 salutem
1563 488 1638 516 nobis
1659 488 1792 517 suffit‘cre.

1002 529 1067 557 Nam
1078 531 1100 558 si
1121 532 1254 566 perversis
1275 532 1376 560 ludatis
1391 533 1496 561 dicebat
1515 534 1645 569 benignus
1667 534 1793 562 Dominus

1003 584 1051 610 per
1064 577 1219 611 pr0phctatn
1235 587 1242 604 :
1259 577 1323 604 Ecce
1343 580 1404 606 anni
1427 580 1588 615 septuaginta
1599 587 1609 607 :
1620 580 1740 615 numquid
1749 580 1793 615 je-

1002 622 1135 654 junat'istis
1158 623 1219 648 nu'lu‘
1236 623 1363 658 jejunium
1374 624 1387 650 1
1401 623 1432 651 Et
1456 625 1479 652 ti
1490 625 1646 652 (omedcritit
1660 630 1684 652 et
1702 625 1793 652 biberi-

1003 669 1044 700 tic,
1060 677 1142 696 nonne
1152 677 1194 697 ros
1208 670 1338 697 comeditis
1351 675 1373 697 et
1388 670 1495 698 bibitis!
1511 670 1573 698 Hec
1594 671 1656 698 dicit
1670 671 1793 698 Domintu

1003 716 1161 750 omnipotens
1172 724 1181 742 :
1193 716 1324 743 Judicium
1332 717 1432 752 justum
1446 717 1564 752 judican-
1574 737 1581 749 ,
1597 717 1794 747 misericordium

1003 766 1026 788 et
1041 762 1223 788 miserationem
1239 762 1316 796 faciat
1338 763 1508 797 unusquisque
1525 771 1581 789 cum
1598 763 1713 797 proximo
1726 771 1771 789 suo
1784 771 1794 790 .'

1004 810 1027 833 et
1046 806 1156 838 viduam,
1172 812 1195 833 et
1207 807 1350 842 orp/tanum
1361 827 1369 838 ,
1381 813 1404 834 et
1417 807 1548 840 advenam,
1563 813 1585 835 et
1599 817 1732 844 pauperem
1744 817 1794 839 non

1004 852 1154 887 opprimatis
1169 859 1179 878 :
1193 857 1217 879 et
1236 854 1331 879 malum
1350 854 1520 888 nttttsqnisque
1540 859 1647 880 oestrum
1663 863 1722 889 erga
1741 855 1795 889 fra-

1005 901 1067 923 trem
1079 905 1153 924 suum
1172 906 1222 924 non
1235 898 1325 933 cogitet
1337 899 1363 925 in
1383 898 1499 926 cordibus
1510 900 1562 925 suis
1577 898 1668 935 (ludi.
1683 900 1710 927 7.
1727 900 1754 927 5.
1767 899 1794 927 6.

1003 941 1032 970 9.
1048 942 1104 978 l0).
1120 943 1148 970 Si
1162 943 1240 978 igitur
1255 944 1306 970 illis
1318 944 1362 979 qui
1378 945 1404 971 in
1420 944 1512 972 umbra
1533 945 1660 972 sedebant
1681 949 1708 972 et
1722 950 1795 973 tenth

1004 988 1060 1015 bris
1071 996 1193 1016 errorum
1213 988 1285 1016 aftixi
1299 994 1374 1017 erant
1385 1010 1394 1023 ,
1411 990 1475 1017 nihil
1488 990 1614 1025 proderat
1629 992 1715 1026 solum
1724 992 1795 1027 jeju-

1005 1035 1088 1068 nium,
1103 1042 1164 1062 eum
1179 1035 1235 1063 inec
1254 1036 1322 1062 bona
1335 1043 1416 1070 opera
1435 1044 1486 1063 non
1498 1037 1632 1070 facerent,
1645 1042 1673 1064 et
1687 1045 1702 1064 e
1715 1037 1796 1065 corde

1005 1081 1104 1108 malum
1117 1087 1179 1115 erga
1194 1082 1342 1116 proximum
1365 1089 1416 1108 non
1428 1081 1568 1109 elituinare
1581 1087 1615 1114 .t,
1632 1083 1735 1116 qualem
1749 1083 1795 1110 Ita-

1005 1126 1085 1154 bt'turi
1098 1134 1146 1154 uos
1159 1134 1251 1154 sumus
1263 1127 1445 1155 defensionem
1462 1149 1469 1160 ,
1484 1135 1498 1154 a
1513 1129 1609 1163 quibus
1623 1129 1724 1164 majora
1738 1130 1795 1156 cxi-

1005 1178 1112 1208 guutur.
1127 1178 1154 1202 et
1168 1181 1221 1201 non
1232 1174 1318 1201 solum
1335 1173 1392 1200 lucc
1401 1175 1493 1201 facere‘
1499 1174 1632 1209 iubemur.
1647 1175 1692 1202 sed
1707 1180 1733 1202 et
1749 1176 1795 1202 ini-

1006 1220 1089 1247 micos
1110 1219 1221 1255 diligere
1233 1241 1241 1252 ,
1256 1224 1282 1247 et
1296 1227 1343 1247 eos
1365 1220 1518 1248 demereri?
1532 1220 1595 1257 quid
1616 1221 1691 1252 divo,
1705 1221 1796 1248 dente~

1006 1267 1057 1293 reri
1073 1265 1147 1301 (Luc.
1159 1265 1185 1294 6.
1202 1265 1269 1302 27)?
1285 1266 1338 1293 into
1349 1266 1428 1294 etiam
1441 1274 1489 1303 pro
1503 1266 1567 1301 ipsis
1581 1267 1719 1296 Dominum
1736 1275 1797 1301 pre-

1005 1312 1075 1344 cari,
1093 1317 1119 1339 et
1138 1319 1216 1340 orare
1229 1316 1257 1339 ut
1279 1312 1372 1340 salutis
1398 1312 1503 1341 illorum
1525 1320 1616 1340 curant
1634 1313 1729 1348 gerat?
1744 1313 1798 1340 lloe

1005 1358 1078 1385 enim
1094 1358 1171 1384 nobis
1188 1358 1354 1393 potissimum
1371 1357 1397 1384 in
1422 1357 1466 1385 die
1481 1357 1526 1384 illo
1546 1358 1658 1389 terribili
1684 1358 1797 1393 patroci-

1007 1402 1122 1438 nabitur,
1139 1407 1166 1431 et
1181 1403 1329 1438 redemptio
1349 1403 1463 1430 utavitna
1485 1404 1536 1431 erit
1561 1408 1730 1439 peccatorum
1751 1411 1798 1430 uo-

1007 1455 1143 1480 strnrum.
1159 1449 1181 1476 si
1206 1449 1244 1476 sic
1266 1449 1355 1476 allecti
1379 1448 1509 1476 fuerimus
1533 1449 1660 1476 adversus
1676 1449 1797 1476 inimicos

1007 1500 1123 1524 nostros.
1146 1495 1219 1522 Licet
1233 1495 1305 1522 ettim
1319 1502 1443 1530 magnum
1473 1495 1509 1522 sit
1528 1499 1555 1522 et
1568 1494 1680 1522 arduum
1698 1502 1797 1529 pra-ce-

1007 1547 1080 1578 ptum
1092 1563 1100 1574 ,
1116 1542 1138 1569 si
1153 1546 1241 1569 tatneu
1254 1542 1393 1577 puemiutn
1408 1542 1509 1577 cogites
1522 1541 1668 1576 reposituttt
1690 1546 1798 1568 strenuo

1007 1588 1033 1615 id
1055 1588 1280 1623 exsequentibus,
1295 1585 1362 1614 nihil
1388 1587 1497 1614 omnino
1519 1587 1668 1618 videbitur,
1691 1587 1794 1613 etiamsi

1007 1635 1084 1662 valde
1093 1634 1202 1663 arduum
1211 1634 1255 1661 sit.
1261 1632 1399 1667 Quodnam
1409 1637 1451 1660 est
1457 1632 1508 1660 ltoc
1514 1633 1526 1660 2
1533 1632 1564 1660 Si
1571 1634 1618 1660 ltoc
1623 1633 1741 1668 feceritis.
1751 1632 1797 1662 ait.

1006 1681 1100 1709 simila
1113 1681 1183 1708 eritis
1197 1680 1271 1708 Patri
1283 1685 1363 1707 vestro
1374 1700 1382 1713 ,
1402 1680 1446 1715 qui
1467 1679 1493 1706 in
1507 1679 1576 1706 ctuti:
1598 1684 1634 1706 est
1647 1678 1754 1714 (Matth.
1770 1678 1796 1705 5.

1007 1726 1053 1761 45)
1080 1726 1113 1753 Et
1135 1731 1163 1753 ut
1179 1725 1343 1755 manifestius
1363 1724 1434 1753 hunc
1448 1731 1599 1752 sermonem
1616 1724 1692 1751 nobis
1707 1723 1798 1751 decla-

1007 1776 1048 1799 ret
1057 1792 1065 1804 ,
1076 1771 1194 1800 Subdidit
1207 1792 1214 1804 ,
1230 1771 1296 1808 Quia
1307 1770 1384 1798 solum
1398 1779 1470 1798 suum
1483 1771 1544 1797 oriri
1557 1770 1617 1805 facit
1632 1778 1708 1805 super
1719 1769 1799 1796 male:

1006 1822 1031 1844 et
1056 1817 1151 1850 bonos.
1173 1821 1196 1844 et
1219 1817 1282 1853 pluit
1306 1825 1381 1852 super
1401 1817 1481 1849 iustos
1502 1821 1526 1843 et
1545 1816 1662 1851 injustas.
1685 1814 1797 1842 Imitari:

1006 1863 1089 1897 enim,
1104 1863 1199 1898 inquit,
1215 1870 1261 1898 pro
1279 1862 1407 1892 .ltutnanis
1420 1861 1520 1890 viribus
1543 1862 1635 1888 Deum.
1650 1860 1715 1888 Nam
1730 1861 1795 1888 sicut

1007 1909 1052 1936 ille
1076 1917 1128 1939 non
1144 1908 1229 1935 Stlllllll
1243 1908 1321 1942 justis
1333 1927 1341 1939 ,
1361 1907 1407 1934 sed
1420 1907 1489 1934 etiis
1503 1907 1546 1942 qui
1561 1906 1629 1933 mala
1651 1911 1795 1940 operantur

1006 1955 1089 1983 solem
1105 1954 1170 1981 oriri
1196 1954 1274 1985 facit,
1289 1958 1315 1980 et
1329 1953 1442 1988 pluviam
1462 1957 1489 1980 et
1512 1952 1610 1979 intbres
1629 1959 1733 1978 annuos
1744 1959 1795 1978 non

1007 2001 1084 2028 bouis
1105 2000 1191 2028 solttm
1210 2000 1375 2034 suppeditat.
1390 1998 1436 2026 sed
1450 2002 1477 2026 et
1491 1998 1642 2032 improbis:
1657 1997 1695 2024 sie
1708 2002 1734 2024 et
1749 2002 1775 2023 lII
1788 2017 1796 2026 .

1006 2048 1028 2075 si
1044 2055 1097 2075 non
1112 2047 1198 2076 solum
1211 2046 1352 2080 diligentes
1365 2049 1391 2072 te
1399 2044 1495 2080 diligis,
1507 2044 1553 2072 sed
1566 2044 1646 2071 etiam
1661 2043 1793 2073 inimicos.

1007 2102 1055 2129 pro
1069 2093 1136 2120 virili
1157 2092 1297 2121 Dominum
1315 2096 1387 2118 lttuttt
1408 2091 1531 2118 imitaris.
1550 2090 1641 2116 Vidisti
1663 2089 1796 2124 quomodo

1007 2140 1034 2167 in
1058 2146 1212 2175 supremum
1230 2138 1334 2173 culmen
1350 2137 1441 2164 eduxit
1453 2143 1514 2163 eum
1537 2136 1580 2171 qui
1602 2136 1670 2162 hanc
1691 2136 1796 2170 operari

1007 2185 1076 2212 valet
1099 2184 1246 2212 virtutem?
1260 2183 1448 2211 Verumtamen
1470 2189 1505 2209 ne
1526 2181 1709 2208 difficultatem
1731 2181 1768 2208 rei
1788 2181 1794 2195 '

1005 2233 1091 2262 solum
1119 2231 1358 2267 cogites,dilecte,
1376 2230 1422 2257 sed
1450 2229 1522 2265 prius
1549 2232 1661 2263 supputa
1689 2233 1793 2255 teenm.

1006 2283 1105 2316 quanto
1129 2278 1230 2306 honore
1249 2276 1398 2312 digttandus
1420 2275 1457 2303 sis
1472 2284 1478 2303 :
1495 2279 1522 2302 et
1536 2274 1593 2302 haec
1618 2273 1727 2300 honoris
1748 2281 1780 2300 oc

1005 2326 1078 2355 casio
1094 2325 1151 2357 leve
1177 2325 1224 2353 tibi
1248 2324 1328 2351 faciat
1340 2321 1467 2358 quidquid
1485 2328 1568 2356 grave
1591 2325 1631 2348 est
1646 2325 1673 2347 et
1696 2327 1792 2347 onero-

1004 2380 1076 2400 sum.
1089 2372 1184 2398 Annon
1208 2377 1256 2405 pro
1269 2368 1398 2396 beneficio
1418 2365 1588 2398 habendum,
1601 2364 1671 2400 quod
1691 2364 1796 2391 occasio

1006 2417 1052 2444 tibi
1066 2417 1216 2453 praebeatur
1224 2415 1287 2442 dum
1311 2413 1417 2441 inimico
1433 2411 1567 2440 benefacis
1577 2432 1584 2444 ,
1600 2415 1627 2437 ut
1641 2410 1794 2445 aperiantur

1007 2464 1053 2491 tibi
1064 2464 1152 2498 janum
1172 2461 1276 2489 fiducia:
1291 2459 1414 2487 veniendi
1435 2458 1467 2485 ad
1486 2458 1586 2490 Deum,
1601 2461 1628 2483 et
1649 2455 1796 2483 redimendi

1006 2514 1114 2546 peccata
1139 2509 1205 2536 tua?
1221 2508 1255 2536 At
1270 2507 1338 2534 forte
1353 2505 1488 2533 inimictnu
1511 2502 1601 2530 ulcisci
1613 2523 1621 2535 ,
1635 2506 1661 2529 et
1675 2508 1736 2528 eum
1749 2508 1795 2546 qm

1006 2556 1083 2584 malis
1105 2559 1130 2582 te
1142 2553 1225 2581 afficit
1243 2552 1350 2588 paribus
1365 2551 1405 2578 vel
1427 2549 1572 2583 majoribus
1594 2547 1670 2582 plecti
1687 2546 1746 2573 vis?
1762 2545 1795 2573 Et

1006 2601 1069 2636 quid
1084 2600 1145 2628 inde
1159 2597 1302 2634 commodi,
1317 2604 1377 2625 cum
1393 2603 1478 2630 neque
1494 2598 1521 2621 ιιι
1532 2593 1630 2629 aliquid
1646 2592 1707 2620 inde
1720 2591 1778 2620 utili

1007 2648 1069 2675 tatis
1084 2647 1222 2674 habiturus
1243 2645 1281 2672 sis
1292 2664 1300 2676 ,
1311 2643 1358 2671 sed
1372 2647 1478 2677 propter
1490 2641 1539 2668 hoc
1564 2641 1601 2668 sis
1613 2646 1706 2676 pinnas
1719 2639 1795 2666 datu«

1007 2701 1052 2722 rus
1079 2693 1148 2728 apud
1176 2690 1339 2718 horrendum
1359 2689 1422 2716 illud
1446 2687 1576 2719 tribunal,
1599 2690 1629 2713 ιιι
1654 2685 1699 2721 qui
1723 2685 1795 2718 legum

1007 2739 1072 2767 tanti
1088 2738 1184 2774 iudicis
1198 2734 1380 2764 obliteraveris
1393 2738 1419 2761 et
1433 2732 1595 2767 infregeris?
1611 2731 1658 2759 Dio
1667 2736 1739 2764 ,λοι-ο
1749 2749 1761 2761 ι
1774 2731 1804 2757 si

1040 2820 1048 2835 ¹
1065 2819 1101 2844 sic
1113 2817 1164 2842 fere
1176 2821 1268 2842 omnes.
1285 2813 1332 2841 alii.
1344 2812 1459 2841 mmdati,
1473 2818 1524 2843 pro,
1537 2812 1582 2836 rei.
1669 2817 1692 2838 ,μ
1701 2823 1715 2831 ..
