2066 3126
193 150 227 177 ,ο
762 136 798 163 ιιι·
812 134 891 163 car.
910 135 931 163 ιι
950 135 987 163 et

1039 135 1069 162 δι
1092 133 1206 163 noua.
1230 133 1263 162 v-.
1790 141 1833 170 ω

182 205 368 230 nxeratattone
382 206 499 227 uirtutum
513 203 536 225 ct
548 197 651 225 assidua
661 202 821 232 peccatorum
830 195 974 231 confessio-

187 246 326 273 nz.—1\on
336 245 409 272 vides
422 243 656 279 pecuniososillos,
667 249 727 269 cum
737 241 851 269 hostium
861 244 981 268 metuunt

189 292 382 324 incursionem,
393 295 492 326 quanta
505 289 607 317 scilicet
618 295 739 316 curares
749 295 811 315 suas
821 285 981 314 custodiant?

191 337 257 364 Nam
271 337 314 363 alii
328 335 405 364 seris
412 340 438 362 et
452 334 588 370 repagulis
599 334 694 368 januas
708 333 838 364 mottiunt,
856 337 884 359 ut
895 338 941 359 eas
954 331 980 358 in

190 382 390 410 tntocolloceut
400 390 407 408 :
419 382 463 408 alii
476 381 502 408 in
513 386 612 408 terram
622 379 798 412 abscondunt,
814 378 849 406 ita
861 382 888 405 ut
903 385 981 405 ttcmo

188 429 259 456 scine
272 428 355 463 possit
374 428 418 455 ubi
432 428 542 455 lateant.
557 426 656 454 Eadem
671 425 806 461 diligentia
819 430 846 453 et
863 432 912 453 nos
925 424 981 452 col-

190 474 290 501 lectam
303 473 430 501 virtutum
443 480 534 508 gazam
545 471 681 501 custodire
694 479 741 506 par
750 475 801 503 est,
814 475 841 499 et
854 478 906 498 non
920 474 982 497 ante

189 520 311 548 omnium
325 518 418 546 oculos
442 525 592 553 proponere
604 539 612 551 ,
626 517 676 545 sed
692 516 719 544 in
733 516 864 544 tutiSsimo
885 515 983 543 mentis

190 567 373 602 promptuario
387 573 517 601 reponere
529 585 537 597 ,
552 570 579 592 et
590 571 684 592 omnes
698 571 792 599 rapere
807 563 922 590 volentis
941 562 981 589 in-

136 630 143 633 -
188 612 274 640 sidias
288 611 446 644 excludere,
461 615 490 638 ut
504 619 563 638 cum
579 618 594 637 a
610 610 734 645 prmdone
748 613 831 636 tutam
844 616 902 636 eam
924 615 984 635 ser-

190 657 343 685 vaverimus
355 677 363 690 ,
377 657 411 684 sit
423 657 500 684 nobis
514 656 637 683 viaticum
653 655 685 682 ad
701 655 814 682 futuram
827 654 908 680 vitam
922 653 984 680 ltinc

188 702 377 737 migrantibus.
399 701 504 729 Etenim
517 701 585 728 sicut
598 700 616 727 ii
630 700 674 735 qui
689 700 715 727 in
729 703 798 727 terra
811 699 896 726 aliena
911 702 982 731 suttt,

189 748 298 782 quando
313 748 339 775 in
354 748 467 783 patriam
482 755 558 775 suam
573 746 662 774 redire
678 745 807 781 cupiunt,
821 745 904 773 mttlto
918 749 984 772 tent-

192 802 259 829 pore
281 795 407 830 paulatim
431 794 538 822 student
551 797 578 821 et
600 797 694 821 curant
717 797 819 820 tantum
842 791 984 819 corradere

193 840 301 874 viatici,
323 845 451 875 quantum
473 839 507 867 ad
523 839 571 867 vite
592 838 783 874 longitudinem
804 838 843 865 eis
863 838 1002 866 sufﬁcere-

193 892 294 922 queat,
310 891 338 914 ut
354 894 387 913 ne
403 885 505 914 incuria
517 885 588 913 fame
609 885 712 920 seipsos
723 884 835 920 perdant
850 893 856 911 :
872 884 906 911 ita
919 891 984 911 sane

192 935 281 961 facere
301 938 328 960 et
347 940 396 960 nos
419 937 525 966 oportet
537 952 545 966 ,
565 932 625 967 quia
640 931 771 966 peregrini
791 930 833 958 ltie
854 938 945 958 sumus
958 934 986 957 ct

191 979 302 1007 advena:
315 1000 322 1010 .
345 983 373 1005 ιιι
386 977 570 1013 provideamus
584 982 608 1006 el
632 975 889 1012 repettantusnobis
907 975 986 1010 spiri-

191 1024 302 1052 tualium
317 1024 443 1050 virtutum
456 1024 549 1051 viatica
563 1032 570 1050 :
585 1027 613 1050 ut
623 1022 728 1058 quando
738 1021 982 1058 prmccpcritnobis

191 1071 322 1098 Dominus
332 1070 358 1097 in
372 1075 490 1097 nostram
504 1069 594 1097 redire
608 1069 730 1104 patriam,
748 1069 830 1103 parati
849 1068 944 1101 sintus,
958 1071 1001 1095 et.

189 1116 243 1143 alia
255 1116 360 1151 quidem
371 1116 508 1144 nobiscum
520 1115 672 1148 all‘eramus,
687 1115 738 1142 alia
749 1119 838 1142 autem
849 1114 904 1149 jam
916 1121 984 1149 pne-

191 1161 275 1189 ntissa
289 1161 445 1188 habeamus.
462 1160 562 1188 [lorum
573 1160 644 1187 enitn
654 1159 809 1187 viaticorum
823 1159 883 1187 talis
893 1163 986 1187 natura

190 1211 243 1239 est,
259 1211 287 1234 ut
301 1215 331 1235 ea
346 1215 405 1242 quae
421 1215 468 1242 per
482 1207 612 1235 bonorum
627 1206 810 1240 operationem
821 1205 985 1233 voluerimus

190 1257 255 1280 attte
276 1259 325 1280 nos
349 1252 531 1287 pramtittere,
555 1259 617 1279 cum
640 1251 702 1278 illnc
723 1258 773 1278 nos
788 1251 963 1286 prtevencrint
976 1271 984 1284 ,

189 1298 286 1332 ianuas
300 1298 375 1325 nobis
389 1297 511 1332 aperiant
533 1297 636 1324 fiducia:
649 1296 682 1324 ad
697 1297 836 1324 Dominutu
850 1301 876 1324 et
892 1296 987 1324 introi-

191 1348 248 1370 tunt
262 1343 376 1376 facilem,
390 1348 417 1370 et
431 1343 531 1377 absque
546 1350 645 1377 pavore
654 1363 663 1375 ι
674 1347 702 1370 et
717 1350 839 1378 magnam
852 1342 922 1377 apud
936 1341 995 1370 Jul

189 1388 279 1416 dicem
294 1388 502 1415 benevolentiam
517 1387 667 1415 concilient.

226 1433 256 1462 Ξ.
272 1434 304 1461 Ει
326 1438 354 1460 ιιι
367 1433 456 1460 discas
469 1453 477 1465 ,
490 1432 589 1460 dilecte
600 1453 607 1465 ,
624 1432 680 1460 hinc
695 1433 721 1460 in
738 1433 809 1460 hunc
829 1440 860 1460 se
879 1432 987 1460 moduni

192 1478 301 1511 habere,
312 1479 407 1513 collige
420 1477 491 1511 hinc,
500 1478 570 1513 quod
582 1478 625 1513 qui
634 1477 780 1506 liberaliter
789 1478 988 1513 elccmosynant

192 1525 328 1559 impertit,
345 1528 371 1552 et
386 1524 429 1551 hic
443 1530 504 1550 cum
521 1523 588 1550 bona
611 1523 775 1551 conscientia
789 1527 927 1556 versatur,
943 1523 986 1550 ubi

191 1570 253 1597 hinc
267 1569 408 1597 translatus
425 1569 512 1603 fuerit,
529 1577 652 1604 magnotu
665 1569 735 1604 apud
749 1568 868 1597 Iudicem
884 1569 990 1597 miseris

190 1615 311 1643 cordiam
325 1615 441 1642 inveniat
451 1619 555 1650 ,.atque
568 1615 645 1642 beata
659 1615 702 1642 illa
716 1615 796 1643 verba
809 1623 869 1643 cum
884 1617 987 1644 steteris

189 1661 282 1689 audiat
295 1670 302 1688 :
324 1661 420 1694 Venite,
435 1661 556 1689 benedicti
571 1661 658 1689 Putris
677 1662 725 1688 mei
735 1682 742 1695 ,
756 1662 862 1697 accipite
873 1663 898 1690 in
909 1665 988 1690 lucre-

190 1709 296 1735 dt'tatetn
309 1708 506 1744 regnunthquod
516 1708 584 1735 vobis
596 1714 769 1743 praporatutn
783 1714 819 1736 est
837 1717 852 1735 a
869 1710 987 1736 constitu-

190 1755 259 1782 tione
273 1754 448 1788 mundi:quia
465 1754 558 1781 erurioi
567 1774 574 1787 ,
599 1758 622 1781 et
635 1754 740 1782 dedistis
758 1755 819 1782 mihi
835 1755 987 1782 nuutducare

190 1800 305 1836 (ΜαιιΙι.
317 1800 363 1828 9.5.
376 1801 421 1827 δι.
437 1800 500 1834 55).
516 1800 631 1834 ldipsnm
645 1804 719 1828 certe
739 1805 766 1827 ct
778 1800 805 1827 in
826 1800 885 1828 aliis
900 1800 985 1828 virtu-

191 1846 264 1874 tibus
276 1846 432 1881 contingere
444 1845 575 1872 invenias.
591 1845 636 1873 Sic
649 1850 677 1873 et
694 1845 721 1872 itt
743 1845 911 1873 confessione
926 1853 988 1880 pec—

190 1896 313 1918 canorum
326 1896 377 1923 ,_et
398 1891 424 1918 in
445 1890 602 1919 assiduitate
623 1890 782 1926 fervoreque
804 1892 988 1926 prccationum

193 1942 354 1964 eventurum
377 1941 428 1965 est.
452 1936 564 1970 Quando
584 1936 655 1964 enim
677 1937 705 1964 in
728 1937 852 1971 prtcscnti
865 1937 918 1964 vita
942 1945 989 1972 per

190 1982 388 2010 confessionem
403 1987 510 2018 peccata
524 1983 647 2016 abluere,
665 1987 692 2010 et
705 1983 889 2010 remissionem
904 1991 920 2010 a
935 1983 988 2010 Do-

195 2029 389 2064 minoeassequi
411 2029 594 2064 potuerimus,
617 2028 824 2056 abibimusilluc
845 2037 860 2055 a
874 2029 989 2064 peccatis

191 2075 262 2110 pttri,
278 2079 305 2102 et
316 2082 522 2109 magnamque:
535 2079 597 2101 tunc
610 2073 686 2101 nobis
698 2074 850 2108 donabitur,
866 2074 988 2102 fiduciam

191 2120 371 2148 inveniemus.
385 2119 476 2155 Neque
483 2119 554 2147 enim
562 2119 618 2146 ﬁeri
633 2123 718 2154 potest
729 2123 757 2146 ιιι
771 2119 812 2153 iis,
827 2119 870 2155 qui
885 2119 911 2146 in
923 2127 990 2154 pra:-

191 2167 261 2195 senli
275 2167 326 2194 vita
342 2171 448 2201 peccata
462 2174 514 2194 non
528 2166 658 2198 ablucrit,
676 2170 765 2200 postea
780 2166 989 2194 consolationem

190 2213 308 2248 aliquant
324 2212 377 2240 illic
391 2212 547 2239 inventurus
559 2212 603 2238 sit.
620 2211 651 2238 In
666 2212 764 2246 inferno
777 2212 920 2245 cnim,_ait,
935 2212 996 2246 quis,

191 2258 352 2293 conﬁtebitur
363 2258 407 2285 tibi
418 2258 428 2294 (
438 2258 513 2285 Psal.
526 2258 554 2285 6.
563 2258 580 2286 6
592 2258 620 2293 )?
635 2258 668 2285 Et
683 2257 777 2285 merito
789 2266 796 2284 :
809 2257 940 2285 hocenitn
950 2261 990 2285 est

192 2305 340 2333 stadiorum
353 2308 468 2339 tempus,
486 2308 512 2332 et
525 2304 705 2337 conﬂictuum,
719 2303 946 2331 chertaminum:
959 2303 992 2331 il-

193 2352 238 2380 lud
253 2359 317 2379 vero
327 2358 495 2384 coronarum,
503 2350 644 2383 mercedis,
653 2355 680 2378 et
688 2350 867 2385 pmlltiorum.
877 2349 993 2378 Proinde

192 2401 327 2424 certemus
339 2396 402 2424 dum
416 2396 503 2423 adhuc
515 2396 541 2423 in
552 2395 792 2429 stadio-versamur,
808 2403 841 2422 ne
853 2399 987 2430 tempore,

193 2451 247 2478 quo
255 2450 363 2470 corona:
376 2447 404 2470 et
422 2442 665 2477 laborum.praemia
684 2447 841 2475 sumuntur,
857 2442 927 2469 inter
944 2448 999 2470 cos—

194 2489 289 2522 simus,
304 2489 349 2523 qui
366 2488 467 2523 pudore
480 2487 650 2521 afﬁcientur;
666 2487 713 2516 sed
729 2487 800 2516 inter
814 2495 861 2515 eos
873 2488 992 2522 quicum

195 2533 291 2561 ﬁducia
298 2534 429 2569 capitibus
440 2541 555 2561 coronas
564 2534 705 2568 excipient.
716 2533 772 2561 Hoc
780 2533 910 2569 procemio
922 2533 993 2568 apud

194 2579 332 2607 caritatem
341 2584 455 2607 vestram
464 2586 517 2607 non
529 2583 640 2613 temere,
650 2587 736 2614 neque
743 2579 772 2607 in
778 2587 873 2607 vanum
883 2579 997 2607 utimur:

193 2624 243 2652 sed
252 2624 373 2660 quotidie
383 2624 417 2652 de
427 2625 503 2652 bonis
514 2625 637 2660 operibus
648 2631 697 2653 vos
703 2625 849 2652 admonere
859 2625 991 2660 cupimus,

195 2675 225 2698 ut
237 2670 349 2705 perfecti
361 2690 369 2702 ,
383 2670 560 2698 consummati
573 2691 581 2703 ,
601 2670 796 2705 virtutibusque
810 2671 921 2706 przcdita
940 2670 992 2698 vita

195 2716 357 2751 spectabiles
373 2716 514 2750 facti,sitis
524 2715 769 2752 irrepreltensibilcs
782 2722 808 2744 et
823 2717 930 2750 sinceri,
941 2718 993 2744 int-

197 2763 322 2790 maculati
339 2762 385 2789 filii
401 2762 446 2789 Dei
464 2770 470 2789 :
487 2767 513 2789 et
526 2762 634 2790 lucentis
645 2763 713 2790 sicut
724 2763 863 2790 luminaria
878 2763 904 2790 in
915 2771 993 2790 mttu-

197 2809 231 2836 do
245 2830 251 2840 ,
274 2816 428 2836 scrmoncnt
446 2808 507 2835 vita:
523 2807 651 2836 habentes
665 2809 690 2836 in
711 2809 795 2837 nostri
810 2807 992 2844 gloriatioon

199 2854 224 2882 in
234 2855 278 2883 die
288 2854 398 2887 Christi,
416 2858 443 2881 ut
455 2854 495 2882 vel
511 2853 567 2882 solo
581 2859 687 2889 aspectu
701 2855 732 2883 iis
748 2854 874 2890 prodesse
886 2854 993 2890 possitis

1034 195 1226 230 quilvobiscum
1239 201 1387 231 versantur,
1403 203 1431 225 ut
1442 203 1537 226 vestrm
1547 201 1689 236 spiritualis
1704 201 1824 237 flagran-

1034 241 1075 268 tia:
1088 261 1096 273 ,
1114 246 1260 277 vestraque
1272 243 1380 276 optima:
1393 243 1452 272 vita:
1467 245 1576 273 rationis
1586 254 1620 274 ex
1633 247 1728 275 vestris
1741 247 1825 275 collo-

1033 287 1102 321 quiis
1115 287 1179 314 liant
1193 288 1343 323 participes.
1358 290 1463 318 Etenim
1475 291 1543 318 sicut
1565 292 1745 327 improborum
1760 301 1824 320 con-

1036 333 1150 361 suetudo
1164 333 1338 363 familiaribus
1353 337 1415 364 suis
1425 337 1535 364 ntultttm
1549 343 1636 372 nocet,
1650 340 1825 373 quemadmo-

1034 378 1096 406 dum
1117 379 1209 408 beatus
1226 381 1323 409 Paulus
1338 382 1441 417 inquit:
1456 382 1628 418 Corrumpunt
1649 383 1725 412 bonos
1743 393 1826 412 more:

1034 424 1160 460 colloquia
1173 434 1250 461 prava
1262 427 1272 462 (
1284 428 1308 454 l.
1325 427 1384 455 Cor.
1401 428 1444 457 15.
1460 429 1495 457 53
1506 430 1516 464 )
1528 437 1535 456 :
1548 429 1587 456 sic
1598 433 1625 456 et
1639 428 1770 456 bonorum
1785 429 1826 457 fa-

1036 471 1174 500 ntiliaritas
1193 481 1244 501 ttna
1259 475 1556 504 versantibttsrmaxitm
1578 475 1721 503 commoda
1737 476 1824 504 aliert.

1035 518 1213 552 Quamobrem
1237 520 1366 556 benignus
1391 521 1517 549 Dominus
1536 526 1627 549 uester
1648 521 1718 549 inter
1742 521 1826 549 tnalos

1036 565 1156 598 permisit
1177 565 1262 593 bonos
1283 567 1393 600 vivere,
1412 572 1439 594 ut
1463 567 1576 602 improbi
1598 567 1699 595 lttcrutn
1720 567 1833 602 aliquod'

1036 609 1150 637 habeant
1163 618 1194 638 ex
1206 618 1239 638 ea
1253 612 1444 640 consuetudine
1454 632 1461 645 ,
1478 620 1527 640 nec
1546 620 1653 647 semper
1666 613 1691 640 itt
1706 620 1752 640 sua
1767 620 1828 648 pcr-

1036 660 1160 683 tnaneant
1182 657 1281 684 tttalitia
1302 666 1308 684 :
1330 657 1379 685 sed
1403 658 1488 686 bonos
1508 659 1634 686 continuo
1653 664 1714 686 ante
1734 658 1828 686 oculos

1036 705 1197 735 spectantes,
1210 702 1309 738 aliquid
1323 703 1442 731 utilitatis
1452 712 1485 732 ex
1495 712 1588 732 eorum
1598 705 1707 740 capiant:
1716 704 1831 733 familia:

1037 746 1124 773 ritate.
1139 746 1222 774 Tanta
1237 748 1307 775 cuint
1320 749 1424 776 virtutis
1439 750 1555 784 potentia
1565 754 1624 782 est,
1641 754 1670 776 ut
1686 757 1828 777 reverenti-

1037 796 1079 819 tur
1099 797 1126 820 et
1147 793 1260 820 multum
1272 794 1379 822 laudent
1399 803 1478 828 eam,
1503 795 1582 823 etiant
1597 796 1642 830 qui
1657 795 1701 822 illa
1725 799 1826 822 carent.

1036 837 1110 865 Sicut
1130 842 1158 865 et
1171 838 1261 865 vitium
1280 840 1361 867 etiam
1379 840 1413 867 ab
1426 841 1457 868 iis
1467 862 1474 874 ,
1487 841 1531 876 qui
1547 841 1608 868 ntali
1621 844 1683 868 sunt
1693 862 1699 874 ,
1715 840 1830 869 subinde

1036 887 1180 911 accusatur
1188 887 1217 911 et
1229 885 1347 918 carpitur
1357 894 1363 912 :
1373 885 1440 913 adeo
1450 886 1542 913 vitium
1553 886 1677 913 omnibus
1688 890 1730 913 est
1744 886 1829 913 mani-

1036 928 1133 956 festum
1148 934 1174 956 ct
1195 931 1362 965 perspicuum
1376 952 1382 963 ,
1397 939 1482 967 neque
1497 932 1579 959 ullum
1603 939 1727 966 umquam
1752 931 1830 959 facile

1037 974 1155 1009 reperias
1175 975 1220 1010 qui
1240 976 1322 1004 libere
1343 977 1441 1004 mahtnt
1463 985 1492 1005 sc
1512 985 1573 1005 esse
1592 977 1766 1012 proﬁteatur:
1782 977 1831 1004 sed

1037 1020 1107 1055 quod
1122 1021 1218 1048 mirum
1241 1026 1283 1049 cst
1294 1042 1302 1055 ,
1324 1022 1431 1055 ipsimct
1442 1030 1480 1050 ica
1493 1044 1500 1055 ,
1514 1031 1573 1058 qua:
1594 1024 1719 1058 operibus
1742 1023 1830 1051 {nemo

1039 1070 1178 1098 attentam,
1195 1067 1284 1094 verbis
1296 1068 1364 1094 mala
1376 1075 1436 1095 esse
1449 1067 1575 1101 fatentur,
1590 1076 1622 1095 ac
1634 1068 1768 1103 plerisque
1780 1075 1829 1096 oc—

1038 1113 1107 1140 culta
1116 1120 1176 1141 esse
1187 1114 1295 1141 vcllcttt.
1309 1114 1384 1146 Quod
1396 1119 1423 1142 et
1435 1115 1520 1150 ipsum
1533 1115 1628 1142 divinm
1639 1115 1841 1143 misericordia.

1038 1163 1088 1190 est,
1103 1166 1162 1194 qua:
1177 1159 1314 1185 hominum
1328 1159 1418 1193 generi
1431 1160 1574 1192 conccssit,
1591 1165 1619 1187 ut
1629 1161 1770 1195 unicuique
1783 1168 1838 1188 not

1038 1208 1122 1231 stram
1137 1204 1244 1231 insitum
1257 1204 1292 1231 sit
1303 1205 1483 1240 incorruptum
1495 1205 1623 1239 judicium
1639 1206 1810 1234 conscientia:
1821 1226 1828 1238 ,

1038 1249 1108 1285 quod
1119 1253 1241 1277 accurate
1253 1254 1339 1284 potest
1351 1257 1365 1276 a
1377 1250 1447 1278 malo
1458 1250 1555 1277 bonum
1567 1250 1720 1278 discernere
1733 1259 1739 1284 ;
1752 1251 1835 1286 idque

1039 1295 1207 1329 potissimum
1228 1303 1334 1322 onmem
1355 1295 1432 1323 nobis
1452 1295 1634 1323 defensionem
1649 1296 1737 1330 tollit,
1759 1298 1829 1332 quod

1039 1348 1092 1367 non
1108 1347 1154 1375 per
1168 1340 1343 1375 ignorantiam
1364 1340 1389 1367 in
1406 1345 1512 1376 peccata
1533 1341 1681 1368 incidamus
1692 1361 1700 1374 ,
1724 1342 1771 1369 sed
1784 1349 1832 1376 per

1038 1387 1135 1414 anima:
1147 1386 1275 1415 desidiam
1287 1391 1314 1414 ct
1327 1387 1431 1415 virtutis
1444 1391 1635 1423 contemptum.

1074 1434 1101 1461 '5.
1121 1433 1184 1461 Lkrc
1198 1433 1310 1469 singulis
1322 1433 1394 1462 lteris
1407 1439 1499 1461 nostro
1509 1441 1645 1462 versemus
1657 1434 1756 1468 animo,
1773 1442 1830 1462 ma-

1038 1488 1116 1515 gnam
1141 1480 1354 1508 salutis—nostra:
1379 1480 1506 1508 habentes
1529 1480 1753 1514 sollicitudinem,
1778 1489 1836 1514 ne,

1040 1530 1215 1561 prartcreuutc
1235 1530 1364 1562 tempore,
1387 1525 1549 1562 ignorantes,
1572 1526 1648 1554 nobis
1671 1526 1734 1561 ipsis
1749 1528 1832 1554 tuaxi~

1039 1579 1111 1598 tnttnt
1133 1570 1278 1599 inferamus
1299 1570 1437 1598 damnum.
1460 1571 1511 1598 Sed
1534 1572 1722 1606 prooemiorum
1745 1571 1829 1599 satis:

1038 1616 1176 1644 audiamus
1188 1620 1276 1644 autcttt
1287 1637 1295 1649 ,
1311 1616 1334 1643 si
1349 1616 1444 1651 placet,
1459 1625 1519 1651 qua:
1533 1621 1560 1644 et
1572 1617 1651 1644 hodie
1671 1625 1718 1644 nos
1732 1616 1831 1644 docere

1040 1663 1096 1690 vult
1108 1663 1222 1698 Spiritus
1234 1663 1318 1690 sancti
1331 1662 1414 1697 gratia
1428 1670 1476 1698 per
1489 1663 1559 1690 beati
1573 1663 1654 1691 .Iiosis
1664 1664 1789 1698 linguam.
1801 1663 1829 1691 9.

1041 1708 1073 1737 Et
1088 1709 1162 1741 dixit,
1175 1708 1270 1743 inquit,
1286 1707 1354 1736 Deus
1365 1716 1374 1735 :
1387 1708 1556 1744 Congregetur
1567 1717 1633 1743 aqua
1645 1717 1701 1743 qun:
1713 1709 1758 1736 sub
1769 1709 1831 1736 celo
1850 1733 1851 1737 η

1039 1760 1090 1787 cst,
1106 1755 1134 1782 in
1154 1755 1371 1790 congregationem
1394 1763 1481 1788 unum,
1505 1759 1527 1782 et
1548 1760 1670 1790 apparent
1692 1756 1775 1783 arida.
1799 1755 1847 1782 Et.

1040 1802 1135 1836 factum
1146 1805 1182 1827 est
1193 1800 1238 1827 ita.
1254 1799 1318 1828 Vide
1330 1799 1389 1833 ltic,
1403 1800 1515 1828 obsecro
1524 1820 1531 1832 ,
1544 1800 1641 1828 dilecte
1651 1821 1658 1832 ,
1670 1801 1789 1829 ordinent
1804 1806 1831 1829 ct

1039 1845 1255 1880 consequentiam
1276 1845 1414 1879 optimam.
1430 1845 1496 1879 Quia
1517 1845 1620 1873 dixerat
1639 1846 1664 1873 itt
1684 1846 1829 1881 principio:

1040 1891 1119 1919 Terra
1133 1898 1187 1918 erat
1198 1891 1329 1918 invisibilis
1343 1896 1366 1918 et
1385 1891 1563 1926 incomposita,
1579 1899 1611 1918 co
1631 1892 1700 1926 quod
1715 1892 1832 1919 tcncbris

1040 1941 1069 1964 et
1081 1937 1156 1972 aquis
1165 1936 1337 1972 obtegeretur
1349 1946 1356 1963 :
1369 1940 1396 1964 et
1407 1937 1508 1964 deinde
1515 1937 1642 1972 prmcepit
1652 1937 1695 1965 dic
1703 1938 1830 1970 secundo,

1042 1988 1069 2009 ut
1092 1986 1163 2010 esset
1189 1982 1405 2014 firmamentum,
1434 1986 1461 2008 ct
1483 1989 1611 2016 aquarum
1636 1983 1846 2016 separationctn.

1042 2027 1112 2060 fecit,
1127 2028 1282 2063 vocavilque
1302 2028 1506 2055 firmamentum-
1516 2028 1609 2055 cadum
1624 2036 1631 2054 :
1646 2036 1716 2055 nunc
1735 2029 1833 2056 iterum

1040 2073 1121 2101 docet
1131 2081 1197 2107 nos,
1208 2080 1246 2104 ,se
1264 2073 1308 2101 die
1323 2073 1401 2101 tertio
1416 2073 1573 2108 pra-cepisse
1593 2081 1686 2108 aqua},
1701 2082 1761 2109 qua:
1783 2075 1853 2102 sub.

1041 2118 1187 2152 caelo,_boc
1205 2122 1261 2151 est,
1276 2118 1453 2152 firmamento,
1470 2123 1498 2146 ut
1513 2118 1539 2146 in
1551 2126 1628 2146 unam
1649 2120 1834 2155 congregatim

1042 2173 1106 2193 ncm
1124 2165 1293 2198 conveniret,
1316 2169 1343 2193 ct
1364 2165 1450 2192 locum
1472 2165 1566 2197 daret,
1589 2170 1667 2200 atque
1693 2171 1834 2200 appareret

1041 2211 1134 2238 arida:
1156 2215 1183 2244 et
1203 2210 1303 2238 factum
1313 2214 1357 2238 est
1375 2210 1421 2237 ita.
1435 2210 1501 2244 Quia
1518 2210 1591 2238 enim
1613 2211 1702 2238 omnia
1725 2211 1833 2246 impleta
1843 2231 1850 2238 ..

1041 2260 1119 2284 erant
1134 2256 1230 2291 aquis,
1239 2256 1317 2291 jussit
1329 2256 1356 2283 in
1369 2257 1692 2291 uuamncongrcgationcm
1703 2264 1832 2292 aquarum

1042 2301 1239 2329 multitudinem
1253 2300 1410 2333 concedere,
1423 2305 1450 2328 ut
1463 2301 1503 2328 sic
1515 2307 1655 2336 appareret
1667 2302 1752 2330 arida.
1766 2301 1833 2330 Vidn

1042 2346 1176 2382 qttomodo
1202 2346 1327 2382 paulatim
1357 2346 1427 2374 illius
1452 2347 1531 2374 nobis
1557 2347 1779 2381 pulchritudinem
1806 2352 1846 2374 ct.

1043 2397 1164 2420 ornatum
1178 2392 1304 2421 ostendit.
1319 2392 1351 2419 Et
1371 2394 1466 2428 factum
1483 2396 1534 2425 est,
1547 2392 1600 2425 ait,
1616 2392 1660 2419 ila.
1673 2392 1812 2425 Quomodo
1822 2393 1835 2420 ι

1042 2439 1116 2468 Sicut
1142 2443 1303 2474 praeceperat
1329 2438 1468 2466 Dominus.
1495 2438 1564 2465 Dixit
1585 2437 1691 2471 solum,
1714 2441 1743 2465 et
1767 2445 1835 2473 opus

1044 2485 1234 2520 subsequutum
1256 2488 1308 2512 est.
1332 2484 1391 2512 Hoc.
1403 2484 1474 2511 enim
1497 2483 1628 2518 peculiare
1653 2483 1698 2510 Dei
1726 2487 1777 2514 est,
1802 2487 1843 2511 ut.

1043 2530 1190 2559 secundum
1204 2530 1368 2558 voluntatem
1382 2536 1456 2556 suam
1473 2533 1608 2556 creaturas
1623 2528 1784 2556 moderetur.
1800 2527 1836 2556 Et

1043 2581 1196 2612 congregata
1213 2579 1249 2602 est
1258 2595 1265 2608 ,
1279 2574 1379 2610 inquit,
1394 2582 1460 2608 aqua
1471 2581 1528 2608 qua
1538 2574 1588 2601 sub
1595 2574 1673 2605 calo,
1688 2574 1714 2600 in
1726 2581 1834 2609 congre-

1044 2623 1156 2658 gatione;
1170 2628 1240 2654 sua,
1263 2624 1287 2648 et
1310 2620 1429 2655 apparuit
1451 2618 1535 2646 arida.
1557 2618 1785 2652 Quemadmodum
1799 2618 1835 2647 de

1043 2669 1104 2696 luce
1117 2667 1215 2695 dictum
1230 2671 1271 2694 est
1282 2686 1292 2699 ,
1305 2665 1379 2700 qttod
1390 2672 1449 2692 cum
1470 2669 1563 2692 essent
1578 2664 1676 2699 ubique
1699 2665 1816 2692 tenebras
1827 2684 1835 2697 ,

1044 2713 1151 2750 jusserit
1165 2712 1273 2748 produci
1287 2712 1373 2739 lucem
1383 2732 1391 2745 ,
1408 2715 1434 2739 et
1448 2711 1642 2746 scparationem
1658 2710 1750 2738 fecerit
1769 2711 1836 2739 lucis

1045 2768 1077 2788 ac
1087 2760 1264 2790 tenebrarum,
1276 2761 1303 2786 et
1314 2757 1381 2785 hanc
1394 2757 1517 2785 tribuerit
1525 2757 1588 2790 diei,
1596 2755 1664 2783 istas
1673 2760 1737 2782 vero
1747 2754 1819 2783 nocti
1830 2762 1838 2786 ;

1045 2806 1166 2835 similiter
1181 2805 1278 2832 dictum
1293 2807 1333 2831 est
1344 2825 1350 2836 ,
1364 2804 1434 2839 quod
1456 2811 1516 2831 cum
1538 2802 1662 2838 produxit
1680 2802 1834 2829 firmametr

1046 2858 1112 2888 tum,
1126 2859 1252 2888 aquatum
1265 2851 1329 2879 alias
1343 2850 1507 2886 superiorem
1519 2849 1605 2878 locum
1616 2855 1758 2883 occupare.
1769 2849 1836 2877 alias
