2066 3126
239 123 272 154 σι
567 125 595 154 S.
615 124 753 154 JOANNIS
771 119 1007 153 CHllYSOSTOMI
1029 121 1187 154 AltClllEP.
1207 123 1472 156 CONSTANTINOP.
1833 129 1868 157 εἳ

240 185 328 209 autem
341 181 392 210 sub
404 181 571 210 firmamento
587 190 646 211 esse
659 183 785 218 jusserit:
797 183 836 211 sic
848 187 875 211 et
887 190 957 210 nunc
971 183 1031 211 illas

242 228 313 262 ipsas
333 235 431 263 aquas,
445 235 504 263 qua:
526 228 577 256 sub
597 228 766 256 ﬁrmamento
788 234 863 256 erant
875 250 882 262 ,
910 229 935 256 in
951 236 1029 256 unam

242 275 472 308 congregationem
480 274 557 309 jubet
568 275 650 307 coire,
663 280 827 310 utappareat
836 275 919 307 arida,
932 281 958 304 ct
970 282 1034 306 tunc

244 319 305 345 tunc
319 319 398 346 etiam
413 327 490 347 suum
511 327 607 348 nomen
627 321 762 355 imponat;
783 321 852 348 sicut
870 321 904 349 de
925 321 983 349 luce
1004 326 1031 349 et

245 364 362 392 tenebris
375 364 473 392 dictmn
487 371 536 394 est.
551 366 715 402 Congregattz
725 367 873 401 enimsunt,
887 369 941 400 ait,
959 375 1033 403 aquis

243 418 299 443 qua:
311 411 357 438 sub
370 412 433 439 ra'lo
444 417 526 446 erant,
540 413 567 440 in
582 414 784 449 congregationu
796 422 865 447 suas,
878 420 900 442 et
914 415 1033 449 apparuit

243 456 337 484 arida:
364 457 406 485 lO.
430 463 454 484 et
475 459 569 485 vocavit
590 459 659 487 Deus
679 460 778 487 aridam
801 465 902 488 terram.
918 461 1032 493 Vidisti,

245 501 350 533 dilecte,
362 503 496 537 quomodo
512 504 581 532 Deus
592 510 698 538 terram,
713 513 772 541 qua:
788 506 924 534 invisibilis
939 511 995 533 erat
1007 511 1034 533 et

247 547 428 582 incomposita,
445 553 472 575 et
491 550 564 583 aquis
584 550 658 584 quasi
685 551 858 578 velaminibtts
876 551 1033 586 quibusdam

246 591 427 627 oblegcbatnr,
441 593 606 628 despoliavit,
619 599 647 622 ut
659 595 697 623 sic
709 595 806 627 dicam,
821 600 847 623 et
859 595 953 623 faciem
965 596 1036 624 illius

248 638 324 665 nobis
340 639 506 672 monstravit,
518 641 625 675 proprio
636 641 715 668 etiam
730 641 836 668 nomine
849 641 991 676 imposito?
1001 640 1035 668 Et

247 685 461 720 congregatiouus,
475 686 529 719 ait,
551 695 673 721 aquarum
693 687 788 713 vocavit
811 687 902 713 maria.
927 686 996 714 Ecce
1009 691 1037 715 et

247 738 322 765 aqum
337 739 432 758 nomen
448 739 525 758 suum
539 732 638 759 sortita:
653 737 723 759 sunt.
736 732 800 759 Nam
815 732 1035 766 quemadmodum

247 776 364 811 optimus
381 777 473 804 artifex
493 782 550 805 arte
569 785 615 804 sua
638 785 683 804 vas
704 777 809 813 aliquod
831 777 958 810 facturus,
984 786 1035 805 non

248 827 325 849 antea
336 822 372 849 illi
386 830 481 850 nomen
497 823 618 858 imponit,
630 823 714 851 donec
726 824 861 851 absoluit:
875 824 909 851 ita
922 829 949 851 et
963 823 1038 851 beni-

248 874 316 901 gnus
337 867 462 895 Dominus
475 868 581 896 nomina
596 869 735 896 clementis
754 876 806 896 non
821 873 896 896 antea
914 869 1037 903 imp0nit,

249 913 335 941 donec
352 921 382 941 ea
400 914 426 941 in
444 915 555 949 propriis
570 915 636 942 locis
649 922 698 942 suo
711 920 842 950 pra‘cepto
854 920 942 950 ponat.
959 915 1038 950 Igitur

250 964 388 994 postquam
402 965 471 987 terra
485 969 581 988 nomen
600 969 675 988 suum
689 962 800 996 accepit,
816 966 843 989 et
855 961 887 988 ad
905 961 1037 996 propriam

250 1004 361 1030 fortnam
385 1006 523 1039 pervenit,
542 1006 621 1033 etiam
642 1014 718 1040 aqua:
739 1011 905 1041 congregata:
932 1007 1039 1041 propr'o

251 1049 377 1076 vocabulo
396 1050 537 1078 noti-inata:
558 1055 629 1078 sunt.
652 1051 752 1078 Vacavit
766 1051 852 1085 enim,
868 1052 922 1086 ait,
936 1060 1040 1086 congre-

249 1095 360 1128 gatione:
383 1103 506 1128 aquarum
526 1097 616 1123 maria.
639 1096 762 1124 Subdidit
788 1098 903 1124 iterum:
927 1097 958 1124 Et
980 1098 1040 1124 vidit

251 1140 319 1167 Deus
331 1142 397 1176 quod
412 1142 514 1170 bonum.
529 1142 593 1169 Nam
607 1143 666 1177 quia
681 1143 794 1170 humana
814 1149 905 1170 natura
920 1144 1040 1171 imbecil-

253 1186 284 1212 lis
307 1191 358 1218 est,
382 1192 409 1214 ct
436 1195 517 1222 opera
545 1188 591 1215 Dei
614 1188 694 1223 digne
714 1188 822 1216 laudare
846 1197 897 1215 non
917 1193 1039 1223 poterat,

254 1240 439 1267 pricoccupans
452 1233 539 1261 divina
554 1233 690 1269 Scriptura
705 1238 839 1269 acceptam
855 1234 888 1262 ab
902 1234 959 1269 ipso
975 1234 1040 1269 Opi-

252 1278 300 1305 tiee
313 1278 415 1306 laudem
427 1286 475 1306 nos
489 1278 576 1306 docet.

287 1323 314 1352 4.
334 1323 415 1358 Igitur
433 1325 538 1359 quando
557 1325 656 1358 discis,
682 1325 730 1360 ipsi
750 1325 887 1353 Conditori
906 1330 1042 1353 cteaturas

253 1370 335 1397 bonas
350 1370 419 1398 visas
433 1378 509 1404 esse,
535 1371 662 1406 majorem
677 1371 783 1406 quidem
797 1372 823 1398 in
837 1371 943 1398 modum
955 1372 1041 1399 admi-

252 1416 320 1443 reris
331 1424 439 1444 necesse
447 1421 488 1445 est
499 1425 506 1450 ;
522 1417 586 1444 nihil
598 1422 684 1445 tamen
695 1418 726 1445 ad
738 1418 842 1445 laudem
853 1422 879 1445 et
892 1417 1041 1445 encomimn

252 1463 365 1497 amplius
382 1463 476 1491 afferre
490 1464 600 1498 peteris.
615 1463 704 1491 Talem
720 1464 790 1491 enim
814 1464 923 1491 sortitus
942 1471 972 1491 es
989 1464 1041 1490 Do-

254 1509 364 1540 minum,
377 1509 421 1543 qui
437 1509 566 1543 ejusmodi
581 1516 661 1544 opera
678 1508 748 1540 facit,
762 1517 822 1543 qua:
834 1517 847 1535 τι
864 1509 940 1536 nobis
955 1516 1041 1543 neque

254 1553 354 1581 laudari
374 1554 438 1580 satis
450 1559 571 1589 pOSjtlnl.
587 1554 726 1588 Quomodo
738 1554 807 1582 enitn
830 1562 954 1589 umquam
976 1562 1043 1589 opus

255 1601 300 1628 Dei
325 1610 373 1636 pro
393 1602 520 1637 dignitate
545 1603 652 1631 laudare
677 1609 765 1638 po-sct
789 1604 901 1631 humana
930 1604 1042 1631 natura?

254 1647 386 1674 (Ia-terum
400 1655 448 1682 per
458 1655 487 1675 ca
501 1656 559 1683 qua:
576 1649 779 1684 subjungtmtur,
795 1649 933 1676 considera
948 1649 1042 1676 inetia-

254 1693 334 1720 bilem
347 1693 392 1720 Dei
404 1693 504 1728 egregii
514 1693 623 1721 artiﬁcis
636 1694 803 1729 sapientiam.
818 1695 960 1729 Postquam
971 1694 1042 1722 enint

254 1739 332 1767 nobis
342 1744 460 1774 apertam
473 1745 550 1767 teme
563 1740 655 1767 faciem
669 1739 833 1771 monstravit,
849 1745 1044 1774 consequenter

253 1792 304 1813 suo
317 1790 452 1820 praecepto
462 1785 600 1813 decentem
613 1786 637 1813 ei
651 1786 772 1813 eunt-edit
783 1786 909 1820 speciem,
924 1791 950 1814 et
960 1787 1043 1813 semi-

254 1838 317 1857 nutn
331 1831 458 1858 varietate
471 1830 528 1865 ejus
540 1830 652 1858 adornat
667 1831 770 1858 faciem.
787 1831 828 1858 ll.
844 1830 876 1857 Et
889 1832 968 1863 dixit,
986 1832 1023 1859 ait
1034 1851 1043 1866 ,

255 1875 323 1903 Deus
335 1885 344 1903 :
366 1876 493 1904 Gertninet
516 1882 583 1904 terra
608 1877 709 1904 herbam
728 1877 802 1912 faeni,
818 1878 943 1904 seminans
961 1886 1043 1904 semen

253 1922 389 1949 secundum
399 1931 477 1958 genus
487 1927 510 1949 et
521 1923 728 1950 similitudinem:
738 1927 762 1950 et
776 1923 870 1957 lignum
881 1923 1042 1958 frugiferum,

253 1969 349 2003 faciens
367 1969 476 2004 fructum
489 1989 495 2001 ,
509 1970 582 2003 cujus
603 1977 687 1996 semen
711 1969 736 1996 in
757 1969 890 2004 semetipso
906 1970 1044 1996 secundum

251 2014 452 2048 similitudinem,
464 2015 600 2042 secundum
612 2023 691 2050 genus
703 2023 778 2050 super
787 2020 890 2042 terram.
903 2014 935 2041 Et
950 2017 1044 2050 fallunt

253 2061 347 2088 estita.
361 2061 430 2095 Quid
450 2067 491 2088 est
512 2061 576 2088 illud
590 2082 596 2093 ,
614 2061 647 2088 Et
662 2063 756 2096 factum
771 2065 806 2088 est
824 2061 880 2088 ita?
894 2061 1023 2095 Praecepit
1035 2081 1042 2093 ,

254 2105 355 2139 inqttit,
373 2105 516 2136 Dominus,
532 2110 560 2133 et
576 2105 665 2132 statim
683 2111 752 2132 terra
770 2113 833 2132 suos
848 2110 939 2140 partus
957 2109 1045 2131 matu-

255 2158 326 2181 ratis.
342 2151 374 2178 ad
389 2152 520 2178 seminum
535 2159 643 2185 germen
657 2151 771 2185 seipsatn
787 2151 935 2178 adornavit.
951 2150 995 2177 12.
1010 2150 1044 2176 Et

254 2196 358 2229 protulit
382 2201 448 2222 terra
471 2195 572 2222 herbam
594 2196 674 2230 (teni,
700 2195 794 2230 inquit,
817 2196 943 2224 seminans
961 2203 1044 2222 semen

253 2241 389 2268 secundum
401 2249 488 2276 genus,
503 2246 526 2268 et
540 2241 677 2268 secundum
690 2241 899 2268 similitudinem:
914 2245 935 2267 et
948 2241 1043 2276 lignum

253 2286 404 2322 frugiferum
417 2287 512 2322 faciens
526 2287 637 2322 fructum
648 2306 655 2318 ,
669 2287 742 2322 cujus
756 2294 839 2313 semen
854 2294 927 2313 suum
940 2286 966 2313 iu
989 2286 1044 2321 ipso

252 2332 390 2359 secundum
410 2340 490 2368 genus
502 2340 577 2368 super
593 2337 694 2358 terram.
716 2331 765 2358 llic
786 2330 967 2358 animadverte
978 2351 985 2363 ,
1002 2331 1043 2358 di-

255 2377 333 2411 lecte,
348 2378 482 2413 quomodo
494 2378 576 2405 verbo
590 2377 693 2405 Domini
706 2377 794 2405 omnia
810 2376 877 2404 facta
890 2381 952 2404 sunt
965 2385 1045 2412 super

254 2428 362 2450 terram.
378 2423 435 2451 Non
463 2423 535 2451 enim
556 2427 613 2451 erat
636 2423 716 2450 homo
730 2422 775 2458 qui
800 2428 964 2458 operaretur,
991 2430 1044 2450 non

253 2474 370 2496 aratrum
383 2489 391 2502 ,
407 2477 459 2496 non
480 2469 560 2496 boum
573 2469 727 2502 cooperatio
738 2489 746 2502 ,
760 2476 812 2496 non
831 2467 902 2496 aliud
912 2468 1044 2503 ejusmodi

253 2515 369 2542 studium
385 2523 392 2541 :
408 2514 456 2542 sed
474 2514 560 2541 soltttn
584 2514 684 2541 audivit
706 2519 878 2550 pratceptum,
901 2519 929 2542 et
954 2516 1044 2541 statim

253 2558 324 2592 quod
346 2566 422 2586 suum
438 2563 495 2586 erat
516 2559 586 2586 fecit.
606 2559 645 2586 Ex
659 2567 712 2594 qtto
728 2559 866 2592 discimus,
879 2559 958 2587 etiam
974 2567 1045 2586 nunc

254 2612 341 2638 neque
363 2612 454 2632 curam
475 2605 649 2639 agricolarum
663 2626 670 2638 ,
694 2613 778 2641 neque
800 2605 937 2638 laborem,
960 2613 1045 2640 neque

254 2651 321 2678 alias
342 2649 369 2678 in
393 2650 515 2678 colendis
537 2652 607 2686 agris
628 2659 782 2684 mrumnas,
810 2650 943 2679 fructuum
968 2650 1047 2678 nobis

255 2700 412 2732 proventum
438 2704 579 2732 promere;
595 2697 641 2725 sed
665 2702 727 2725 ante
742 2697 799 2725 lucc
818 2697 907 2725 omnia
933 2697 1044 2724 verbum

256 2743 320 2776 Dei,
336 2743 406 2778 qttod
425 2743 458 2770 ab
480 2743 555 2772 initio
575 2744 608 2771 ad
631 2749 729 2772 terram
752 2744 850 2772 factum
871 2748 921 2771 est.
936 2743 1005 2776 Quin
1019 2747 1046 2770 et

257 2790 371 2820 futuram
389 2790 516 2825 ingratam
543 2790 678 2818 hominum
705 2795 822 2818 mentem
845 2790 981 2825 corrigens
1003 2789 1045 2816 di-

257 2838 313 2867 vina
343 2837 499 2873 Scriptum,
524 2836 663 2874 diligenter
685 2836 774 2866 omnia
799 2835 875 2865 nobis
899 2834 1044 2866 secundum

1083 183 1204 211 ordinem
1219 184 1346 213 factorum
1362 190 1468 217 narrat,
1483 189 1511 212 ut
1524 189 1672 219 compescat
1693 186 1868 214 temeritatem

1083 234 1110 257 et
1128 229 1299 258 deliramenta
1313 238 1404 258 eorum
1418 231 1461 265 qui
1482 229 1604 264 figmenta
1623 237 1669 257 sua
1689 230 1825 258 venditant
1842 236 1870 258 et

1082 274 1172 302 dicere
1182 275 1290 309 audent,
1302 276 1365 302 Solis
1375 275 1560 309 coOperatione
1570 275 1602 302 ad
1615 275 1746 302 fructntmt
1757 283 1871 310 proven-

1084 323 1140 348 tum
1153 327 1220 354 opus
1235 327 1304 348 esse.
1320 320 1387 348 Sunt
1401 326 1424 348 et
1445 320 1500 354 alii,
1515 320 1559 355 qui
1574 320 1631 347 ιι.υο
1649 320 1728 347 astris
1741 321 1872 356 aliquibus

1083 365 1234 393 adscribere
1247 366 1365 392 nituntur
1381 364 1428 401 (ιι).
1444 365 1585 400 Propterea
1599 365 1678 392 docet
1694 373 1743 393 nos
1757 365 1872 401 Spiritus

1084 416 1201 444 sanctus,
1215 416 1276 438 ante
1296 411 1477 438 formationem
1492 411 1585 438 horum
1605 412 1796 438 elementorum
1815 419 1873 438 ser-

1084 457 1156 484 moni
1167 461 1193 484 et
1205 461 1337 492 pra:copto
1349 457 1393 484 Dei
1407 457 1633 492 obtemperantem
1648 456 1769 497 tellurem
1784 457 1872 483 omnia

1085 502 1186 530 semina
1205 502 1330 535 edidisse,
1353 503 1425 529 nullo
1447 503 1499 530 alio
1517 502 1550 529 ad
1571 502 1784 536 cooperationem
1807 509 1874 536 opus

1086 547 1237 575 habentem.
1250 548 1404 576 Sniliciebat
1421 548 1491 575 enim
1508 549 1533 574 ei
1556 555 1603 582 pro
1623 546 1747 574 onmibus
1764 547 1873 574 verbum

1087 593 1170 621 illud:
1195 593 1321 621 Germinet
1340 598 1407 621 terra
1429 593 1529 620 herbam
1544 593 1614 628 (teni.
1635 593 1762 626 Quocirca
1777 593 1874 620 divina:

1086 640 1229 675 Scriptura:
1244 640 1352 675 vestigia
1373 647 1525 674 sequantur,
1544 646 1628 674 neque
1641 639 1756 666 feramus
1770 645 1817 665 eos
1829 638 1874 672 qui

1087 685 1198 713 adversa
1217 686 1270 713 illis
1285 690 1385 712 temere
1400 685 1537 713 blaterant.
1552 685 1618 712 Nam
1637 685 1739 712 etiamsi
1754 684 1875 711 homines

1088 735 1186 758 terram
1201 736 1353 766 operentur,
1367 731 1580 765 etjumcntorum
1594 730 1692 757 auxilio
1704 729 1832 762 fruantur,
1848 734 1876 756 ct

1088 785 1210 812 magnam
1232 782 1310 805 terra:
1326 785 1415 804 curam
1438 777 1560 807 habeant.
1581 778 1634 806 etsi
1651 783 1744 810 magna
1765 776 1799 802 sit
1817 774 1876 802 οωιί

1089 823 1243 859 temperies,
1259 827 1286 850 et
1300 823 1387 850 omnia
1409 822 1460 849 alia
1475 826 1643 852 concurrant,
1666 821 1715 848 nisi
1731 825 1807 847 nutus
1823 820 1877 847 Do-

1089 869 1153 896 mini
1166 868 1274 896 accedat
1285 888 1292 900 ,
1307 868 1395 896 omnia
1410 867 1460 895 alia
1476 867 1570 894 frustra
1584 872 1610 894 et
1624 866 1650 893 in
1664 873 1758 893 vanum
1771 865 1876 898 cedent,

1089 919 1115 943 et
1130 915 1196 942 nihil
1218 914 1337 950 proﬁciet
1356 914 1441 949 quivis
1464 913 1539 941 labor
1557 917 1582 940 et
1604 913 1696 944 sudor,
1712 912 1762 940 nisi
1784 919 1878 938 manus

1091 961 1194 988 Domini
1208 967 1324 995 superne
1344 960 1460 994 adjuvet,
1483 963 1510 987 et
1529 958 1716 993 perfectionetn
1739 958 1781 985 his
1800 958 1881 985 rebus

1091 1007 1198 1034 tribuat.
1211 1007 1276 1040 Quis
1290 1014 1344 1034 non
1355 1006 1554 1040 obstupesceret
1565 1009 1592 1032 ct
1603 1004 1777 1032 admiraretur
1787 1024 1794 1035 ,
1805 1003 1878 1038 cogi-

1091 1056 1149 1080 tam
1164 1052 1297 1087 quomodo
1312 1052 1421 1080 verbum
1442 1051 1545 1079 Domini
1568 1051 1648 1084 illud,
1672 1049 1796 1077 Germinet
1814 1054 1882 1076 terra

1090 1097 1192 1124 herbam
1207 1099 1277 1133 fani,
1292 1098 1317 1125 in
1331 1098 1386 1132 ipsa
1401 1098 1500 1124 viscera
1512 1101 1590 1124 terrm
1600 1096 1753 1129 descendat,
1765 1100 1791 1122 et
1805 1095 1881 1130 quasi

1091 1145 1239 1172 admirabili
1253 1145 1365 1180 quodam
1381 1144 1467 1179 peplo,
1480 1149 1557 1172 terrae
1572 1144 1664 1172 faciem
1680 1143 1758 1171 variis
1772 1142 1883 1170 ﬂoribus

1092 1190 1223 1218 adornet?
1236 1190 1381 1225 Videreque
1393 1195 1450 1218 erat
1462 1190 1548 1218 subito
1562 1194 1668 1222 terram,
1684 1197 1742 1224 qua:
1754 1193 1830 1216 antea
1843 1189 1884 1215 in-

1093 1236 1184 1264 formis
1199 1241 1225 1263 et
1243 1236 1341 1263 inculta
1354 1241 1411 1263 erat
1422 1257 1430 1269 ,
1445 1241 1544 1263 tantam
1563 1236 1697 1270 acet-pisse
1711 1234 1883 1269 pulchritudi-

1093 1288 1165 1313 nem,
1182 1285 1210 1307 ut
1227 1280 1303 1315 quasi
1319 1288 1380 1308 cuin
1399 1281 1465 1308 cado
1484 1285 1609 1308 certaret.
1628 1279 1692 1307 Nam
1706 1279 1774 1306 sicut
1787 1278 1882 1306 emittm

1094 1326 1171 1360 paulo
1184 1330 1244 1360 post
1265 1326 1411 1353 ornandum
1426 1330 1482 1353 erat
1501 1331 1633 1353 astrorum
1647 1325 1785 1357 varietate,
1800 1324 1838 1350 sic
1856 1328 1885 1350 et

1094 1371 1170 1399 tellus
1183 1371 1276 1399 ﬂorum
1293 1371 1430 1407 multijuga
1446 1372 1573 1398 varietate
1585 1371 1744 1400 ornabatur.
1760 1370 1792 1396 ita
1810 1373 1838 1396 nt
1857 1373 1885 1396 et

1094 1417 1185 1452 Opifex
1209 1417 1235 1444 in
1257 1416 1361 1444 laudem
1379 1418 1437 1452 ejus
1459 1421 1662 1452 prorumperet:
1685 1416 1782 1443 etenim
1803 1414 1882 1447 Vidit,

1093 1463 1146 1496 ait,
1161 1462 1237 1496 Deus,
1252 1463 1319 1497 quod
1332 1468 1394 1489 esset
1409 1463 1510 1490 bonum.

1130 1510 1157 1538 5.
1180 1509 1272 1536 Vidisti
1293 1509 1426 1544 quomodo
1445 1516 1492 1543 per
1514 1508 1616 1543 singula
1643 1516 1702 1543 qua:
1723 1508 1790 1535 facta
1804 1511 1884 1539 sunt.

1094 1555 1216 1584 ostendat
1229 1555 1378 1583 laudantem
1389 1554 1525 1588 Opiﬁcem,
1537 1558 1566 1582 ut
1575 1554 1697 1581 homines
1710 1557 1810 1588 postea,
1826 1553 1885 1580 lucc

1094 1601 1192 1633 edocti,
1205 1609 1237 1628 ex
1250 1600 1378 1628 creaturis
1391 1600 1424 1627 ad
1441 1600 1594 1627 Creatorem
1616 1599 1804 1627 recurrerent?
1817 1598 1884 1626 Nam

1095 1647 1118 1674 si
1130 1651 1260 1674 creatura:
1280 1645 1430 1681 hujusmodi
1446 1646 1498 1676 sint
1509 1666 1516 1676 ,
1531 1649 1559 1673 ut
1571 1645 1604 1672 ab
1617 1645 1724 1672 homine
1739 1652 1788 1679 pro
1800 1644 1886 1678 digni-

1096 1697 1149 1720 tate
1169 1692 1268 1720 laudari
1289 1696 1439 1726 nequeant:
1461 1691 1523 1726 quid
1545 1690 1578 1718 de
1597 1690 1693 1725 opiﬁce
1717 1691 1775 1725 ipso
1796 1690 1886 1717 dicere

1094 1739 1155 1773 quis
1166 1738 1281 1773 poterit?
1294 1737 1326 1764 Et
1338 1737 1399 1764 vidit
1407 1758 1414 1770 ,
1429 1737 1480 1769 ait,
1494 1735 1564 1764 Deus
1575 1736 1642 1770 quod
1653 1741 1715 1764 esset
1726 1736 1826 1763 bonum.
1840 1736 1884 1762 15.

1096 1785 1130 1812 Et
1145 1787 1238 1821 factum
1252 1789 1287 1812 est
1301 1792 1399 1819 vespere
1409 1804 1417 1816 ,
1432 1788 1457 1811 et
1471 1784 1565 1818 factum
1580 1788 1615 1810 est
1626 1791 1709 1815 mane,
1721 1782 1774 1809 dies
1787 1782 1886 1809 tertius.

1096 1831 1176 1859 Vides
1186 1831 1320 1866 quomodo
1335 1829 1455 1857 iterando
1469 1829 1621 1864 frequenter
1631 1828 1789 1860 doctrinam,
1803 1828 1884 1854 menti

1096 1883 1193 1905 no>tr.c
1213 1876 1345 1904 dictoruttt
1362 1876 1412 1903 vim
1430 1875 1539 1910 inﬁgere
1555 1873 1628 1901 vult?
1650 1873 1795 1908 Oportebat
1813 1872 1885 1900 enim

1095 1924 1202 1951 dicere:
1221 1923 1252 1950 Et
1267 1923 1350 1950 factus
1363 1925 1404 1949 est
1419 1920 1477 1948 dies
1491 1920 1596 1947 tertius.
1611 1919 1663 1946 Sed
1676 1918 1736 1945 vide
1752 1917 1886 1953 quomodo

1095 1970 1129 1998 de
1142 1970 1251 2004 singulis
1265 1968 1359 1996 diebus
1372 1968 1411 1994 sic
1423 1967 1494 1994 dicat
1506 1976 1512 1993 :
1528 1965 1562 1993 Et
1575 1965 1670 2000 factum
1683 1969 1719 1992 est
1731 1972 1847 1998 vespere,
1863 1968 1887 1990 et

1096 2019 1190 2053 factum
1209 2020 1245 2043 est
1265 2023 1347 2046 mane,
1371 2014 1423 2041 dies
1447 2013 1552 2040 tertius:
1575 2020 1628 2039 non
1651 2011 1814 2046 simpliciter,
1837 2018 1887 2037 nec

1096 2062 1196 2098 absque
1210 2068 1306 2089 causa:
1323 2060 1369 2088 sed
1386 2068 1419 2087 ne
1434 2059 1554 2087 ordinem
1572 2057 1765 2086 confundamus
1777 2077 1784 2090 ,
1801 2063 1888 2091 neque

1096 2113 1219 2143 putemus
1241 2114 1350 2143 vespera
1374 2107 1513 2141 ingruente
1539 2106 1618 2132 (litem
1637 2103 1772 2138 accepisse
1795 2102 1886 2134 diem;

1095 2154 1143 2182 sed
1165 2154 1279 2182 sciamus
1299 2160 1437 2188 vesperam
1458 2152 1536 2179 linem
1558 2159 1618 2179 esse
1640 2150 1716 2182 lucis,
1739 2154 1765 2177 et
1791 2149 1888 2184 princi-

1095 2201 1168 2236 pium
1182 2200 1286 2228 noetis:
1303 2207 1381 2227 mane
1399 2203 1488 2226 autem
1510 2197 1588 2224 tinem
1609 2196 1711 2229 noctis,
1729 2199 1757 2223 et
1768 2194 1888 2229 coniple-

1097 2250 1215 2275 mentutn
1227 2245 1290 2273 dici.
1303 2245 1359 2272 lloc
1368 2245 1438 2272 enim
1448 2243 1546 2271 docere
1557 2249 1605 2270 nos
1617 2242 1672 2269 vult
1686 2241 1779 2269 beatus
1789 2240 1886 2272 Moses.

1096 2293 1187 2321 dicens
1199 2301 1206 2320 :
1222 2291 1257 2318 Et
1268 2291 1362 2326 factum
1373 2295 1409 2317 est
1422 2297 1532 2325 vespere,
1549 2293 1571 2316 et
1586 2289 1680 2324 factum
1693 2291 1729 2314 est
1742 2293 1824 2317 mane,
1834 2285 1889 2311 dies

1096 2339 1192 2366 tertius.
1207 2338 1240 2365 Et
1249 2345 1282 2365 ne
1295 2337 1409 2369 mireris,
1423 2335 1530 2367 dilecte,
1543 2334 1566 2362 si
1577 2333 1634 2361 hate
1645 2340 1716 2367 stupe
1726 2336 1752 2358 et
1762 2331 1889 2359 continuo

1096 2385 1167 2412 dicat
1190 2383 1278 2411 divina
1303 2382 1448 2417 Scriptura.
1472 2379 1501 2408 Si
1524 2380 1595 2408 enim
1619 2383 1678 2413 post
1701 2382 1800 2405 tantam
1824 2375 1888 2404 dicti

1097 2431 1272 2466 frequentiam
1286 2428 1369 2456 Judmi
1388 2427 1475 2456 adhuc
1488 2432 1581 2454 errore
1595 2423 1788 2460 praeoccupati,
1803 2429 1888 2450 excto-

1097 2483 1157 2506 cato
1167 2476 1249 2504 corde
1259 2474 1434 2505 contendunt,
1445 2477 1473 2500 et
1483 2479 1620 2507 vesperam
1634 2470 1737 2497 initium
1753 2467 1890 2502 sequentis

1097 2523 1150 2551 diei
1171 2529 1232 2551 esse
1254 2522 1395 2556 opinantur
1408 2519 1463 2554 (lt),
1483 2517 1648 2552 decipientes
1670 2514 1839 2548 semetipsos,
1863 2518 1892 2540 ct

1097 2569 1185 2596 adhuc
1200 2567 1226 2594 in
1241 2566 1335 2594 umbra
1350 2565 1444 2593 sedent
1455 2584 1462 2596 ,
1479 2563 1589 2590 veritate
1603 2561 1725 2588 omnibus
1740 2559 1869 2594 patefacta
1882 2579 1890 2591 ,

1097 2619 1124 2642 et
1138 2613 1171 2641 ad
1185 2613 1320 2640 lucernam
1341 2609 1475 2641 assident,
1489 2608 1546 2635 sole
1562 2606 1672 2642 justitite
1693 2611 1776 2633 totum
1797 2605 1891 2631 orbctn

1098 2659 1214 2694 undique
1224 2658 1382 2687 illustrante,
1395 2654 1444 2681 nisi
1457 2657 1527 2680 tanta
1541 2652 1675 2687 diligentia
1685 2656 1712 2678 ct
1722 2649 1893 2694 nocui-titione

1098 2693 1244 2738 docuisset,
1260 2702 1340 2738 aliqui
1363 2706 1416 2729 tam
1438 2698 1592 2727 indocilium
1615 2696 1816 2724 contentionem
1840 2693 1892 2722 fcr-

1098 2755 1166 2803 rent.

1130 2806 1166 2836 (η)
1182 2809 1253 2830 Erant.
1263 2811 1304 2832 qut
1316 2804 1388 2829 astris
1399 2806 1472 2828 terrae
1484 2802 1597 2836 regimen
1609 2799 1827 2836 atlserihorentt‘h
1836 2826 1882 2836 Jb:

1131 2808 1155 2836 (rt
1182 2809 1253 2830 Erant
1263 2811 1304 2832 qm
1316 2806 1388 2829 astris
1399 2806 1472 2828 terra
1484 2806 1597 2832 regimen
1609 2806 1786 2825 atlsertnerent.
1809 2827 1814 2833 _
1853 2827 1857 2831 .
1877 2826 1882 2832 Ι

1131 2806 1167 2870 (bi
1179 2837 1252 2862 Judaei
1264 2835 1377 2862 dicebant
1389 2839 1517 2866 vesperam
1528 2832 1621 2858 initium
1633 2836 1690 2856 esse
1702 2826 1892 2862 sequenusdtet.
