2066 3126
181 135 216 162 53

217 190 369 218 Adhortatio
381 190 415 216 ad
427 188 646 224 obtemperantium
658 187 807 222 Scriptum,
822 192 846 214 et
864 186 898 214 ad
913 187 967 221 glu—

182 238 247 264 riam
259 236 468 263 contemnendam
481 243 490 267 ;
505 234 586 270 gloria
599 234 709 261 humana
722 235 836 261 virtutem
849 234 971 269 sequitur.

180 297 215 303 --
229 284 263 309 At
279 282 317 309 illi
337 280 442 317 quidem
461 282 584 308 amentia:
602 289 657 308 sua:
674 280 781 316 praemia
799 283 972 315 exspectent:

181 335 231 355 nos
245 331 344 358 autem,
366 326 462 361 quibus
483 325 608 353 donatunt
629 330 670 353 est
685 325 750 353 solis
764 325 874 360 justitite
892 324 975 352 radiis

181 374 320 406 illustrari,
333 372 481 400 divinarum
492 371 688 407 Scripturarum
700 371 828 399 doctrina:
838 371 974 405 obtempe-

180 428 271 448 remus
283 429 290 446 :
305 425 333 448 et
345 420 414 447 hunc
427 425 556 447 canonem
569 423 720 454 sequentes,
731 426 795 446 sana
809 417 931 453 dogmata
947 417 974 444 in

181 465 279 492 mentis
292 469 389 492 nostrae
403 464 585 499 promptuario
599 471 768 499 reponamus,
779 467 806 490 ct
818 470 869 493 una
881 470 973 490 eorum

179 518 273 537 curam
283 531 291 542 ,
306 515 333 537 et
352 514 450 537 nostrte
463 509 556 537 salutis
571 517 692 544 magnam
707 508 911 536 sollicitudinem
929 515 976 543 ge-

179 561 272 584 rentes
285 577 292 589 ,
308 564 339 584 ea
351 563 410 591 quae
423 556 518 583 anima:
537 560 635 583 nostra:
652 555 791 582 sanitatem
812 554 918 586 laedunt,
936 553 975 580 frr-

179 601 295 635 giarnus,
317 601 351 628 ab
370 599 520 635 liujusmodi
541 600 666 628 omnibus
690 600 764 635 quasi
786 608 801 627 a
820 599 974 635 perniciosis

179 646 319 673 veneficiis
328 646 500 673 abstinentes.
514 645 595 672 Multo
605 645 690 680 majus
704 645 774 672 enim
786 644 836 672 huc
847 645 974 672 damnum

178 697 231 723 est,
255 696 282 718 et
305 696 378 718 tanto
396 690 493 726 majus,
509 696 608 726 quanto
624 690 712 718 anima
735 698 848 725 corpore
869 689 973 717 melior.

181 737 227 764 Ilia
241 738 313 765 enim
329 745 429 765 venena
442 737 607 772 corporalem
623 736 691 764 hanc
705 741 816 764 rnortent
829 736 973 763 inducunt:

182 785 239 811 inec
261 789 349 812 autem
373 784 512 811 sanitatem
534 785 629 811 anima:
652 783 820 816 offendentia,
846 787 973 810 retentam

181 829 260 856 nobis
286 833 398 856 mortem
426 829 548 856 afferunt.
575 828 702 862 Qnmuam
729 833 819 856 autem
841 832 903 855 sunt
929 828 973 855 illa

181 875 261 901 nobis
273 875 280 890 ¹
295 873 462 909 perniciosa?
475 874 554 902 Multa
573 879 600 902 et
614 874 697 906 varia,
712 874 826 901 maxime
838 878 926 900 autem
940 872 974 900 ad

181 921 325 948 humanam
353 920 465 956 gloriam
493 925 614 955 spectare
639 925 667 948 et
692 920 797 948 nescire
824 927 884 947 eam
910 927 975 946 con-

180 970 311 994 temnere.
326 966 382 993 Iloe
393 967 464 994 enim
484 966 627 993 multorum
645 965 722 992 nobis
743 965 871 993 maiorunt
893 970 973 992 musa

179 1017 220 1039 est
235 1021 242 1039 :
258 1013 318 1039 etsi
331 1016 398 1047 quas
412 1012 564 1047 spirituales
579 1011 708 1039 habemus
720 1011 835 1044 divitias,
850 1018 896 1038 eas
909 1018 973 1038 cva-

178 1062 253 1090 cuat,
267 1063 293 1085 et
308 1058 421 1085 utilitate
433 1079 440 1089 ,
456 1066 515 1092 qua:
528 1066 559 1085 ex
574 1058 614 1085 eis
631 1057 688 1092 capi
705 1061 808 1092 potest,
822 1063 871 1083 nos
888 1056 973 1083 desti-

179 1104 240 1131 tuit.
268 1104 336 1138 Quid
363 1104 443 1139 igitur
465 1103 545 1131 fuerit
571 1103 670 1131 damno
698 1103 749 1130 hoc
776 1102 973 1138 perniciosius?

178 1149 398 1185 Quandoquidem
421 1150 446 1177 id
460 1153 583 1185 pra-stat,
604 1154 633 1177 ut
652 1157 668 1177 a
685 1149 761 1177 nobis
775 1149 881 1176 avoleut
892 1148 973 1175 etiam

179 1203 210 1223 ea
226 1203 286 1230 qua
309 1203 358 1223 nos
378 1195 474 1222 habere
486 1199 620 1230 putamus.
636 1195 681 1222 Sic
702 1193 852 1222 Pharisazus
865 1194 908 1222 ille
924 1202 972 1229 ptr-

179 1241 287 1267 blicano
300 1241 387 1267 minor
403 1240 488 1268 factus
501 1244 558 1273 est,
574 1248 606 1268 eo
618 1240 688 1275 quod
703 1240 799 1275 linguai
816 1247 872 1266 sua:
890 1239 974 1274 impe-

179 1295 241 1314 rare
259 1294 311 1313 noti
331 1286 415 1321 potuit
429 1285 502 1321 (Luc.
524 1286 589 1322 18):
613 1286 659 1314 sed
681 1293 728 1321 per
748 1286 819 1313 illam
838 1285 907 1312 sicut
927 1292 974 1319 per

180 1331 325 1360 fenestram
340 1333 455 1367 aliquam
469 1340 562 1360 omnes
579 1331 684 1359 divitias
705 1339 766 1359 snas
783 1331 885 1359 effudit.
900 1331 973 1359 Tan-

180 1383 236 1405 turrr
252 1383 294 1406 est
308 1379 394 1406 inanis
405 1378 495 1414 gloriae
508 1379 616 1405 malum.

215 1424 242 1451 6.
265 1424 330 1456 Dic,
346 1423 478 1457 obsecro,
499 1423 563 1451 mihi
575 1444 583 1457 ,
598 1430 646 1450 cur
666 1427 693 1451 et
713 1430 764 1458 qua
786 1423 820 1450 de
842 1430 919 1451 causa
938 1423 973 1450 ita

181 1469 319 1496 hominum
336 1468 413 1496 laude
434 1468 551 1496 teneris?
563 1468 655 1495 Nescis
667 1489 675 1501 ,
694 1467 764 1503 quod
779 1467 846 1495 sicut
860 1468 952 1495 umbra
965 1488 972 1500 ,

180 1521 208 1542 et
221 1515 243 1542 si
256 1515 319 1550 quid
334 1515 377 1542 illa
393 1514 481 1547 vilius,
496 1514 530 1541 ita
543 1514 648 1541 illorum
662 1514 719 1541 laus
734 1513 760 1541 iri
775 1521 864 1541 acrem
878 1513 972 1541 diffusa

180 1560 343 1588 evanescat?
357 1559 479 1594 Alioquin
492 1559 645 1586 inconstans
658 1563 686 1586 et
697 1559 824 1586 mutabile
835 1564 876 1586 est
888 1558 974 1585 humi-

181 1613 245 1632 mrnt
259 1613 354 1640 genus,
377 1610 404 1633 et
418 1605 455 1632 illi
471 1605 519 1639 ipsi
532 1605 666 1638 eumdem,
680 1612 758 1639 quem
773 1612 843 1632 nunc
856 1604 973 1636 laudant,

182 1660 235 1678 non
257 1651 342 1678 multo
362 1656 420 1686 post
441 1650 614 1685 vituperant:
634 1650 705 1685 quod
725 1650 750 1677 in
774 1651 906 1678 sententia
928 1650 973 1677 Dei

183 1705 331 1732 numquam
353 1697 488 1725 usuvenit.
504 1696 543 1724 Ne
556 1697 635 1732 igitur
650 1697 685 1723 ita
699 1696 870 1731 desipiarnus,
886 1703 921 1723 ne
932 1700 973 1723 tc-

182 1752 258 1771 tncre
277 1748 305 1770 et
322 1743 423 1777 absque
442 1743 528 1771 fructu
542 1743 663 1770 fallamus
677 1750 726 1770 nos
741 1742 822 1776 ipsos.
844 1741 910 1769 Nam
924 1742 974 1770 etsi

183 1789 282 1816 bonum
296 1788 421 1823 quiddam
437 1788 559 1822 facimus,
573 1796 626 1815 non
638 1793 727 1815 autem
743 1793 851 1822 propter
865 1788 915 1814 hoc
928 1796 974 1815 so-

183 1834 239 1861 lum
251 1835 363 1869 agimus,
378 1838 407 1861 ut
420 1833 572 1861 mandatum
588 1833 691 1861 Domini
706 1834 789 1861 nostri
804 1834 973 1868 impleamus,

182 1881 262 1915 eique
280 1880 329 1907 Strli
351 1881 447 1916 cogniti
463 1880 545 1907 simus
558 1901 565 1913 ,
580 1880 697 1908 laborent
715 1880 786 1908 hunc
800 1881 897 1908 frustra
912 1889 975 1909 sus-

182 1926 296 1961 cipimus
307 1948 314 1957 ,
332 1934 434 1961 nosque
449 1927 582 1961 privamus
608 1926 693 1953 fructu
705 1947 714 1960 ,
728 1934 805 1961 quem
825 1926 886 1954 inde
899 1933 974 1953 asse-

182 1973 228 2007 qui
253 1972 354 2000 lieeret.
380 1973 445 2000 Nam
470 1973 492 2000 is
515 1973 558 2007 qui
583 1978 612 2000 ut
632 1973 667 2000 ab
688 1973 839 2001 hominibus
862 1973 974 2008 gloriam

182 2024 305 2051 vertetur,
317 2019 380 2055 quid
394 2019 456 2047 boni
470 2024 604 2053 operatur,
619 2019 675 2046 sive
687 2026 718 2046 ea
735 2019 784 2046 frui
799 2019 906 2054 poterit,
919 2018 975 2047 sive

183 2073 254 2098 non;
269 2073 341 2099 saepe
354 2065 424 2092 errim
435 2069 462 2093 et
471 2064 515 2099 qui
528 2069 635 2099 propter
646 2065 750 2092 inanem
763 2065 875 2100 gloriam
885 2065 973 2092 omnia

184 2110 247 2137 facit
259 2131 266 2143 ,
280 2110 360 2138 etiam
380 2110 436 2144 ipsa
450 2110 608 2142 frustratur;
631 2110 688 2138 sive
701 2110 780 2146 igitur
793 2119 822 2138 ea
840 2111 954 2146 potiatur
965 2131 971 2142 ,

183 2156 240 2182 sive
255 2163 306 2182 non
317 2175 325 2188 ,
338 2155 405 2182 satis
426 2154 470 2182 hic
485 2155 667 2183 retributionis
684 2157 802 2191 accepit,
816 2160 844 2184 et
861 2157 895 2184 ibi
910 2157 974 2184 nihil

183 2200 298 2235 accipiet
311 2200 491 2235 prmmiorum.
505 2200 593 2234 Quare
608 2200 678 2229 hoc?
691 2201 757 2235 Quia
773 2202 916 2236 pra-ferens
931 2202 974 2228 fn-

184 2245 251 2272 turis
276 2245 435 2279 praesentia,
456 2249 483 2273 et.
499 2245 563 2280 justi
586 2245 686 2274 Iudicis
707 2247 810 2274 calculo
831 2247 973 2274 humanam

182 2290 305 2324 gloriam,
320 2290 456 2325 indignum
471 2298 501 2318 se
521 2291 606 2318 reddit
623 2292 667 2327 qui
680 2300 694 2319 a
707 2293 799 2320 Judiee
818 2293 970 2321 hortaretur.

181 2334 282 2362 Contra
294 2334 317 2361 si
333 2338 440 2370 propter
453 2335 504 2363 hoc
517 2336 602 2363 solum
617 2343 758 2371 operemur
772 2338 908 2372 spirituale
923 2339 973 2366 ali-

181 2379 253 2414 quod
268 2380 367 2407 borntm
381 2400 388 2411 ,
403 2385 432 2407 ut
450 2381 599 2415 placeamus
611 2382 688 2409 oculo
701 2383 736 2409 illi
751 2384 799 2410 soli
812 2403 820 2416 ,
834 2385 878 2418 qui
892 2385 973 2419 sopiri

182 2426 280 2458 nescit,
293 2429 321 2452 et
333 2425 377 2452 cui
391 2425 460 2452 nuda
475 2430 502 2453 et
515 2431 605 2460 aperta
618 2432 678 2455 sunt
691 2428 779 2455 omnia
801 2437 808 2456 :
824 2434 851 2457 et
866 2429 974 2457 thesau-

181 2478 228 2497 rus
244 2475 336 2498 noster
349 2471 375 2498 in
388 2475 445 2498 tuto
457 2472 517 2503 erit,
528 2476 555 2499 et
567 2472 726 2508 incorruptae
741 2481 790 2501 nos
804 2482 907 2503 merces
917 2483 974 2502 ma-

182 2516 300 2548 uehunt,
314 2521 342 2543 et
360 2525 393 2543 ex
415 2517 472 2551 ipsa
491 2525 582 2545 earum
599 2519 672 2545 suavi
686 2520 883 2554 exspectatione
897 2521 974 2549 nobis

182 2561 264 2588 multa
276 2562 426 2589 consolatio
436 2563 496 2594 crit,
505 2563 568 2590 dum
580 2563 605 2590 in
617 2565 807 2599 promptuario,
816 2566 886 2601 quod
895 2574 974 2594 nemo

181 2606 298 2642 diripere
311 2608 426 2642 poterit,
444 2609 488 2635 illa
503 2609 579 2636 rtobis
595 2611 667 2636 salva
684 2611 832 2638 custoditur
844 2619 948 2641 merces
964 2623 971 2641 :

182 2652 238 2679 inn;
260 2653 380 2686 sequitur
401 2653 481 2680 etiam
502 2653 583 2688 gloria
605 2654 729 2682 humana.
754 2656 828 2684 Tunc
842 2658 913 2685 enim
929 2659 972 2686 illa

183 2697 267 2724 multo
279 2697 387 2724 uberius
397 2697 517 2730 fruimur,
529 2698 633 2733 quando
643 2707 701 2727 eam
711 2701 881 2736 despicimus,
889 2711 974 2739 quan-

183 2744 219 2772 do
240 2750 299 2772 ea
320 2752 373 2771 non
388 2744 530 2779 qumrimus
541 2765 549 2778 ,
564 2746 670 2780 quando
684 2755 743 2776 eam
761 2756 814 2777 non
828 2754 972 2778 sectamur.
983 2744 993 2750 ”

220 2835 228 2852 ι
245 2835 316 2861 savii.
329 2839 355 2860 et
364 2834 460 2867 quidam
469 2838 515 2860 uss
525 2854 532 2865 .
545 2834 616 2862 vobis

757 131 788 160 IN
806 132 882 160 CAP.
904 130 922 158 Ι.
943 127 1062 158 GENES.
1085 130 1198 160 IiOMilt.
1218 129 1261 159 Vi.

1787 133 1823 162 56

1029 185 1060 212 Et
1083 186 1145 221 quid
1166 187 1290 219 miraris,
1304 187 1328 214 si
1349 187 1400 215 hoc
1419 187 1527 215 eveniat
1550 189 1582 216 iis
1603 189 1647 225 qui
1668 190 1820 225 spir-ituales

1027 231 1200 267 philosophos
1221 237 1320 268 agunt,
1335 240 1395 260 cum
1415 237 1443 261 et
1464 234 1538 261 multi
1561 242 1653 262 eorum
1674 236 1719 270 qui
1741 235 1820 270 hujus

1027 276 1118 303 mundi
1138 277 1226 304 studia
1244 282 1388 310 sectantur,
1403 285 1451 306 eos
1470 279 1585 306 maxime
1604 285 1776 309 contemnant
1789 287 1817 309 et

1026 321 1184 357 despiciant,
1198 324 1243 358 qui
1257 323 1290 351 ab
1303 323 1454 351 horninibus
1466 324 1576 359 gloriam
1588 331 1709 360 quierunt
1719 347 1727 359 ,
1742 327 1817 354 inve-

1027 369 1137 403 niesque
1149 369 1182 396 ab
1195 370 1318 397 omnibus
1329 369 1448 398 dicteriis
1463 370 1558 398 incessi
1576 377 1624 398 eos
1637 371 1682 406 qui
1696 371 1818 399 humana:

1026 416 1117 450 gloriae
1132 415 1255 444 inhiant?
1267 417 1335 451 Quid
1350 417 1429 452 igitur
1443 417 1566 444 miserius
1579 417 1665 450 nobis,
1679 418 1723 452 qui
1738 418 1817 452 spiri-

1027 461 1106 489 tualia
1121 466 1254 489 sectamur
1263 483 1270 495 ,
1284 462 1306 490 si
1319 462 1420 490 similes
1436 462 1487 490 illis
1497 484 1504 495 ,
1517 463 1645 490 celebrari
1659 463 1693 491 ab
1706 463 1821 490 hornini-

1027 505 1076 533 bus
1086 507 1235 542 cupiamus,
1246 511 1273 535 et
1284 508 1306 534 si
1318 515 1372 534 non
1383 512 1424 535 sat
1434 507 1511 535 fuerit
1523 508 1599 536 nobis
1607 516 1622 535 a
1635 509 1689 535 Deo
1700 508 1820 535 laudari?

1026 551 1096 579 sicut
1106 554 1133 579 et
1147 552 1243 579 Paulus
1256 553 1320 580 dicit
1336 561 1343 579 :
1358 553 1436 588 Cujus
1452 554 1533 589 gloria
1549 562 1598 581 non
1612 562 1644 582 ea:
1657 554 1798 581 hominibus
1808 575 1817 587 ο

1027 598 1071 624 sed
1091 606 1123 624 ea:
1146 598 1197 625 Deo
1213 599 1308 633 (Rom.
1328 598 1354 625 2.
1375 599 1441 634 29).
1463 599 1520 626 Non
1542 600 1616 627 vides
1629 621 1637 632 ,
1656 600 1769 632 dilecte,
1792 600 1819 626 itr

1027 642 1196 671 Circensibus
1209 643 1287 678 ludis,
1303 644 1437 679 quomodo
1453 645 1468 671 ii
1483 645 1527 679 qni
1541 653 1624 680 equos
1638 646 1748 679 agitant,
1765 653 1818 672 non

1027 688 1169 716 advertunt
1195 690 1314 725 plansurrt
1336 695 1364 718 et
1387 690 1504 718 favorem
1525 691 1615 726 populi
1636 691 1778 718 assidentis
1792 697 1818 718 et

1027 736 1208 770 acclamantis,
1223 745 1308 772 neque
1319 745 1352 764 ex
1364 744 1397 764 eo
1411 737 1502 772 plausu
1518 737 1678 772 voluptatem
1691 737 1797 772 capitrnt
1810 746 1815 763 :

1027 781 1073 808 sed
1088 781 1120 808 ad
1137 789 1217 808 unum
1238 782 1323 809 solum
1337 787 1458 816 spectant
1476 781 1665 817 Imperatorem
1681 783 1707 809 in
1730 781 1819 809 medio

1026 826 1174 859 sedentem,
1187 831 1214 854 ct
1226 827 1259 854 ad
1273 831 1366 854 nulum
1381 828 1452 855 illius
1465 829 1641 861 attendentes,
1655 832 1736 855 totam
1749 828 1818 854 ntul-

1026 872 1165 900 titudinem
1181 872 1348 907 despiciunt,
1365 878 1392 900 et
1406 878 1468 901 tunc
1481 874 1567 901 solum
1580 874 1670 900 animo
1684 873 1817 901 extollun-

1026 921 1079 949 tur,
1089 925 1148 945 eum
1157 917 1202 945 ille
1210 926 1257 945 eos
1266 919 1452 946 eoronavcrit?
1463 919 1517 946 Hos
1528 919 1607 954 igitur
1616 923 1643 946 et
1654 924 1680 946 tu
1690 919 1820 952 inuitatus,

1026 971 1078 991 non
1099 965 1185 1000 magni
1200 965 1327 992 momenti
1349 964 1430 992 facito
1445 965 1581 992 hominum
1602 965 1716 997 famam,
1732 973 1818 1000 neque

1027 1014 1136 1045 propter
1157 1018 1216 1037 eam
1236 1010 1359 1038 virtutem
1380 1018 1507 1038 exerceas
1519 1032 1526 1044 ,
1543 1011 1589 1038 sed
1604 1019 1619 1038 a
1637 1011 1709 1045 justo
1725 1010 1821 1038 iudice

1025 1056 1183 1084 sententiam
1196 1061 1330 1091 exspecta,
1342 1061 1370 1084 et
1382 1056 1414 1083 ad
1429 1057 1499 1084 illius
1512 1062 1603 1084 nutum
1619 1057 1734 1084 intentus
1747 1061 1815 1084 esto.

1025 1101 1070 1129 Sic
1082 1109 1188 1129 omnerrr
1205 1102 1285 1129 vitam
1302 1106 1372 1129 tuam
1386 1102 1526 1137 dispenso,
1541 1106 1568 1128 ut
1580 1107 1606 1129 et
1619 1102 1662 1129 hic
1675 1102 1818 1129 continen-

1027 1152 1068 1175 ter
1081 1148 1150 1175 bona
1170 1154 1218 1182 spe
1237 1147 1353 1182 pascaris
1365 1168 1373 1180 ,
1389 1151 1416 1175 et
1436 1148 1488 1175 illic
1501 1147 1608 1175 a-ternis
1622 1147 1710 1175 fruare
1723 1148 1798 1175 bonis
1807 1167 1816 1180 ,

1024 1200 1085 1228 qua:
1105 1196 1133 1219 ut
1147 1199 1195 1218 nos
1209 1199 1303 1219 omnes
1316 1199 1506 1226 assequamur,
1521 1191 1585 1219 faxit
1599 1193 1682 1227 gratia
1695 1198 1721 1219 et
1737 1194 1816 1220 mise-

1025 1238 1139 1266 ricordia
1161 1238 1263 1265 Domini
1284 1238 1367 1265 nostri
1387 1238 1449 1265 Jcsu
1465 1237 1562 1265 Christi
1574 1259 1582 1271 ,
1598 1246 1660 1266 cum
1676 1246 1728 1274 quo
1746 1239 1822 1266 Patr-i-

1024 1289 1052 1312 et
1066 1284 1176 1319 Spiritui
1193 1288 1286 1311 sancto
1299 1285 1333 1311 sit
1345 1284 1428 1320 gloria
1442 1305 1449 1315 ,
1464 1289 1490 1311 et
1506 1285 1647 1319 imperium
1665 1289 1692 1312 et
1712 1285 1796 1312 honor
1807 1304 1821 1317 ν

1025 1337 1096 1357 nunc
1106 1335 1134 1358 et
1147 1337 1268 1365 semper,
1282 1334 1309 1357 ct
1322 1329 1348 1356 in
1364 1330 1460 1356 sa-cula
1475 1330 1644 1358 seculorum.
1660 1331 1755 1358 Amen.

1317 1387 1457 1414 HOMILIA
1479 1388 1523 1415 Vl.

1026 1445 1058 1472 Et
1070 1443 1136 1471 dixit
1151 1444 1222 1471 Deus
1236 1452 1243 1471 :
1260 1441 1335 1470 Fiant
1349 1443 1487 1470 luminaria
1502 1444 1528 1470 in
1542 1444 1699 1478 ﬁrmamenta
1715 1443 1770 1470 αι’ίί
1782 1443 1822 1469 mi'

1060 1490 1270 1518 illuminatt'onem
1282 1496 1358 1524 super
1371 1495 1464 1516 terram
1485 1510 1493 1523 ,
1507 1495 1532 1516 ut
1547 1489 1659 1515 dividant
1672 1489 1736 1515 inter
1750 1489 1820 1515 dict"-

1060 1542 1082 1564 ει
1097 1537 1163 1563 inter
1174 1540 1281 1568 nectent,
1295 1541 1317 1562 et
1332 1535 1380 1562 sint
1395 1535 1420 1561 in
1431 1535 1504 1569 signa
1515 1555 1524 1569 ,
1537 1540 1560 1561 et
1573 1535 1599 1561 in
1613 1538 1725 1569 tempora
1736 1555 1744 1567 ,
1756 1539 1778 1561 et
1790 1535 1819 1561 in

1061 1582 1124 1616 dies,
1139 1586 1163 1609 et
1176 1582 1202 1608 in
1215 1590 1294 1608 annos
1305 1580 1382 1617 (Gen.
1400 1581 1425 1607 i.
1444 1580 1498 1615 i4).

1062 1650 1088 1677 i.
1110 1649 1176 1676 Volo
1196 1648 1300 1676 solitam
1321 1651 1434 1675 tractare
1453 1646 1600 1675 doctrinam
1612 1667 1620 1678 ,
1634 1650 1662 1674 et
1681 1651 1772 1681 torpeo
1786 1653 1822 1673 ac-

1025 1695 1146 1722 dctrecto
1161 1703 1167 1720 :
1182 1697 1298 1721 mentem
1321 1693 1391 1720 cuitn
1414 1700 1499 1719 meam
1521 1691 1640 1720 confudit
1660 1696 1687 1719 ct
1707 1695 1815 1718 contur-

1026 1741 1099 1768 bavit
1118 1739 1309 1774 superveniens
1331 1738 1446 1766 tristitia:
1465 1737 1550 1764 nubes
1566 1746 1573 1764 :
1589 1737 1642 1764 into
1661 1744 1714 1763 non
1731 1736 1820 1764 solum

1026 1785 1155 1818 tristitiae,
1171 1784 1218 1812 sed
1231 1789 1258 1812 et
1270 1784 1316 1811 irae
1326 1804 1333 1816 ,
1347 1783 1382 1810 ita
1398 1787 1426 1810 ut
1440 1782 1555 1810 nesciam
1570 1781 1632 1816 quid
1645 1781 1791 1808 faciendum
1807 1789 1814 1807 :

1027 1836 1142 1860 mentem
1163 1831 1234 1859 enim
1248 1834 1361 1865 occupat
1376 1829 1519 1857 haesitatio.
1544 1828 1610 1855 Cum
1624 1827 1694 1855 enim
1709 1827 1796 1861 cogito
1807 1846 1816 1859 ,

1027 1885 1074 1905 vos
1088 1884 1194 1904 omnem
1210 1876 1281 1902 illam
1297 1879 1414 1902 nostram
1428 1873 1587 1907 doctrinam,
1599 1877 1626 1900 et
1637 1872 1820 1907 quotidianam

1026 1922 1234 1950 admonitionem
1253 1921 1286 1948 ad
1308 1920 1442 1948 modieunt
1464 1919 1562 1947 diaboli
1584 1919 1673 1946 llaturrt
1688 1917 1818 1945 oblivioni

1024 1968 1167 1996 tradidisse
1178 1988 1186 2001 ,
1199 1972 1227 1995 et
1248 1967 1281 1994 ad
1296 1966 1444 1994 satanicum
1463 1965 1537 1992 illum
1557 1969 1707 2000 equestrem
1724 1963 1816 1990 ludunt

1026 2020 1120 2041 omnes
1133 2012 1313 2046 concurrisse,
1329 2019 1380 2047 qua
1395 2011 1531 2038 alacritate
1551 2015 1644 2044 potero
1658 2009 1750 2036 iterum
1764 2008 1814 2035 do-

1026 2060 1138 2087 ctrinam
1154 2058 1258 2086 tradere
1270 2078 1277 2090 ,
1290 2065 1350 2085 cum
1368 2056 1457 2091 priora
1471 2060 1524 2083 tam
1539 2056 1593 2082 eito
1606 2055 1696 2082 animo
1707 2053 1814 2081 excide-

1026 2105 1097 2132 rint?
1119 2105 1173 2132 lloc
1186 2103 1257 2131 cnim
1270 2107 1311 2130 est
1324 2101 1395 2137 quod
1411 2101 1576 2136 potissimum
1594 2107 1637 2126 tne
1651 2102 1774 2133 torquet,
1788 2103 1815 2125 et

1025 2151 1058 2178 ad
1081 2151 1145 2178 iram
1167 2153 1337 2181 commovet,
1357 2147 1428 2183 quod
1443 2154 1503 2175 eum
1525 2150 1615 2173 nostra
1636 2144 1816 2171 admonitione

1026 2196 1201 2225 reverentiam
1215 2195 1294 2223 etiam
1303 2215 1310 2228 ,
1322 2202 1401 2229 quam
1411 2200 1494 2220 saera:
1506 2191 1720 2226 Quadragesimm
1732 2190 1815 2218 debe-

1027 2242 1069 2275 tis,
1085 2250 1118 2269 ex
1132 2241 1221 2268 animo
1232 2243 1323 2268 vestro
1336 2238 1414 2266 simul
1428 2237 1560 2273 ejeccritis
1571 2257 1579 2270 ,
1594 2244 1693 2271 vosque
1706 2236 1744 2262 sic
1757 2235 1814 2262 dia-

1026 2287 1078 2315 boli
1095 2287 1194 2314 retibus
1207 2284 1379 2313 involveritis.
1394 2283 1532 2317 Quomodo
1542 2282 1601 2317 quis
1616 2281 1721 2317 poterit,
1735 2280 1816 2308 etiam

1025 2333 1067 2360 cui
1080 2340 1177 2360 saxeus
1186 2331 1289 2359 animus
1297 2352 1304 2363 ,
1318 2334 1421 2357 tantrrm
1433 2333 1612 2363 contemptum
1625 2336 1676 2354 non
1686 2327 1815 2362 gravatim

1025 2378 1114 2407 ferre?
1128 2379 1232 2406 Pudore
1245 2377 1358 2411 afficior,
1372 2377 1490 2409 credite;
1505 2381 1532 2403 ct
1543 2375 1682 2407 erubesco,
1698 2381 1758 2401 cum
1773 2373 1813 2400 vi-

1024 2424 1076 2452 deo
1087 2431 1136 2452 nos
1147 2425 1242 2451 frustra
1253 2423 1386 2455 laborare,
1397 2422 1460 2450 etin
1474 2428 1546 2456 petra
1557 2424 1701 2448 sementem
1711 2418 1814 2452 jacere.

1024 2471 1060 2498 At
1074 2470 1138 2498 mihi
1152 2470 1258 2505 quidem
1272 2470 1330 2497 sive
1343 2468 1412 2497 dicta
1436 2475 1495 2495 mea
1507 2467 1618 2494 audiatis
1630 2486 1638 2498 ,
1653 2465 1708 2492 sive
1722 2464 1815 2491 audire

1024 2518 1220 2551 contemnatis,
1242 2523 1346 2544 merces
1369 2523 1427 2543 mea
1449 2515 1549 2549 integra
1571 2513 1630 2540 erit.
1652 2512 1716 2539 Nam
1735 2518 1815 2538 omne

1024 2563 1094 2598 quod
1108 2570 1195 2590 meum
1208 2567 1276 2596 erat,
1291 2562 1342 2590 feci
1357 2571 1363 2589 :
1377 2560 1516 2596 pecuniam
1530 2557 1704 2588 dinumeravi,
1719 2555 1814 2584 admo-

1026 2610 1142 2637 rritiones
1153 2608 1260 2636 adhibui
1274 2618 1280 2636 :
1292 2608 1373 2636 timeo
1384 2611 1484 2638 autem,
1495 2609 1522 2633 et
1531 2605 1626 2632 anxius
1638 2611 1708 2636 sum,
1720 2611 1753 2630 ne
1764 2602 1815 2630 hoc

1026 2655 1103 2682 vobis
1119 2654 1153 2681 ad
1170 2654 1298 2689 majorem
1319 2652 1515 2680 accusationem
1536 2650 1621 2678 cedat.
1639 2649 1733 2676 Servus
1748 2648 1815 2674 enim

1024 2701 1082 2733 ille,
1096 2701 1143 2733 ait,
1158 2700 1201 2735 qui
1214 2699 1261 2726 scit
1283 2699 1435 2726 voluntatem
1453 2696 1548 2724 domini
1567 2695 1617 2728 sui,
1634 2700 1656 2723 et
1669 2704 1720 2721 non
1734 2694 1813 2729 facit,

1026 2745 1151 2781 vapulabit
1164 2745 1249 2772 multis
1265 2744 1339 2779 (Luc.
1356 2743 1399 2770 i2.
1415 2741 1471 2778 47).
1487 2742 1593 2769 ΝιιΙΙιιιιι
1606 2741 1676 2768 enim
1689 2739 1812 2774 cuiquam

1026 2797 1140 2819 vestrum
1155 2791 1187 2818 ad
1209 2790 1384 2826 ignorantiam
1398 2789 1448 2817 erit
1462 2788 1592 2823 refugium
1605 2808 1614 2821 ,
1629 2794 1689 2815 cum
1705 2793 1753 2813 nos
1766 2793 1814 2812 ca-

1026 2838 1085 2866 Jeru
1106 2837 1222 2873 quotidie
1244 2837 1413 2870 insonemus,
1432 2840 1460 2864 et
1478 2834 1649 2864 ostendamus
1668 2831 1814 2859 diabolicos
