2066 3126
235 130 270 158 55

237 187 356 222 laqueos.
371 190 397 213 et
410 192 531 220 magnam
547 184 650 212 virtutis
666 184 830 217 facilitatem,
846 183 869 210 si
884 187 972 209 tamen
986 181 1028 208 vi-

236 232 302 267 giles
320 238 381 259 csse
398 230 569 258 voluerimus.
594 231 634 257 An
657 230 763 256 nescitis
775 235 822 256 eos
843 227 887 262 qui
902 227 941 254 sic
954 234 1029 254 suam
1049 251 1063 274 ξ

237 278 350 304 salutent
365 275 510 311 negligant,
527 279 554 302 et
563 274 705 310 aliquando
721 274 772 301 huc
785 272 903 306 veniunt,
915 272 1031 307 aliquan—
1040 267 1049 275 ’

241 322 277 350 do
289 327 378 349 autem
395 322 420 349 in
434 321 585 350 dmmonum
598 321 663 348 retia
678 328 706 347 se
722 319 851 354 injiciuttt,
866 327 881 346 a
894 319 1031 354 Scriptura

237 368 325 396 divina
342 368 453 396 canibus
473 367 641 402 comparari?
663 365 747 393 "orna
765 365 835 393 enirn
848 385 856 398 ,
871 365 974 400 inquit,
990 364 1032 398 qui

237 414 390 441 converlitur
403 422 418 440 ιι
432 418 534 448 peccato
546 421 607 445 tuo,
621 417 644 439 et
664 413 755 439 iterum
767 412 793 439 in
814 411 924 446 idipsunt
946 410 1011 437 redit
1024 430 1031 443 ,

238 459 329 487 similis
348 464 384 486 est
402 459 460 485 cani
481 458 515 484 ad
535 458 654 485 vomitum
670 465 744 484 suum
762 456 975 492 redeunti(Prov.
986 454 1032 482 26.

241 504 296 540 Η).
313 504 393 531 Vides
405 505 446 531 cui
460 504 561 531 similes
576 503 638 531 facti
657 502 776 538 suntqui
795 502 828 529 ad
848 502 968 529 illicitum
984 500 1034 528 hoe

240 550 422 586 spectaculum
445 549 640 577 accurrerunt?
662 548 718 575 Non
742 547 854 575 attdistis
877 546 1033 579 Christum,

242 597 375 624 dicenlctn
392 604 398 622 :
415 596 503 622 Omnis
519 596 561 631 qui
573 595 644 621 audit
659 594 704 621 hos
719 601 844 620 sermones
858 601 936 624 meos,
948 597 971 618 et
986 599 1036 618 non

243 642 305 677 facit
318 650 360 669 eos
370 661 377 674 ,
391 641 480 668 similis
497 642 544 668 erit
557 641 610 668 uiro
622 640 699 667 stulto
709 660 716 672 ,
731 639 773 673 qui
785 638 919 673 atrii/ienuit
933 637 1037 665 domum

243 697 316 716 suam
329 696 405 723 super
419 694 542 720 arenam;
562 694 586 714 et
605 690 722 714 venerunt
737 685 844 720 [lumina
855 705 863 716 ,
877 689 900 711 et
914 685 1037 718 [lat-erunt

244 735 310 762 senti
321 755 329 768 ,
348 739 372 761 et
386 735 513 761 irrucrunt
531 734 557 760 in
574 733 675 760 domum
689 732 776 764 illam,
792 736 815 758 et
835 731 940 764 cecidit,
954 735 977 758 et
990 730 1038 765 fuit

244 782 319 808 ruina
337 781 406 807 illius
420 789 512 815 magna
527 779 632 815 (Manli.
647 780 673 805 't.
687 778 731 805 26.
747 778 816 813 27)?
831 778 866 805 At
878 777 922 812 qui
938 776 970 803 ad
984 777 1038 804 cir-

245 833 339 854 censes
359 825 436 853 ludos
451 825 554 856 ierunt,
570 824 615 851 illo
635 824 712 859 longe
725 823 871 851 deteriores
885 823 945 850 facti
965 827 1037 850 sunt.

247 871 319 900 Illius
338 871 409 899 enim
422 871 517 899 domus
531 870 633 905 dejecta
646 874 705 903 cst,
721 869 769 896 Sed
783 874 844 904 post
859 868 973 896 validam
988 868 1040 895 int-

247 918 419 952 pulsionem:
442 917 551 944 flumina
570 917 641 944 enim
666 921 693 944 ct
715 920 809 943 ventos
829 915 914 948 dixit,
937 922 990 942 non
1013 918 1042 941 ut

249 969 387 992 ventorum
408 964 523 998 impetus
536 967 563 990 et
576 970 705 997 aquarum
721 961 903 989 multitudines
922 960 1035 994 indicet,

247 1010 295 1038 sed
318 1015 346 1037 ut
368 1010 541 1037 tentationum
562 1008 717 1036 violentiam
737 1009 871 1040 insinuet;
890 1012 917 1034 et
937 1007 1041 1034 ruinam

248 1056 344 1083 domus
356 1076 363 1088 ,
379 1063 433 1083 non
454 1059 483 1082 ut
499 1054 650 1082 sensibilem
670 1054 778 1081 domum
794 1053 969 1088 imaginemur
984 1061 990 1078 :
1009 1051 1043 1079 de

247 1101 337 1129 anima
351 1101 423 1129 enim
446 1108 536 1128 sermo
555 1105 595 1128 est
608 1120 615 1133 ,
631 1107 690 1135 qua:
712 1099 837 1134 gravibus
855 1097 1043 1125 afflictionibus

250 1149 374 1185 dejicitur
385 1169 394 1183 ,
409 1157 495 1184 neqtte
507 1149 559 1176 illis
578 1148 702 1175 resistere
721 1150 826 1181 potest;
850 1145 876 1173 in
892 1153 939 1172 vos
953 1150 1043 1173 autent

251 1202 338 1230 neque
361 1199 455 1222 ventus
476 1194 595 1226 afflavit,
618 1201 703 1228 neque
723 1193 795 1220 fluvii
818 1192 972 1222 irrucrunt;
997 1190 1044 1218 sed

252 1242 390 1270 dumtaxat
410 1241 496 1268 tenuis
515 1240 636 1276 qumdam
650 1247 715 1267 aura
731 1239 861 1266 diabolica
876 1238 1004 1272 spiravit,
1017 1242 1045 1265 et

252 1296 346 1316 otnnes
364 1296 412 1315 vos
431 1288 571 1315 subvertit.
595 1286 663 1321 Quid
685 1286 735 1314 hac
756 1285 907 1321 insipientia
927 1284 1045 1312 deterius

252 1333 348 1362 fuerit?
363 1342 421 1368 qua:
432 1333 526 1368 jejunii
541 1332 658 1360 utilitas?
670 1331 722 1364 dic,
736 1338 799 1364 oro;
816 1330 885 1365 quod
900 1330 1001 1357 lucrum
1012 1336 1046 1356 ex

254 1381 302 1407 liae
324 1378 549 1414 congregatione?
570 1378 635 1411 Quis
650 1386 702 1405 non
723 1381 752 1405 et
770 1383 817 1404 vos
829 1376 999 1411 di-ploraret,
1018 1379 1046 1402 et

253 1433 303 1453 nos
318 1425 430 1452 miseros
443 1425 564 1452 diceret?
580 1423 633 1451 Vos
645 1443 653 1456 ,
671 1424 776 1457 inquam
789 1443 797 1456 ,
813 1421 872 1457 quia
886 1421 974 1448 omnia
986 1427 1046 1455 qua:

252 1471 414 1506 collegistis,
429 1471 507 1498 simul
520 1470 650 1497 effudistis
660 1490 668 1503 ,
683 1474 709 1497 et
720 1469 816 1504 januas
834 1468 931 1496 mentis
949 1471 1046 1495 vestra:

253 1525 335 1553 pravo
348 1517 462 1544 daemrni
475 1517 616 1552 aperuistis
627 1537 634 1549 ,
650 1521 677 1544 ut
693 1516 776 1543 facilis
789 1516 813 1543 ei
828 1515 915 1542 aditus
928 1518 1000 1542 esset
1013 1513 1047 1541 ad

254 1563 403 1590 efferendus
417 1570 511 1590 omnes
526 1567 628 1590 vestras
641 1562 792 1597 spiritualcs
804 1561 926 1594 divitias;
942 1568 990 1588 nos
1001 1568 1048 1588 vc-

256 1615 286 1635 ro
298 1608 411 1635 miseros
424 1608 483 1643 quis
493 1608 555 1644 jure
567 1607 674 1642 dixerit,
687 1607 757 1643 quod
769 1608 804 1634 ita
817 1606 928 1634 mortuis
939 1606 1047 1634 auribus

254 1654 446 1682 coneionemnr
457 1675 464 1688 ,
480 1662 512 1682 ac
524 1659 623 1682 tantum
636 1654 766 1689 jacturam
780 1653 924 1684 faciamus,
939 1658 966 1680 ct
980 1661 1048 1688 quo-

255 1699 318 1727 tidie
328 1700 499 1732 seminantes,
511 1699 613 1727 rmllum
626 1699 764 1734 percipere
777 1699 890 1726 fructum
903 1697 1046 1732 possimus.

254 1745 322 1773 Num
334 1745 383 1773 hac
393 1746 448 1774 sola
459 1745 492 1773 de
501 1753 580 1774 causa
592 1749 646 1773 tam
659 1745 769 1772 studiosi
782 1744 807 1772 in
818 1744 933 1772 dicendo
943 1751 1046 1778 sumus,

254 1797 283 1818 ut
297 1799 376 1819 aures
391 1796 493 1819 vestras
506 1791 683 1824 oblectemus,
696 1791 737 1819 vel
749 1790 820 1826 quod
832 1790 932 1818 laudari
945 1798 959 1817 a
973 1790 1048 1818 vobis

253 1838 410 1873 cupiamus?
423 1837 477 1864 Nisi
499 1837 601 1865 lucrum
615 1837 691 1865 vobis
709 1836 744 1864 sit
760 1844 793 1863 ex
812 1836 980 1864 sermonibus
1000 1842 1048 1863 no-

256 1883 318 1910 stris
331 1903 338 1915 ,
354 1883 437 1910 satius
450 1883 528 1910 fuerit
547 1889 595 1910 nos
615 1881 725 1917 posthac
740 1881 827 1909 silere.
853 1881 954 1908 Nollem
975 1881 1047 1908 enim

255 1929 330 1956 vobis
342 1928 450 1963 majoris
461 1928 639 1956 damnationis
649 1934 728 1955 causa
742 1927 808 1955 ﬁeri.
822 1927 965 1954 Enimvero
979 1927 1048 1954 sicut

255 1975 404 2009 negotiator
414 1994 421 2006 ,
436 1974 481 2011 qui
500 1982 561 2001 cum
575 1974 664 2002 multis
681 1973 816 2001 mercibus
834 1977 862 2000 et
874 1973 968 2008 opibus
980 1980 1046 2000 coa-

255 2020 371 2055 gregatis
386 2027 480 2047 navem
494 2020 653 2055 impleverit,
670 2019 758 2047 subito
769 2025 827 2047 orta
840 2023 1008 2054 tempestate,
1020 2023 1048 2046 et

256 2065 415 2100 prtevalcnte
425 2069 564 2092 ventorum
575 2066 699 2093 violentia
708 2085 715 2097 ,
728 2072 816 2092 mersa
826 2072 886 2092 cum
898 2064 1048 2092 vectoribus

255 2119 332 2143 nave,
347 2111 376 2138 fit
389 2111 513 2139 omnibus
526 2111 677 2140 miserabile
695 2110 888 2145 spectaculum,
903 2110 989 2137 nudus
1002 2118 1047 2138 re-

257 2161 335 2191 pente
348 2164 480 2191 apparens
491 2178 499 2190 ,
514 2162 541 2185 et
555 2161 614 2192 post
629 2157 755 2191 plurimas
769 2156 964 2191 immensasque
977 2156 1046 2183 divi-

255 2201 306 2229 tias
317 2202 343 2230 in
356 2207 502 2230 extremam
515 2203 637 2230 redactus
650 2207 806 2238 egestatem.
821 2202 856 2229 ita
869 2207 896 2230 et
910 2203 1047 2230 vobiscum

253 2248 375 2276 diabolus
390 2257 460 2276 nunc
472 2249 536 2284 egit.
552 2249 616 2276 Nam
631 2248 691 2283 quia
707 2248 809 2276 invenit
821 2255 915 2276 navem
929 2253 1045 2276 vestram

254 2294 419 2328 spiritualem
433 2295 523 2321 multis
535 2293 634 2321 divitiis
648 2298 794 2327 oneratam,
807 2298 833 2322 et
844 2293 908 2321 vidit
919 2294 1046 2329 grandem

257 2340 422 2373 thesaurum,
437 2347 516 2375 quem
537 2348 570 2367 ex
590 2340 698 2374 jejuniis
717 2344 744 2368 et
765 2340 899 2367 continuis
918 2341 1046 2369 doctrinis

254 2386 378 2421 colligere
392 2386 514 2420 potuistis
529 2393 535 2412 :
549 2385 623 2420 quasi
638 2389 795 2420 tempestate
809 2386 931 2421 quapiam
947 2386 1047 2413 immis-

256 2439 284 2458 sa
300 2452 308 2465 ,
323 2431 415 2458 inutile
437 2435 464 2458 et
488 2431 665 2466 perniciosum
688 2431 752 2459 illud
774 2437 897 2467 equestre
911 2437 1045 2461 certamen

255 2477 315 2505 dico
327 2498 335 2510 ,
352 2485 400 2513 per
419 2477 482 2506 illud
505 2478 591 2513 ipsum
612 2478 735 2506 omnibus
749 2486 796 2507 vos
815 2479 912 2507 divitiis
926 2479 1047 2507 destituit

256 2529 278 2552 τι
293 2523 425 2558 spoliavit.

289 2570 317 2596 '2.
346 2569 408 2597 Scio
431 2577 475 2598 me
499 2569 696 2599 vehementiore
716 2571 896 2608 increpatione
916 2573 973 2606 uti,
998 2573 1045 2600 sed

254 2618 408 2652 ignoscatis,
421 2625 469 2644 oro
481 2626 488 2645 :
501 2619 535 2646 ita
549 2618 647 2654 quippe
656 2618 750 2647 dolens
764 2620 852 2647 anima
865 2619 941 2647 solet.
955 2620 1045 2655 Neque

257 2664 324 2690 enim
340 2671 373 2691 ex
387 2664 492 2691 inimico
508 2669 615 2700 pectore
628 2665 685 2693 lucc
700 2665 794 2701 loquor
804 2687 811 2700 ,
826 2666 873 2693 sed
888 2674 919 2693 ex
933 2666 1045 2694 sollicita

256 2709 388 2744 vestrique
398 2710 576 2737 amantissima
587 2711 673 2738 anima
687 2719 694 2738 :
707 2717 848 2746 propterea
859 2718 892 2739 ex
905 2712 1046 2738 severitate

256 2755 351 2791 aliquid
368 2756 473 2784 remitto
484 2777 491 2790 ,
505 2761 532 2784 ct
544 2757 605 2793 quia
619 2757 693 2785 ulcus
708 2765 819 2792 serpens
832 2757 939 2785 cohibiti
951 2777 958 2789 ,
975 2757 1045 2784 cari-

256 2806 333 2829 tatem
347 2808 459 2830 vcstram
474 2803 569 2830 iterum
581 2803 648 2830 bona
662 2811 710 2838 spe
724 2803 843 2830 animare
856 2803 918 2830 volo
928 2824 935 2836 ,
951 2810 984 2830 ne
995 2803 1044 2830 de-

264 2846 387 2879 srerctis,
405 2853 455 2874 nec
467 2847 587 2875 animum
605 2847 803 2881 despondeatis.
820 2849 878 2877 Non
894 2849 963 2877 enim
978 2849 1046 2877 sicut

616 127 644 155 S.
665 125 806 155 J0.\NNIS
822 123 1060 153 CllliYSOS’l‘OMI
1081 124 1240 153 ARCIIIEP.
1260 123 1528 152 CONSTANTINOP.

1841 120 1877 148 56

1083 181 1109 208 in
1123 181 1296 210 sensibilibus
1310 181 1398 214 rebus,
1413 181 1448 208 ita
1462 185 1489 208 et
1501 180 1544 208 hic
1557 188 1605 208 usu
1618 179 1722 211 evenit;
1735 178 1789 206 illic
1802 185 1876 205 nani-

1082 235 1135 262 que
1155 227 1179 255 is
1201 227 1246 262 qui
1270 235 1304 255 ex
1325 226 1425 254 divitiis
1442 226 1469 253 in
1485 232 1631 253 extremam
1651 224 1774 252 redactus
1798 224 1878 251 fuerit

1083 272 1200 307 inopiam
1212 293 1220 305 ,
1234 273 1307 301 brevi
1328 280 1374 300 eas
1390 279 1514 307 reparare
1529 272 1639 305 nequit;
1664 270 1706 297 Itie
1726 274 1813 296 autcttt
1830 277 1878 304 per

1086 318 1294 346 miscricordiam
1309 318 1368 351 Dei,
1382 319 1404 345 si
1417 317 1495 345 modo
1504 317 1682 344 condemnare
1695 316 1762 342 facta
1774 320 1876 347 nostra,

1086 368 1111 392 et
1124 364 1179 398 jam
1193 364 1289 391 sistere
1300 364 1431 398 ignaviam
1444 363 1615 391 voluerimus.
1629 361 1774 396 poterimus
1788 361 1878 388 statim

1086 410 1119 436 ad
1131 410 1270 446 pristinam
1285 410 1475 437 abundantiam
1489 409 1586 436 redire.
1601 408 1673 434 Talis
1687 407 1757 434 enirn
1773 412 1813 433 est
1827 406 1879 432 llo-

1087 456 1175 482 ntinus
1195 460 1288 482 noster
1299 476 1307 489 ,
1324 460 1430 490 tantque
1445 453 1599 489 magnificus
1614 457 1641 480 et
1656 453 1772 479 liberalis
1789 461 1795 478 :
1811 451 1881 478 u..de

1087 505 1114 528 et
1136 501 1233 528 clamat
1254 508 1301 536 per
1325 500 1500 536 prophetam,
1523 498 1614 526 dicens
1635 506 1643 525 :
1669 497 1802 525 Votunlate
1823 496 1882 522 nolo

1088 551 1193 573 mortem
1206 546 1344 581 peccatoris
1354 566 1362 579 ,
1375 545 1419 572 sed
1433 550 1460 571 ut
1474 548 1642 574 convertatur,
1656 548 1679 571 et
1694 544 1759 570 vivnt
1774 542 1879 578 (Ezeclt.

1089 592 1132 620 i8.
1153 592 1188 619 23
1199 592 1218 627 ).
1234 592 1294 620 Scio
1308 600 1354 619 vos
1368 591 1436 626 frugi
1451 591 1572 618 hOIIIilN'S
1584 597 1644 617 esse
1656 610 1663 623 ,
1679 593 1706 616 ct
1719 588 1820 623 lapsum
1835 595 1882 614 ve-

1088 643 1172 664 strum
1187 637 1392 673 persentiscere.
1407 636 1466 664 Non
1481 639 1569 663 autem
1584 642 1663 669 parva
1676 634 1708 661 ad
1724 634 1828 661 virtutis
1842 640 1883 660 rc-

1089 683 1174 710 ditum
1195 683 1236 710 via
1249 687 1304 715 cst,
1321 683 1391 710 scire
1407 686 1575 717 peccatorum
1589 679 1807 715 magnitudinem.
1824 678 1882 705 .lam

1091 737 1125 757 ne
1137 729 1197 765 quis
1218 729 1282 756 ntilti
1303 729 1398 757 iterum
1411 727 1535 756 diabolici
1550 727 1622 755 illius
1636 726 1735 754 erroris
1749 725 1829 752 verba
1843 724 1883 751 af-

1092 775 1177 808 ferat,
1189 775 1281 802 dicens
1301 784 1307 802 :
1323 775 1405 807 Quale
1420 778 1555 809 peccatum
1568 778 1609 801 est
1619 793 1626 806 ,
1643 772 1733 800 videre
1746 774 1885 798 currentes

1092 822 1194 856 equos?
1207 821 1235 848 Si
1250 820 1366 848 volucris
1388 820 1531 855 prudenter
1550 819 1639 846 omnia
1655 818 1759 846 discere
1775 825 1833 852 qua:
1850 817 1884 843 ibi

1094 866 1170 899 fiunt,
1190 866 1309 893 invenies
1328 865 1418 893 omnia
1435 873 1468 892 ex
1487 864 1604 892 satanica
1624 863 1779 898 operatione
1795 862 1886 896 prodi-

1092 919 1122 939 re
1136 911 1183 946 (ιι).
1199 910 1258 938 Non
1273 911 1344 938 enirn
1356 910 1479 937 videntur
1492 910 1541 938 soli
1555 909 1616 944 equi
1630 913 1766 937 currentes
1778 929 1784 941 ,
1798 908 1844 935 sed
1859 913 1887 934 et

1093 957 1225 985 clamores
1237 978 1244 990 ,
1259 962 1286 984 et
1301 957 1472 992 blasphemi-.1:
1484 977 1492 990 ,
1506 961 1533 984 et
1546 955 1620 983 multi
1641 954 1816 989 intempestivi
1831 961 1887 981 ser-

1094 1011 1187 1030 mones
1200 1003 1343 1031 audiutttur
1354 1023 1362 1036 ,
1378 1007 1405 1030 ct
1419 1003 1545 1030 mulieres
1558 1001 1708 1036 prostituta:
1729 1000 1755 1027 in
1771 999 1887 1026 medium

1095 1049 1244 1084 prodeunt,
1260 1054 1287 1077 et
1306 1053 1460 1083 spectantur
1479 1047 1574 1075 molles
1592 1052 1619 1074 ct
1638 1046 1782 1074 effeminati
1802 1045 1887 1080 pueri.

1095 1094 1162 1121 Num
1177 1101 1256 1129 parva
1273 1094 1319 1122 tibi
1335 1094 1392 1121 lucc
1407 1093 1540 1126 videntur,
1554 1098 1581 1120 ct
1593 1100 1654 1127 qua:
1668 1092 1701 1119 ad
1714 1092 1831 1126 captiuis
1843 1091 1889 1117 ab-

1095 1139 1231 1167 ducendus
1243 1140 1345 1168 animas
1360 1147 1452 1174 parum
1467 1139 1585 1166 faciant?
1598 1137 1663 1165 Nam
1674 1137 1696 1165 si
1711 1137 1810 1165 fortuiti
1824 1145 1889 1164 eou-

1096 1190 1191 1212 vcntus
1205 1185 1325 1212 incautos
1338 1192 1410 1219 sa'pe
1425 1185 1638 1220 supplantarunt,
1652 1188 1679 1211 ct
1693 1183 1719 1210 iu
1735 1182 1890 1217 perditionis

1097 1231 1255 1266 profundum
1264 1239 1335 1266 smpe
1346 1236 1495 1264 traxerunt,
1503 1230 1565 1265 quid
1576 1229 1718 1258 verisimile
1724 1234 1761 1257 est
1769 1229 1890 1257 accidere

1098 1276 1161 1309 illis,
1177 1277 1221 1312 qui
1236 1277 1299 1305 illuc
1310 1285 1341 1304 ea
1356 1276 1390 1304 de
1404 1284 1484 1304 causa
1499 1276 1618 1308 veniunt,
1632 1281 1658 1302 ct
1673 1275 1764 1302 oculos
1781 1279 1889 1308 pnsCIIIII

1096 1322 1194 1350 illicitis
1208 1323 1280 1350 hisce
1293 1322 1496 1357 spectaculis,ct
1508 1321 1569 1348 inde
1583 1320 1690 1355 perfecti
1705 1320 1815 1347 adulteri
1830 1319 1891 1346 dis-

1097 1369 1216 1397 cedunt?
1237 1368 1372 1404 Benignus
1391 1368 1463 1395 cnitn
1488 1368 1614 1395 Dominus
1638 1371 1729 1394 noster
1741 1366 1829 1393 sciens
1842 1372 1890 1392 tta-

1098 1421 1184 1444 turam
1200 1419 1316 1443 nostram
1327 1414 1463 1442 tentationi
1478 1414 1636 1448 expositam,
1647 1416 1674 1439 et
1687 1411 1817 1438 damonis
1829 1418 1889 1437 vcr-

1098 1466 1185 1489 sutam
1208 1465 1235 1488 et
1257 1460 1357 1487 variam
1381 1459 1528 1491 malitiam,
1555 1457 1623 1485 hcnc
1647 1464 1703 1484 nos.
1722 1456 1845 1483 muniens
1866 1460 1891 1482 cl

1099 1506 1317 1543 inexpugnabiles
1336 1504 1448 1532 reddere
1466 1503 1560 1531 volens
1572 1523 1579 1536 ,
1596 1503 1681 1538 legem
1703 1503 1770 1529 hanc
1785 1501 1891 1537 posuit,

1097 1554 1190 1581 dicens
1206 1561 1213 1580 :
1231 1552 1280 1586 Qui
1294 1552 1394 1587 inspicit
1408 1551 1537 1578 mulierem
1549 1555 1576 1576 ut
1586 1549 1745 1585 concupiscat
1760 1557 1826 1583 eam,
1834 1548 1891 1584 jam

1098 1599 1256 1626 adulteratus
1269 1603 1304 1626 est
1318 1606 1372 1625 eam
1385 1598 1411 1624 in
1426 1597 1502 1624 corde
1514 1605 1560 1624 suo
1570 1596 1678 1631 (Matth.
1692 1596 1718 1623 5.
1733 1594 1779 1631 28)
1790 1616 1797 1629 ,
1814 1595 1891 1622 adul~

1100 1646 1195 1674 terium
1210 1649 1424 1673 consummatum
1439 1643 1559 1671 vocando
1574 1646 1711 1677 aspectum
1726 1649 1786 1669 cum
1801 1641 1891 1669 curio-

1098 1692 1177 1719 sitate
1199 1691 1308 1718 factum.
1332 1690 1370 1717 Ne
1386 1689 1464 1725 igitur
1478 1689 1521 1716 die
1536 1689 1602 1715 ultra
1618 1696 1624 1715 :
1640 1687 1707 1721 Quid
1722 1688 1786 1714 mali
1797 1695 1830 1715 ex
1846 1687 1890 1715 illa

1099 1735 1330 1771 frequentatione?
1353 1735 1425 1768 Istud
1447 1734 1532 1769 ipsum
1556 1733 1627 1761 enirn
1649 1733 1740 1761 videre
1762 1741 1891 1768 equorum

1099 1786 1237 1808 certamen
1248 1801 1256 1814 ,
1270 1779 1368 1808 sufﬁcit
1380 1779 1412 1806 ad
1427 1779 1536 1806 multant
1551 1778 1695 1814 perniciem
1708 1778 1804 1805 anima:
1823 1777 1892 1804 infe-

1100 1825 1220 1854 rendam.
1233 1826 1299 1854 Nam
1315 1833 1374 1853 cum
1391 1826 1416 1853 in
1431 1824 1531 1852 inutilia
1541 1845 1548 1857 ,
1563 1828 1589 1851 et
1601 1831 1633 1851 ea
1646 1832 1705 1859 qum
1718 1824 1813 1851 animm
1828 1823 1892 1852 nihil

1099 1873 1261 1907 conducunt,
1273 1872 1319 1900 sed
1333 1876 1360 1900 et
1373 1871 1500 1900 damnosa
1514 1877 1589 1904 sunt,
1603 1875 1706 1906 tempus
1718 1871 1892 1903 iusumimus,

1098 1920 1277 1953 altercamur,
1292 1924 1320 1947 et
1341 1920 1480 1947 innumera
1503 1918 1603 1952 verba,
1618 1922 1646 1946 et
1665 1925 1724 1953 quae
1746 1917 1816 1953 loqui
1839 1925 1891 1944 non

1099 1970 1205 2002 oportet
1217 1986 1224 1999 ,
1240 1966 1374 2000 loquimur
1388 1974 1393 1991 :
1409 1972 1488 2000 quam
1504 1963 1660 1991 habebimus
1673 1963 1778 1991 veniam
1789 1963 1800 1989 t
1813 1970 1892 1997 quam

1099 2011 1321 2040 excusationem?
1347 2011 1380 2037 Et
1394 2009 1437 2037 hic
1449 2009 1554 2045 quidem
1570 2008 1592 2036 si
1610 2008 1687 2043 paulo
1702 2008 1829 2043 prolixius
1842 2008 1891 2035 do-

1099 2066 1203 2092 cemus,
1217 2058 1293 2085 multi
1309 2061 1465 2085 succensent
1478 2061 1505 2084 et
1519 2063 1590 2090 aegre
1602 2055 1700 2087 ferunt,
1714 2059 1741 2082 et
1755 2055 1892 2082 infirmita-

1100 2110 1153 2133 tem
1172 2105 1294 2140 corporis
1312 2109 1338 2131 et
1354 2103 1457 2131 labores
1473 2106 1620 2137 praztexuut
1633 2121 1641 2134 ,
1658 2101 1719 2128 licet
1737 2100 1893 2128 admirabile

1099 2151 1179 2185 hujus
1193 2150 1282 2185 templi
1299 2153 1396 2177 tectum
1412 2148 1521 2176 multutn
1538 2147 1656 2179 soletur;
1673 2146 1736 2174 nihil
1751 2147 1821 2173 enim
1836 2154 1893 2173 ino-

1099 2197 1183 2225 lestizc
1194 2197 1263 2232 parit
1273 2196 1367 2231 frigus,
1377 2195 1419 2222 vel
1431 2195 1528 2230 pluvia,
1540 2199 1586 2220 aut
1597 2198 1735 2220 ventorum
1745 2193 1891 2226 asperitas;

1099 2244 1153 2271 illic
1167 2251 1242 2276 vero,
1258 2243 1318 2270 licet
1331 2242 1442 2269 rnultttm
1457 2240 1656 2275 compluautur,
1669 2246 1684 2266 a
1699 2239 1784 2266 ventis
1798 2238 1893 2265 validis

1074 2288 1091 2303 ‘
1100 2293 1238 2320 vexentur,
1249 2293 1276 2316 et
1286 2288 1375 2315 calore
1383 2287 1447 2314 solis
1455 2286 1594 2321 aliquando
1603 2288 1725 2317 testucnt,
1736 2291 1788 2311 non
1800 2291 1891 2316 unam,

1099 2343 1186 2370 tteque
1206 2335 1273 2362 duas
1293 2338 1395 2361 tantum
1416 2333 1495 2360 horas
1507 2352 1514 2364 ,
1531 2331 1578 2359 scd
1601 2331 1697 2357 bonam
1716 2330 1767 2357 diei
1790 2334 1891 2364 partem

1099 2386 1247 2413 versantur,
1257 2384 1284 2407 ΕΙ.
1295 2387 1380 2414 neque
1390 2385 1471 2406 senex
1483 2384 1564 2405 canos
1576 2383 1638 2403 SUOS
1649 2380 1795 2406 reveretur,
1806 2382 1893 2409 neque

1096 2427 1223 2462 juvenem
1239 2426 1318 2462 pudet
1329 2425 1363 2453 ad
1375 2431 1502 2452 canorum
1516 2423 1678 2450 irritamenta
1693 2422 1731 2449 ire
1742 2429 1749 2448 :
1762 2421 1809 2448 scd
1821 2425 1890 2448 tanta

1098 2479 1140 2503 est
1157 2474 1213 2500 tunc
1227 2471 1348 2507 deceptio
1360 2491 1370 2505 ,
1384 2475 1413 2498 ut
1425 2478 1484 2497 cum
1499 2469 1633 2503 voluptate
1648 2467 1706 2495 lucc
1717 2475 1778 2495 esca
1791 2467 1891 2494 anima-

1100 2527 1158 2547 rum
1172 2518 1336 2550 admittatur,
1350 2523 1400 2544 nec
1411 2515 1553 2550 cogitetur,
1565 2513 1721 2542 damnosam
1736 2512 1804 2540 hanc
1816 2511 1893 2539 volu-

1099 2570 1198 2601 ptatem
1218 2565 1326 2592 brevem
1345 2569 1406 2590 esse
1423 2566 1449 2589 et
1469 2559 1656 2595 temporariam
1668 2579 1677 2593 ,
1692 2558 1812 2586 dolorem
1827 2564 1892 2585 vero

1100 2616 1255 2647 perpetuutn
1267 2630 1276 2642 ,
1300 2614 1326 2637 et
1347 2608 1463 2643 graviter
1483 2609 1667 2633 accusaturum
1687 2603 1891 2631 conscientiam.

1101 2656 1184 2685 Video
1197 2656 1268 2683 enint
1282 2661 1351 2682 nunc
1365 2653 1514 2688 aliquorum
1529 2650 1620 2683 facies,
1634 2654 1661 2677 et
1674 2649 1795 2683 conjecto
1805 2647 1892 2683 qualis

1099 2703 1194 2730 anitum
1208 2709 1300 2729 eorunt
1315 2705 1415 2732 status,
1431 2702 1582 2733 quantaque
1597 2703 1666 2723 nunc
1680 2694 1834 2731 paenitentia
1850 2697 1892 2721 te-

1099 2753 1221 2777 neantur.
1240 2747 1336 2775 Verum
1353 2753 1386 2774 ne
1401 2745 1495 2772 iterum
1510 2744 1536 2771 iit
1550 2743 1643 2771 cadent
1658 2742 1793 2777 recidatis,
1806 2749 1892 2776 neque

1130 2851 1167 2879 to)
1183 2850 1212 2875 1n
1222 2849 1288 2874 circo
1299 2847 1377 2879 turpia
1388 2844 1525 2878 spectacula
1537 2842 1712 2869 offerebantur.
