2066 3126
118 121 154 151 55

117 180 162 207 καὶ
172 178 223 214 τῆς
235 178 337 215 ἀρετῆς
352 179 400 215 τὴν
416 179 514 215 πολλὴν
528 178 662 211 εὐκολίαν,
675 178 723 206 ἐὰν
735 180 829 215 νήφειν
846 179 948 214 βουλοί-

117 223 197 258 μεθα.
212 223 248 248 Ἦ
262 223 313 249 οὐκ
330 223 387 249 ῐστε
401 223 443 249 δτι
457 224 520 254 τοὺς
534 222 604 249 οὕτω
622 222 671 258 τῆς
688 223 791 249 ἑαυτῶν
813 222 949 257 σωτηρίας

115 265 307 302 ἀμελοῦντας,
330 266 377 293 καί
397 275 463 292 ποτε
488 266 538 301 μέν
560 265 677 292 ἐνταῦθα
697 265 948 301 παραγινομίνους,

117 309 210 337 ἄλλοτε
227 309 255 335 δὲ
266 310 306 340 εἰς
321 308 354 334 τά
370 308 417 334 τοῦ
430 309 552 336 διαϐόλου
563 308 657 334 δίκτυα
672 308 785 340 ἑαυτοὺς
797 307 950 339 ἐκδιδόντας

117 354 172 383 τοῖς
187 351 252 379 κυσὶ
268 351 436 386 παραϐάλλει
452 353 469 387 ή
487 351 546 378 θεία
564 351 659 387 Γραφή
673 359 680 384 ;
695 352 868 385 Ἀνθρωπος
884 350 948 386 γὰρ,

119 396 211 431 φησὶν,
219 394 416 429 ἀποστρέφων
422 395 479 421 ἀπὸ
489 394 543 428 τῆς
548 395 692 429 ἁμαρτίας
701 394 793 421 αὑτοῦ
800 394 850 421 καὶ
857 394 952 421 πάλιν

118 439 160 469 είς
169 436 267 470 αὐτὴν
279 436 418 468 ἐπανιὼν,
427 435 528 470 ὅμοιός
537 436 602 462 ἐστι
610 436 678 462 κυνί
685 435 891 469 ἐπιστρέφοντι
902 435 950 461 ἐπί

117 480 171 506 τὸν
179 479 258 506 ἴδιον
266 479 381 514 ἔμετον.
400 479 481 514 Ὁρᾷς
493 478 545 505 τίνι
557 478 677 505 ἐοίκασιν
697 479 721 505 οἱ
745 479 813 514 πρὸς
827 478 875 513 τὴν
890 478 952 506 θέαν

117 524 226 559 ἐκείνην
239 523 288 558 τὴν
304 523 460 558 παράνομον
473 522 675 557 δεδραμηκότες
687 528 700 542 ι
712 531 719 555 ;
741 522 798 548 Οὐκ
817 523 952 557 ἠκούσατε

117 567 162 594 τοῦ
175 566 296 602 Χριστοῦ
303 566 437 601 λέγοντος,
447 566 506 598 Πᾶς
522 567 538 592 ό
555 566 674 593 ἁκούων
684 575 744 600 μου
760 566 831 599 τοὺς
842 567 953 600 λόγους

117 611 255 643 τούτους,
276 610 323 637 καὶ
334 610 376 644 μὴ
388 609 480 636 ποιῶν
489 609 615 642 αὐτοὺς,
634 609 846 644 ὁμοιωθήσεται
867 609 954 644 ιιι-ὂρί

114 654 214 690 μωρῷ,
224 655 309 687 ὅστις
320 653 554 688 ᾠχοὸὀμησετὴν
562 654 660 680 οἰκίαν
666 654 760 681 αὑτοῦ
774 654 823 681 ἐπὶ
835 653 893 688 τὴν
901 654 954 688 ἅλις

115 707 185 734 μον,
192 698 243 724 καί
251 696 377 733 ἦλθονοί
383 698 518 732 ποταμοὶ,
528 696 578 724 καί
585 697 741 724 ἔπνευσαν
748 699 775 724 οί
783 697 896 732 ἄνεμοι,
905 697 955 724 καὶ

119 741 330 777 προσέῤῥηξαν
336 740 371 774 τῇ
380 741 457 774 οίκίᾳ
466 741 578 775 ἐκείνῃ,
586 741 634 768 καί
643 741 744 774 ἔπεσε,
755 741 802 767 καὶ
812 739 874 776 ἦνή
884 740 956 767 πτῶ-

118 795 168 819 σις
175 785 271 819 αὐτῆς
277 785 405 820 μεγάλω
417 786 447 812 Οί
461 784 489 810 δέ
496 785 536 815 είς
548 785 597 820 τὴν
605 784 784 820 ἱπποδρομίαν
792 784 957 820 δεδραμηκό-

119 838 165 862 τες
173 830 221 856 καὶ
232 828 327 855 τούτου
337 828 443 864 χείρους
451 828 603 862 γεγόνασιν.
611 827 731 854 Ἐκείνου
739 828 793 863 γὰρ
800 828 817 863 ἡ
825 828 896 854 οἰκία
907 828 956 854 κᾶν

122 873 193 909 μετά
211 872 260 907 τὴν
272 871 426 909 προσξολὴν
436 871 485 907 τὴν
500 871 675 898 κατάπτωσιν
695 872 825 907 ὑπέμεινε
844 880 851 886 ·
872 880 957 898 ποτα-

123 907 193 952 μους
215 915 269 951 γὰρ
295 907 482 950 καὶθάνέμους
503 913 579 941 εἷπεν
590 935 598 948 ,
614 915 663 950 οὐχ
684 914 726 941 ἴνα
740 914 843 941 ὑδάτων
856 914 958 949 πλῆθος

121 958 258 994 αἰνίξηται
275 958 290 978 1³
305 960 371 994 ἡμῖν
399 958 446 984 καὶ
472 958 580 993 ἀνέμων
605 958 790 993 σφοδρότητα,
812 957 880 984 ἀλλὰ
904 957 959 983 τῶν

122 1002 284 1040 πειρασμῶν
298 1002 348 1038 τὴν
359 1002 506 1037 ἐπαγωγὴν
517 1002 566 1037 τὴν
581 1001 697 1036 σφοδράν
717 1010 724 1016 ·
748 1003 795 1028 καὶ
811 1001 860 1036 τὴν
874 1001 958 1028 κατά-

123 1055 227 1074 πτωσιν
244 1046 294 1081 τῆς
309 1046 407 1077 οἰκίας,
423 1046 471 1080 οὐχ
486 1046 528 1072 ἵνα
545 1046 609 1081 περὶ
620 1045 753 1080 αἰσθητῆς
775 1045 863 1076 οἰκίας
885 1045 960 1080 νομί-

124 1099 216 1126 σωμεν
239 1099 246 1105 ·
273 1090 339 1125 περὶ
364 1090 418 1126 γὰρ
445 1089 534 1125 ψυχῆς
558 1089 572 1115 ὁ
600 1089 678 1123 λόγος
699 1089 749 1124 τῆς
764 1088 818 1115 ἀπὸ
839 1088 890 1124 τῆς
906 1087 960 1114 τῶν

123 1133 220 1160 δεινῶν
242 1133 397 1168 προσ6ολῆς
420 1132 649 1167 καταπιπτούσης
660 1153 667 1164 ,
683 1133 730 1159 καὶ
745 1132 782 1167 μὴ
799 1131 960 1167 δυνηθείσης

124 1178 285 1211 ἀντισχεῖν·
301 1175 344 1210 ἐφ’
372 1175 449 1209 ὑμῶν
475 1176 503 1203 δὲ
524 1176 587 1202 οὔτε
616 1175 716 1211 ἀνεμος
740 1175 871 1211 ἐκινήθη,
900 1173 961 1201 οὔτε

124 1220 246 1255 ποταμοὶ
272 1219 472 1255 προσέρρηξαν,
501 1219 558 1246 ἀλλ’
588 1219 681 1250 ἁπλῶς
706 1218 777 1254 αὖρα
801 1227 842 1250 τις
875 1218 963 1253 μικρά

124 1263 267 1298 διαϐολικὴ
289 1263 414 1296 ἔπνευσε,
440 1263 488 1290 καὶ
512 1262 617 1294 πάντας
640 1263 712 1298 ὑμᾶς
737 1261 907 1298 ἁνερῤίπισε.
929 1261 963 1288 Τί

125 1307 230 1342 ταύτης
251 1307 302 1342 τῆς
320 1307 413 1339 ἀνοίας
432 1308 524 1343 χεῖρον
546 1306 645 1341 γένοιτ’
660 1307 710 1340 άν;
731 1306 758 1333 τί
773 1306 823 1341 τῆς
837 1305 965 1341 νηστείας

125 1351 233 1386 ὂφελος,
250 1350 312 1377 είπέ
325 1359 384 1386 μοι;
399 1351 424 1377 τί
434 1351 483 1386 τῆς
494 1350 611 1377 ἐνταῦθα
624 1349 805 1382 συνελεύσεως
818 1349 848 1376 τὸ
860 1349 963 1384 κὲρδοςς

126 1394 175 1427 Τίς
189 1394 240 1421 οὐκ
252 1394 285 1420 ἂν
299 1395 346 1421 καὶ
358 1394 429 1429 ὑπὲρ
443 1394 520 1430 ὑμῶν
535 1394 671 1426 στενάξειε
682 1414 690 1428 ,
705 1394 753 1421 καὶ
770 1394 842 1429 ἡμᾶς
857 1393 966 1420 ταλανί-

128 1446 219 1470 «xv;
239 1437 326 1472 ’Υπὲρ
339 1437 416 1472 ὑμῶν
431 1438 479 1472 μὲν
489 1458 497 1470 ,
512 1438 553 1464 ὅτι
566 1438 675 1465 ἅπαντα
684 1457 692 1468 ,
714 1438 764 1463 ὅσα
778 1437 946 1471 συνηγάγετε
958 1456 965 1468 ,

128 1482 174 1516 ὑφ’
191 1481 220 1507 ἓν
237 1480 362 1516 ἑξεχέατε
376 1501 382 1511 ,
400 1482 447 1507 καὶ
463 1481 513 1512 τὰς
527 1481 612 1517 θύρας
626 1481 677 1516 τῆς
688 1481 808 1512 διανοίας
828 1480 904 1516 ὑμῶν
918 1480 967 1506 ἀν-

129 1524 283 1550 επετάσατε
299 1523 337 1558 τῷ
350 1524 462 1559 πονηρῷ
473 1524 596 1559 δαίμονι,
610 1524 681 1550 ὥστε
693 1524 741 1550 καὶ
756 1523 885 1550 εἰσελθεῖν
894 1544 902 1556 ,
920 1524 968 1550 καὶ

130 1568 202 1604 μετὰ
223 1567 326 1603 πολλῆς
339 1568 389 1604 τῆς
399 1568 524 1600 εὐκολίας
544 1568 633 1595 πάντα
653 1567 729 1603 ὑμῶν
752 1568 904 1603 ἐκφορῆσαι
922 1567 968 1594 τὸν

130 1611 246 1638 πλοῦτον
265 1611 310 1638 τὸν
326 1611 518 1647 πνευματικόν
534 1612 608 1647 ἡμᾶς
619 1611 647 1638 δὲ
661 1611 829 1638 ταλανίσειεν
845 1610 967 1642 εἰκότως,

129 1655 172 1681 ὅτι
194 1655 234 1687 εἰς
259 1655 359 1690 νεκρὰς
380 1655 466 1687 οὕτως
489 1655 638 1691 ἐνηχοῦμεν
655 1655 740 1687 ἀκοὰς
752 1674 760 1686 ,
774 1656 821 1681 καὶ
834 1654 969 1690 τοσαύτην

131 1696 235 1732 ζημίαν
258 1696 431 1732 ὑπομένομεν
456 1696 516 1723 καθ’
541 1696 660 1732 ἑκάστην
685 1696 792 1732 ἡμέραν
814 1696 970 1731 σπείροντες

133 1741 204 1775 μὲν,
235 1739 319 1775 μηδὲν
342 1739 370 1766 δὲ
399 1739 572 1775 καρποῦσθαι
602 1740 757 1775 δυνάμενοι.
786 1740 832 1775 Μὴ
853 1740 907 1774 γάρ
927 1739 971 1765 διὰ

130 1783 210 1810 τοῦτο
226 1784 316 1818 λέγειν
332 1783 538 1819 σπουδάζομεν,
561 1783 632 1811 ὥστε
656 1783 750 1816 ἁπλῶς
774 1783 872 1819 τέρψαι
893 1782 970 1818 ὑμῶν

131 1828 182 1863 τὴν
198 1827 293 1862 ἀκοὴν,
309 1827 326 1863 ἢ
345 1827 382 1858 ὡς
396 1827 443 1854 τοῦ
462 1828 527 1863 παρ’
542 1827 619 1863 ὑμῶν
637 1827 747 1854 ἐπαίνου
769 1827 924 1862 ἐφιέμενοι;
941 1827 971 1853 El

134 1872 172 1906 μὴ
186 1871 310 1906 μέλλοιτε
319 1880 346 1897 τι
357 1871 508 1907 κερδαίνειν
524 1872 556 1898 ἐκ
566 1871 620 1898 τῶν
633 1871 698 1908 παρ’
713 1871 790 1907 ἡμῶν
804 1871 970 1906 λεγομένων,

134 1914 240 1949 βέλτιον
255 1915 328 1950 ἡμᾶς
345 1915 455 1950 σιγῆσαι
471 1915 573 1942 λοιπόν.
595 1915 661 1942 Οὐδέ
681 1915 735 1951 γὰρ
757 1914 886 1950 βούλομαι
908 1915 972 1950 ὑμῖν

134 1957 247 1984 πλείονα
274 1957 323 1992 τὴν
347 1958 509 1993 κατάκρισιν
537 1958 711 1993 ἐργάζεσθαι.
750 1958 883 1993 Καθάπερ
918 1957 972 1993 7&9

134 2000 266 2035 ἔμπορος,
294 2001 403 2027 ἐπειδὰν
425 2001 508 2027 πολὺν
533 2002 580 2028 τὸν
601 2001 698 2037 φόρτον
723 2001 862 2036 συναγάγῃ
876 2006 899 2032 θ,
927 2000 974 2027 καὶ

135 2043 357 2079 πεπληρωμένην
379 2045 428 2079 τὴν
451 2045 551 2071 ὁλκάδα
568 2044 638 2081 ἔχων
655 2044 753 2071 πολλοῦ
771 2044 818 2071 τοῦ
837 2044 952 2071 πλούτου
964 2064 972 2076 ,

135 2087 239 2122 ἀθρόας
252 2088 406 2122 καταιγίδος
424 2089 642 2124 προσπεσούσης,
659 2088 706 2115 καὶ
720 2088 770 2124 τῆς
783 2088 836 2115 τῶν
853 2088 974 2123 πνευμά-

135 2139 190 2157 των
207 2131 268 2166 βίας
289 2133 504 2167 περιγενομένης
516 2132 662 2168 αὔτανδρον
675 2132 813 2168 καταδύσῃ
821 2133 852 2159 τὸ
860 2132 973 2166 σκάφος,

136 2174 254 2201 ἐλεεινὸν
270 2175 357 2201 ἆπασι
373 2176 462 2211 θέαμα
475 2176 591 2210 γίνεται,
606 2177 709 2212 γυμνὸς
722 2176 850 2212 ἐξαίφνης
868 2176 973 2210 φανεὶς,

137 2218 186 2244 καὶ
205 2218 276 2253 μετὰ
297 2219 380 2246 πολὺν
401 2220 448 2246 καὶ
469 2220 572 2254 ἄφατον
593 2220 707 2247 πλοῦτον
729 2221 758 2247 ἐν
778 2220 879 2255 ἐσχάτῃ
894 2219 976 2254 πενίᾳ

138 2261 279 2293 καταστὰς
293 2261 363 2299 [31],
377 2263 422 2289 τὸν
437 2263 518 2290 αὐτὸν
543 2264 576 2299 δὴ
596 2264 696 2299 τρόπον
719 2264 766 2291 καὶ
792 2263 863 2299 ὑμᾶς
886 2263 934 2290 νῦν
959 2264 974 2289 ὁ

137 2306 260 2336 διάϐολος
275 2307 408 2342 διέθηκεν.
425 2308 519 2344 Εὐρὼν
531 2309 586 2344 7&9
599 2308 676 2344 ὑμῶν
691 2308 909 2344 πεπληρωμένην
923 2308 974 2343 τὴν

138 2349 240 2376 ὁλκάδα
260 2350 308 2385 τὴν
332 2352 518 2387 πνευματικὴν
543 2352 642 2378 πολλοῦ
666 2352 798 2384 πλούτου,
814 2352 860 2378 καὶ
872 2351 975 2386 ἄφατον

142 2393 204 2419 ίόὼν
216 2393 263 2419 τὸν
276 2393 423 2430 θησαυρὸν,
436 2395 465 2422 ὃν
478 2396 532 2422 ἀπό
548 2404 577 2423 τε
594 2396 643 2431 τῆς
658 2395 783 2431 νηστείας
792 2415 800 2427 ,
813 2396 867 2422 ἀπό
878 2403 908 2421 τε
925 2394 976 2430 τῆς

141 2436 270 2471 συνεχοῦς
286 2437 460 2471 διδασκαλίας
478 2441 640 2473 συναγαγεῖν
661 2439 828 2475 ἠδυνήθητε,
850 2438 976 2474 καθάπερ

142 2481 287 2514 ηταιγίὸα
301 2482 363 2508 τινὰ
376 2483 489 2517 ἐπαφεὶς
511 2483 561 2519 τὴν
577 2483 705 2519 ἀνόνητον
725 2482 832 2517 ἐκείνην
851 2483 898 2509 καὶ
913 2483 975 2509 ἐπι-

141 2523 230 2559 ϐλασῆ
254 2524 309 2551 τῶν
331 2526 421 2553 ἵππων
444 2527 571 2562 ἀμιλλαν,
597 2527 631 2554 δι’
655 2527 762 2562 ἐκείνης
787 2526 905 2561 ἐρήμους
931 2527 978 2554 καὶ

142 2569 264 2603 γυμνοὺς
280 2569 371 2604 πάσης
388 2570 436 2606 τῆς
449 2571 580 2607 εὐπορίας
593 2571 771 2607 κατέστησεν.
989 2592 1015 2602 ι..

180 2613 213 2647 β’.
239 2611 307 2640 Οἶδα
328 2614 369 2641 δτι
392 2615 493 2652 σφοδρᾷ
513 2617 546 2652 τῇ
570 2616 727 2652 ἐπιτιμήσει
746 2617 895 2653 κέχρημαι,
910 2617 980 2644 ἀλλά

144 2656 294 2691 σύγγνωτε,
308 2659 470 2694 παρακαλῶ-
484 2660 603 2687 τοιοῦτον
622 2660 676 2697 γὰρ
690 2661 707 2696 ἡ
726 2661 879 2697 ὀδυνωμένη
896 2661 978 2698 ψυχή.

145 2701 211 2727 Οὐδὲ
227 2701 282 2736 7&9
294 2702 323 2735 ἐξ
339 2703 487 2738 ἀπεχθείας
501 2704 587 2731 ταῦτα
602 2705 766 2740 φθέγγομαι,
783 2705 840 2732 ἀλλ’
860 2706 913 2733 ἀπὸ
930 2713 981 2741 κη-

146 2743 269 2776 δεμονίας
286 2745 334 2772 καὶ
351 2745 528 2782 φιλοστόργου
549 2748 638 2783 ψυχῆς
650 2757 658 2764 ⁸
684 2748 724 2775 διὸ
736 2749 783 2784 τῆς
800 2748 981 2784 σφοδρότητος

149 2787 242 2822 μικρὸν
264 2789 413 2824 καθυφεὶς,
438 2791 530 2825 ἐπειδὴ
546 2792 630 2827 αὐτῆς
649 2792 700 2827 τῆς
716 2793 800 2827 νομῆς
820 2792 865 2819 τοῦ
886 2793 982 2825 ’ἑλκους

179 2851 191 2887 _'
202 2852 311 2887 ξειῖηίρι
322 2854 422 2887 (ἶοὶιξιὶιι,
436 2855 657 2887 ο-δνδεδραμηκὸτες.

178 2881 191 2915 ξι
204 2883 305 2915 comm.
319 2886 407 2913 πλῆθος
416 2886 471 2915 ἡμῖν
482 2881 614 2914 ἐνδείξηται.

177 2913 188 2927 ⁸
201 2913 256 2937 Cois
268 2915 302 2939 im
316 2917 358 2938 πο)
364 2916 390 2938 ὸν
402 2913 502 2939 πὶοῦτον
513 2918 640 2946 συναγάγῃ.

729 121 760 148 IN
778 119 856 148 CAP.
877 121 885 147 1
907 120 1028 149 GENES.
1048 120 1165 150 ιιοιιιι.
1187 121 1231 149 VI.

1803 120 1838 148 56

1001 180 1175 214 περιγέγονα,
1199 178 1328 214 βούλομαι
1345 179 1392 206 καλ⁵
1407 179 1446 210 εις
1460 179 1573 211 ἐλπίδας
1588 178 1709 215 χρηστὰς
1723 179 1838 213 ἀγαγεῖν

1001 220 1049 255 τὴν
1065 221 1200 257 ὑμετέραν
1208 220 1327 255 ἀγάπην,
1336 220 1407 246 ὥστε
1421 220 1458 256 μὴ
1470 221 1637 254 ἀπογνῶναι,
1651 221 1718 256 μηδέ
1733 221 1838 255 ἀπαγο-

1003 261 1107 295 ρεῦσαι.
1134 261 1202 288 Οὐδὲ
1224 261 1279 297 γὰρ
1300 261 1426 296 καθάπερ
1444 262 1489 287 ἐπὶ
1503 262 1557 288 τῶν
1577 262 1713 296 αἰσθητῶν
1734 263 1838 296 γίνεται

1001 302 1185 337 πραγμάτων,
1198 301 1270 328 οὕτω
1285 302 1332 328 καὶ
1349 301 1466 328 ἐνταῦθα
1478 302 1637 337 συμϐαίνει·
1652 304 1711 330 ἐκεῖ
1725 303 1776 338 μὲν
1783 304 1839 338 7&9

1001 343 1051 368 οὐκ
1065 342 1105 368 ἔνι
1124 342 1169 368 τὺν
1192 342 1247 368 ἀπὸ
1263 341 1311 368 τοῦ
1335 342 1452 368 πλούτου
1473 342 1578 368 ἐκείνου
1599 343 1640 373 εἰς
1652 343 1702 378 τὴν
1721 343 1840 378 ἐσχάτην

1003 383 1098 410 πενίαν
1113 383 1309 418 κατενεχθέντα
1318 383 1420 415 εὐθέως
1433 383 1591 416 ἀνενεγκεῖν
1602 391 1610 398 ·
1623 383 1739 410 ἐνταῦθα
1753 385 1781 410 δὲ
1795 384 1840 410 διὰ

1002 424 1051 460 τὴν
1062 425 1110 450 τοῦ
1127 424 1195 450 Θεοῦ
1209 424 1424 459 φιλανθρωπίαν,
1443 424 1490 451 ἐὰν
1512 423 1670 459 βουλώμεθα
1696 425 1776 460 μόνον
1791 433 1840 451 κα-

1003 465 1138 499 ταγνῶναι
1153 465 1207 492 τῶν
1220 465 1270 501 ἤδη
1291 465 1478 501 εἰργασμένων
1494 466 1569 500 ἡμῖν,
1584 466 1631 492 καὶ
1647 465 1728 501 μέχρι
1743 466 1839 492 τούτου

1005 508 1101 542 στῆσαι
1116 507 1149 533 τὰ
1160 507 1209 542 τῆς
1224 507 1369 542 ῥᾳθυμίας,
1386 507 1524 542 δυνάμεθα
1539 507 1642 542 ταχέως
1657 509 1703 534 ἐπὶ
1713 508 1761 543 τὴν
1775 515 1841 542 προσ

1004 549 1086 584 τέραν
1102 548 1233 584 εὐπορίαν
1247 549 1415 576 ἐπανελθεῖν.
1433 547 1559 580 Τοιοῦτος
1573 549 1625 583 γὰρ
1643 550 1657 576 δ
1673 549 1810 584 Δεσπότης
1828 549 1843 575 ὁ

1005 590 1149 625 ἡμέτερος,
1171 589 1243 615 οὕτω
1261 589 1401 625 φιλότιμος
1424 590 1471 616 καὶ
1492 590 1680 625 μεγαλόδωρος
1693 598 1700 605 '
1727 590 1774 617 καὶ
1792 590 1842 625 βοᾷ

1005 631 1048 658 διὰ
1059 631 1105 658 τοῦ
1123 632 1276 666 προφήτου,
1301 631 1388 665 λέγων
1402 639 1409 646 ·
1435 632 1475 658 Οὑ
1493 631 1615 665 θελήσει
1631 631 1708 658 θέλω
1723 632 1777 658 τὸν
1790 632 1842 658 θά-

1005 681 1098 699 rawr
1120 672 1173 699 τοῦ
1193 673 1382 707 ἀμαρτωλοῦ,
1405 673 1446 706 ὡς
1465 673 1499 699 τὸ
1520 673 1700 706 ἐπιστρέψαι
1721 672 1770 700 καί
1790 672 1844 706 ζῆν

1006 715 1108 741 αὐτόν.
1149 713 1214 741 Οἶδα
1247 715 1289 741 δτι
1311 714 1485 749 εὐγνώμονες
1503 714 1580 746 δντες
1603 714 1765 742 αἰσθάνεσθε
1789 715 1844 741 τῶν

1006 756 1194 791 ἐπταισμένων
1209 757 1283 791 ὑμῖν.
1299 756 1337 782 Οὐ
1354 756 1439 792 μικρά
1454 756 1482 783 δέ
1497 757 1555 788 ὁδὸς
1566 757 1635 792 πρὸς
1650 757 1699 792 τὴν
1714 755 1844 783 ἐπάνοδον

1006 797 1057 831 τῆς
1074 797 1174 832 ἀρετῆς
1195 797 1226 823 τὸ
1248 797 1346 823 εἰδέναι
1369 797 1423 823 τῶν
1443 797 1646 834 ἡμαρτημένων
1671 798 1701 824 τὸ
1719 797 1844 833 μέγεθος.

1015 839 1094 865 Ἀλλᾶ
1111 840 1147 874 μή
1163 847 1208 874 μοι
1219 838 1300 865 πάλιν
1316 838 1366 872 τῆς
1380 838 1536 874 summa;
1554 839 1662 874 ἐκείνης
1675 840 1783 875 ἀπάτης
1795 841 1844 874 ῥή-

1012 881 1084 916 ματά
1098 889 1138 912 τις
1152 880 1309 916 παραγέτω,
1321 880 1407 914 λέγων
1418 888 1424 895 '
1447 882 1521 907 ποῖον
1534 881 1589 916 γὰρ
1602 882 1764 917 ἁμάρτημα,
1781 882 1845 908 ίδεῖν

1010 921 1109 952 ἵππους
1125 922 1287 957 τρέχονταςς
1309 921 1372 948 Ἐάν
1383 921 1437 956 γὰρ
1451 921 1585 957 βουληθῇς
1599 923 1779 957 εὐγνωμόνως
1795 932 1846 949 κα-

1010 963 1143 997 ταμαθεῖν
1169 963 1275 990 ἅπαντα
1300 963 1333 989 τὰ
1355 963 1413 989 ἐκεῖ
1432 963 1575 998 γινόμενα,
1604 963 1732 998 εὑρήσεις
1758 964 1846 990 πάντα

1013 1003 1099 1039 μεστά
1118 1004 1266 1039 σατανικῆς
1282 1004 1433 1039 ἐνεργείας.
1455 1004 1492 1030 Οὺ
1510 1004 1590 1038 μόνον
1602 1004 1658 1039 γὰρ
1674 1005 1772 1036 ἵππους
1790 1005 1848 1039 τρά-

1011 1055 1108 1081 χοντας
1125 1046 1198 1072 ἐστιν
1209 1045 1283 1076 ἰδεῖν,
1293 1045 1361 1072 ἀλλά
1376 1045 1424 1072 καὶ
1437 1047 1576 1081 κραυγῶν,
1592 1047 1640 1073 καὶ
1656 1046 1846 1082 βλασφημιῶν,

1012 1087 1059 1114 καὶ
1078 1087 1183 1122 μυρίων
1198 1087 1321 1122 ἀκαίρων
1336 1086 1410 1113 ἐστιν
1421 1087 1537 1114 ἀκοῦσαι
1547 1087 1645 1121 λόγων,
1656 1088 1704 1114 καὶ
1716 1089 1848 1121 γυναῖκας

1013 1127 1194 1163 ἡταιρηκυίας
1217 1128 1258 1158 εἰς
1274 1127 1304 1154 τὸ
1327 1127 1409 1161 μέσον
1433 1127 1585 1162 παριούσας
1610 1128 1684 1160 ἰδεῖν,
1710 1128 1758 1154 καὶ
1772 1129 1848 1159 νέους

1013 1169 1082 1204 πρὸς
1095 1168 1144 1204 τὴν
1157 1168 1211 1194 τῶν
1226 1168 1363 1202 γυναικῶν
1379 1168 1538 1203 ἁπαλότητα
1560 1169 1673 1200 ἑαυτοὺς
1686 1169 1850 1200 ἐκδιδόντας.

1015 1211 1050 1237 Ἢ
1072 1211 1158 1245 μικρά
1183 1218 1224 1235 σοι
1251 1208 1337 1236 ταῦτα
1359 1209 1433 1236 δοκεῖ
1455 1208 1524 1235 εἶναι
1548 1210 1616 1245 πρὸς
1641 1210 1672 1236 τὺ
1697 1211 1747 1245 τὴν
1761 1210 1851 1244 ψυχὴν

1015 1252 1187 1287 αἰχμάλωτον
1201 1250 1368 1286 ἐργάσασθαι
1380 1259 1387 1284 ;
1406 1251 1437 1277 Et
1449 1250 1503 1286 7&9
1517 1251 1564 1277 καὶ
1575 1251 1604 1278 αἱ
1615 1251 1669 1277 ἀπὸ
1682 1252 1852 1286 ταύτομάτου

1016 1293 1160 1328 συντυχίαι
1174 1291 1304 1323 πολλάκις
1317 1292 1498 1319 ὑπεσκέλισαν
1513 1292 1560 1318 καὶ
1574 1291 1731 1325 κατέϐαλον,
1751 1293 1797 1319 καὶ
1814 1293 1853 1324 είς

1017 1334 1082 1361 αὐτὸ
1106 1333 1156 1368 τῆς
1180 1332 1318 1364 ἀπωλείας
1345 1332 1376 1359 τὸ
1401 1332 1538 1368 βάραθρον
1559 1333 1730 1368 κατήνεγκαν
1748 1333 1794 1359 τὸν
1816 1334 1854 1368 μὴ

1017 1374 1194 1411 προσέχοντα,
1210 1373 1236 1399 τί
1255 1373 1328 1405 εἰκὸς
1348 1372 1444 1400 παθεῖν
1465 1373 1528 1404 τοὺς
1553 1373 1597 1399 ἐπ’
1611 1372 1677 1399 αὐτὸ
1699 1372 1777 1400 τοῦτο
1797 1374 1853 1399 ἐκεῖ

1019 1415 1264 1450 παραγινομένους,
1290 1414 1417 1445 καὶτοὺς
1443 1414 1600 1449 ὀφθαλμοὺς
1625 1414 1772 1446 ἑστιῶντας
1793 1416 1855 1446 ταῖς

1019 1456 1188 1493 παρανόμοις
1202 1455 1320 1487 ἐκείναις
1336 1455 1421 1487 θέαις,
1440 1456 1486 1482 καὶ
1505 1456 1728 1491 ἀπηρτισμένους
1745 1457 1854 1491 μοιχοὺς

1019 1497 1124 1524 ἐκεῖθεν
1148 1495 1309 1529 κατιόνταςς
1340 1496 1424 1528 Εἰδὼς
1448 1497 1501 1532 7&9
1527 1497 1541 1522 ὁ
1565 1496 1754 1532 φιλάνθρωπος
1777 1498 1855 1533 ἡμῶν

1020 1537 1160 1572 Δεσπότης
1182 1537 1231 1572 τῆς
1251 1536 1358 1570 φύσεως
1376 1537 1425 1572 τῆς
1440 1536 1578 1572 ἡμετέρας
1591 1536 1621 1562 τὺ
1641 1537 1854 1572 εὐεπηρέαστον,

1022 1579 1068 1603 καὶ
1083 1577 1133 1612 τῆς
1150 1576 1197 1603 τοῦ
1214 1576 1336 1602 διαϐόλου
1353 1575 1521 1610 κακουργίας
1537 1576 1566 1602 τὸ
1581 1576 1732 1611 πανοῦργον
1743 1577 1789 1603 καὶ
1807 1585 1855 1603 πο-

1021 1617 1165 1649 λύπλοκον,
1182 1618 1214 1643 ἐκ
1233 1615 1331 1642 πολλοῦ
1348 1615 1395 1642 τοῦ
1411 1615 1553 1651 περιόντος
1567 1616 1692 1651 τειχίζων
1708 1617 1791 1651 ἡμᾶς,
1811 1617 1855 1644 καὶ

1023 1657 1186 1692 βουλόμενος
1206 1655 1361 1686 ἀναλώτους
1378 1655 1546 1690 ἐργάσασθαι
1565 1656 1625 1686 ταῖς
1639 1654 1734 1682 τούτου
1750 1657 1857 1690 παγίσι,

1022 1696 1067 1722 τὸν
1096 1696 1177 1731 νόμον
1212 1694 1307 1721 τοῦτον
1338 1694 1475 1727 τέθεικεν,
1511 1694 1606 1728 λέγων·
1645 1695 1671 1720 '0
1705 1694 1856 1730 ἐμϐλέψας

1023 1734 1143 1770 γυναικί
1161 1734 1235 1768 πρὸς
1257 1734 1290 1761 τὸ
1307 1734 1491 1768 ἐπιθυμῆσαι
1507 1734 1603 1768 αὐτῆς
1614 1755 1620 1765 ,
1642 1733 1700 1767 ἤδη
1721 1735 1858 1770 ἐμοίχευ-

1024 1783 1080 1802 σεν
1096 1775 1193 1808 αὐτὴν
1209 1774 1243 1800 ἐν
1256 1773 1293 1808 τῇ
1304 1773 1409 1808 καρδίᾳ
1425 1774 1528 1805 αὐτοῦ,
1545 1773 1669 1809 μοιχείαν
1681 1775 1858 1810 ἀπηρτισμέ-

1024 1823 1072 1849 νην
1087 1813 1178 1840 καλῶν
1195 1813 1242 1848 τὴν
1261 1813 1331 1848 μετά
1348 1813 1508 1849 περιεργίας
1526 1812 1644 1848 θεωρίαν
1657 1813 1857 1850 γεγενημένην.

1024 1854 1070 1889 Μὴ
1089 1855 1178 1880 τοίνυν
1199 1861 1244 1888 μοι
1263 1853 1326 1887 λέγε
1345 1853 1438 1880 λοιπόν
1452 1862 1458 1868 ·
1485 1853 1511 1880 τὶ
1530 1855 1585 1889 7‘19
1598 1853 1654 1889 [42]
1681 1854 1779 1889 βλάϐος
1805 1855 1860 1881 ἀπὸ

1024 1894 1073 1928 τῆς
1096 1895 1185 1920 ἐκεῖσε
1200 1893 1360 1928 διατριῦἧς;
1381 1893 1434 1920 Καὶ
1452 1893 1517 1920 αὐτδ
1538 1893 1593 1929 7&9
1610 1894 1690 1928 μόνον
1701 1895 1731 1921 τὸ
1742 1895 1791 1930 τῆς
1805 1895 1860 1922 τῶν

1026 1934 1117 1960 ἵππων
1139 1933 1256 1968 ἁμίλλης
1271 1933 1362 1960 ἰκανὸν
1380 1932 1462 1959 πολὺν
1487 1934 1519 1968 τῇ
1536 1933 1608 1969 ψυχῇ
1623 1934 1668 1960 τὺν
1686 1935 1795 1969 ὄλεθρον
1810 1936 1859 1961 ἐπ-

1025 1974 1148 2007 αγαγεῖν.
1163 1973 1248 1998 Ὅταν
1259 1973 1313 2007 γὰρ
1322 1972 1391 2007 ὑπὲρ
1406 1973 1553 2007 ἀνονήτων,
1569 1974 1616 1999 καὶ
1628 1974 1665 2008 μὴ
1680 1973 1758 2009 μόνον
1776 1974 1860 2008 μηδὲν

1025 2014 1058 2047 τῇ
1075 2012 1147 2046 ψυχῇ
1171 2011 1410 2046 συμϐαλλομένων,
1426 2011 1494 2037 ἀλλὰ
1509 2012 1556 2037 καὶ
1568 2012 1771 2047 λυμαινομένων
1791 2014 1859 2049 αὐτῇ

1026 2052 1072 2077 τὸν
1085 2050 1180 2086 καιρὸν
1197 2050 1451 2084 καταναλίσκωμεν,
1471 2050 1518 2076 καὶ
1534 2050 1802 2086 διαπληκτιζώμεθα,
1815 2054 1862 2079 καὶ

1029 2089 1113 2125 μυρία
1130 2089 1200 2124 ρητά
1230 2089 1275 2116 καὶ
1289 2089 1395 2124 ἄρρητα
1413 2088 1610 2124 φθεγγώμεθα,
1634 2090 1674 2121 τίς
1695 2091 1761 2125 ἡμῖν
1785 2091 1862 2118 ἐσται

1029 2128 1194 2163 συγγνώμη;
1226 2129 1291 2155 ποία
1310 2129 1338 2154 δὲ
1355 2128 1505 2162 ἀπολογίας
1530 2129 1584 2155 Καὶ
1605 2129 1723 2155 ἐνταῦθα
1748 2130 1798 2164 μὲν
1814 2131 1862 2157 ἐὰν

1029 2168 1126 2203 μικρὸν
1138 2168 1346 2204 παρατείνωμεν
1358 2168 1406 2203 τὴν
1421 2168 1605 2200 διδασκαλίαν,
1621 2168 1711 2195 πολλοὶ
1721 2169 1863 2205 δυσχεραί-

1027 2216 1102 2233 νουσι
1116 2207 1163 2234 καὶ
1175 2207 1317 2239 ἁλύουσιιι,
1329 2208 1376 2234 καὶ
1391 2208 1470 2234 πόνον
1485 2208 1531 2235 τοῦ
1548 2208 1672 2244 σώματος
1684 2210 1730 2236 καὶ
1741 2209 1864 2245 κάματον

1029 2246 1241 2282 προϐάλλονται,
1253 2247 1299 2273 καὶ
1314 2247 1399 2274 ταῦτα
1421 2247 1467 2274 τοῦ
1484 2247 1640 2283 θαυμαστοῦ
1653 2249 1748 2276 τούτου
1763 2250 1862 2285 ὀρόφου

1029 2285 1121 2312 ἱκανοῦ
1145 2286 1220 2315 ὄντος
1235 2286 1504 2315 παραμυθήσασθαι·
1533 2286 1593 2314 οὔτε
1613 2287 1668 2315 γὰο
1690 2289 1742 2315 ὑπὸ
1756 2291 1862 2315 κουαοῦ

1210 2295 1220 2314 ς
1235 2295 1483 2314 παραμυθησασυαι
1497 2296 1504 2302 '
1533 2295 1593 2314 ουτε
1613 2296 1668 2314 γαο
1690 2295 1727 2314 οπ

1029 2295 1121 2312 ικανου
1145 2295 1220 2317 οντος
1235 2295 1483 2322 παραμυθησασυαι
1497 2296 1504 2302 ·
1533 2295 1593 2314 ουτε
1613 2296 1668 2324 γαρ
1690 2295 1742 2315 οπο
1756 2298 1863 2325 κρυμου

1029 2325 1101 2351 ἐστιν
1114 2324 1301 2360 ἐνοχληθῆναι,
1324 2325 1385 2352 οὔτε
1404 2326 1457 2352 ὑπὸ
1478 2326 1567 2358 ὑετοῦ,
1581 2327 1598 2362 ἢ
1614 2327 1663 2363 τῆς
1677 2328 1731 2354 τῶν
1755 2329 1864 2364 ἀνέμων

1029 2364 1209 2399 σφοδρότητος
1232 2373 1238 2380 ·
1256 2365 1314 2391 ἐκεῖ
1329 2365 1356 2391 δὲ
1370 2367 1417 2392 καὶ
1433 2366 1510 2392 ὑετοῦ
1523 2365 1623 2402 λάὸρου
1636 2368 1865 2403 καταρρηγνυμέ-

1028 2413 1085 2436 νου.
1095 2404 1142 2431 καὶ
1153 2404 1261 2440 ἀνέμων
1273 2405 1394 2441 σφοδρῶν
1409 2406 1555 2438 πνεόντων,
1563 2407 1610 2433 καὶ
1622 2406 1713 2434 ἄλλοτε
1729 2408 1776 2434 τοῦ
1787 2408 1863 2443 ἡλίου

1029 2445 1134 2481 θερμὴν
1155 2445 1203 2480 τὴν
1223 2446 1318 2472 ἀκτῖνα
1337 2446 1478 2481 ἀφιέντος,
1502 2447 1532 2474 οὐ
1559 2447 1624 2482 μίαν
1639 2447 1699 2474 οὐδέ
1716 2447 1762 2474 δύο
1778 2447 1863 2483 ὥρας,

1030 2484 1097 2511 ἀλλὰ
1118 2484 1148 2511 τὸ
1165 2484 1245 2512 πλέον
1268 2485 1317 2520 τῆς
1343 2486 1448 2521 ἡμέρας
1474 2486 1677 2521 διημερεύουσι,
1702 2487 1748 2513 καὶ
1771 2487 1832 2514 οὐτε
1850 2489 1865 2514 6

1030 2526 1119 2561 γέρων
1135 2525 1248 2552 αἰδεῖται
1263 2526 1312 2561 τὴν
1327 2526 1432 2557 πολιὰν,
1446 2526 1506 2553 οὐτε
1520 2527 1533 2552 ὁ
1550 2527 1609 2558 νέος
1623 2526 1779 2561 αίσχύνεται
1797 2528 1865 2563 πρὸς

1030 2567 1065 2592 τὰ
1079 2566 1129 2600 τῆς
1143 2565 1238 2596 πολιᾶς
1252 2565 1455 2601 ὑπεκκαύματα
1470 2565 1585 2600 βαδίζων
1598 2574 1605 2580 ·
1630 2565 1698 2592 άλλά
1716 2567 1833 2603 τοσαύτη
1847 2569 1865 2603 ἡ

1032 2605 1134 2640 ἀπάτη,
1150 2604 1188 2636 ὡς
1202 2605 1249 2631 καὶ
1265 2605 1325 2640 μεθ’
1337 2604 1435 2640 ήδονῆς
1450 2605 1481 2630 τδ
1497 2604 1592 2640 δέλεαρ
1605 2604 1693 2631 ἐκεῖνο
1707 2605 1760 2632 τῶν
1773 2606 1866 2642 ψυχῶν

1033 2644 1204 2680 προσίεσθαι,
1223 2645 1271 2671 καὶ
1299 2645 1335 2680 μὴ
1356 2645 1455 2671 ἐννοεῖν
1474 2645 1522 2679 τῆς
1544 2644 1641 2679 ἡδονῆς
1661 2645 1710 2680 μὲν
1734 2645 1783 2680 τῆς
1808 2647 1869 2672 ἐπι-

1031 2683 1149 2717 θλαὸοὖς
1171 2685 1200 2711 τὸ
1225 2684 1312 2720 βραχὺ
1337 2685 1383 2710 καὶ
1405 2684 1588 2719 πρόσκαιρον,
1610 2685 1660 2720 τῆς
1681 2685 1710 2711 δέ
1726 2685 1822 2720 ὀδύνης
1837 2686 1868 2712 τδ

1033 2724 1166 2759 διηνεκὲς,
1180 2724 1227 2751 καὶ
1242 2723 1288 2750 τοῦ
1306 2723 1455 2755 συνειδότος
1470 2724 1519 2758 τὴν
1533 2724 1711 2760 κατηγορίαν.
1732 2723 1804 2760 Ὀρῶ
1814 2726 1868 2760 7&9

1033 2763 1112 2790 ἐνίων
1126 2764 1172 2790 καὶ
1186 2763 1233 2790 νῦν
1252 2762 1287 2789 τὰ
1303 2763 1446 2798 πρόσωπα,
1465 2765 1512 2790 καὶ
1537 2763 1703 2799 στοχάζομαι
1718 2766 1766 2800 τῆς
1778 2764 1869 2799 ψυχῆς

1034 2804 1083 2839 τὴν
1100 2804 1278 2834 κατάστασιν,
1297 2803 1346 2830 καὶ
1371 2804 1421 2839 ὅση
1443 2803 1490 2830 νῦν
1510 2804 1601 2835 αὐτοῖς
1618 2805 1634 2839 ή
1662 2805 1789 2838 μετάνοια
1812 2806 1869 2831 εἰσ-

1036 2843 1154 2879 έρχεται.
1171 2843 1247 2869 “AUC
1265 2843 1339 2874 ὅπως
1364 2844 1401 2879 μὴ
1425 2843 1506 2870 πάλιν
1521 2846 1576 2875 τοῖς
1588 2844 1678 2875 αὐτοῖς
1693 2845 1869 2879 περιπέσητε,

1052 2852 1154 2879 ρχεται.
1171 2852 1239 2869 ΔΑΛΛ
1265 2852 1339 2874 οπως
1425 2852 1506 2870 πάλιν
1521 2853 1576 2875 τοις
1588 2852 1678 2875 αυτοις
1693 2852 1869 2879 περιπεσητε,
1895 2879 1898 2882 Ι

1067 2919 1080 2938 εί
1096 2919 1119 2944 In
1131 2920 1230 2945 Coislin.
1246 2922 1284 2952 καί
1297 2922 1322 2946 ἀλ
1329 2922 1395 2945 Imm
1409 2923 1487 2946 deost.
