2066 3126
203 95 238 122 51
790 91 826 119 1N
840 90 921 119 car.
936 90 957 118 ι.
973 89 1099 118 sanes
1121 89 1236 117 IlOMlL.
1258 89 1302 117 vt.
1809 93 1845 121 δε

202 159 263 189 post
280 158 381 180 tantam
395 157 513 180 nostram
525 151 730 179 admonitionem
746 150 841 178 iterum
855 149 887 177 ad
901 149 993 177 diabo-

203 201 252 226 lica
269 199 313 226 illa
328 199 440 226 concilia
459 202 487 225 et
503 197 651 232 spectacula
666 196 780 223 curratis
791 216 799 229 ,
816 195 996 222 necessarium

201 249 242 271 est
258 251 307 271 vos
324 243 462 270 obtestari.
488 242 578 277 Neque
592 242 662 269 enim
675 248 782 275 semper
796 240 902 275 expedit
917 239 997 274 phar-

202 297 279 317 maca
299 290 366 317 leuia
379 288 507 316 adhibere
522 297 529 315 :
542 287 589 315 sed
601 286 708 322 quando
720 286 796 314 ulcus
808 286 937 314 curationi
952 292 995 312 re-

202 335 272 363 sistit
285 355 292 367 ,
314 338 419 370 oportet
435 334 549 361 violenta
569 337 596 360 et
615 331 751 360 mordacia
768 331 911 359 admovere
924 351 932 365 ,
943 337 996 366 quo

202 381 298 407 morbo
308 383 466 407 occurratur
479 378 567 406 cilius.

236 426 264 453 '5.
282 425 388 452 Discant
406 425 484 459 igitur
496 430 590 451 omnes
602 422 644 451 his
658 422 814 450 criminibus
826 420 933 450 obnoxii
948 441 956 454 ,
973 420 996 448 si

202 475 263 505 post
282 471 349 498 hanc
371 476 488 498 nostram
503 469 713 496 admonitionem
733 468 761 496 in
783 475 814 495 ea
836 466 995 502 negligentia

201 517 359 547 manserint.
372 523 426 543 non
442 515 601 542 toleraturos
616 521 682 547 nos,
695 513 744 541 sed
757 513 857 548 legibus
869 513 996 540 ecclesia-

200 562 277 588 sticis
288 568 393 592 usuros,
407 565 434 588 et
448 567 542 595 magna
555 559 722 587 vehementia
735 559 870 591 docturos,
887 566 921 586 ne
935 559 995 586 talia

200 607 314 642 posthac
336 607 521 638 committant,
546 613 613 633 neve
636 610 710 633 tanto
730 609 884 640 contemptu
906 604 995 631 divina

197 652 310 680 audiant
321 652 435 687 eloquia.
447 652 513 679 llzec
527 657 616 679 autem
631 658 682 679 non
695 651 730 678 de
741 650 866 678 omnibus
879 651 996 677 hiccon-

198 699 317 734 gregalis
335 698 412 732 dico,
428 697 474 726 sed
493 697 526 725 de
540 697 602 725 huic
612 697 702 732 culpa:
714 696 848 724 obnoxiis.
867 695 995 723 Omnibus

199 745 308 780 quidem
322 745 473 780 loquimur;
493 743 540 771 scd
557 750 636 771 suum
649 742 785 770 auditores
797 742 895 777 quique
909 748 996 769 reme—

194 791 275 818 dium
287 791 393 826 capiant
405 799 414 816 :
427 797 490 818 reus
503 789 611 825 quidem
633 793 662 816 ut
679 796 695 816 a
715 788 812 817 delicto
825 788 953 821 desistat,
968 791 996 815 et

196 845 257 865 non
266 838 336 865 ultra
349 836 548 872 mndiatur,
560 835 609 863 sed
624 835 712 863 studio
725 842 774 862 suo
784 834 900 869 seipsum
919 841 996 861 revo-

194 888 293 916 cetuet
304 887 391 911 errata
404 883 536 917 corrigat;
551 882 674 909 innoxius
683 887 748 908 vero
757 880 858 908 cautior
868 880 911 906 liat
922 883 950 906 ut
962 885 995 905 ne

195 929 331 964 capiatur,
344 936 411 956 neve
424 927 566 962 aliquando
579 934 642 954 reus
654 926 708 953 tiat.
718 925 854 953 Caeterum
866 929 893 951 ut
904 931 938 951 ex
953 931 995 951 re-

197 976 251 1002 bus
262 975 326 1010 ipsis
336 979 432 1002 vestrae
443 974 545 1002 caritati
559 973 775 1009 persuadeamus,
787 979 819 999 ex
835 978 926 998 amore
938 974 996 998 stu-

195 1021 299 1056 dioque
313 1021 394 1048 vestri
408 1020 478 1048 hunc
491 1024 610 1048 nostrum
624 1018 704 1046 animi
717 1018 835 1046 dolorem
848 1017 993 1052 profectum

199 1073 271 1098 esse.
283 1072 311 1094 et
323 1073 372 1094 nos
383 1066 416 1093 ad
430 1066 488 1093 hzrc
502 1065 612 1093 dicenda
627 1064 755 1100 impulsos
768 1070 828 1091 esse
841 1062 912 1098 quod
927 1063 995 1090 mul-

195 1117 257 1139 tum
271 1112 350 1140 saluti
362 1116 459 1140 vestra:
473 1112 628 1139 timeremus
643 1119 651 1138 :
665 1118 714 1146 age
736 1110 832 1138 iterum
854 1117 903 1137 nos
923 1109 994 1144 ipsos

196 1156 272 1185 bona
291 1164 339 1192 spe
355 1157 486 1190 foventes,
500 1162 654 1184 consuetam
670 1156 745 1184 vobis
764 1163 927 1191 apponamus
940 1154 993 1182 do-

193 1204 326 1236 cuinam,
342 1203 508 1231 declarantes
529 1208 677 1238 paternam,
692 1210 770 1238 quam
784 1209 846 1237 erga
861 1208 909 1228 vos
921 1201 993 1236 geri-

194 1258 272 1283 mus,
286 1250 496 1278 benevolentiam
507 1258 518 1277 ;
533 1249 598 1283 sed,
619 1257 677 1282 oro,
699 1248 840 1284 diligenter
857 1247 933 1275 dictis
947 1254 995 1274 att-

199 1296 325 1329 scultate,
339 1301 368 1323 ut
386 1295 486 1330 majore
502 1302 562 1322 cum
576 1294 663 1322 fructu
675 1294 783 1322 domum
803 1293 890 1321 redire
904 1293 991 1320 liceat.

194 1341 295 1376 Opera:
310 1341 422 1376 pretium
446 1345 535 1368 autem
552 1344 604 1374 est,
623 1347 657 1368 ea
677 1347 736 1375 qua:
756 1346 826 1367 nttnc
847 1339 912 1367 lecta
932 1342 994 1365 sunt

192 1387 302 1413 caritati
330 1391 425 1413 vestra:
451 1386 548 1414 dicere.
571 1386 614 1413 Η.
640 1384 674 1412 Et
691 1385 766 1419 dixit,
788 1385 881 1421 inquit,
899 1385 993 1415 Deus:

196 1432 226 1459 Ι1Γ
226 1434 280 1459 iant
294 1433 429 1459 luminaria
450 1432 476 1458 in
496 1432 654 1466 ﬁrmamento
669 1431 724 1459 mli
736 1431 770 1457 ad
783 1431 992 1459 illuminationem

193 1486 277 1512 super
289 1483 390 1509 terram,
402 1483 429 1504 ut
439 1477 552 1504 dividant
565 1477 706 1504 inter-dicm
720 1482 743 1503 et
757 1478 822 1504 inter
837 1482 944 1505 noctem.
959 1478 992 1506 Et

196 1523 249 1549 sint
263 1523 289 1549 in
303 1523 385 1558 signa,
399 1528 422 1549 et
435 1523 460 1549 in
474 1527 597 1557 tempora,
613 1527 636 1549 et
649 1523 674 1548 in
687 1523 750 1554 dies,
765 1527 788 1549 et
803 1522 828 1549 ia
841 1531 931 1550 annos.
947 1524 990 1551 15.

195 1568 234 1595 Et
253 1569 303 1595 sint
324 1569 358 1595 ad
377 1569 585 1595 illuminationem
603 1568 630 1594 in
652 1568 810 1602 ﬁrmamento
824 1569 879 1595 σιεΙί
894 1577 903 1595 :
915 1569 950 1595 ita
964 1574 991 1597 ul

192 1614 299 1641 ductant
309 1621 384 1649 super
393 1618 496 1640 terram.
510 1612 544 1639 EI
555 1615 649 1648 factum
660 1617 696 1639 cst
707 1613 753 1639 ita.
767 1613 910 1648 Postquam
920 1615 990 1642 enim

196 1658 256 1685 heri
279 1666 328 1685 nos
348 1658 438 1685 docuit
458 1657 551 1685 beatus
574 1657 670 1691 Moses,
694 1658 828 1692 quomodo
850 1658 988 1686 informem

195 1708 298 1731 terram
312 1703 446 1731 ornaverit
461 1703 577 1731 universi
592 1703 719 1731 Conditor
732 1703 838 1735 herbis,
854 1708 880 1731 et
894 1704 989 1732 ﬂorum

193 1750 342 1782 varietate,
361 1753 388 1776 et
406 1748 536 1777 seminum
550 1749 681 1784 germine,
698 1748 776 1776 hodie
790 1756 940 1776 sermonem
956 1749 988 1776 ad

170 1796 174 1802 ‘
196 1799 320 1822 ornatum
344 1794 401 1822 εωιί
425 1795 513 1822 vertit.
537 1794 604 1821 Nam
627 1794 695 1821 sicut
719 1798 788 1821 terra
811 1799 921 1821 ornatur
942 1803 989 1830 per

190 1847 227 1867 ea
249 1847 307 1876 qua:
324 1847 356 1866 ex
380 1839 435 1874 ipsa
456 1840 628 1874 proveniunt,
642 1839 681 1866 sic
700 1839 794 1867 escium
814 1839 864 1867 hoc
885 1840 1002 1877 visibile,

190 1887 294 1914 clarius
308 1891 335 1914 et
348 1885 471 1922 l'ulgidius
482 1886 554 1920 fecit,
566 1890 699 1914 astrorum
710 1887 837 1914 varietate
849 1886 914 1914 illud
926 1887 987 1915 hinc

193 1933 259 1960 inde
272 1932 453 1968 distinguens,
473 1932 619 1967 prtcsertim
632 1931 790 1960 formatione
802 1932 915 1960 duorum
932 1940 988 1960 ma-

192 1980 501 2014 gnorumdumittarium,
514 1979 588 2012 solis,
603 1979 708 2015 inqttatn
721 2000 728 2013 ,
745 1984 772 2007 et
790 1980 870 2006 lunre.
888 1980 931 2007 16.
953 1978 987 2006 Et

194 2026 254 2061 fecit
268 2025 346 2059 Deus,
359 2026 405 2059 ait,
415 2026 465 2053 duo
475 2026 612 2053 luminaria
622 2035 724 2062 magna,
734 2027 858 2054 luminare
867 2035 986 2062 magnum

193 2077 221 2098 ut
235 2077 351 2106 privasse!
365 2072 425 2106 diei,
437 2078 459 2099 et
473 2072 598 2099 luminare
610 2073 694 2099 minus
704 2077 731 2098 ut
744 2077 858 2106 pm‘csscl
871 2072 947 2105 nocti,
962 2077 986 2099 ct

195 2116 289 2144 stellas.
314 2115 406 2144 Vidisti
427 2117 582 2152 sapientiam
602 2116 731 2151 Opilicis?
755 2116 826 2143 Dixit
848 2117 943 2149 solum,
958 2121 986 2144 et

192 2161 353 2196 productum
375 2166 418 2189 est
442 2162 493 2189 ltoc
519 2162 676 2189 admirabile
700 2162 881 2195 elementum,
902 2162 984 2189 solem

191 2207 264 2234 dico.
290 2207 365 2235 Hunc
388 2208 458 2235 enim
476 2212 553 2235 vocat
575 2208 704 2235 luminare
725 2215 866 2242 maguum,
881 2212 906 2235 et
921 2207 985 2235 dicit

193 2254 279 2287 ip~um
293 2252 388 2280 factum
402 2261 472 2286 esse,
483 2257 511 2280 ut
525 2254 615 2288 priesit
625 2253 688 2280 diei.
703 2253 749 2281 Sol
760 2254 830 2280 enim
843 2253 983 2280 clariorem

191 2298 262 2325 diem
286 2298 378 2331 el’licit,
401 2298 514 2325 rutilans
537 2306 618 2326 aureo
640 2306 689 2326 suo
704 2298 798 2334 jubare
813 2304 838 2326 et
852 2299 942 2330 radiis,
956 2304 984 2326 et

190 2344 310 2378 quotidie
323 2344 439 2379 speciem
454 2351 528 2371 suam
543 2344 720 2379 vigescentem
733 2344 886 2376 ostendens,
902 2349 929 2372 et
943 2344 980 2371 si-

191 2389 246 2416 mul
265 2394 345 2424 atque
364 2397 442 2416 mane
460 2393 570 2417 exortus
590 2389 679 2423 fuerit,
694 2397 772 2417 omne
785 2390 920 2417 hominum
935 2396 981 2425 ge-

190 2443 241 2462 nus
254 2435 286 2462 ad
300 2443 409 2463 suorum
421 2443 530 2470 operum
542 2435 627 2462 studia
640 2437 768 2463 excitans.
786 2435 868 2470 llujus
883 2435 982 2463 formo~

190 2481 295 2507 sitatcm
309 2480 448 2508 declarans
465 2481 557 2508 beatus
571 2481 667 2514 David,
683 2481 767 2516 inquit
783 2489 790 2508 :
805 2480 840 2507 Et
852 2481 904 2515 ipse
917 2486 981 2508 (am-

189 2535 265 2556 quam
284 2534 391 2561 sponsus
412 2527 540 2562 egrediens
561 2527 592 2554 de
611 2527 722 2554 thalamo
737 2535 793 2560 suo,
808 2527 940 2554 exsultabit
953 2533 981 2555 ut

189 2573 260 2607 gigas
276 2572 309 2598 ad
320 2572 471 2599 currentium
483 2572 566 2604 ciam;
579 2581 595 2599 a
609 2580 706 2599 summa
716 2572 777 2599 uelo
788 2581 900 2608 egressus
915 2573 981 2607 ejus,

188 2622 211 2644 et
225 2625 343 2644 occursus
365 2619 422 2653 ejus
441 2625 518 2652 usque
533 2617 568 2645 ad
585 2626 708 2645 sumntum
721 2618 776 2645 ctrli
790 2618 876 2653 (Psal.
893 2616 936 2645 l8.
952 2618 980 2645 6.

189 2662 227 2695 7).
243 2661 322 2689 Vides
337 2661 472 2696 quomodo
493 2662 549 2698 ejus
570 2663 802 2698 pulchritudinem,
819 2668 845 2690 et
868 2663 894 2690 in
917 2670 980 2697 ope-

189 2708 273 2735 rando
286 2707 455 2735 velocilatcm
470 2708 629 2736 declaravit?
646 2709 761 2737 Dicendu
775 2709 856 2742 enim,
872 2708 893 2734 Α
907 2716 976 2735 sunt-

188 2761 228 2780 tuo
240 2754 301 2779 mlo
315 2760 430 2788 egressus
444 2753 507 2787 ejus,
521 2758 544 2779 et
557 2762 673 2781 occursus
692 2754 748 2789 ejus
767 2761 845 2789 usque
862 2753 895 2779 ad
912 2761 980 2780 sum-

188 2807 255 2826 mum
266 2799 332 2833 cali,
345 2798 506 2834 signiﬁcavit
518 2799 603 2831 nobis,
616 2799 749 2835 quomodo
764 2799 791 2826 in
806 2806 857 2827 uno
874 2803 976 2833 tempo-

1050 148 1089 175 ris
1104 151 1240 174 momento
1259 154 1308 182 per
1325 151 1409 174 totum
1426 147 1517 175 orbem
1532 148 1668 182 discurrit,
1679 154 1705 176 ct
1719 157 1734 176 ιι
1746 149 1844 178 ﬁnibus

1047 195 1077 222 in
1089 195 1156 222 lines
1168 195 1257 222 radios
1270 194 1359 227 mittit,
1369 194 1481 222 mullttm
1493 196 1612 223 utilitatis
1624 201 1760 231 przt‘staas.
1777 196 1843 224 Nam

1050 247 1102 268 non
1123 241 1208 267 solum
1228 240 1358 272 calefacit,
1377 240 1424 269 sed
1445 246 1472 268 et
1489 241 1612 273 arefacit;
1632 247 1661 269 et
1684 251 1735 270 non
1757 244 1842 270 solum

1050 286 1169 319 arefacit,
1181 286 1227 313 sed
1241 291 1268 313 et
1282 285 1380 319 adurit,
1392 286 1541 322 multosque
1551 287 1618 314 alios
1630 293 1657 314 et
1667 289 1754 316 varios
1766 289 1843 315 nobis

1046 339 1112 359 usus
1125 331 1235 366 prmbet,
1249 336 1328 366 atque
1340 331 1406 358 adeo
1420 338 1543 366 magnum
1558 336 1600 360 est
1613 332 1768 360 miraculum
1782 334 1840 361 elo-

1047 383 1166 406 mentum
1180 377 1247 409 hoe,
1261 385 1348 413 neque
1360 379 1456 413 estqui
1471 378 1562 406 laudes
1576 378 1634 414 ejus
1648 387 1696 414 pro
1710 380 1839 416 dignitate

1048 424 1241 459 prmdicaverit.
1256 424 1318 451 Hice
1326 429 1414 451 autem
1425 424 1493 456 dico,
1505 429 1531 452 ct
1542 432 1666 454 sermone
1674 426 1836 453 elementum

1047 469 1157 502 extollo,
1171 477 1226 496 non
1247 474 1278 496 ut
1300 470 1326 496 in
1348 476 1381 496 eo
1404 470 1543 503 subsistas,
1558 470 1662 502 dilecte,
1678 470 1724 498 sed
1741 476 1768 497 ut
1781 471 1843 499 inde

1048 515 1186 548 ascendas,
1197 520 1223 542 ct
1236 516 1262 542 iu
1274 514 1396 543 clementi
1406 515 1534 550 Opiﬁcctn
1546 516 1746 543 admirationem
1757 521 1842 543 trans-

1047 560 1129 587 feras.
1144 560 1210 587 Nam
1221 565 1319 595 quanto
1330 560 1415 594 majus
1425 561 1756 593 ostenditnrelementum.
1767 565 1842 588 tanto

1048 605 1134 640 majus
1147 610 1308 633 monstratur
1319 605 1427 641 Opiﬁcis
1443 606 1609 633 miraculum.

1083 652 1110 679 4.
1126 651 1242 679 Stultitia
1252 652 1412 678 adorantium
1425 652 1502 678 solent
1509 660 1519 684 ,'
1532 660 1577 679 cur
1589 657 1645 687 post
1657 652 1758 679 tertium
1771 652 1838 680 diem

1047 697 1085 724 sol
1101 697 1226 725 conditus.
1236 712 1272 717 -—-
1284 697 1380 725 \‘erum
1401 698 1514 733 gentiles
1532 698 1694 726 admirantes
1707 704 1732 726 et
1746 699 1839 727 obstu-

1048 747 1185 777 pescentes
1196 748 1299 770 tantum
1314 744 1484 777 elementum,
1500 744 1610 772 ulterius
1624 745 1773 780 perspicere
1787 753 1839 772 nou

1047 793 1198 824 potuerunt,
1219 797 1305 825 neque
1328 790 1386 824 ejus
1407 789 1578 818 Conditorem
1595 791 1777 823 laudaverunt,
1792 792 1839 819 sed

1047 835 1074 861 in
1089 835 1224 864 elemento
1242 835 1473 870 conquiescentes,
1490 835 1575 870 ipsum
1597 843 1645 871 pro
1669 836 1719 864 deo
1739 837 1838 864 habue-

1045 884 1276 915 runt:propterea
1297 885 1325 907 et
1348 880 1441 908 beatus
1462 881 1557 908 Paulus
1577 881 1641 909 dicit
1658 881 1710 908 :Et
1730 883 1838 918 venerati

1045 930 1114 958 sunt,
1130 926 1309 960 colueruntque
1326 931 1467 953 «catmum
1488 926 1583 962 magis,
1601 935 1676 961 quant
1695 927 1838 955 Creatorem

1046 971 1134 1005 (llam.
1151 971 1176 998 l.
1189 971 1246 1006 25).
1269 970 1337 1004 Quid
1357 971 1427 999 enitn
1454 971 1621 1006 insipientius
1641 972 1700 1006 illis,
1719 973 1762 1008 qui
1785 980 1837 1000 non

1047 1020 1189 1049 potuerunt
1210 1024 1243 1043 ex
1262 1016 1393 1044 creaturis
1405 1023 1550 1052 agnoscere
1569 1017 1733 1051 Creatorem,
1749 1018 1795 1046 sed
1811 1019 1837 1047 itt

1046 1065 1148 1088 tamtum
1164 1067 1341 1096 pervenerunt
1354 1070 1489 1095 errorem,
1505 1068 1533 1089 ut
1552 1068 1700 1091 creaturam
1716 1069 1742 1091 Cl
1755 1065 1837 1091 factu-

1046 1115 1102 1134 ram
1123 1108 1148 1134 in
1165 1108 1286 1135 ordinem
1298 1107 1433 1135 Creatoris
1447 1108 1595 1136 referrent?
1616 1110 1782 1145 Quapmpter
1793 1111 1835 1138 di-

1045 1153 1106 1180 vina
1118 1153 1255 1188 Scriptum
1267 1153 1415 1188 prmidens
1430 1161 1575 1190 propensos
1585 1154 1616 1182 ad
1625 1162 1748 1183 errorem
1763 1155 1836 1191 igua-

1045 1207 1102 1233 vos,
1122 1199 1200 1227 docet
1221 1206 1279 1232 nos,
1301 1204 1360 1234 post
1381 1200 1486 1234 tertium
1506 1200 1577 1228 diem
1601 1200 1652 1228 hoc
1674 1202 1835 1230 elementum

1039 1252 1105 1273 esse
1128 1245 1263 1273 conditum
1277 1266 1284 1279 ,
1306 1249 1450 1280 postquam
1475 1250 1545 1273 terra
1569 1246 1711 1282 omnigcua
1733 1248 1835 1275 semina

1045 1292 1165 1327 protulit,
1181 1296 1208 1320 et
1221 1299 1299 1320 suum
1315 1293 1418 1327 accepit
1432 1297 1554 1331 ornatum
1569 1301 1574 1320 :
1590 1296 1620 1320 ut
1642 1293 1705 1320 nulli
1727 1293 1836 1328 posthac

1044 1337 1132 1366 dicere
1143 1338 1229 1370 liceat.
1245 1337 1303 1365 sine
1314 1337 1378 1365 solis
1387 1338 1577 1373 cooperatioue
1590 1346 1643 1365 nou
1657 1342 1836 1366 maturescere

1043 1383 1132 1420 fruges
1147 1388 1173 1411 et
1189 1389 1332 1419 proventus
1347 1389 1434 1415 teme.
1458 1383 1559 1412 idcirco
1571 1384 1689 1412 declarat
1702 1384 1746 1412 tihi
1760 1389 1835 1412 antc-

1043 1437 1122 1464 quam
1133 1430 1173 1457 sol
1188 1430 1358 1463 iormaretur,
1371 1430 1461 1456 omnia
1477 1429 1685 1464 lttisseimpleta,
1701 1435 1728 1456 Ill
1740 1437 1773 1457 tte
1785 1430 1834 1458 soli

1044 1476 1174 1503 fructuum
1196 1479 1340 1511 proventus
1359 1475 1511 1507 adscri-bas,
1534 1475 1580 1502 sed
1602 1476 1721 1503 omnium
1745 1475 1832 1510 opilici

1043 1522 1110 1555 Deo,
1123 1523 1167 1557 qui
1182 1522 1246 1550 dixit
1261 1522 1294 1549 ab
1307 1521 1382 1548 initio
1396 1530 1405 1549 ς
1420 1520 1548 1548 Germinet
1565 1525 1633 1548 terra
1645 1521 1747 1548 herbam
1761 1522 1832 1556 faui.

1042 1567 1117 1600 Quod
1129 1568 1152 1596 si
1165 1568 1290 1601 dixerint,
1304 1568 1369 1595 solis
1386 1567 1548 1594 iunctionem
1567 1568 1645 1595 etiam
1659 1567 1758 1603 aliquid
1770 1575 1833 1602 ope-

1043 1614 1106 1646 rari,
1125 1619 1153 1642 ut
1171 1614 1273 1642 fructus
1290 1618 1480 1645 maturescit“.
1496 1621 1583 1648 neque
1599 1621 1649 1648 ego
1668 1613 1831 1640 eoutradico.

1041 1660 1107 1688 Nam
1123 1661 1190 1688 sicut
1202 1661 1224 1688 si
1238 1660 1380 1695 agricolam
1391 1660 1476 1687 dicam
1487 1659 1626 1694 cooperari
1638 1658 1672 1687 ad
1686 1663 1765 1686 terra:
1777 1659 1832 1686 cul<

1043 1710 1108 1738 tum,
1123 1714 1175 1734 non
1187 1707 1247 1734 ideo
1261 1706 1413 1734 universum
1425 1706 1511 1734 tribuo
1520 1705 1653 1741 agricolae,
1666 1705 1714 1734 sed
1728 1705 1831 1733 etiamsi

1042 1753 1063 1779 is
1078 1752 1228 1780 sexcenties
1239 1759 1315 1780 suum
1328 1757 1388 1787 agat
1401 1751 1528 1782 ofﬁcium.
1538 1751 1589 1778 nisi
1603 1751 1626 1778 is
1638 1751 1683 1786 qui
1697 1758 1746 1778 suo
1762 1758 1831 1778 mau-

1040 1799 1103 1827 dato
1121 1799 1155 1826 ab
1174 1799 1249 1827 initio
1272 1803 1371 1826 terram
1393 1797 1426 1825 ad
1448 1797 1584 1825 faciendos
1597 1797 1696 1825 fructus
1709 1797 1830 1824 idoneam

1041 1844 1111 1877 fecit,
1128 1844 1161 1872 ad
1175 1844 1225 1871 hoc
1239 1851 1297 1872 eam
1310 1851 1415 1879 quoqtte
1426 1850 1534 1870 movere
1545 1842 1618 1875 vdit,
1635 1843 1698 1870 nihil
1713 1842 1832 1877 proliciet

1040 1891 1130 1918 mtdtis
1149 1889 1285 1917 laboribus
1300 1897 1307 1916 :
1322 1889 1445 1916 similiter
1463 1888 1534 1921 dico,
1545 1888 1651 1915 etiamsi
1665 1895 1726 1915 cum
1740 1887 1830 1914 labore

1039 1937 1130 1964 rustici
1149 1936 1284 1971 conspiret
1303 1935 1367 1963 solis
1379 1939 1406 1962 et
1419 1935 1488 1962 [ante
1500 1934 1620 1969 operatio
1629 1954 1637 1966 ,
1651 1938 1678 1960 et
1691 1934 1748 1961 Cilzli
1761 1938 1829 1961 tem-

1039 1982 1136 2018 peries,
1148 1989 1234 2016 neque
1243 1981 1282 2008 sic
1292 1981 1431 2008 utilitatem
1442 1980 1557 2015 aliquam
1569 1979 1637 2012 l‘ore,
1650 1979 1699 2006 nisi
1713 1986 1828 2014 superne

1038 2029 1097 2056 illos
1111 2027 1220 2055 dextera
1234 2025 1337 2055 Domini
1349 2025 1483 2060 adiuverit
1498 2034 1507 2053 :
1522 2025 1570 2052 hac
1582 2029 1669 2052 autent
1689 2032 1768 2051 matttt
1782 2032 1828 2050 va-

1037 2073 1090 2100 lida
1102 2073 1210 2108 iuvante
1220 2072 1299 2100 etiam
1308 2070 1440 2100 elementa
1453 2071 1595 2105 plurimum
1606 2070 1754 2097 conferunt.
1768 2070 1829 2097 Ihcc

1038 2119 1119 2154 probe
1134 2119 1261 2146 memoria
1277 2122 1408 2151 tenentes,
1429 2116 1592 2152 compescite
1610 2123 1658 2143 eos
1679 2115 1722 2150 qui
1744 2115 1829 2143 adhuc

1037 2172 1127 2192 errare
1139 2164 1239 2196 volunt,
1255 2168 1282 2191 et
1300 2171 1352 2190 non
1373 2162 1522 2195 concedite,
1540 2166 1569 2190 ut
1590 2161 1724 2190 Creatoris
1745 2161 1830 2188 honor

1036 2215 1165 2239 creatura:
1180 2210 1350 2238 concedatur.
1374 2210 1522 2245 Eapropter
1538 2214 1565 2237 et
1584 2208 1675 2236 divina
1693 2207 1829 2244 Scriptura

1037 2264 1089 2284 non
1102 2257 1188 2283 solum
1203 2255 1425 2291 pulchritudinem
1439 2254 1495 2289 ejus
1506 2274 1514 2287 ,
1530 2258 1558 2281 et
1570 2253 1788 2289 magnitudinem,
1802 2257 1829 2280 ct

1036 2302 1176 2329 utilitatem
1198 2301 1328 2335 ostendit,
1343 2300 1456 2328 dicendo
1472 2309 1478 2327 :
1496 2299 1568 2327 Sicut
1590 2308 1707 2335 sponsus,
1722 2304 1758 2331 et,
1775 2298 1829 2326 lt'z~

1036 2348 1138 2376 stillabit
1150 2348 1214 2375 sicut
1227 2348 1299 2383 gigas
1319 2347 1354 2374 ad
1372 2346 1524 2373 currendum
1540 2346 1624 2377 riam;
1637 2345 1683 2373 sed
1699 2350 1726 2372 et
1744 2345 1826 2372 imbe-

1036 2394 1172 2422 cillitatem
1185 2393 1401 2427 debilitatemque
1414 2393 1432 2419 ι.
1454 2391 1524 2419 Audi
1541 2391 1611 2419 enim
1630 2390 1692 2426 quid
1711 2390 1771 2417 alibi
1788 2389 1830 2417 di-

1036 2445 1079 2466 cat
1095 2448 1101 2466 :
1118 2439 1184 2472 Quid
1197 2440 1248 2466 sole
1260 2438 1387 2466 lucidius?
1401 2442 1424 2464 et
1435 2437 1483 2464 hoc
1497 2436 1581 2471 deﬁcit
1602 2435 1695 2470 (Etcli.
1710 2436 1753 2462 l7.
1769 2435 1826 2469 50).

1035 2485 1074 2513 Ne
1087 2489 1112 2512 te
1124 2485 1259 2520 decipiat,
1278 2484 1373 2519 inquit,
1387 2482 1566 2518 spectaculum
1582 2490 1589 2508 :
1604 2488 1663 2508 nam
1678 2481 1700 2508 si
1715 2480 1828 2508 voluerit

1033 2533 1162 2561 Conditor
1176 2532 1319 2566 imperare,
1333 2530 1407 2565 quasi
1425 2536 1568 2564 numquam
1584 2528 1671 2560 fuerit,
1687 2527 1722 2554 ita
1736 2526 1826 2561 dispa-

1035 2579 1113 2607 rebit.
1136 2579 1199 2606 llaec
1218 2578 1239 2605 si
1264 2577 1456 2605 intellexissent
1474 2574 1605 2611 gentiles,
1626 2573 1778 2609 neutiquam
1799 2573 1825 2599 in

1035 2631 1137 2654 tantum
1158 2623 1312 2652 incidissent
1330 2629 1463 2654 errorem,
1482 2620 1530 2648 sed
1547 2624 1620 2648 recte
1632 2619 1778 2652 vidissent,
1792 2625 1824 2645 et

1032 2676 1216 2700 «reaturarum
1237 2668 1460 2704 contemplatione
1478 2675 1525 2702 par
1543 2674 1603 2694 esse
1621 2666 1652 2693 ad
1671 2665 1824 2693 Creatorem

1033 2717 1189 2745 ascendere.
1213 2715 1322 2749 Propter
1342 2713 1393 2740 hoc
1410 2717 1505 2748 quarto
1525 2712 1568 2739 die
1588 2711 1670 2739 Solem
1690 2709 1769 2742 fecit,
1790 2716 1825 2737 ne

1064 2774 1073 2790 ι
1092 2777 1154 2800 tunc.
1163 2773 1205 2798 sed
1212 2774 1234 2797 ct
1245 2769 1429 2796 imbecillitatem
1439 2768 1698 2800 tlebilt'latcmth,quze
1710 2767 1735 2792 in
1743 2764 1823 2790 Μοιρι-

1033 2804 1145 2834 deerant,
1158 2805 1182 2829 in
1194 2803 1289 2828 ctcteris
1299 2801 1428 2825 habentur.
