2066 3126
228 126 264 157 59
580 122 609 151 S.
629 121 767 150 JOANNIS
784 117 1020 149 CHRYSOSTOMI
1040 115 1199 145 ARClIlEP.
1219 116 1486 147 CONS’I‘ANTINOP.
1824 113 1860 143 60

229 189 306 218 putes
319 182 392 209 illum
407 179 459 207 diei
473 183 619 207 auctorem.
634 178 700 206 Nam
714 177 784 213 quod
798 177 831 204 de
842 175 988 203 seminilms
1003 181 1017 200 a

231 228 307 255 uobis
322 227 421 253 dictum
437 230 489 256 est,
503 229 529 251 et
541 224 575 251 de
587 223 631 251 die
646 223 706 250 licet
718 223 817 254 dicere,
830 227 925 254 nempe
941 219 1021 246 fuisse

231 279 285 300 tres
298 272 355 299 dies
367 274 429 299 ante
443 270 507 297 colis
520 268 716 296 formationem.
731 267 816 294 Voluit
831 271 919 293 autem
934 263 1023 292 Domi-

231 326 281 345 nus
294 321 321 344 et
334 325 381 352 per
396 316 446 344 hoc
460 314 621 343 elementum
636 314 777 341 clariorem
790 312 842 339 diei
858 312 944 339 lucem
958 309 1022 338 red-

232 363 296 390 dere
307 372 314 389 :
325 362 350 389 id
364 362 433 397 quod
445 366 472 389 et
486 361 519 389 de
532 360 626 388 minori
641 359 776 391 luminari.
789 359 839 386 hoc
852 362 901 390 est,
916 357 951 384 de
964 357 1024 383 luna

233 410 402 437 dixerimus:
420 407 495 435 facta:
521 407 591 434 enim
613 410 675 433 sunt
698 411 753 433 trt-s
772 409 863 432 noctes
885 409 946 430 ante
968 402 1026 436 ejus

235 454 431 481 formationem.
452 454 576 481 Attamen
597 456 624 478 et
646 451 702 478 lucc
723 450 847 486 producta
862 456 935 475 suam
950 447 1027 474 all‘crt

236 500 376 527 utilitatem
392 500 521 534 :dissipat
540 498 610 526 enim
631 497 717 524 noctis
737 496 870 528 tenebras,
883 499 911 521 ct
926 494 1026 523 ferme,

235 551 266 574 ut
279 547 312 573 ita
328 546 424 578 dicam,
438 544 530 572 eadem
543 544 648 578 qna-sol
658 543 714 578 ipse
725 541 783 568 facit
795 547 856 575 erga
868 540 917 566 alia
928 538 1027 565 omnia.

239 592 284 619 Sol
299 590 369 618 enim
384 590 521 617 ordinatus
534 593 574 616 est
587 588 620 615 ad
635 588 686 615 hoc
703 586 737 614 Ut
750 589 867 621 prwesset
881 583 931 610 diei
943 603 950 615 ,
967 582 1028 609 luna

239 641 341 669 autem,
356 636 389 663 Ut
401 639 516 671 prwesset
527 634 602 661 nocti.
617 632 684 667 Quid
700 636 741 659 est
756 630 789 658 Ut
803 634 917 665 praeesset
929 628 987 659 dici,
1004 631 1031 654 et

241 681 275 708 Ut
299 686 414 716 priet-sset
435 680 521 707 nocti?
543 679 703 706 Potestatem
714 699 720 709 ,
738 676 840 711 inquit,
856 674 970 709 accepit,
986 673 1030 701 ille

239 726 345 760 quidem
360 724 423 757 diei,
439 724 495 751 haec
508 731 572 751 vero
585 723 670 750 noctis
680 742 687 754 ,
703 726 732 748 ut
745 721 783 748 sol
798 720 867 747 diem
882 720 937 746 suis
952 718 1032 745 radiis

241 772 380 799 clariorem
393 770 504 802 reddat;
519 770 580 796 luna
593 773 681 796 autem
697 772 724 795 ut
738 767 858 802 dispellat
874 765 996 794 tenebras
1005 769 1033 791 et

243 817 379 845 hominum
394 816 484 851 generi
499 815 597 842 lumine
614 822 662 841 suo
678 813 828 840 facultatem
843 811 961 847 pra-beat
978 810 1034 836 suis

244 863 356 897 negotiis
364 861 484 889 vacandi.
500 859 574 887 Tune
587 859 657 887 enim
667 860 752 886 viator
763 858 883 885 ﬁdentius
896 857 946 884 iter
961 855 1032 887 facit,

244 912 271 934 et
293 912 371 934 nauta
393 906 479 933 navim
494 906 570 940 regit,
583 909 610 932 et
623 904 705 931 maria
720 903 827 937 trajicit,
839 907 865 930 et
878 910 925 929 sua
939 902 1035 936 cuique

246 953 343 983 studia.
355 959 468 987 suasque
483 956 554 978 artes
573 955 645 978 metu
667 950 752 985 posito
770 949 967 984 aggrediuntur.
984 948 1035 974 De-

246 998 308 1025 inde
328 1003 467 1033 postquam
484 1004 532 1024 nos
548 996 636 1023 docuit
652 996 763 1023 istorum
782 995 950 1021 luminarium
967 993 1038 1020 utili-

247 1048 339 1075 tatem,
354 1043 438 1078 inquit
452 1052 459 1069 :
476 1043 518 1069 17.
537 1041 569 1068 Et
583 1042 677 1068 stellas.
699 1040 732 1067 Et
747 1041 829 1076 positi!
847 1038 916 1066 Deus
936 1039 994 1065 illus
1012 1039 1037 1065 in

247 1090 405 1123 firmamento
425 1089 498 1120 caeli,
517 1088 552 1114 ita
574 1093 600 1114 ut
624 1088 723 1114 luceant
743 1095 819 1121 super
840 1091 939 1117 terram,
956 1085 999 1112 l8.
1016 1089 1039 1111 et

247 1136 349 1171 pra'sint
360 1135 410 1161 diei
421 1142 451 1160 at:
461 1134 536 1166 nocti,
547 1139 570 1160 et
582 1138 696 1168 separent
709 1132 773 1158 inter
785 1132 867 1158 lucem
881 1136 904 1157 et
915 1130 1038 1157 tenebras.

283 1182 310 1209 5.
330 1180 494 1207 Pulcltritudo
509 1184 532 1206 et
546 1179 640 1205 utilitas
650 1178 723 1210 cwli;
743 1177 827 1204 omnia
845 1181 946 1211 propter
960 1175 1042 1202 Immi-

249 1234 305 1253 ncm
317 1230 400 1252 creata
412 1229 524 1252 sunt.—-
538 1223 725 1251 Animadverte
741 1221 783 1249 hic
793 1226 920 1257 quantum
936 1225 963 1248 et
978 1221 1041 1247 ista-

251 1279 310 1299 rum
326 1278 402 1298 usum
418 1269 494 1297 nobis
506 1268 659 1297 declaravit.
678 1267 767 1294 Posuit
779 1267 846 1299 illas,
857 1266 951 1301 inquit,
961 1266 986 1292 in
997 1266 1042 1300 ﬁr-

251 1322 375 1344 mamento
383 1317 447 1343 mali.
459 1315 527 1349 Quid
537 1320 587 1349 est,
599 1314 706 1341 Posuit?
717 1313 847 1348 Numquid
858 1312 931 1347 quasi
942 1312 1044 1339 diceret

252 1362 357 1397 aliquis,
371 1361 459 1388 Fixit?
474 1361 550 1388 Absit
561 1369 568 1387 :
581 1359 701 1387 videmus
714 1359 785 1386 enim
801 1359 871 1394 ipsas
884 1365 955 1392 smpe
966 1358 1043 1385 unico

254 1408 383 1442 temporis
412 1411 548 1434 momento
575 1413 699 1440 maguum
723 1405 838 1432 transire
862 1405 993 1440 spatium,
1018 1408 1045 1431 et

253 1461 396 1488 numquam
421 1452 445 1479 in
466 1460 520 1479 uno
542 1452 601 1478 loco
625 1455 706 1484 stare,
729 1451 775 1478 sed
794 1458 881 1482 suum,
900 1457 978 1484 quem
994 1449 1045 1476 illis

254 1497 381 1525 Dominus
396 1497 532 1532 pnecepit,
546 1503 652 1523 cursum
668 1496 804 1530 perﬁcere.
820 1495 887 1529 Quid
901 1495 980 1529 igitur
992 1498 1043 1527 est,

255 1543 366 1570 Posuit?
386 1542 414 1569 ld
431 1547 480 1574 est,
497 1540 634 1576 imperavit
648 1546 675 1567 ut
689 1541 752 1575 ipsa:
763 1544 853 1567 essent
866 1540 891 1566 in
905 1540 981 1566 caelo.
998 1539 1045 1565 Et-

255 1589 326 1616 enim
350 1589 400 1615 hoc
421 1596 452 1615 cx
473 1588 585 1615 decursu
603 1587 750 1622 Scriptura:
764 1586 851 1614 licebit
866 1586 969 1616 ridere,
985 1585 1045 1620 quia

256 1635 317 1661 alibi
331 1634 395 1661 dicit
410 1643 416 1659 ε
434 1632 522 1660 Posuit
534 1633 600 1660 Deus
614 1633 694 1660 Adam
705 1633 730 1659 in
742 1633 860 1667 paradiso
873 1631 947 1665 (Gen.
965 1631 992 1658 2.
1005 1631 1045 1666 8),

257 1688 309 1707 non
323 1680 393 1714 quod
409 1679 524 1707 infixerit
533 1687 593 1706 eum
609 1678 741 1713 paradiso,
753 1678 800 1705 sed
811 1677 880 1713 quod
893 1677 1048 1712 pra‘ccperit

257 1730 286 1753 ut
297 1730 368 1753 esset
382 1726 408 1752 in
426 1725 556 1760 paradiso.
572 1724 702 1752 Similiter
711 1725 783 1752 etde
795 1724 879 1751 Stellis
891 1724 1047 1757 dixerimus,

259 1771 404 1805 imperasse
418 1778 514 1805 nempe
527 1770 566 1797 eis
582 1774 610 1796 ut
622 1775 712 1797 essent
725 1770 751 1796 in
765 1769 931 1797 ﬁrmamento
943 1769 1012 1801 crcli,
1023 1773 1050 1795 et

259 1823 336 1842 suum
353 1816 440 1842 lumen
456 1823 535 1850 super
553 1820 649 1842 terram
665 1816 826 1842 emitterent.
842 1815 1048 1847 Animadverte,

258 1861 381 1892 obsecro,
393 1860 498 1894 dilecte,
515 1861 671 1895 quibusnam
685 1860 766 1895 pratis
774 1865 801 1887 et
812 1859 895 1886 hortis
908 1859 1051 1894 jucundius
1072 1882 1076 1888 .

263 1916 315 1934 non
337 1908 414 1934 fuerit
428 1912 549 1942 spectare
564 1907 589 1934 iu
605 1906 691 1934 media
706 1912 782 1934 nocte
796 1906 889 1933 ca'lum
906 1906 990 1933 stellis
1007 1905 1050 1932 di-

260 1954 431 1985 stinctum,ct
443 1953 578 1980 stellarutn
592 1952 721 1980 varietate
733 1952 808 1987 quasi
823 1952 931 1979 ﬁoribus
944 1951 1052 1987 quibus-

261 1999 322 2026 dam
333 2007 505 2033 conspersum
517 2003 544 2026 et
553 2003 687 2031 ornatum,
704 1999 815 2025 multum
829 1998 894 2025 lucis
906 2005 987 2033 super
1000 2003 1052 2025 ter-

262 2054 318 2072 ram
341 2045 496 2073 effundere?
518 2045 583 2072 Nam
604 2049 631 2072 et
653 2045 679 2072 in
703 2045 754 2072 hoc
776 2045 905 2072 ordinata:
926 2048 1004 2077 Sunt,
1026 2048 1055 2071 ut

263 2093 368 2119 luceant
380 2099 461 2127 super
473 2096 570 2118 terram
582 2112 588 2122 ,
603 2096 629 2117 et
644 2090 752 2125 prtesint
765 2090 817 2117 diei
834 2097 865 2117 ac
878 2090 965 2121 nocti,
981 2089 1052 2124 quod

262 2132 422 2172 generaliter
432 2141 458 2163 et
471 2136 505 2163 de
515 2135 617 2170 magnis
630 2135 802 2162 lumiuaribus
813 2135 912 2162 dictum
923 2139 973 2162 est.
988 2134 1054 2161 Nam

264 2187 403 2218 postquam
416 2182 506 2209 docuit
526 2189 575 2208 nos
587 2202 595 2214 ,
615 2181 748 2215 quomodo
765 2182 875 2208 formata
889 2180 988 2208 fuerint
1003 2180 1056 2207 duo

266 2230 405 2257 luminaria
421 2236 527 2263 magna,
546 2232 573 2256 et
591 2228 676 2255 stella:
690 2236 696 2255 :
711 2227 745 2255 dc
765 2228 890 2254 omnibus
911 2228 937 2254 in
957 2235 1056 2262 genere

265 2275 339 2307 dicit,
356 2274 387 2300 Et
400 2274 501 2309 prduint
512 2273 561 2300 diei
573 2281 604 2299 ac
616 2273 692 2305 nocti,
702 2278 725 2299 et
737 2277 852 2307 separent
865 2273 929 2299 inter
943 2273 1022 2300 lucent
1033 2277 1056 2299 et

267 2321 390 2348 tenebras.
412 2320 555 2346 Enimvero
574 2319 642 2346 sicut
657 2318 770 2345 interdiu
786 2318 869 2345 stella:
882 2318 907 2345 in
923 2319 989 2345 cazlo
1004 2326 1056 2345 non

266 2367 389 2394 videntur
410 2366 560 2393 discurrere
578 2365 700 2397 (illarum
714 2365 784 2392 enim
798 2371 874 2391 usum
890 2364 978 2391 lumen
993 2364 1058 2391 solis

267 2414 348 2440 multa
363 2412 484 2440 claritate
497 2411 619 2447 obtegit),
636 2412 671 2438 ita
684 2419 770 2446 neque
785 2416 863 2438 noctu
878 2411 918 2438 sol
932 2417 1056 2446 apparet,

267 2460 415 2487 sufﬁciente
429 2459 490 2486 luna
503 2465 551 2485 Suo
567 2458 666 2486 lumine
685 2458 718 2485 ad
738 2458 908 2485 illustraudas
920 2459 1004 2485 noctis
1018 2462 1057 2485 te.

270 2507 365 2533 nebras
381 2514 388 2533 :
400 2512 493 2533 verum
508 2505 638 2532 elementa
649 2512 760 2540 quaeque
773 2505 840 2532 intra
854 2512 917 2532 suos
930 2504 1059 2532 terminos

271 2555 390 2584 manent,
403 2555 431 2578 ct
444 2558 587 2586 numquam
600 2558 676 2578 suam
692 2558 842 2578 mensuram
859 2551 1059 2586 transgrediun-

270 2604 313 2625 tur
325 2607 332 2626 :
344 2598 390 2626 sed
403 2598 603 2634 dispositionem
614 2603 640 2626 et
650 2598 769 2626 ordinem
783 2598 885 2625 Domini
897 2598 1058 2630 custodiunt,

271 2652 403 2679 sutunque
415 2651 481 2680 opus
496 2645 604 2672 faciunt.
626 2644 690 2678 Quis
710 2649 798 2672 autem
817 2645 867 2672 alia
881 2646 968 2672 omnia
982 2652 1061 2672 enar-

271 2692 379 2724 ravcrit,
400 2700 460 2727 qua:
480 2692 574 2719 horum
596 2692 764 2719 luminarium
788 2696 816 2719 et
837 2692 975 2720 stellarum
997 2699 1061 2718 usus

272 2739 390 2766 inuuano
404 2741 493 2775 generi
508 2739 631 2767 confert?
653 2740 711 2767 Sint
728 2739 809 2772 enim,
826 2740 920 2774 inquit,
933 2739 960 2765 in
977 2739 1060 2773 signa,

267 2792 291 2814 ct
309 2787 335 2814 iu
351 2792 472 2822 tempora,
486 2792 509 2813 rt
521 2786 546 2813 in
557 2786 621 2818 dies,
635 2791 658 2812 et
672 2786 698 2812 in
712 2794 802 2812 annos.
822 2784 890 2818 Quid
904 2784 962 2812 est?
977 2784 1009 2810 In
1025 2785 1060 2810 si-

274 2841 325 2868 gna
341 2839 363 2860 et
376 2834 401 2860 in
416 2839 537 2868 tempora,
552 2838 575 2860 et
592 2833 617 2860 in
631 2832 693 2865 dies,
707 2837 729 2858 et
743 2832 769 2859 in
783 2831 882 2859 annos?
897 2831 996 2858 Docere
1011 2838 1058 2857 nos

1076 174 1130 201 vult
1144 174 1231 202 divina
1244 174 1378 209 Scriptura
1389 194 1397 207 ,
1411 173 1505 200 horum
1518 178 1623 200 cursum
1638 169 1775 197 scientiam
1786 170 1863 197 nobis

1075 225 1222 256 temporum
1238 219 1369 253 conferre,
1384 218 1577 246 vicissitudines
1590 216 1805 247 conversionum,
1820 224 1863 243 nu-

1076 274 1178 294 merum
1193 266 1306 297 dierum.
1318 266 1379 293 anni
1390 265 1549 292 curriculum
1564 268 1609 291 :et
1621 271 1653 290 ex
1670 262 1710 290 his
1725 269 1866 297 possumus

1076 311 1232 346 dignoscere
1245 311 1343 338 omnia.
1366 309 1469 337 Etenim
1485 309 1644 344 gubemator
1654 308 1687 335 ad
1699 308 1793 334 borum
1807 314 1867 333 cur-

1077 365 1135 384 sum
1157 361 1290 391 spectans,
1315 360 1342 382 et
1362 355 1388 382 in
1410 354 1503 382 caelum
1527 355 1654 385 intentus,
1675 352 1869 388 diligenterque

1077 402 1183 430 discens
1205 402 1303 434 omnia,
1319 402 1441 435 navigare
1462 400 1562 434 incipit,
1580 399 1661 425 maria
1677 399 1779 430 transit,
1796 403 1822 425 et
1843 399 1868 424 in

1079 447 1236 475 densissima
1255 452 1342 479 nocte,
1358 447 1421 474 visis
1434 446 1535 473 stellis'
1554 446 1641 472 navim
1656 445 1769 479 dirigere
1783 450 1809 471 et
1823 452 1869 470 sua

1080 498 1137 520 arte
1158 494 1270 520 salutem
1287 493 1470 527 navigantibus
1485 492 1548 519 dare
1562 491 1640 518 solet.
1656 491 1700 518 Sic
1714 495 1740 517 et
1752 490 1867 525 agricola

1081 546 1112 566 ex
1128 538 1179 566 illis
1194 539 1272 566 discit
1286 538 1393 579 quando
1406 542 1526 572 oporteat
1540 537 1642 564 semina
1657 541 1734 563 teme
1748 535 1874 562 commit-

1082 590 1148 618 tere,
1164 585 1269 619 quando
1285 589 1382 612 terram
1395 583 1539 618 pastinare,
1553 587 1580 609 et
1594 589 1682 613 arare,
1699 581 1805 616 quando
1823 580 1873 607 fal-

1082 640 1139 659 cem
1153 639 1250 658 acucre
1264 636 1291 658 ut
1307 631 1393 665 fruges
1407 630 1535 656 demetat.
1552 628 1609 655 Non
1626 635 1707 663 pauca
1721 627 1780 654 vitm
1796 627 1874 661 hujus

1083 679 1221 705 commoda
1245 683 1392 711 temporum
1414 675 1538 707 scientia,
1561 674 1662 700 dierum
1684 679 1826 703 numerus,
1850 667 1882 698 et.

1084 724 1147 751 anni
1162 724 1276 751 cireulus
1295 723 1409 749 afferunt
1425 730 1431 748 :
1450 721 1583 755 multaque
1606 720 1631 746 in
1657 719 1689 746 iis
1712 718 1876 753 deprehendi

1086 776 1194 806 possent
1215 770 1246 796 ad
1269 768 1407 796 fovendam
1429 768 1570 794 humanam
1585 767 1664 793 vitam
1686 765 1771 798 utilia,
1792 771 1877 799 neque

1086 821 1127 844 est
1150 815 1194 850 qui
1216 820 1308 842 exacte
1332 821 1473 841 recensere
1493 812 1594 847 singula
1619 812 1702 846 possit
1717 819 1723 837 :
1738 818 1770 838 ex
1788 810 1879 844 paucis

1088 867 1176 889 tamen
1191 866 1304 896 quantus
1324 867 1417 887 eorum
1436 859 1471 886 sit
1488 866 1552 885 usus
1569 856 1772 892 cenjectandum
1788 860 1838 887 est,
1853 859 1881 881 ct

1088 916 1149 936 cum
1163 908 1283 935 admirati
1297 907 1424 934 fuerimus
1438 910 1583 937 creaturas,
1602 911 1694 931 earum
1709 902 1801 936 Opifex
1814 909 1879 936 quo-

1089 962 1139 989 que
1154 953 1304 980 adorandus
1326 958 1352 979 et
1374 951 1549 979 celebrandas
1562 955 1602 977 est
1615 958 1622 977 :
1638 948 1804 983 suspicienda
1819 948 1881 974 item

1091 1000 1231 1027 incliabilis
1247 1000 1314 1026 illius
1329 999 1488 1033 benignitas,
1503 1005 1581 1033 quam
1597 1004 1659 1031 erga
1676 996 1817 1022 luunanum
1833 1002 1880 1028 ge-

1091 1054 1141 1073 nus
1163 1045 1285 1073 exhibuit
1301 1054 1307 1072 :
1322 1045 1418 1079 quippe
1438 1048 1547 1078 propter
1570 1042 1604 1069 nil
1625 1042 1694 1068 aliud
1717 1041 1773 1067 lucc
1794 1042 1883 1066 otnnia

1092 1093 1224 1128 produxit,
1239 1100 1317 1127 quam
1337 1096 1445 1125 propter
1470 1090 1603 1117 hominem
1626 1096 1704 1123 quem
1728 1096 1778 1115 non
1800 1087 1884 1114 multo

1093 1143 1152 1174 post
1166 1139 1239 1173 quasi
1254 1146 1341 1172 regem
1356 1142 1381 1164 et
1398 1137 1542 1172 principem
1559 1136 1681 1162 omnibus
1696 1143 1710 1162 a
1728 1142 1756 1161 se
1771 1134 1885 1161 conditis

1094 1185 1266 1221 prmfecturns
1280 1190 1347 1211 erat.
1361 1184 1392 1210 Et
1405 1184 1474 1215 vidit,
1490 1184 1537 1215 ait,
1552 1182 1616 1208 Deus
1627 1182 1693 1216 quod
1704 1185 1766 1207 esset
1781 1182 1883 1207 honuni.

1096 1231 1174 1258 Vides
1189 1231 1299 1264 singulis
1313 1230 1404 1255 diebus
1420 1228 1559 1255 ostendere
1573 1228 1687 1254 divinam
1704 1227 1867 1261 Scripturam
1878 1246 1884 1257 ,

1095 1276 1150 1304 Deo
1169 1278 1274 1311 placere
1296 1280 1442 1306 creaturas,
1463 1279 1490 1300 ut
1510 1281 1615 1300 omnem
1633 1278 1752 1307 amputet
1766 1272 1887 1299 occasio-

1096 1331 1156 1351 nem
1172 1332 1262 1350 eorutn
1275 1345 1281 1355 ,
1296 1324 1339 1357 qui
1355 1322 1551 1356 reprehendere
1566 1320 1663 1347 audent
1676 1328 1705 1346 ea
1724 1327 1781 1354 qua:
1796 1320 1829 1345 ab
1844 1319 1888 1344 illo

1096 1376 1156 1398 sunt
1174 1371 1260 1397 facta?
1283 1369 1357 1402 Quod
1377 1370 1447 1396 enim
1468 1368 1545 1402 hujus
1566 1368 1603 1394 rci
1624 1367 1708 1401 gratia
1729 1372 1889 1399 unoquoque

1096 1418 1139 1446 die
1160 1418 1294 1452 Scriptura
1315 1416 1402 1443 divina
1425 1415 1475 1442 hoc
1499 1414 1638 1449 signiﬁcet,
1653 1421 1685 1440 cx
1699 1412 1887 1447 consequentia

1097 1463 1266 1491 manifestum
1282 1467 1332 1490 est.
1349 1461 1503 1489 Sufﬁciebat
1516 1461 1585 1487 enitn
1601 1460 1634 1487 de
1648 1459 1772 1486 omnibus
1785 1463 1889 1484 creatu-

1097 1508 1134 1535 ris
1147 1508 1230 1535 semel
1244 1508 1333 1534 dicere
1343 1528 1349 1540 ,
1365 1507 1453 1533 omnia
1467 1513 1640 1541 quaecumque
1653 1504 1713 1531 fecit
1725 1525 1731 1535 ,
1747 1512 1806 1531 esse
1822 1504 1889 1529 bona

1098 1555 1175 1583 valde
1190 1564 1196 1581 :
1214 1555 1260 1582 sed
1276 1555 1364 1582 sciens
1378 1559 1474 1589 quanta
1489 1554 1523 1579 sit
1536 1553 1663 1579 mentium
1677 1556 1826 1578 nostrarum
1848 1552 1889 1577 in-

1099 1602 1219 1633 firmitas,
1233 1601 1384 1636 singillatim
1400 1600 1450 1627 hoc
1463 1599 1534 1630 facit,
1546 1603 1573 1625 ut
1583 1598 1671 1625 discas
1684 1597 1813 1631 sapientia
1828 1604 1891 1630 qua-

1099 1648 1160 1676 dam
1187 1648 1300 1680 solerti,
1325 1652 1352 1674 et.
1380 1646 1540 1681 benignitate
1568 1644 1735 1672 inenarrabili
1763 1643 1890 1678 producta

1100 1694 1181 1722 fuisse
1193 1694 1291 1720 omnia.
1308 1693 1350 1720 19.
1368 1693 1398 1719 Et
1413 1693 1507 1727 factum
1521 1695 1565 1724 est,
1581 1690 1673 1724 inquit,
1687 1697 1796 1723 vespere,
1812 1693 1833 1715 et
1850 1690 1892 1722 fa-

1100 1745 1166 1768 ctum
1182 1745 1218 1767 est
1231 1748 1303 1766 mane
1313 1760 1320 1772 ,
1339 1739 1391 1765 dies
1406 1743 1521 1774 quartus.
1540 1737 1681 1770 Postquam
1695 1736 1765 1762 cnim
1780 1734 1894 1761 absolvit

1101 1791 1224 1814 ornatum
1241 1786 1309 1818 caeli,
1326 1790 1351 1812 et
1365 1785 1448 1811 stellis
1463 1783 1526 1810 illud
1542 1782 1687 1813 decoravit,
1697 1781 1803 1815 duoque
1818 1780 1895 1806 lumi-

1102 1833 1175 1860 naria
1193 1839 1285 1866 magna
1299 1830 1431 1865 produxit.
1450 1829 1529 1855 finem
1545 1828 1598 1855 dici
1615 1826 1755 1861 imposuit;
1769 1831 1794 1852 ct
1807 1825 1894 1851 dixit:

1104 1878 1139 1906 Et
1152 1881 1243 1913 (artum
1257 1883 1292 1904 est
1307 1885 1416 1912 uespere,
1432 1881 1454 1902 et
1468 1876 1563 1910 factum
1573 1880 1608 1901 est
1619 1882 1701 1905 omne,
1714 1873 1767 1899 dies
1780 1877 1893 1907 quartus.

1105 1925 1170 1951 Vide
1185 1932 1236 1959 quo
1251 1929 1326 1958 pacto
1339 1928 1366 1950 et
1378 1923 1426 1949 hoc
1442 1930 1488 1956 per
1498 1921 1615 1955 singulos
1626 1920 1682 1946 dics
1692 1922 1894 1949 commemorat,

1104 1971 1192 1999 divitia
1208 1971 1330 2004 dogmata
1352 1968 1482 2004 frequenti
1502 1966 1683 1994 admonitione
1703 1970 1799 1992 nostra:
1815 1964 1895 1991 menti

1106 2018 1214 2051 infigere
1230 2017 1331 2042 volens.

1142 2065 1167 2092 6.
1191 2063 1296 2090 Muralis
1305 2062 1455 2089 exhortatio.
1473 2076 1508 2080 ——
1531 2060 1592 2087 lla~e
1614 2059 1692 2093 igitur
1713 2057 1801 2084 omnia
1823 2056 1896 2091 quasi

1108 2111 1238 2144 insculpta
1255 2109 1399 2135 retinentes
1419 2108 1444 2134 iu
1460 2106 1600 2133 latitudine
1616 2104 1720 2137 eordis,
1748 2110 1801 2137 quo
1814 2102 1882 2135 ncgli

1107 2158 1222 2192 gentiam
1239 2164 1343 2182 omnem
1358 2154 1533 2183 excutiamus.
1543 2160 1606 2179 sana
1621 2154 1745 2177 accurate
1761 2154 1899 2175 teneamus

1107 2205 1240 2239 dogmata,
1258 2207 1337 2236 atque
1348 2209 1393 2228 eos
1405 2201 1448 2235 qui
1463 2199 1553 2234 gentili
1564 2205 1655 2225 errore
1670 2199 1897 2230 prseoccupantur,

1108 2250 1180 2276 tuitui
1198 2247 1401 2275 tnausuetmliue
1415 2246 1568 2275 doceamus,
1595 2251 1628 2269 ne
1650 2241 1771 2267 ordinem
1786 2239 1899 2266 confun-

1109 2295 1183 2324 dant.
1197 2302 1282 2328 neque
1297 2293 1389 2319 relicto
1402 2291 1529 2317 Creatore
1546 2294 1684 2315 creaturas
1697 2286 1809 2313 adorent
1820 2305 1826 2315 ,
1841 2292 1900 2318 qua:

1109 2341 1144 2367 ob
1157 2344 1275 2366 nostram
1289 2338 1401 2364 salutem
1424 2340 1451 2363 et
1474 2335 1613 2361 utilitatem
1640 2334 1715 2359 factm
1739 2334 1810 2357 sunt.
1835 2329 1900 2356 Nam

1110 2386 1159 2414 etsi
1175 2386 1271 2412 millies
1282 2383 1467 2417 dirumpuntur
1489 2380 1613 2414 gentiles,
1639 2384 1727 2405 tamen
1746 2377 1815 2403 clara
1838 2383 1902 2400 voce

1110 2433 1208 2463 clamo,
1236 2435 1344 2465 propter
1373 2429 1516 2454 humanum
1533 2433 1616 2459 genus
1646 2424 1702 2450 ba-c
1723 2421 1811 2448 (unnia
1834 2421 1901 2447 facta

1110 2485 1188 2510 esse;
1206 2477 1256 2504 sibi
1268 2476 1338 2503 enim
1352 2473 1488 2502 sufficiens
1508 2471 1598 2506 opifex
1618 2470 1691 2496 nullo
1704 2469 1814 2495 istorum
1837 2473 1904 2501 opus

1111 2523 1226 2551 habebat
1241 2531 1248 2549 :
1262 2521 1309 2549 sed
1323 2525 1352 2548 ut
1362 2527 1424 2554 erga
1438 2527 1486 2545 nos
1499 2524 1573 2544 Suam
1599 2515 1789 2550 benignitatem
1810 2517 1903 2539 osten-

1111 2570 1197 2602 deret,
1213 2569 1270 2595 htec
1280 2566 1369 2595 omnia
1384 2564 1518 2600 produxit,
1528 2563 1716 2590 demonstrans
1742 2563 1842 2594 quanto
1857 2558 1904 2584 ho-

1112 2623 1176 2644 nore
1189 2617 1365 2650 prosequatur
1379 2611 1524 2638 humanum
1539 2615 1634 2643 genus,
1649 2611 1677 2634 ut
1690 2606 1731 2633 his
1750 2603 1904 2632 manuducti

1112 2661 1231 2690 debitam
1246 2659 1296 2695 ipsi
1309 2657 1492 2686 adorationem
1507 2655 1664 2683 referamus.
1693 2652 1805 2685 Quanta:
1833 2650 1904 2676 enim

1112 2707 1231 2736 stultitia:
1245 2710 1285 2733 est
1298 2709 1359 2732 ante
1370 2702 1494 2739 pulchras
1506 2706 1644 2729 creaturas
1657 2697 1831 2734 procumbere
1841 2701 1865 2723 ct
1879 2697 1905 2723 in

1114 2755 1166 2782 illis
1179 2752 1336 2783 consistere,
1351 2757 1400 2777 nec
1415 2748 1536 2776 attollere
1551 2747 1647 2775 mentis
1661 2745 1752 2773 oculos
1776 2743 1808 2770 ad
1831 2742 1907 2770 illum

1148 2834 1155 2849 ι
1173 2831 1278 2861 Coisliu.,
1285 2831 1359 2862 juxta
1371 2828 1492 2855 stellarum
1504 2825 1649 2858 positionem.
