2066 3126
136 140 166 169 6|
707 137 744 164 «ΙΝ
763 137 840 164 CAP.
857 136 876 163 Ι.
898 135 938 162 Gl".

995 136 1020 162 Ξ.
1045 136 1154 164 ΙΙΟΜΙΙμ
1182 138 1236 166 νιι.
1742 144 1777 171 οἳ

136 195 470 233 quiens-produxit.1thne
481 194 561 221 Paulo
570 194 678 222 credere
687 194 800 221 dicenti:
813 194 823 219 I
829 193 932 220 "visibi-

136 245 169 270 lia
179 243 248 270 illius
256 251 289 270 ea-
294 242 420 269 creazionc
427 241 514 268 mundi
525 249 568 275 per
576 248 665 276 (aqum
671 240 738 274 facta
748 239 933 266 ςιιιιιῐιιιειιιισια

136 288 394 323 ρει-τίᾱειιιιινυίοηι.
404 289 431 315 1.
439 286 496 322 20)ῐ
505 287 571 320 Quid
578 286 654 318 dicis,
661 286 753 313 homo?
761 286 826 313 Cum
836 286 934 312 videris

136 335 242 366 ea-lnm,
257 333 400 360 admiraris
413 333 472 367 ejus
485 333 688 365 formositatem,
702 336 834 358 astrorum
848 333 934 357 varie-

139 386 232 412 tatem,
245 379 378 406 claritatis
389 378 581 405 eminentiam?
594 378 633 405 Ne
642 377 677 404 ibi
688 377 827 407 subsistas,
839 377 885 403 sed
899 376 932 402 ad

135 425 266 460 Opificcm
282 426 369 459 ipsum
384 429 455 451 tuam
470 423 584 451 extende
598 427 715 450 mentem
731 432 738 449 :
755 423 780 449 in
796 427 932 456 stuporem

136 479 165 499 te
177 479 274 499 rursus
285 471 393 505 conjicit
403 471 448 498 lux
466 471 541 503 solis,
551 475 584 497 et
592 469 733 496 admiraris
743 469 801 503 ejus
807 468 933 502 multipli—

138 525 195 544 cem
212 525 307 544 usuum:
324 522 351 544 et
363 517 425 552 quia
440 516 514 543 vides
540 516 629 543 radios
652 516 816 543 illustrantes
841 515 934 542 oculos

133 567 210 593 tutis,
224 562 366 589 admiraris
377 562 503 590 elementi
522 561 766 597 pulchritudinem?
779 561 831 588 Sed
848 569 934 596 ncqttc

138 607 181 634 hic
195 608 345 640 subsistas;
361 607 415 634 imo
427 607 476 634 hoc
491 608 588 642 cogita,
604 607 626 634 si
639 612 760 634 creatura
773 611 826 633 tam
851 606 934 633 admi-

138 653 231 679 rabilis
241 657 291 684 est,
303 657 416 687 etsupra
425 653 543 680 omnium
555 653 706 687 opinionem
720 658 746 680 et
757 653 931 686 intellectum,

139 704 257 732 quantus
268 704 309 726 est
322 699 368 734 qui
383 699 467 734 ipsam
481 700 539 727 solo
552 699 635 726 verbo
647 705 674 726 et
687 704 822 735 pra‘eepto
837 699 934 735 produ-

139 745 194 771 xit‘!
209 745 326 779 ldipsum
340 749 368 772 ct
382 745 416 773 de
444 749 513 772 terra
539 750 627 772 tecum
650 739 789 773 considera
805 754 812 773 :
827 745 934 781 quando

140 791 238 818 videris
252 799 310 818 eam
324 791 434 818 ﬂoribus
442 791 542 821 ornari.
559 791 627 818 sicut
640 793 828 819 vestimentum
843 791 932 818 multis

139 837 276 864 coloribus
288 836 454 869 distinctum,
465 837 538 863 varia
551 836 694 864 herbarum
714 842 804 872 segete
819 837 935 872 undique

140 882 196 916 tegi
211 890 217 907 :
235 890 267 909 ne
275 882 363 909 virtuti
371 887 448 909 terrm
457 881 627 910 adscribasca
636 890 695 917 quze
707 890 738 909 cx
748 883 803 916 ipsa
819 889 935 909 nascun-

140 933 196 960 tur,
210 936 295 963 neque
305 928 372 955 solis
383 929 423 955 vel
439 929 508 956 luna:
517 928 716 963 cooperationi;
733 929 780 955 Sed
793 928 876 963 probe
886 935 934 955 co-

139 974 194 1008 gita
209 975 290 1001 Deum
304 978 366 1002 ante
381 974 486 1001 illorum
500 975 661 1002 creationem
673 975 772 1002 dixisse
786 975 934 1008 dumtaxat,

141 1019 272 1047 Producat
287 1025 353 1047 terra
366 1020 469 1047 herbam
479 1020 550 1054 freni,
566 1025 593 1047 et
607 1029 670 1047 mox
683 1028 790 1047 omnem
806 1025 884 1048 terra:
898 1021 936 1048 fa-

141 1067 210 1094 ciem
219 1072 339 1094 ornatam
348 1067 438 1094 fuisse.
450 1067 476 1094 Si
487 1067 543 1094 haec
557 1067 668 1101 singulis
682 1067 776 1094 diebus
797 1068 935 1095 nobiscum

139 1121 291 1147 versemus,
299 1114 347 1147 ipsi
354 1113 423 1149 grati
432 1115 543 1146 erimus,
553 1118 580 1140 ct
589 1113 700 1140 Domino
707 1113 828 1147 utdecet,
839 1114 893 1140 imo
908 1119 936 1140 ut

141 1164 241 1187 nostra:
249 1159 427 1193 viresferunt,
443 1159 552 1194 gloriam
566 1159 698 1186 dabimus.
716 1159 832 1186 Gloriam
845 1163 936 1185 autem

139 1207 192 1240 ipsi
201 1206 358 1237 tribuemus,
370 1214 421 1233 non
430 1214 477 1240 per
486 1206 535 1233 hoc
542 1206 638 1238 solum,
657 1206 704 1233 sed
717 1210 745 1234 et
754 1213 801 1241 per
809 1206 936 1240 optimam

140 1252 236 1284 vitam,
248 1252 270 1278 si
283 1252 369 1279 nonin
382 1251 474 1279 eadem
487 1255 595 1286 peccata
604 1251 763 1284 recidamus,
775 1251 820 1278 sed
830 1251 936 1286 longum

141 1299 201 1324 vale
214 1298 334 1325 (licentes
347 1297 487 1325 diabolicis
501 1297 678 1330 illusionibus,
694 1297 813 1332 diligenti
827 1298 937 1332 posthac

142 1344 308 1376 attentione,
324 1343 462 1378 multoque
476 1343 577 1376 studio,
593 1348 620 1371 ct
630 1344 753 1370 continua
769 1344 937 1371 confessione

142 1397 288 1425 supernam
303 1389 517 1417 benevolentiam
533 1390 610 1418 nobis
622 1390 807 1417 conciliemus.
835 1389 939 1417 Sufficit

142 1438 215 1463 enim
231 1436 269 1462 illi
283 1435 319 1462 ob
333 1443 457 1470 magnam
472 1443 547 1462 suam
570 1435 793 1469 misericordiam,
811 1441 840 1462 nt
862 1435 947 1465 dcsi-.

142 1486 246 1509 stamus
260 1489 274 1507 a
287 1482 412 1516 peccatis.
427 1481 454 1509 Si
469 1482 540 1509 enim
554 1482 605 1509 hoc
620 1482 803 1515 statuerimus,
817 1482 893 1509 facile
912 1486 940 1509 et

143 1528 176 1554 ad
195 1527 325 1554 bonorum
345 1534 457 1562 operum
471 1527 603 1554 actionem
625 1528 804 1561 impellemur.
819 1527 858 1555 Ne
868 1528 938 1562 quis,

144 1575 270 1606 obsecro,
288 1573 434 1607 posthacin
449 1574 613 1601 circensibus
639 1573 708 1601 ludis
732 1579 876 1609 appareat,
907 1582 941 1603 ne

145 1619 206 1654 quis
220 1619 246 1646 in
257 1619 657 1654 conventiculisintempestivis
679 1619 730 1647 diei
752 1625 853 1654 partem
873 1620 941 1647 dila-

146 1665 237 1700 pidet;
253 1673 285 1691 ne
296 1665 355 1699 quis
370 1665 484 1692 talorum
499 1665 572 1697 ludo,
590 1669 616 1692 el
628 1666 737 1692 clamori
752 1666 796 1700 qui
811 1665 872 1692 inde
887 1666 941 1692 ori-

146 1716 189 1737 tur
204 1717 235 1737 ac
246 1711 355 1745 reliqua!
370 1710 495 1744 perniciei
511 1711 621 1745 posthac
647 1718 675 1738 se
699 1711 853 1738 admisceat.
875 1712 941 1745 Qua:

147 1756 220 1783 enim
237 1756 338 1782 utilitas
350 1756 455 1790 jejunii,
471 1756 524 1789 dic,
537 1757 648 1783 obsecro
661 1778 668 1789 ,
693 1758 715 1784 si
732 1761 786 1784 toto
810 1757 852 1784 die
875 1757 941 1784 nihil

146 1801 278 1834 comedis,
294 1801 363 1829 ludis
377 1807 465 1829 autem
480 1803 599 1834 tesseris,
614 1803 766 1838 etnugaris,
780 1810 851 1837 sa:pe
861 1803 940 1830 etiam

149 1848 254 1882 pejcras
267 1852 295 1875 et
306 1847 488 1883 blasphemas,
503 1852 530 1875 et
545 1849 580 1875 ita
605 1853 689 1876 totum
714 1849 824 1876 iusumis
845 1849 915 1876 diem
929 1849 942 1876 ἲ

147 1892 197 1925 Nc,
212 1892 337 1927 obsecro,
355 1901 388 1920 ne
404 1894 438 1920 ita
454 1894 618 1929 negligentes
634 1895 718 1922 simus
732 1895 757 1921 in
770 1895 942 1929 nostraipso-

148 1947 208 1966 rum
224 1939 325 1972 salute;
344 1940 406 1975 quin
423 1941 512 1975 potius
524 1948 612 1968 sermo
631 1945 723 1968 noster
749 1942 784 1968 sit
808 1942 842 1968 de
862 1942 942 1976 spiri-

149 1985 278 2018 tualibus,
294 1990 322 2012 et
334 1985 429 2012 librum
446 1986 565 2013 divinum
580 1987 694 2022 accipiat
709 1987 804 2022 aliquis
821 1987 846 2013 in
859 1987 944 2014 mani-

150 2030 211 2063 bus,
222 2031 430 2066 convocatisque
450 2033 588 2066 proximis,
603 2041 650 2068 per
662 2033 749 2060 divina
772 2033 877 2069 eloquia
906 2034 943 2060 ri-

150 2082 194 2110 get
204 2081 232 2102 et
240 2084 316 2103 suam
331 2081 359 2104 et
371 2078 540 2111 pnescntium
557 2083 674 2105 mentem
687 2087 693 2104 :
707 2083 733 2105 ut
747 2079 785 2106 sic
799 2079 944 2106 diabolicas

153 2123 266 2149 insidias
281 2123 400 2158 effugere
414 2124 560 2158 valeamus,
575 2132 686 2160 magnos
698 2126 837 2160 percipere
850 2125 944 2160 jejunii

150 2168 303 2202 fructus,et
317 2169 544 2205 frnibenignitate
555 2171 611 2203 Dei,
627 2172 712 2206 gratia
724 2177 751 2199 et
766 2173 944 2199 miserationi-

151 2215 200 2243 bus
214 2216 344 2251 unigeniti
359 2217 418 2244 Filii
429 2217 497 2252 ejus,
524 2225 584 2245 cum
606 2226 660 2253 quo
688 2218 759 2245 Patri
784 2224 812 2245 et
834 2218 945 2253 Spiritui

150 2267 244 2289 uncto
255 2263 290 2290 sit
303 2262 397 2298 gloria,
410 2263 562 2298 imperium,
570 2263 667 2296 honor,
679 2272 751 2292 nunc
764 2269 793 2293 et
818 2272 924 2301 semper
934 2287 944 2300 ,

151 2308 219 2335 etin
235 2309 332 2335 szccula
346 2309 515 2336 srcculorum.
530 2311 625 2337 Amen.

445 2366 584 2394 HOMILIA
597 2367 651 2394 Vll.

153 2410 186 2437 Et
198 2410 267 2438 dixit
277 2411 347 2439 Deus
360 2423 366 2439 :
384 2411 501 2439 Educaut
513 2422 585 2447 aqum
598 2414 697 2449 reptiiia
709 2416 850 2442 animarum
859 2416 945 2443 viven-

187 2457 262 2489 tium,
276 2462 300 2483 et
314 2457 427 2484 volatilia
437 2458 547 2485 volantia
559 2467 634 2493 super
646 2465 739 2487 terram
753 2462 890 2488 secundum
904 2463 948 2496 (ir-

188 2507 343 2528 mameutum
358 2503 424 2535 cazli,
438 2509 461 2530 et
474 2503 568 2537 factum
584 2511 619 2532 est
632 2505 686 2540 εἰς(
701 2505 763 2533 Gen.
789 2507 813 2533 1.
829 2506 886 2542 20).
915 2507 947 2534 Et

187 2548 249 2582 fecit
263 2546 331 2573 Deus
343 2552 395 2574 cete
407 2556 508 2583 magna,
527 2555 550 2576 et
565 2558 661 2576 euntem
671 2551 780 2578 animant
799 2552 948 2579 animalium

187 2593 330 2627 rrptilium,
353 2602 411 2627 qua:
435 2595 607 2629 produxerunt
621 2605 692 2630 aqum
706 2598 841 2624 secundum
857 2606 948 2633 genera

188 2647 235 2665 sua
248 2639 257 2672 (
272 2637 340 2665 Ibid.
356 2638 388 2666 ‘3]

190 2705 216 2731 ί.
227 2704 302 2731 Dicta
312 2705 338 2731 in
352 2705 503 2740 pracodenti
513 2705 624 2733 Humilia
633 2708 729 2742 mitigat
740 2717 750 2741 ;
763 2715 849 2736 avocat
862 2711 951 2739 uituli:

150 2751 328 2777 Circensibus.
344 2765 380 2770 -—
392 2751 455 2779 Heri
467 2759 515 2778 eos
529 2752 572 2786 qui
587 2753 618 2779 ad
633 2756 763 2788 equestris
779 2755 832 2783 ludi
848 2763 951 2791 specta-

154 2797 243 2822 culum
256 2797 388 2828 abierant,
405 2797 471 2824 satis
487 2798 699 2832 perstrinximus,
713 2800 894 2829 demonstrata
911 2812 951 2831 eis

155 2842 266 2876 tectura:
295 2851 375 2878 quam
399 2843 519 2871 fecerunt
543 2845 721 2880 magnitudine
737 2857 743 2875 :
760 2857 855 2884 nempe
880 2852 951 2886 quod

987 192 1152 226 spiritualem
1166 195 1320 222 thesaurum
1334 204 1364 222 ex
1372 197 1476 231 jejunio
1492 199 1632 227 collectum
1645 202 1722 228 simul
1737 203 1778 230 cf-

988 237 1113 270 fudcrint,
1128 244 1154 267 et
1166 248 1198 267 ex
1220 248 1314 276 magna
1328 241 1488 270 abundantia
1505 245 1530 272 in
1545 252 1694 274 extremam
1720 249 1779 276 iuo‘

987 283 1056 317 piam
1067 285 1155 312 subito
1179 286 1281 321 scipsos
1303 287 1481 321 conjcccrint.
1504 291 1570 324 Age,
1589 292 1689 320 leniore
1701 293 1781 322 hodie

987 331 1230 364 utamurtemcdio,
1246 337 1272 358 ct
1284 331 1390 359 illorum
1406 334 1551 367 spiritualia
1568 337 1688 371 vulnera,
1704 342 1778 374 quasi

986 375 1106 402 membra
1119 381 1208 403 nostra
1224 383 1324 410 essent,
1337 379 1485 412 obligemus
1497 389 1504 407 ι
1521 383 1582 416 quia
1596 388 1623 409 et
1635 383 1690 410 heri
1703 393 1780 419 aspe~

987 420 1057 447 riora
1072 421 1248 449 medicamina
1265 423 1452 458 imposuimus,
1466 433 1517 452 non
1535 432 1561 453 ut
1574 435 1681 462 quoquo
1701 431 1780 455 nuuiu

988 467 1142 494 maestitiam
1157 468 1327 501 inferrenms,
1342 477 1374 497 ac
1387 471 1506 498 dolorem
1531 480 1689 508 augeremus
1700 495 1707 506 ,
1736 477 1782 502 sed

987 516 1016 538 ut
1029 512 1196 539 vehementia
1213 514 1259 541 illa
1275 515 1349 541 ulcus
1372 515 1458 550 ipsum
1474 518 1604 552 attingere
1629 527 1782 553 possemus.

988 556 1094 584 Etenim
1106 559 1212 590 medici,
1227 564 1255 586 et
1276 565 1364 594 patres
1386 562 1425 588 sic
1448 563 1535 591 facere
1559 571 1756 592 consueverunt
1774 575 1781 592 :

988 604 1168 632 medieienim
1190 607 1304 641 primum
1328 615 1467 643 apponunt
1489 611 1679 646 cataplasmata
1700 615 1783 648 magis

988 649 1116 683 efficacia,
1142 656 1168 678 et
1182 651 1241 679 dein
1256 657 1333 687 rupto
1344 654 1434 682 ulcere
1446 655 1549 683 leuiora
1562 657 1703 685 admovent
1717 668 1722 685 :
1735 667 1784 693 pa-

989 698 1043 722 tres
1058 703 1163 731 quoque
1175 705 1235 724 cum
1252 699 1364 726 viderint
1378 700 1446 727 filios
1457 709 1520 729 suos
1530 702 1712 738 incompositis
1724 713 1783 732 mo-

989 740 1072 774 ribus,
1091 742 1165 776 prius
1185 744 1301 777 graviter
1325 746 1482 774 verberibus
1504 749 1660 783 corripiunt,
1677 755 1704 777 et
1721 751 1783 778 dciu

990 786 1173 816 admonentet
1184 789 1333 818 hortantur.
1345 791 1402 819 Hoc
1415 793 1495 821 modo
1523 799 1550 821 et
1578 803 1636 828 nos,
1662 798 1784 831 quamvis

991 832 1049 860 heri
1064 834 1258 863 vehementiori
1270 844 1394 865 sermone
1409 840 1447 866 usi
1458 840 1594 875 fucriums,
1607 842 1685 870 hodie
1696 848 1784 871 tamen

989 878 1114 906 blandius
1129 881 1206 908 vobis
1217 882 1386 917 loquemur‘,
1416 889 1443 912 et
1463 886 1533 913 sicut
1557 893 1646 914 nostra
1662 889 1783 916 membra

989 925 1152 953 curabimus.
1164 926 1229 954 Nam
1240 933 1267 954 ut
1278 929 1412 963 profectus
1420 936 1508 958 vester
1518 932 1647 966 majorem
1660 933 1784 969 loquendi

991 971 1112 999 fiduciam
1125 973 1202 1000 nobis
1214 974 1350 1009 conciliat,
1373 980 1399 1003 et
1413 977 1559 1012 spiritualis
1575 985 1665 1006 noster
1676 980 1784 1007 thesau-

990 1025 1036 1045 rus
1049 1022 1100 1050 est,
1110 1019 1131 1045 si
1149 1026 1194 1046 vos
1208 1027 1349 1048 cernamus
1362 1022 1388 1049 in
1410 1024 1593 1057 spiritualibus
1621 1026 1784 1054 incrementa

990 1064 1290 1097 capere,ctvirtutibus
1317 1074 1377 1094 esse
1405 1070 1575 1104 conspicuos,
1597 1076 1676 1106 atque
1696 1072 1729 1098 ab
1753 1073 1785 1100 iis

991 1116 1051 1143 qua:
1067 1117 1164 1136 nocere
1179 1111 1279 1144 valent,
1294 1112 1369 1140 vobis
1390 1121 1504 1142 cavere:
1519 1116 1558 1143 sic
1580 1117 1686 1151 quando
1710 1118 1784 1145 vide-

991 1162 1050 1181 mus
1065 1162 1111 1182 vos
1122 1155 1298 1190 suppiantari,
1314 1162 1340 1185 et
1353 1158 1492 1187 diabolicis
1508 1161 1674 1189 illusimiibus
1689 1164 1780 1191 seduci

991 1203 1019 1225 et
1031 1199 1138 1233 subjici,
1151 1201 1277 1228 maestitia
1289 1202 1440 1237 implentur,
1450 1209 1476 1231 et
1485 1206 1569 1239 pudor
1583 1208 1700 1241 quidam,
1713 1210 1787 1236 utsic

995 1244 1092 1276 dicam,
1118 1246 1234 1273 animam
1255 1252 1372 1275 nostram
1398 1255 1521 1285 occupat.
1548 1252 1613 1279 Nam
1640 1255 1786 1282 secundum

992 1290 1099 1318 beatum
1111 1292 1232 1325 Paulum,
1248 1293 1319 1320 Tum:
1333 1303 1378 1321 nos
1393 1296 1507 1330 vivimus,
1521 1298 1543 1324 εἰ
1553 1306 1595 1325 vos
1607 1300 1678 1326 statis
1690 1300 1716 1327 iu
1733 1301 1786 1328 Da-

993 1336 1061 1362 ιιιὶηο
1075 1336 1084 1371 (
1096 1337 1120 1363 Ι.
1135 1336 1223 1364 Tum.
1240 1339 1267 1366 5.
1280 1338 1323 1375 8).

1031 1381 1111 1415 Igitur
1124 1387 1151 1409 ut
1165 1382 1285 1417 perfecti,
1298 1390 1324 1411 et
1340 1386 1434 1420 repicti
1448 1386 1584 1416 intellectu
1597 1410 1605 1422 ,
1631 1390 1669 1417 sic
1692 1398 1785 1418 eorum

993 1433 1052 1460 qua:
1065 1431 1136 1453 retro
1150 1432 1212 1454 sunt
1226 1429 1432 1465 obliviscamini,
1452 1437 1479 1459 ut
1492 1433 1524 1460 ad
1538 1441 1568 1461 ea
1583 1442 1642 1468 qurc
1657 1441 1719 1463 ante
1740 1445 1788 1464 vos

994 1475 1056 1497 sunt
1068 1473 1204 1500 enitamini
1217 1483 1223 1500 :
1243 1478 1270 1501 ct
1283 1474 1383 1502 fmdcra
1396 1484 1454 1511 qua:
1467 1485 1527 1505 cum
1540 1478 1645 1507 Christo
1667 1481 1763 1509 iniistis
1779 1503 1787 1515 ,

995 1522 1132 1550 renovata,
1144 1518 1251 1546 stabilia
1264 1525 1291 1547 et
1306 1521 1431 1549 inviolata
1447 1524 1558 1557 posthac
1581 1527 1715 1554 custodite
1732 1536 1739 1554 :
1755 1536 1785 1555 ac

996 1563 1142 1596 prudenter
1150 1564 1297 1592 intercluso
1305 1564 1444 1594 diabolicis
1453 1570 1693 1600 machinationibus
1703 1573 1774 1601 aditu
1781 1596 1787 1605 ,

995 1607 1175 1643 subsequente
1185 1611 1273 1637 studio
1289 1611 1444 1647 inscriptam
1460 1614 1536 1642 vobis
1563 1615 1673 1644 desidia:
1694 1626 1787 1646 macu-

997 1653 1049 1679 lam
1064 1654 1220 1690 abstergite,
1234 1656 1338 1684 devicta
1347 1657 1532 1694 intempestiva
1547 1661 1590 1688 illa
1602 1667 1628 1688 et
1639 1664 1788 1697 perniciosa

996 1701 1190 1729 consuetudine
1205 1710 1212 1727 :
1227 1706 1254 1729 et
1267 1704 1392 1738 cogitate,
1407 1712 1459 1732 non
1473 1705 1523 1733 hoc
1532 1707 1616 1734 solum
1628 1716 1708 1743 grave
1717 1717 1788 1743 esse,

996 1746 1066 1780 quod
1080 1747 1122 1780 qui
1137 1747 1182 1773 illo
1193 1748 1330 1776 confluunt
1347 1770 1354 1782 ,
1375 1758 1500 1785 magnum
1513 1752 1561 1779 sibi
1578 1753 1703 1781 damnum
1717 1756 1787 1782 asci-

1000 1796 1086 1824 scant,
1097 1792 1143 1819 sed
1155 1797 1181 1820 et
1190 1794 1261 1828 quod
1271 1795 1360 1822 multis
1371 1796 1430 1824 aliis
1440 1797 1600 1826 offendicqu
1610 1800 1674 1826 sint.
1684 1801 1787 1836 Quippe

998 1837 1111 1871 gentiles
1124 1843 1151 1865 et
1162 1838 1247 1866 .Iudtci
1259 1840 1379 1868 videntes
1392 1849 1439 1869 eos
1450 1843 1494 1877 qui
1505 1844 1623 1877 quotidie
1637 1845 1664 1872 iu
1675 1847 1788 1874 ceclcsia

999 1887 1149 1918 versantur,
1165 1890 1192 1912 et
1213 1885 1346 1921 frequenti
1368 1887 1490 1916 doctrina
1518 1889 1684 1925 imbuuntur,
1710 1893 1789 1920 siuml

999 1929 1034 1956 ibi
1049 1937 1214 1965 comparere,
1230 1938 1257 1959 et
1270 1933 1320 1960 sibi
1331 1936 1499 1963 commisceri
1508 1957 1514 1969 ,
1528 1939 1662 1972 quomodo
1682 1948 1724 1967 res
1740 1949 1789 1968 no~

998 1980 1067 2003 stras
1075 1984 1124 2011 pro
1136 1977 1336 2013 deceptionibus
1349 1988 1402 2007 non
1417 1981 1561 2016 habebunt,
1571 1989 1598 2011 et
1612 1993 1664 2012 non
1677 1986 1746 2013 idem
1757 1987 1790 2013 dc

999 2022 1122 2049 omnibus
1138 2023 1214 2051 nobis
1226 2025 1450 2059 suspicabuntur?
1465 2028 1560 2056 Annon
1580 2030 1655 2058 audis
1683 2032 1789 2060 beatqu

1000 2067 1109 2095 Paulum
1131 2069 1328 2104 admonentem,
1351 2077 1378 2099 ct
1401 2074 1585 2103 consulentem
1609 2077 1680 2104 clara
1705 2086 1789 2106 voce:

1000 2115 1254 2150 Absqueoﬂ'endiculo
1267 2118 1361 2154 estote(
1373 2119 1398 2146 1.
1411 2119 1469 2146 Cor.
1482 2121 1523 2148 10.
1536 2122 1571 2149 5‘2
1584 2122 1615 2158 )?
1630 2123 1739 2157 Deinde,
1757 2134 1791 2152 ne

1000 2165 1077 2195 putes
1100 2161 1135 2188 de
1156 2162 1255 2189 nostris
1270 2167 1372 2190 tantum
1384 2164 1538 2199 admonere,
1550 2167 1635 2202 deque
1650 2169 1682 2196 iis
1696 2170 1740 2204 qni
1765 2170 1791 2197 in

1001 2206 1094 2232 eodem
1110 2206 1204 2233 ordine
1215 2207 1293 2241 positi
1311 2214 1383 2242 sunt,
1409 2210 1526 2238 subdidit
1541 2221 1548 2239 ι
1563 2212 1597 2239 Et
1621 2213 1720 2242 Iudicis
1731 2236 1738 2248 ,
1769 2222 1792 2242 et

1001 2251 1132 2286 gentibus;
1146 2257 1173 2279 ct
1188 2253 1293 2280 tandem
1307 2254 1420 2288 adjecit:
1437 2255 1470 2282 Et
1494 2256 1614 2284 Ecclesiw
1637 2258 1693 2286 Dei.
1722 2260 1793 2288 Nibit

1002 2297 1073 2324 enim
1087 2297 1122 2324 ita
1133 2297 1212 2325 obest
1226 2304 1253 2325 ct
1268 2305 1346 2326 nocet
1358 2301 1478 2335 religioni
1494 2308 1604 2336 nostrw,
1633 2310 1661 2331 ut
1680 2306 1794 2333 offendi-

1002 2344 1157 2371 culiansam
1173 2345 1464 2379 praebcreinfidelibos.
1488 2348 1554 2375 Nam
1574 2351 1680 2384 quando
1705 2352 1794 2379 vident

1003 2389 1106 2424 aliquos
1126 2397 1143 2417 e
1157 2391 1256 2417 nostris
1265 2391 1362 2418 virtute
1372 2393 1540 2428 conspicuos,
1556 2394 1634 2430 hujus
1645 2398 1704 2423 vita:
1718 2406 1794 2433 nego‘

1004 2435 1038 2460 tia
1049 2439 1077 2461 et
1089 2442 1189 2462 curase
1199 2436 1305 2463 sublimi
1319 2443 1492 2466 contemnere
1505 2460 1512 2474 ,
1536 2448 1568 2468 ex
1595 2441 1627 2469 iis
1637 2432 1640 2438 λ
1649 2442 1693 2469 alii
1719 2445 1793 2476 quasi

1005 2481 1192 2515 prtefocantnr,
1216 2482 1260 2510 alii
1272 2483 1437 2512 admirantur
1452 2490 1479 2513 et
1497 2486 1702 2522 obstupescunt,
1724 2491 1794 2525 quod

1005 2534 1064 2554 cum
1084 2527 1204 2562 ejusdem
1218 2534 1298 2564 atque
1315 2531 1353 2558 illi
1369 2537 1470 2559 natura:
1493 2533 1556 2565 siut,
1573 2542 1625 2562 non
1640 2535 1732 2563 eadem
1755 2544 1795 2563 ta—

1005 2580 1066 2599 men
1081 2573 1130 2608 ipsi
1139 2575 1338 2609 aggrediantur.
1349 2576 1448 2604 Verum
1465 2578 1571 2612 quando
1584 2580 1625 2606 vel
1640 2575 1792 2616 aliquan’tu-

1006 2618 1059 2646 lum
1073 2619 1182 2647 desidia).
1201 2626 1228 2648 et
1253 2622 1418 2658 negligentia:
1432 2624 1539 2658 vident,
1568 2627 1656 2653 statim
1680 2627 1796 2663 linguam

1006 2671 1139 2693 exacuunt
1152 2667 1229 2694 simul
1242 2673 1335 2695 contra
1351 2676 1400 2696 nos
1412 2677 1517 2704 omnes,
1544 2676 1570 2699 et
1585 2680 1616 2699 ex
1645 2674 1724 2701 unius
1749 2675 1797 2702 de-

1009 2712 1070 2739 licto
1087 2717 1169 2740 totam
1184 2713 1395 2743 Christianorum
1411 2721 1517 2751 gentem
1539 2719 1682 2751 ιιιειῑιιιιιιιι.
1706 2721 1797 2756 Neque

1009 2755 1051 2784 hic
1064 2758 1176 2792 gradum
1188 2760 1294 2794 sistunt,
1306 2760 1353 2788 sed
1367 2762 1457 2788 statim
1473 2762 1602 2791 adversus
1616 2771 1696 2800 caput
1718 2755 1796 2794 suum

1039 2827 1048 2843 ί
1066 2831 1124 2858 Reg.
1137 2834 1201 2867 unus
1207 2829 1509 2867 ctuttcsilinq‘loqtmmur,
1520 2840 1572 2865 ιντο,
1592 2834 1735 2867 tor/acrum;
1754 2844 1796 2862 cu-

1008 2865 1096 2889 remus,
1108 2866 1162 2891 pro,
1174 2858 1319 2885 amabimus.
1356 2858 1376 2872 λ
