2066 3126
290 140 325 165 (ῐῆ
662 136 689 163 S.
703 136 841 164 JOANNIS
856 135 1088 164 CHRYSOSTOMI
1109 137 1266 166 ARCIIIEP.
1282 138 1543 170 COXSTANTIICOP.
1895 142 1929 170 GL

292 193 438 226 loquentes,
452 192 488 219 oh
499 199 635 220 servorum
653 193 782 220 desidiam
803 193 884 220 etiam
908 199 1078 219 communem

291 237 430 264 Domituun
443 237 629 272 blasphemarc
643 239 752 271 audent,
779 243 805 266 et
819 242 912 273 putant
935 237 1081 265 velamenta

289 290 409 310 errorum
422 291 530 311 suorum
544 293 604 312 esse
615 286 727 312 aliorum
741 286 874 312 inertiam.

327 329 356 358 2.
372 330 448 365 Quod
460 335 547 358 autem
565 331 616 358 hoc
626 332 741 359 maxime
755 332 932 366 periculosum
946 331 980 358 sit
993 331 1025 358 iis
1037 330 1080 365 qui
1098 331 1108 337 ”

291 375 463 411 blasphemia:
472 376 641 404 occasionem
655 377 783 411 prtebent,
798 377 936 404 audiamus
965 376 1082 411 prOphu-

289 427 341 449 tam
363 422 533 455 clamantem,
563 427 589 449 et
610 430 645 449 ex
670 430 783 456 persona
799 422 845 449 Dei
860 422 1015 450 dicentem:
1037 420 1081 447 Va:

292 469 368 501 tabis,
379 469 438 504 quia
453 473 554 504 propter
567 476 609 495 vos
625 476 714 494 nomen
737 475 820 494 meum
842 467 1029 502 blasphematur
1054 466 1079 492 in

289 515 403 549 gentibus
416 513 483 549 (1εαὶ
493 534 499 540 .
512 514 557 541 52.
571 514 587 541 5
601 513 621 547 ).
637 513 767 540 Terribile
781 513 831 540 hoc
845 514 955 540 verbum
968 517 1009 539 est
1021 531 1028 544 ,
1054 516 1081 537 et

291 559 403 586 horrore
419 559 537 594 plenum.
558 558 601 586 γω
615 559 685 585 enim
698 557 762 585 illud
774 562 816 585 est
830 557 903 592 quasi
916 557 1080 591 deplorantis

291 613 349 637 eos,
362 605 404 640 qui
419 605 578 640 supplicium
603 604 667 632 illud
691 603 845 631 inevitabile
864 602 978 629 subituri
1006 607 1078 629 sunt.

290 653 374 679 l‘orro
385 652 511 679 sicuteos
524 652 569 687 qui
592 659 640 686 per
660 658 735 678 suam
760 650 948 685 negligentiam
971 656 1078 676 causam

288 697 341 725 illis
357 698 475 732 prmbent
490 696 691 731 blasphemandi
715 695 809 730 ingens
831 702 908 730 pmna
935 698 1025 721 manet
1048 701 1079 720 ac

289 743 497 770 condemnatio:
513 742 548 769 ita
563 742 695 770 cdiverso
713 743 840 767 virtutum
860 739 985 767 studiosis
1006 739 1079 766 mille

292 796 451 816 coronarum
461 788 568 815 materia
580 793 698 823 paratur.
712 787 783 814 ls:ud
794 787 879 821 ipsum
891 785 991 813 docens
999 785 1079 812 Chri-

287 839 354 867 stus,
370 834 494 862 diccbat:
512 833 604 860 Luccat
615 834 660 860 lux
670 837 750 860 vestra
770 840 856 859 coram
882 831 1034 863 hominibus,
1051 836 1078 857 ut

287 880 387 906 uideant
402 887 479 914 opera
494 883 574 906 ucstra
587 878 659 910 bona,
673 882 694 905 et
709 878 852 913 glorificent
865 877 1079 904 Patremvestrum

286 926 329 961 qui
354 925 380 952 in
396 925 463 952 cwlis
476 930 511 952 est
527 924 633 959 (Matth.
649 925 674 952 5.
692 924 759 959 16).
775 923 839 950 Nam
855 922 1077 958 quemadmodum

288 970 325 997 illi
336 971 484 1005 aliquorum
501 970 594 997 inertia
609 969 714 1002 offensi,
730 969 846 1003 linguam
862 973 961 995 acuunt
984 974 1077 995 contra

287 1016 427 1043 Dominum
440 1020 559 1043 nostrum
574 1023 580 1041 :
596 1015 645 1047 sic,
661 1015 755 1050 inquit,
770 1015 791 1042 si
806 1015 930 1041 virtutem
951 1022 1078 1043 excreue-

285 1061 353 1094 ritis,
369 1061 413 1096 qui
431 1061 545 1088 viderint
559 1068 606 1087 vos
617 1061 749 1092 homines,
766 1068 818 1088 non
835 1068 880 1088 vos
894 1064 997 1088 tantum
1019 1061 1077 1088 lau-

287 1106 398 1139 dabunt,
414 1106 460 1133 sed
474 1113 534 1133 cum
556 1108 745 1142 conspexerint
756 1115 837 1142 opera
850 1111 936 1134 vestra
952 1107 1076 1139 lucentia,

285 1156 312 1179 et
327 1152 409 1180 facies
423 1156 525 1181 vestras
540 1152 716 1185 illustrantia,
743 1153 775 1180 ad
801 1153 887 1188 gloria
909 1153 1076 1180 afﬁciendum

287 1197 393 1226 Patrem
405 1204 522 1226 vestrum
539 1199 583 1233 qui
596 1198 622 1225 in
633 1198 706 1225 caelis
716 1204 767 1230 est,
782 1203 955 1233 prorumpent
967 1206 974 1231 ;
1000 1205 1076 1225 cum-

285 1252 336 1279 que
353 1244 402 1271 hoc
415 1244 449 1271 ab
464 1244 515 1272 illis
531 1244 585 1276 fiet,
598 1251 704 1271 rursum
716 1248 806 1270 nostra
819 1243 927 1278 praemia
940 1243 1073 1278 augebun-

285 1296 338 1322 tur,
350 1295 376 1317 et
390 1291 472 1317 multa
489 1290 566 1317 nobis
577 1290 645 1317 bona
656 1289 786 1316 concedet
802 1289 871 1316 Deus
883 1310 891 1322 ,
912 1295 945 1316 eo
958 1288 1028 1324 quod
1043 1289 1077 1315 ali

286 1335 339 1362 illis
354 1335 485 1363 laudetur.
511 1335 562 1362 Eos
576 1335 646 1362 enim
667 1334 710 1368 qui
724 1342 763 1360 me
774 1334 930 1369 glori/icant,
945 1334 994 1367 ait,
1019 1334 1076 1369 glo-

284 1382 387 1416 riﬁcabo
401 1381 410 1417 (
422 1382 447 1408 L
462 1381 526 1417 Reg.
541 1381 568 1408 Ξ.
583 1380 617 1408 50
632 1379 652 1416 ).
674 1380 744 1407 Nihil
760 1380 838 1415 igitur
866 1388 919 1408 non
943 1387 1053 1415 agamus
1066 1399 1074 1413 ,

283 1429 384 1462 dilecti,
401 1432 431 1455 ut
445 1428 610 1464 glorificetur
624 1426 752 1455 Dominus
766 1431 867 1460 noster,
879 1432 906 1454 et
918 1427 1075 1454 nullisimus

283 1474 434 1501 offendiculi
450 1474 566 1501 occasio.
582 1473 609 1501 ld
623 1474 693 1508 quod
707 1478 837 1509 perpetuo
860 1481 908 1500 nos
928 1473 1007 1500 docet
1020 1481 1076 1500 ma-

286 1520 371 1554 gister
384 1519 456 1546 orbis
469 1519 563 1546 beatus
574 1518 682 1552 Paulus,
694 1518 757 1546 dum
772 1519 810 1545 sic
823 1518 859 1545 ait
874 1527 879 1545 :
897 1518 927 1545 Si
942 1519 1011 1545 cibus
1036 1520 1075 1554 of-

286 1565 365 1596 fendit
380 1567 483 1599 fratrem
504 1572 596 1597 meum,
622 1572 759 1600 numquam
781 1564 808 1591 in
830 1568 952 1591 aeternum
975 1571 1075 1590 carnem

282 1610 412 1636 comedunt
427 1609 463 1645 (Ι.
479 1608 537 1637 Cor.
551 1609 579 1637 8.
596 1610 630 1638 l5
679 1610 714 1637 Et
728 1610 823 1637 iterum
845 1610 871 1636 in
885 1609 938 1636 alio
949 1609 1008 1636 loco
1032 1609 1074 1636 in-

281 1656 356 1689 quit:
373 1654 417 1682 Sic
441 1661 523 1681 autent
547 1660 679 1689 peccantes
693 1656 720 1682 in
736 1657 837 1690 fratres,
863 1659 887 1681 ct
909 1655 1074 1689 percutientcs

281 1703 410 1736 infirmant
421 1710 506 1728 eorum
517 1703 703 1736 cottsrientiam,
718 1703 745 1729 in
755 1702 883 1730 Christum
895 1703 1000 1737 peccatis
1011 1703 1020 1738 (
1032 1702 1072 1730 Ib.

281 1756 304 1774 ιν.
319 1748 352 1774 12
365 1748 386 1782 ).
397 1748 475 1776 Minte
488 1748 539 1776 illae
550 1748 722 1776 vehementes
735 1752 807 1782 sunt,
817 1753 844 1776 et
853 1756 975 1783 magnam
983 1756 1074 1775 secum

281 1794 533 1821 condemnationem
545 1794 669 1821 afferunt.
693 1794 732 1821 Ne
745 1794 875 1828 opineris,
908 1794 1010 1828 inquit,
1027 1794 1074 1821 da—

283 1847 373 1865 mnum
391 1839 441 1866 hoc
455 1839 487 1866 ad
502 1839 577 1866 illum
603 1840 647 1874 qui
661 1839 804 1867 offenditur
819 1840 905 1867 solum
921 1840 1071 1874 pertinere;

282 1884 376 1911 transit
388 1884 467 1911 etiam
482 1883 515 1911 ad
543 1884 679 1912 Christum
693 1885 790 1920 ipsum,
807 1885 851 1920 qui
867 1889 975 1920 propter
999 1885 1073 1913 illutn

281 1929 423 1956 crucifixus
432 1935 483 1956 cst.
501 1929 583 1964 Igitur
596 1930 618 1957 si
632 1930 759 1957 Dominus
778 1935 838 1957 tuus
865 1934 974 1965 propter
997 1930 1074 1957 illum

282 1975 401 2010 crucifigi
417 1983 470 2002 non
486 1976 638 2009 recusavit;
652 1983 705 2003 non
720 1981 747 2003 tu
761 1976 850 2003 omnia
864 1976 936 2004 feres
949 1983 982 2004 ne
995 1983 1075 2011 quam

282 2020 400 2047 se..-ntlali
417 2020 588 2048 occasionem
602 2021 639 2048 illi
656 2021 796 2055 przebcas?
813 2022 869 2049 lloc
882 2022 982 2056 ubique
1000 2022 1076 2049 inve-

281 2066 338 2092 nies
347 2066 420 2092 illum
429 2065 566 2101 discipulis
574 2066 714 2094 consilium
723 2067 786 2094 dare
798 2077 804 2095 :
815 2067 866 2094 hoc
873 2067 944 2094 enitn
954 2071 995 2094 est
1003 2066 1073 2101 quod

280 2112 361 2138 vitam
372 2116 491 2139 nostram
500 2117 651 2140 conservat.
667 2113 812 2147 Propterea
823 2117 849 2140 et
865 2113 930 2140 alibi
953 2113 1074 2140 scribens

281 2157 396 2189 dicebat,
410 2156 450 2183 Ne
464 2165 521 2192 qum
541 2163 622 2184 vestra
640 2163 697 2185 sunt
719 2159 875 2185 considerate
900 2158 1007 2193 singuli,
1030 2158 1074 2185 sed

280 2211 337 2237 qua:
346 2203 455 2229 aliorum
469 2204 478 2238 (
490 2202 586 2239 Philip.
601 2203 628 2230 2.
641 2205 656 2231 1
671 2202 694 2241 );
704 2209 731 2232 et
745 2205 841 2231 iterum
855 2205 908 2232 alio
916 2205 975 2233 loco
988 2214 995 2232 :
1013 2204 1075 2232 0m-

281 2247 324 2274 nia
339 2248 400 2273 mihi
413 2248 496 2280 licent,
513 2248 557 2275 sed
565 2257 614 2275 non
629 2250 713 2276 omnia
723 2249 851 2283 aediﬁcant
873 2250 881 2285 (
894 2250 918 2276 l.
943 2250 1003 2277 Cor.
1028 2250 1072 2277 10.

280 2293 315 2320 23
329 2293 349 2328 ).
364 2293 444 2321 Vides
455 2294 628 2328 apostolicam
637 2295 813 2330 sapientiam?
839 2295 952 2323 Etiamsi
974 2296 1053 2324 liceat
1064 2316 1071 2328 ,

280 2340 376 2375 inquit,
391 2340 454 2366 mihi
467 2340 567 2374 aliquid
581 2339 678 2372 facere.
693 2341 812 2376 nihilque
824 2341 887 2368 hinc
907 2342 972 2368 mihi
983 2342 1073 2369 damni

279 2385 412 2413 accedat:
428 2384 476 2412 scd
492 2386 553 2420 quia
571 2385 621 2413 hoc
636 2393 688 2413 non
703 2386 778 2421 juvat
794 2387 827 2414 ad
849 2387 963 2422 proximi
991 2388 1074 2414 a-diﬁ-

280 2431 424 2462 cntionem,
440 2437 610 2465 nequaquam
626 2431 676 2458 hoc
688 2431 777 2459 facere
790 2432 976 2460 sustinuerim.
991 2433 1074 2460 Vides

279 2477 394 2503 animam
410 2483 458 2503 nos
469 2481 614 2510 amantem,
626 2477 760 2511 quomodo
769 2486 897 2514 nusquam
910 2478 980 2514 quod
994 2487 1072 2507 suum

279 2527 321 2549 est
336 2522 439 2557 quaerit,
455 2521 502 2548 sed
525 2522 647 2550 omnibus
669 2523 756 2551 modis
782 2524 919 2558 ostendit,
944 2525 1071 2553 virtutem

280 2568 360 2603 longe
384 2568 527 2594 maximam
547 2567 618 2595 illam
635 2576 704 2601 esse,
721 2577 843 2604 magnam
861 2577 951 2597 curam
974 2577 1070 2605 gerere

281 2618 310 2641 ut
323 2614 461 2648 proximus
471 2612 636 2641 mdilicetur?
651 2614 723 2648 Haec,
738 2615 863 2649 obsecro,
879 2616 969 2643 omnia
984 2616 1074 2643 scien-

281 2665 321 2687 tes
335 2661 516 2692 observemus,
528 2667 722 2696 eaveamusque
735 2661 768 2688 ab
791 2661 823 2689 iis
835 2669 894 2696 qua:
908 2661 1072 2696 spiritualem

281 2705 408 2732 virtutum
420 2709 569 2732 nostrarum
582 2705 736 2733 thesaurum
751 2705 924 2740 pessumdare
939 2709 1050 2740 possunt
1063 2713 1070 2732 :

280 2755 308 2778 ct
320 2751 384 2778 nihil
399 2758 524 2786 umquam
546 2750 684 2783 faciamus,
710 2759 764 2785 quo
783 2751 909 2778 damnum
937 2751 1073 2786 quodlibet

280 2798 402 2833 proximo
416 2797 554 2825 inferatur.
573 2797 628 2825 lloe
642 2797 714 2825 enim
727 2802 755 2824 et
777 2802 915 2832 peccatum
930 2801 1019 2832 auget,
1045 2801 1073 2824 et

281 2844 387 2879 gravius
400 2842 476 2872 nobis
486 2843 591 2872 adducit
603 2843 773 2879 supplicium.
787 2842 878 2879 Neque
887 2843 927 2871 vel
935 2843 1070 2878 vulgarem

1136 193 1251 227 aliquem
1269 200 1479 226 contemnamus.
1507 198 1598 233 frigida
1622 198 1680 225 haec
1694 198 1774 225 verba
1790 198 1927 226 dicentes:

1141 237 1208 270 Quid
1225 247 1283 266 mea
1299 241 1389 274 refert,
1404 243 1426 268 si
1436 242 1584 270 otl‘endatur
1599 243 1644 270 ille
1659 243 1737 270 talis?
1754 243 1822 278 Quid
1835 243 1903 271 dicis
1920 265 1928 277 ,

1134 291 1225 318 qureso
1235 285 1273 312 te?
1279 287 1346 319 Quid
1356 292 1398 314 tua
1407 287 1499 315 refert?
1507 288 1550 316 Sic
1559 292 1629 316 tuam
1636 289 1735 324 fulgere
1742 290 1823 317 vitam
1832 298 1929 325 praeco-

1134 330 1172 363 pit
1181 329 1311 362 Christus,
1322 337 1350 358 ut
1358 340 1410 359 non
1419 333 1504 360 solum
1511 334 1662 361 videntibus
1670 338 1697 361 te
1703 334 1741 361 sis
1747 335 1928 368 admirationi,

1133 374 1180 401 sed
1196 380 1223 402 ut
1236 376 1363 404 Dominus
1377 381 1438 405 tuus
1457 378 1641 414 glorificeturf
1651 379 1743 407 Matth.
1761 381 1788 408 5.
1804 381 1839 409 f6
1853 382 1881 417 ):
1899 387 1926 410 tu

1134 427 1198 446 vero
1212 421 1323 449 omnino
1332 424 1494 451 contrarium
1508 424 1575 460 agis,
1592 429 1619 452 et
1642 432 1691 459 pro
1702 425 1785 460 gloria
1797 426 1845 453 Dei
1852 426 1927 453 blas-

1139 463 1261 497 phcmias
1273 465 1405 494 introduci
1418 475 1509 499 curas,
1523 474 1549 497 et
1565 470 1616 497 hoc
1627 470 1792 498 contemnis?
1805 471 1923 498 Hoccine

1135 508 1216 537 fuerit
1229 511 1325 538 animm.
1334 513 1394 547 piae,
1407 513 1531 549 legesque
1543 514 1647 542 divinas
1660 520 1733 543 recte
1745 516 1873 543 scientis?

1169 555 1196 583 5.
1210 555 1342 584 Caeterum
1362 558 1384 585 si
1404 559 1463 593 quis
1476 560 1550 594 prius
1563 559 1621 588 haec
1645 568 1679 587 ex
1698 561 1767 588 mala
1781 567 1927 588 consuetu-

1135 600 1198 628 dine
1210 601 1300 629 dicere
1313 603 1407 631 solitus
1420 603 1509 637 fuerit,
1523 610 1645 639 suscepta
1661 613 1731 633 nunc
1744 606 1926 633 admonitione

1134 651 1233 678 nostra,
1246 647 1368 681 desistat,
1379 656 1437 681 oro,
1448 650 1481 676 ab
1490 650 1588 677 illicitis
1597 650 1779 685 hujuscemodi
1793 654 1924 680 semani-

1132 690 1191 722 bus.
1206 698 1232 718 et
1251 693 1289 720 sic
1302 694 1392 721 omnia
1411 694 1502 722 facere
1516 695 1621 722 studeat
1631 715 1637 726 .
1652 700 1679 722 ut
1695 704 1780 731 neque
1792 698 1826 725 ab
1847 699 1924 724 oculo

1133 737 1177 764 illo
1199 738 1244 772 qui
1264 746 1407 774 numquam
1420 740 1522 774 sopitur
1540 741 1580 768 vel
1598 742 1712 773 ctecutit,
1728 749 1816 777 neque
1832 751 1847 770 a
1860 751 1926 770 con-

1131 782 1241 810 5cicntia
1255 791 1302 811 sua
1315 785 1514 818 condemnetur,
1531 794 1618 821 neque
1631 794 1677 815 eos
1687 808 1695 820 ,
1715 788 1760 822 qui
1775 796 1805 816 se
1818 790 1924 822 vident,

1131 827 1158 855 in
1174 827 1351 863 blasphemias
1367 829 1496 858 adversus
1510 831 1651 859 Dominum
1672 832 1790 861 inducat.
1810 834 1885 868 Quod
1901 837 1924 863 si

1132 876 1202 900 tanta
1215 874 1333 902 adhibita
1352 875 1474 904 cautione
1493 876 1680 911 dispensentus
1700 888 1732 908 ea
1753 889 1811 915 qua:
1835 888 1923 909 nostra

1132 925 1204 951 sunt,
1218 921 1301 947 multa
1314 921 1434 951 fruemur
1450 923 1553 952 Domini
1565 926 1713 958 clementia,
1729 931 1757 953 et
1769 926 1865 954 diaboli
1882 928 1923 953 in-

1130 965 1211 995 sidias
1226 967 1393 1003 effugiemus.
1414 969 1480 997 Cum
1495 970 1592 998 viderit
1612 972 1683 998 enim
1703 978 1752 998 nos
1770 972 1807 998 ita
1821 972 1924 1000 sobrios

1131 1017 1159 1040 et
1171 1014 1272 1048 vigiles,
1287 1019 1314 1042 et
1328 1016 1483 1050 cogitaverit
1497 1023 1527 1043 se
1541 1023 1649 1051 operam
1663 1016 1786 1051 perdere,
1800 1017 1925 1044 abscedet

1130 1063 1157 1085 ct
1172 1059 1358 1086 occultabitur.
1375 1060 1427 1088 Sed
1443 1065 1484 1088 sat
1500 1061 1579 1088 fuerit
1590 1062 1778 1095 prooemiorum
1794 1070 1801 1088 :
1817 1069 1864 1096 age
1876 1070 1922 1088 ca-
1938 1095 1948 1102 ἢ

1130 1105 1201 1131 rilati
1214 1110 1309 1132 vestra:
1322 1106 1464 1141 propositis
1485 1106 1517 1133 iis
1529 1114 1588 1141 qua:
1607 1107 1674 1134 lecta
1690 1110 1769 1140 sunt,
1788 1107 1925 1142 spirituule

1129 1151 1280 1178 convivium
1294 1159 1469 1186 apparemus:
1483 1157 1511 1180 et
1525 1152 1604 1180 hodie
1618 1153 1765 1187 videamus,
1781 1153 1844 1188 quid
1859 1153 1921 1180 bea-

1130 1201 1172 1224 tus
1194 1196 1298 1229 Moses,
1321 1197 1374 1224 imo
1392 1197 1507 1231 Spiritus
1528 1203 1636 1226 sanctus
1660 1206 1706 1233 per
1727 1198 1785 1233 ejus
1807 1199 1924 1233 linguam

1129 1240 1225 1268 docere
1238 1249 1286 1268 nos
1304 1242 1378 1269 velit.
1393 1242 1461 1276 Quid
1476 1243 1564 1278 itaque
1576 1243 1633 1270 ait‘l
1650 1243 1695 1270 20.
1713 1243 1747 1270 Et
1761 1243 1823 1270 dixit
1836 1243 1904 1270 Deus
1914 1251 1924 1270 :

1130 1285 1247 1313 Educant
1261 1294 1332 1321 aqua
1346 1288 1446 1322 reptilia
1459 1289 1600 1315 animarum
1610 1288 1759 1320 viventium,
1774 1293 1798 1315 et
1812 1289 1924 1315 volatilia

1129 1332 1319 1366 volantiamper
1325 1337 1417 1359 terram
1425 1333 1562 1360 secundum
1568 1334 1751 1367 firmamentum
1757 1333 1822 1360 tali.
1832 1333 1863 1360 Et
1873 1334 1924 1367 {ac-

1129 1383 1181 1405 tum
1189 1379 1279 1405 estita.
1289 1377 1355 1406 Vide
1363 1379 1553 1414 benignitatem
1565 1379 1679 1411 Domini,
1688 1379 1821 1414 quomodo
1829 1379 1923 1407 ordine

1127 1424 1242 1458 quodam
1264 1429 1291 1452 et
1310 1426 1500 1460 consequentia
1520 1432 1600 1453 omne
1618 1425 1752 1460 opificium
1775 1433 1851 1453 suum
1875 1433 1924 1452 nos

1127 1470 1231 1498 doceat.
1245 1471 1322 1499 Prius
1335 1471 1424 1499 docuit
1439 1479 1498 1504 nos,
1511 1471 1646 1506 quomodo
1661 1470 1693 1497 ad
1710 1470 1841 1498 fructuum
1858 1479 1921 1505 pro-

1128 1521 1222 1543 ventus
1242 1524 1291 1544 suo
1311 1516 1435 1544 mandato
1449 1521 1546 1544 terram
1560 1517 1735 1544 excitaverit:
1758 1521 1860 1551 postea,
1878 1517 1922 1543 ubi

1128 1560 1220 1588 docuit
1233 1562 1345 1589 duorum
1360 1562 1529 1589 luminarium
1544 1562 1740 1596 formationem,
1756 1563 1878 1597 apposuit
1896 1567 1924 1589 et

1128 1607 1267 1635 stellarum
1300 1609 1463 1640 varietatem,
1497 1615 1544 1642 per
1570 1615 1636 1642 quas
1668 1608 1726 1635 czeli
1753 1608 1923 1643 pulchritudo

1127 1652 1196 1680 facta
1219 1657 1259 1680 est
1271 1653 1387 1681 clarior:
1411 1653 1490 1682 hodie
1509 1655 1675 1681 continenter
1688 1654 1722 1681 ad
1735 1661 1817 1689 aquas
1834 1659 1923 1682 trans»

1128 1697 1164 1729 it.
1191 1703 1218 1726 et
1243 1700 1358 1726 ostendit
1380 1699 1475 1732 nobis,
1505 1707 1630 1727 sermone
1661 1704 1688 1727 et
1715 1704 1848 1734 praecepto
1873 1708 1924 1727 suo

1127 1751 1160 1770 cx
1186 1744 1262 1779 aquis
1290 1744 1355 1779 ipsis
1382 1745 1494 1772 viventia
1522 1745 1646 1772 animalia
1680 1745 1819 1780 prodiisse.
1849 1746 1921 1773 Edu—

1127 1795 1184 1816 cmtl
1203 1791 1274 1818 enim
1284 1811 1292 1824 ,
1306 1792 1358 1824 ait,
1373 1800 1445 1826 aqua:
1464 1793 1564 1828 reptilia
1578 1793 1720 1820 animarum
1733 1793 1883 1824 viventium.
1898 1798 1924 1821 et

1127 1837 1239 1864 volatilia
1254 1838 1364 1864 volantia
1378 1846 1453 1873 super
1472 1843 1565 1865 terram
1579 1839 1716 1866 secundum
1736 1840 1922 1873 firmamentum

1127 1883 1191 1910 cteli.
1212 1883 1276 1917 Quis
1289 1891 1387 1916 sermo,
1403 1892 1504 1919 qumso,
1517 1885 1637 1912 miraculi
1658 1885 1812 1920 dignitatem
1834 1890 1922 1920 potest

1126 1929 1249 1964 assequi?
1269 1936 1328 1964 qua:
1349 1929 1437 1963 lingua
1456 1929 1490 1957 ad
1508 1929 1616 1964 Opificis
1634 1930 1765 1964 prazconia
1788 1930 1921 1958 sufficiet?

1128 1973 1199 2000 Dixit
1211 1978 1312 2000 tantum
1323 1995 1330 2008 ,
1346 1973 1473 2002 Ger-minet
1486 1980 1552 2002 terra
1563 1983 1573 2001 :
1587 1979 1613 2002 et
1625 1976 1713 2002 statim
1727 1976 1797 2002 illam
1812 1975 1845 2002 ad
1861 1983 1922 2011 par-

1127 2024 1182 2046 tum
1196 2019 1338 2046 excitavit:
1355 2027 1424 2048 nunc
1435 2020 1499 2047 dicit
1511 2029 1518 2048 :
1533 2021 1649 2047 Educant
1662 2029 1744 2056 aqute.
1760 2021 1826 2048 Vide
1840 2029 1922 2056 quam

1126 2069 1273 2091 consonant
1298 2069 1448 2100 przecepta:
1474 2066 1537 2099 illic,
1556 2065 1702 2098 Germinet;
1721 2067 1778 2099 hic,
1806 2066 1924 2094 Educant

1127 2118 1210 2145 aqum,
1231 2110 1330 2145 inquit,
1348 2112 1447 2147 reptilia
1460 2112 1601 2139 animarum
1616 2113 1759 2140 viventium.
1774 2113 1839 2140 Nam
1854 2113 1923 2140 sicut

1126 2155 1160 2183 de
1175 2159 1243 2182 terra
1258 2155 1324 2183 dixit
1337 2157 1433 2190 solum,
1450 2156 1576 2184 Germinet
1587 2165 1596 2185 :
1609 2162 1636 2185 et
1649 2158 1721 2185 varia
1733 2165 1794 2184 mox
1810 2165 1841 2185 ac
1853 2158 1923 2185 mul—

1119 2200 1209 2234 tiplex
1224 2200 1329 2232 florum,
1344 2202 1496 2236 herbarum,
1509 2208 1535 2231 et
1550 2203 1681 2230 seminum
1695 2204 1818 2238 apparuit
1832 2203 1920 2238 copia,

1126 2254 1232 2281 unoque
1245 2247 1326 2275 verbo
1342 2248 1468 2283 producta
1481 2253 1543 2276 sunt
1555 2249 1643 2276 omnia
1658 2257 1664 2276 :
1679 2249 1718 2276 sic
1730 2253 1758 2276 et
1772 2249 1814 2276 hic
1832 2248 1900 2276 dixit
1913 2258 1922 2277 :

1127 2291 1244 2318 Educant
1256 2300 1328 2326 aqua:
1340 2293 1440 2328 reptilia
1453 2294 1594 2321 animarum
1608 2293 1758 2327 ﬂuentium,
1772 2298 1795 2322 et
1808 2293 1923 2322 volatilia

1126 2338 1237 2365 volantia
1249 2347 1325 2372 super
1345 2343 1436 2365 terram
1449 2339 1587 2366 secundum
1601 2340 1786 2374 ﬁrmamentum
1801 2338 1859 2366 σεεΙὶ
1872 2345 1884 2368 ε
1895 2343 1924 2367 et

1126 2384 1254 2411 continuo
1276 2387 1316 2410 tot
1330 2384 1463 2419 reptilium
1482 2385 1682 2420 volatiliumque
1697 2393 1797 2420 genera
1811 2385 1928 2415 condita

1126 2435 1197 2464 sunt,
1211 2433 1275 2464 quot
1290 2437 1376 2465 neque
1390 2438 1514 2458 sermone
1527 2431 1660 2459 recenseri
1674 2436 1795 2466 possunt.
1810 2431 1843 2459 Et
1857 2439 1922 2460 ver-

1126 2477 1188 2504 bum
1202 2477 1309 2512 quidem
1324 2477 1406 2505 breve
1420 2482 1470 2508 est.
1484 2478 1646 2513 verbumque
1660 2485 1752 2511 unum,
1764 2485 1863 2513 genera
1875 2486 1921 2506 au-

1127 2528 1179 2550 tctn
1191 2523 1342 2550 animalium
1356 2523 1460 2551 diversa
1476 2527 1503 2551 et
1515 2525 1597 2551 varia.
1610 2524 1662 2552 Sed
1675 2524 1746 2552 nullo
1758 2529 1868 2559 stupore
1884 2528 1924 2552 te-

1126 2569 1224 2601 nearis.
1239 2569 1354 2597 dilecte:
1370 2570 1480 2597 verbum
1496 2570 1566 2597 enim
1580 2574 1637 2597 erat
1653 2570 1716 2603 Dei,
1730 2574 1758 2598 et
1771 2578 1861 2598 sermo
1879 2571 1922 2606 ip-

1129 2615 1184 2642 sius
1197 2615 1229 2642 iis
1244 2622 1303 2650 quae
1315 2614 1413 2642 fiebant
1431 2615 1631 2643 subsistentiam
1645 2615 1753 2650 largitus
1772 2620 1822 2643 est.
1840 2615 1923 2643 Vides

1126 2661 1260 2697 quomodo
1273 2662 1361 2689 omnia
1376 2670 1410 2690 ex
1430 2662 1513 2690 nihilo
1528 2668 1556 2690 ut
1577 2668 1667 2691 essent
1687 2661 1817 2698 producta
1840 2661 1943 2700 sunt!_

1126 2707 1200 2735 vides
1215 2715 1293 2742 quam
1307 2707 1447 2742 diligenter
1460 2707 1573 2736 doceat?
1587 2708 1663 2736 vides
1673 2712 1771 2743 quanta
1782 2715 1812 2736 se
1823 2712 1923 2735 attem-

1126 2752 1263 2786 peralione
1277 2751 1309 2779 ad
1322 2752 1406 2780 nostri
1419 2753 1526 2788 generis
1541 2752 1715 2780 humilitatem
1732 2753 1861 2780 Dominus
1873 2753 1921 2780 de‘

1127 2799 1231 2826 mittat?
1243 2799 1318 2827 Unde
1332 2800 1403 2827 enim
1414 2807 1465 2827 nos
1477 2800 1534 2827 haec
1549 2804 1602 2827 tam
1621 2805 1744 2827 accurate
1757 2799 1862 2827 discere
1876 2806 1923 2834 po.

1129 2845 1282 2880 tuissemus,
1292 2846 1342 2874 nisi
1354 2846 1410 2881 ipse
1422 2852 1518 2881 magna
1527 2849 1554 2874 et
1564 2845 1689 2874 incﬁabili
1701 2845 1867 2881 benignitate
1876 2857 1927 2879 sua
