2066 3126
160 183 195 212 C5
764 173 797 202 IN
815 172 889 201 CAP.
912 170 933 198 1.
953 169 972 198 G

1026 169 1075 197 ES.
1097 167 1212 196 HOMIL.
1229 167 1284 196 VII.
1767 166 1801 195 (ἢ

159 238 306 265 humanum
322 242 406 272 genus
415 241 462 270 per
475 233 610 269 propheta:
623 231 739 266 linguam
751 230 849 258 ducere
862 229 954 262 digna-

160 289 200 310 tus
213 288 298 315 esset,
314 287 341 308 ut
353 281 422 308 scire
434 281 568 316 possimus
582 283 608 306 ct
619 285 706 305 rerum
719 281 868 304 crcatarunt
883 273 956 301 ordi—

160 335 232 360 nem,
244 333 271 355 et
287 326 422 354 Creatoris
439 325 593 360 potentiam,
609 328 636 351 ct
649 321 783 358 quomodo
798 327 888 348 sermo
897 319 956 354 ejus

161 372 189 399 in
201 379 269 406 opus
287 372 394 404 exierit,
417 376 445 399 ct
459 371 570 398 verbum
590 369 648 404 ejus
664 367 862 396 subsistentiatu
883 371 910 394 et
923 365 957 392 ad

159 417 346 444 exsistentiam
359 416 498 443 transitum
513 414 643 443 creaturis
655 412 815 449 praebuerit?

197 462 225 488 4.
239 461 293 489 Cur
312 466 410 488 tantum
432 461 545 488 ordinent
558 460 585 486 in
598 458 734 486 creationis
749 457 891 484 narratione
903 465 957 483 scr-

163 506 348 534 ret.-—Verum
358 511 420 534 sunt
428 506 555 533 insenSati
565 504 694 538 nonttulli,
705 504 749 539 qui
759 508 785 531 et
792 507 851 538 poSt
859 507 958 530 tantam

162 552 311 579 doctrinam
323 552 453 579 increduli
462 559 521 579 esse
533 551 642 583 audent,
654 550 784 586 faterique
795 550 887 576 nolunt
899 556 959 576 esse

161 599 279 634 aliquem
295 599 404 626 istorum
423 598 565 626 visibilium
579 597 700 633 opiﬁcem
713 605 720 623 :
733 596 780 624 sed
792 596 836 623 alii
849 595 955 631 Quidem

163 645 274 672 fortuitu
286 645 329 672 illa
341 652 372 672 ac
390 651 439 679 per
453 652 483 672 se
497 652 557 672 esse
568 644 676 676 dicunt,
690 643 734 670 alii
747 649 811 670 vero
822 650 856 670 ex
867 642 959 676 subju-

163 695 242 718 ccnte
254 690 367 725 quadam
388 691 499 717 materia
511 697 573 717 esse
595 689 664 716 facta
678 688 852 716 cunteudtmt.
864 688 960 715 Consi-

163 736 228 764 dera
242 741 338 771 qttauta
352 736 451 763 diaboli
466 736 562 767 illusio,
576 735 709 770 quomodo
720 734 819 761 abusus
834 738 875 761 est
890 733 959 760 facili

165 783 301 809 erroribus
325 782 500 808 servientium
522 780 688 807 credulitate.
709 780 856 814 Eapropter
870 778 962 806 beatus

167 827 263 858 Muses,
283 828 383 861 Spiritu
404 827 495 854 divino
513 825 635 858 afﬂatus,
659 830 731 852 tanta
755 825 891 859 diligentia
914 830 963 850 nos

170 873 258 905 docet,
274 880 306 900 ne
320 872 389 899 ideut
404 878 431 899 et
450 872 526 899 nobis
541 872 663 904 eveniat;
679 870 727 898 sed
745 871 861 898 sciamus
876 869 963 896 matti-

170 919 237 945 lcste
258 924 285 946 et
303 923 485 946 creaturarum
509 918 645 949 ordinem,
657 921 684 944 et
701 915 835 951 quomodo
851 922 964 950 qumque

168 969 265 991 creatze
280 964 341 990 sint.
357 963 412 990 Nisi
426 963 496 990 enim
511 968 609 989 nostra:
623 962 716 989 salutis
725 968 815 988 curam
829 959 966 988 habuisset

171 1009 252 1042 Deus,
273 1015 298 1036 et
312 1010 349 1036 ita
371 1009 511 1036 direxisset
527 1007 662 1043 prophetm
682 1007 814 1042 linguam,
829 1006 893 1033 satis
908 1009 966 1033 erat

168 1055 271 1083 dixisse
291 1064 298 1082 :
322 1055 395 1082 Fecit
410 1054 480 1082 Deus
499 1054 593 1081 emtum
612 1057 640 1081 et
657 1057 765 1086 terram,
787 1057 814 1080 et
835 1058 926 1084 mare,
940 1055 968 1078 et

169 1102 334 1129 animantia:
359 1109 446 1136 neque
467 1107 575 1128 necesse
589 1106 646 1127 erat
665 1104 693 1127 ut
713 1103 825 1134 poneret
845 1098 967 1126 ordinem

170 1147 286 1179 dierum,
304 1154 389 1181 neque
404 1147 466 1181 quid
489 1147 588 1181 primo,
611 1150 638 1173 et
657 1145 720 1180 quid
738 1144 856 1172 secundo
871 1144 967 1170 factum

170 1193 262 1221 fuerit.
278 1193 330 1220 Sed
351 1197 379 1220 ut
398 1193 507 1227 ingratis
528 1199 554 1219 et
569 1192 642 1219 male
652 1191 826 1219 sentientibus
841 1190 910 1217 nulla
926 1197 969 1217 re-

171 1240 337 1274 linqueretur
351 1240 487 1266 excusatio
497 1260 504 1271 ,
530 1239 565 1266 ita
585 1238 723 1273 distinguit
736 1236 876 1264 manifeste
890 1241 916 1263 et
930 1236 968 1262 la-

171 1293 276 1314 ctorunt
293 1286 425 1318 ordinem,
437 1290 464 1312 et
476 1285 578 1312 dierum
597 1291 748 1316 numerum,
766 1288 792 1311 et
812 1282 900 1310 omnia
922 1289 970 1308 nos

172 1333 254 1360 docet
273 1341 333 1359 cuttt
358 1339 451 1366 magna
473 1331 708 1365 attemperatioue,
724 1334 753 1356 ut
773 1329 877 1364 cognita
898 1328 971 1355 omni

172 1379 285 1406 veritate
296 1400 302 1411 ,
318 1387 370 1405 nutt
388 1379 456 1405 ultra
470 1385 561 1405 eorum
580 1376 716 1404 erroribus
731 1375 911 1406 attendamus,
927 1373 971 1407 qui

159 1424 161 1426 ’
174 1425 265 1451 omnia
279 1424 314 1451 ab
327 1432 355 1452 se
370 1424 516 1458 excogitata
532 1423 676 1458 loquuntur
686 1443 693 1455 ,
709 1421 756 1448 sed
771 1421 885 1447 sciamus
900 1419 971 1445 Cott-

174 1472 270 1498 ditoris
283 1471 366 1498 nostri
380 1470 582 1498 inenarrabiletu
598 1467 754 1504 potentiam.
771 1466 803 1493 Et
818 1467 911 1501 factum
923 1470 971 1497 est,

175 1517 271 1551 inquit,
288 1517 332 1543 ita.
349 1516 437 1543 Dixit:
450 1515 569 1542 Educant
584 1522 656 1549 aqua
668 1514 768 1549 replilia
778 1513 921 1539 animarum
936 1511 974 1538 vi-

175 1564 304 1596 ventium,
319 1568 343 1589 et
366 1562 478 1590 volatilia
498 1561 609 1588 volantia
629 1568 706 1594 super
724 1564 818 1586 (errant
837 1558 974 1584 secundant

176 1611 364 1644 ﬁrmamentum
374 1609 440 1641 cteli,
454 1613 480 1635 et
493 1606 687 1641 obtemperavit
698 1606 871 1636 elementum,
885 1608 912 1631 et
924 1604 974 1630 itu-

176 1655 258 1690 plevit
271 1659 443 1690 praeceptum.
459 1653 492 1681 Et
505 1656 601 1689 factum
615 1658 662 1686 est,
681 1652 775 1686 inquit,
787 1651 851 1678 sicut
865 1650 976 1685 impera-

176 1702 211 1727 vit
230 1700 366 1727 Dentium.
386 1700 433 1727 2L
446 1699 481 1726 Et
490 1699 552 1734 fecit
567 1698 637 1725 Deus
658 1701 709 1724 rete
722 1704 824 1732 magna,
839 1700 862 1722 et
877 1703 976 1722 omnem

176 1747 291 1774 militiam
305 1746 453 1773 animalium
473 1745 616 1780 reptilium,
637 1751 694 1779 qua:
715 1742 888 1777 produxerunt
905 1748 977 1776 aquae

177 1793 316 1820 secundum
328 1800 420 1827 genera
433 1800 490 1825 sua,
501 1795 524 1817 et
537 1798 610 1818 omne
622 1789 723 1817 uolatile
737 1793 871 1824 pennatam
886 1795 974 1815 secun-

179 1839 241 1866 dum
258 1846 346 1871 genus.
361 1837 394 1864 Et
409 1837 469 1864 vidit
483 1836 553 1863 Deus
566 1835 634 1871 quod
650 1839 731 1862 essent
744 1834 818 1861 bona.
833 1833 880 1861 ‘22.
894 1832 976 1859 Bene-

178 1885 293 1920 diIitque
304 1892 334 1910 ea
353 1883 432 1916 Deus,
448 1883 551 1910 dicent:
565 1881 673 1908 Crescite
687 1885 709 1908 et
723 1879 940 1915 multiplicamini,
955 1882 978 1904 et

178 1929 283 1966 implete
295 1938 372 1964 aquas
386 1929 505 1962 marium,
519 1932 542 1955 et
557 1927 672 1955 volatilia
690 1926 889 1962 multiplicemur
904 1933 979 1959 super

182 1982 289 2003 terram.
304 1975 402 2003 lterum
421 1975 474 2008 bic,
490 1982 592 2010 quaeso,
607 1973 757 2007 considera,
773 1977 870 2007 quanta
886 1972 920 1998 sit
934 1979 979 1998 sa-

181 2022 281 2056 pientia
296 2021 418 2056 Spiritus.
435 2020 499 2047 Nam
510 2027 570 2047 cum
584 2019 650 2046 dixit
665 2019 758 2046 beatus
775 2018 870 2048 Moses,
888 2016 921 2043 Et
940 2018 979 2052 [a-

179 2073 250 2094 ctum
266 2067 360 2098 estita,
377 2066 453 2094 docet
474 2073 523 2093 nos
536 2065 684 2094 minutatim
707 2064 807 2091 addens
828 2068 855 2091 et
867 2063 979 2090 dicens:

181 2112 217 2140 Et
230 2114 290 2148 [erit
305 2113 372 2139 Deus
385 2117 436 2140 cete
449 2121 552 2148 magna,
561 2116 588 2138 et
601 2119 699 2138 omnem
711 2111 820 2137 animum
834 2109 981 2136 animalium

181 2159 310 2194 reptiliutn
323 2166 378 2193 qtae
389 2159 562 2193 produxerunt
577 2164 650 2191 aquae
662 2156 801 2184 secundum
815 2163 907 2191 genera
920 2163 977 2187 sua,

182 2210 206 2231 et
231 2213 305 2231 ontne
326 2204 427 2230 volatile
450 2208 585 2238 pennatam
607 2202 745 2230 secundant
759 2209 847 2238 genus.
867 2201 902 2228 Et
921 2200 982 2228 vidit

182 2249 255 2276 Deus
267 2249 333 2284 quod
348 2254 427 2276 essent
437 2249 513 2276 bona.
526 2249 578 2276 llic
591 2248 679 2275 denuo
693 2249 871 2275 temeritatem
891 2247 982 2273 omnia

182 2297 286 2332 absque
308 2296 411 2324 ratione
433 2295 653 2322 deblaterautium
676 2293 839 2329 comprimit.
862 2292 929 2320 Nam
955 2296 983 2319 ut

183 2343 276 2370 nullus
300 2342 389 2370 dircte
413 2342 506 2376 possit,
527 2340 610 2375 Cujus
633 2340 715 2374 gratia
729 2344 787 2367 cete
811 2338 879 2366 facta
901 2337 984 2365 sunt?

182 2396 265 2424 quant
280 2388 358 2415 nobis
375 2387 513 2414 utilitatem
529 2386 691 2414 conferunt?
712 2385 774 2420 quid
795 2384 927 2412 commodi
950 2391 982 2411 cx

182 2442 281 2462 eorum
297 2434 452 2462 creatione?
467 2433 564 2460 idcirco
578 2437 716 2468 postquam
731 2431 815 2459 dixit:
829 2430 902 2459 Fecit
916 2431 984 2457 Deus

182 2486 235 2507 cete
258 2488 360 2516 magna,
384 2484 406 2507 et
425 2487 523 2506 onmem
545 2479 654 2505 animam
674 2477 822 2504 animalium
843 2477 982 2512 rapti/ium,

182 2531 206 2553 et
219 2527 357 2553 ralatilt‘a:
371 2526 458 2553 statim
474 2524 593 2552 addidit:
609 2525 640 2550 Et
656 2523 716 2550 vidit
735 2522 806 2549 Dens
822 2522 890 2557 quod
903 2526 984 2549 essent

184 2574 262 2600 ὺωιιι.
277 2572 358 2606 Quasi
368 2572 486 2599 diccrct:
501 2571 539 2598 Ne
554 2570 614 2605 quia
631 2576 656 2597 ιιι
670 2569 799 2597 rationem
820 2570 925 2604 ignoras
947 2568 986 2595 lit-

184 2625 303 2651 ctorum,
314 2618 420 2653 opilicia
430 2618 580 2652 vitnpt‘t‘at'c
593 2616 763 2652 aggredieris.
779 2615 880 2643 Audisti
896 2615 985 2642 Domi—

185 2673 251 2692 nuru
266 2664 493 2698 pronuntiantem,
516 2668 543 2690 et
565 2663 697 2689 dicentem
713 2661 757 2688 illa
777 2667 836 2688 esse
856 2660 925 2687 bona
939 2669 946 2688 :
960 2664 986 2687 ct

182 2710 323 2746 quomodo
334 2714 361 2736 tu
373 2708 605 2736 iusauiensdicore
619 2707 711 2740 audes,
723 2706 812 2740 Quare
821 2705 890 2732 facta
905 2705 986 2732 sunt?

186 2756 264 2790 quasi
285 2755 448 2790 superﬂuum
469 2754 585 2788 ipsarum
600 2760 727 2780 oceusans
743 2751 900 2787 opiﬁcium?
921 2751 986 2779 Nam

188 2803 210 2828 si
223 2801 349 2829 cordatus
361 2808 446 2833 esses,
459 2807 551 2834 posses
563 2800 642 2826 etiam
657 2806 688 2826 ex
706 2798 798 2825 ltarum
814 2797 949 2825 creatione
962 2801 988 2824 ct

189 2847 338 2882 pulculiam
359 2845 463 2873 Domini
486 2849 514 2872 et
527 2844 685 2871 inell'abilem
708 2843 897 2878 benignitatem
911 2842 988 2870 addi-

184 2898 268 2918 scere
283 2901 290 2920 ε
306 2892 450 2928 potentiam
468 2891 586 2926 quidem,
603 2890 661 2925 quia
671 2897 796 2917 sermone
815 2893 842 2917 et
855 2895 987 2924 piamepto

1010 234 1041 253 ex
1060 227 1135 262 aquis
1149 227 1211 253 talia
1225 225 1370 253 animantia
1389 225 1532 261 produxit;
1552 228 1741 264 oeuignitatetn
1756 237 1804 257 suo

1010 276 1074 304 tem,
1089 272 1149 306 quia
1163 277 1191 298 ut
1204 279 1234 298 ca
1254 271 1387 306 produxit,
1404 273 1537 306 propriam
1550 274 1589 301 eis
1603 275 1739 310 regionem
1761 281 1803 302 at-

1010 316 1284 350 tribuit,immensam
1304 317 1385 344 maris
1399 322 1500 351 partem
1514 317 1566 344 illis
1584 318 1748 354 decernens,
1767 322 1803 349 ita

1011 367 1039 389 nt
1051 362 1151 389 nemini
1167 366 1275 396 possent
1289 362 1464 395 nocere;-sed
1476 369 1617 391 versentur
1628 365 1655 391 in
1677 367 1744 393 tttari
1754 387 1761 398 ,
1778 373 1805 394 et

1010 407 1050 434 sui
1064 407 1217 442 spectaculo
1230 408 1471 442 supereminentent
1481 408 1589 443 Opilicis
1599 411 1743 444 potentiam
1757 412 1805 439 do-

1011 457 1104 486 ceant,
1126 453 1279 488 nullumque
1292 453 1408 480 ltumano
1421 455 1512 488 generi
1532 454 1657 482 damnum
1679 456 1804 485 inferant.

1011 499 1053 526 Att
1071 506 1178 533 parvam
1199 503 1275 534 putas
1288 499 1457 535 benignitatis
1477 505 1590 535 partem,
1605 502 1737 536 geminam
1758 503 1804 530 tibi

1012 545 1152 573 utilitatem
1167 545 1236 573 'ltinc
1255 546 1374 574 exoriri?
1391 546 1497 574 Etenim
1519 555 1612 582 sapere
1634 548 1755 576 volentes
1773 550 1807 577 ad

1015 592 1064 619 Dei
1080 592 1199 619 notitiam
1213 592 1394 625 introducunt,
1409 597 1436 620 et
1450 593 1608 627 stupendum
1620 594 1746 622 exhibent
1761 595 1808 622 bc-

1013 638 1150 672 nignilatis
1170 640 1228 673 ejus
1240 639 1461 674 magnitudinem.
1476 640 1546 674 quod
1561 640 1596 667 ab
1607 647 1700 668 eoruttt
1722 649 1806 669 uocu-

1014 685 1111 712 utentis
1133 685 1276 713 humanum
1296 693 1380 721 genus
1403 686 1564 714 liberaverit.
1581 687 1672 723 Neque
1681 689 1755 716 enim
1774 690 1809 717 ob

1015 736 1133 759 nostram
1146 732 1284 760 dumtaxat
1298 732 1436 760 utilitatem
1451 741 1482 760 en
1493 734 1581 760 omnia
1595 734 1664 762 facta
1676 740 1749 768 sunt,
1761 737 1807 764 sed

1015 783 1042 806 et
1064 779 1099 806 ob
1119 779 1276 806 immensam
1299 779 1381 814 ipsius
1404 780 1645 815 magniﬁcentiam:
1666 782 1716 809 alia
1738 783 1810 810 enim

1016 829 1125 860 propter
1146 831 1263 853 nostrant
1278 826 1417 853 utilitatem
1433 826 1511 859 fecit,
1534 827 1584 853 alia
1608 833 1716 862 propter
1734 836 1809 856 suam

1017 871 1251 906 magniﬁcentiam,
1266 875 1294 898 ut
1308 871 1392 906 magis
1405 871 1525 900 Faetoris
1543 873 1702 907 praedicetur
1715 879 1809 908 poten-

1018 919 1053 945 tia
1069 918 1090 946 ¹.
1103 918 1168 945 Cum
1180 918 1255 945 audis
1268 918 1368 953 itaque,
1388 917 1456 945 Vidit
1470 918 1541 946 Deus
1553 919 1620 954 quod
1634 925 1714 946 essent
1727 920 1791 947 bona
1802 928 1812 948 :

1018 971 1052 991 ne
1065 963 1136 991 ausis
1156 964 1224 991 ultra
1239 963 1335 991 divina:
1347 964 1490 999 Scriptura:
1507 965 1700 998 contradicere,
1719 973 1750 993 ac
1764 974 1812 993 cu-

1018 1011 1114 1038 riosius
1126 1011 1269 1046 inquirere,
1282 1010 1423 1046 dicereque
1435 1020 1442 1038 :
1457 1011 1545 1045 Quare
1555 1012 1623 1039 Deus
1635 1012 1684 1040 ltoc
1696 1013 1736 1040 vel
1749 1013 1812 1040 illud

1019 1056 1101 1083 fecit?
1113 1055 1146 1083 Et
1161 1056 1286 1083 benedixit
1298 1056 1343 1083 illa
1357 1056 1435 1089 Dens,
1453 1057 1548 1091 inquit,
1563 1062 1586 1084 ct
1606 1058 1669 1084 dixit
1681 1065 1690 1085 :
1704 1058 1813 1085 Crescite

1020 1106 1041 1128 ct
1056 1101 1271 1136 multiplicamini,
1285 1108 1308 1128 et
1324 1102 1424 1136 implete
1437 1111 1515 1137 aquas
1527 1103 1633 1130 marium
1645 1111 1654 1130 .‘
1667 1109 1688 1130 et
1703 1104 1813 1131 volatilia

1021 1147 1218 1181 multiplicemur
1231 1155 1307 1182 super
1316 1152 1407 1174 terram
1412 1158 1422 1172 ,ν

1056 1195 1084 1221 5.
1104 1193 1165 1220 llmc
1178 1198 1218 1220 est
1239 1193 1293 1228 ipsa
1313 1193 1478 1226 benedictio,
1493 1198 1518 1220 ut
1534 1201 1629 1228 magno
1644 1202 1755 1221 numero
1771 1194 1814 1222 illa

1021 1244 1178 1275 augeantur.
1196 1239 1260 1266 Nam
1274 1239 1335 1273 quia
1351 1239 1470 1266 viventes
1483 1244 1612 1266 creaturae
1626 1244 1702 1267 erant
1716 1240 1816 1266 anima-

1023 1287 1072 1318 lia,
1088 1286 1245 1321 mlebatquc
1260 1286 1303 1312 illa
1319 1288 1446 1321 perpetuo
1462 1293 1585 1318 manere,
1603 1286 1663 1313 idco
1677 1286 1794 1314 subdidit
1809 1296 1816 1314 :

1024 1331 1058 1359 Et
1073 1332 1197 1359 benedixit
1210 1331 1255 1358 illa
1270 1331 1336 1358 Deus
1346 1352 1353 1364 ,
1370 1336 1392 1357 et
1405 1331 1468 1358 dixit
1482 1339 1491 1358 :
1505 1331 1613 1358 Crescite
1626 1337 1648 1358 et
1665 1331 1817 1366 multiplica-

1024 1379 1096 1406 mini.
1117 1378 1234 1406 Verbum
1251 1378 1321 1405 enint
1342 1377 1406 1404 illud
1425 1384 1509 1412 usque
1530 1378 1555 1404 itt
1575 1381 1732 1412 prteseutent
1749 1377 1818 1404 diem

1025 1425 1069 1452 illa
1091 1428 1248 1457 conservat,
1268 1428 1295 1451 et
1316 1427 1418 1450 tantum
1442 1423 1568 1457 prmtcriit
1590 1428 1711 1459 tempus,
1733 1431 1819 1458 neque

1027 1480 1106 1499 unum
1121 1471 1216 1499 horum
1230 1478 1313 1506 genus
1334 1470 1501 1497 imminutum
1516 1474 1565 1498 est.
1586 1470 1650 1497 Nam
1672 1470 1820 1498 benedictio

1027 1518 1091 1551 Dei,
1105 1521 1133 1544 et
1155 1517 1263 1545 verbum
1284 1516 1350 1543 illttd
1365 1525 1372 1543 :
1389 1515 1496 1543 Crescite
1516 1521 1539 1543 et
1559 1516 1777 1551 multiplicamini,
1793 1521 1820 1543 ut

1027 1564 1204 1591 subsisterent
1218 1567 1245 1590 et
1259 1562 1387 1590 durarent
1409 1561 1461 1589 illis
1481 1561 1602 1590 contulit.
1618 1561 1665 1589 25.
1680 1561 1711 1588 Et
1727 1562 1819 1596 factum

1027 1616 1077 1642 est,
1094 1610 1195 1646 inquit,
1209 1610 1325 1644 vespere,
1342 1614 1365 1636 et
1379 1611 1475 1644 factum
1487 1613 1522 1636 est
1535 1616 1624 1641 mane,
1640 1608 1692 1635 dies
1711 1608 1820 1643 quintus.

1031 1657 1108 1684 Vides
1122 1655 1255 1690 quomodo
1269 1655 1356 1682 divitia
1371 1654 1507 1689 Scriptura
1522 1653 1612 1681 docuit
1624 1661 1689 1686 nos,
1706 1661 1764 1689 qum
1778 1654 1821 1681 dio

1028 1703 1121 1738 quinto
1131 1707 1219 1730 creata
1233 1703 1286 1730 sint
1297 1701 1459 1734 animantia?
1471 1700 1522 1728 Sed
1537 1708 1678 1736 parumper
1687 1705 1819 1736 exspecta,

1029 1755 1056 1778 et
1078 1750 1173 1777 iterum
1198 1749 1299 1776 videbis
1323 1748 1427 1776 Domini
1450 1748 1486 1775 ttti
1511 1748 1709 1783 benignitatem.
1733 1748 1822 1782 Neque

1029 1798 1099 1825 enim
1121 1804 1203 1832 aquas
1221 1796 1307 1823 solum
1329 1795 1481 1822 animalium
1506 1794 1678 1830 productione
1699 1794 1824 1821 fecundas

1032 1845 1102 1875 fecit,
1118 1843 1164 1870 sed
1179 1843 1268 1870 denuo
1284 1842 1413 1877 pra'eipil,
1430 1846 1458 1868 ut
1473 1849 1505 1868 cx
1519 1845 1589 1868 torta
1603 1840 1740 1868 terrestria
1761 1849 1823 1876 pm-

1031 1890 1163 1916 ducantnr
1182 1889 1316 1915 animalia.
1336 1887 1392 1914 Non
1408 1887 1456 1914 abs
1471 1894 1500 1913 re
1514 1887 1612 1921 quippe
1626 1885 1677 1913 erit
1687 1885 1769 1912 ltodic
1783 1890 1825 1912 at-

1032 1936 1134 1970 tingere
1155 1942 1185 1962 ea
1207 1942 1266 1969 quae
1287 1934 1330 1961 die
1350 1938 1426 1960 sexto
1449 1937 1511 1960 sunt
1532 1933 1608 1959 facta.
1629 1932 1674 1958 2t.
1693 1931 1726 1958 Et
1745 1931 1823 1963 dixit,

1033 1982 1134 2016 inquit,
1148 1980 1218 2007 Deus
1232 1988 1242 2007 :
1255 1979 1385 2006 Producat
1398 1983 1464 2006 terra
1481 1979 1592 2005 animam
1605 1978 1724 2005 virentem
1739 1986 1826 2004 sct‘ltlt-

1033 2029 1093 2054 dunt
1115 2035 1208 2062 genus,
1223 2025 1398 2062 quadrupedes
1410 2046 1417 2058 ,
1431 2029 1455 2052 et
1474 2025 1574 2060 rcptilia
1585 2045 1592 2058 ,
1608 2029 1631 2051 ct
1649 2024 1738 2050 bestias
1753 2031 1826 2057 super

1034 2080 1127 2102 terram
1142 2083 1151 2101 :
1164 2078 1188 2100 et
1203 2081 1308 2109 pecora,
1326 2077 1348 2099 et
1363 2072 1447 2099 omnia
1467 2071 1567 2106 reptilia
1587 2076 1675 2101 (errat,
1691 2071 1827 2097 secundum

1034 2129 1120 2157 genus.
1137 2120 1169 2147 Et
1184 2122 1278 2156 factum
1294 2123 1328 2146 est
1347 2119 1393 2146 sic.
1412 2117 1482 2146 ‘Vide
1502 2117 1634 2153 qttomodo
1650 2123 1717 2145 terra
1734 2117 1827 2144 iterum

1035 2167 1168 2202 duplicem
1182 2165 1260 2193 nobis
1273 2165 1366 2192 allerat
1380 2163 1505 2198 fructum,
1519 2169 1545 2192 et
1559 2163 1682 2190 mandato
1696 2162 1830 2190 dominico

1035 2212 1179 2240 ministret.
1203 2211 1277 2238 Tunc
1297 2209 1405 2246 quidem
1431 2211 1563 2237 scntinunt
1587 2208 1669 2236 edidit
1691 2209 1829 2244 germina,

1035 2266 1105 2286 nunc
1118 2263 1205 2286 autem
1215 2258 1226 2274 '
1241 2257 1355 2284 viventia
1368 2256 1502 2288 animalia,
1516 2255 1700 2290 quadrupedes
1713 2260 1738 2282 ct
1751 2255 1833 2290 repti-

1036 2306 1080 2338 lia,
1095 2311 1191 2339 pecora
1206 2308 1233 2332 et
1246 2304 1325 2331 feras.
1342 2303 1410 2330 Ecce
1425 2302 1494 2337 quod
1510 2309 1589 2337 supra
1602 2301 1656 2329 dixi
1677 2302 1770 2329 iternttt
1785 2301 1830 2328 de-

1036 2353 1169 2384 claratur;
1186 2358 1283 2386 nempe
1303 2350 1384 2378 Deum
1400 2357 1452 2376 non
1466 2349 1554 2376 omnia
1569 2348 1601 2376 ad
1619 2354 1738 2376 nostruut
1755 2355 1831 2375 usum

1036 2399 1194 2435 produxisse
1206 2418 1213 2428 ,
1230 2397 1276 2424 sed
1297 2401 1384 2424 tamen
1406 2395 1441 2422 ad
1458 2395 1599 2430 quamdam
1617 2392 1786 2425 utilitateut',
1805 2398 1833 2420 ut

1036 2446 1157 2473 videntes
1177 2443 1280 2478 eopiam
1299 2447 1326 2470 et
1344 2441 1537 2469 multitudinem
1556 2441 1615 2474 ejus
1630 2444 1810 2467 creaturarum
1824 2460 1832 2472 ,

1037 2491 1146 2528 Opilic'is
1159 2491 1280 2518 virtutem
1295 2490 1525 2524 obstupescamus,
1536 2493 1563 2515 et
1576 2487 1690 2515 sciamus
1704 2487 1832 2521 sapientia

1038 2538 1151 2574 quadam
1171 2541 1200 2564 et
1223 2535 1396 2564 beneficentia
1424 2532 1596 2561 inenarrabili
1620 2536 1726 2567 propter
1752 2531 1832 2559 t‘utmi

1040 2584 1155 2612 hominis
1170 2584 1299 2610 honorem
1311 2581 1321 2598 ⁸
1336 2581 1423 2608 omnia
1441 2587 1501 2608 esse
1516 2578 1653 2614 producta.

1071 2645 1079 2660 ¹
1097 2644 1134 2668 sic
1144 2642 1214 2667 savil.
1227 2645 1254 2667 et
1264 2640 1360 2672 quidam
1372 2643 1440 2669 Mss;
1451 2636 1533 2662 Morel.
1542 2643 1609 2666 vero,
1622 2638 1647 2661 ut
1657 2635 1790 2668 prtudicmt
1801 2635 1838 2667 fu-

1040 2675 1112 2701 rtort'a
1122 2673 1159 2705 sui
1171 2671 1307 2705 potentiam.
1413 2702 1417 2705 _
1464 2699 1479 2705 __
1559 2701 1565 2705 Δ
1580 2698 1591 2705 _
1620 2700 1625 2705 ι
1653 2700 1679 2705 7‘
1743 2703 1760 2705 μ
1772 2696 1779 2705 ε

1072 2697 1204 2733 Γὸὁὶὲὶἱῆζ,
1288 2707 1343 2734 quin
1364 2702 1433 2726 sexto
1452 2699 1492 2734 die
1511 2701 1565 2724 sunt
1577 2698 1658 2734 facta;
1670 2700 1726 2722 tunc
1738 2697 1835 2734 mortem

1039 2729 1158 2762 seminum
1169 2729 1235 2766 dedit
1245 2729 1363 2766 get-initia,
1374 2737 1438 2766 nunc
1449 2733 1538 2766 autem,
1550 2730 1644 2766 omissis
1653 2729 1809 2759 intermsttis.

1072 2759 1359 2793 iwllrerrisintititér,locus
1381 2761 1423 2786 ille
1441 2762 1555 2792 superius
1567 2759 1691 2793 dictorum
1703 2759 1836 2789 resumptio

1041 2802 1089 2828 est,
1102 2791 1128 2823 et
1139 2797 1179 2822 ltic
1190 2791 1302 2821 eumdem
1311 2799 1411 2828 seruauit
1421 2798 1450 2817 ac
1460 2791 1532 2828 supra
1547 2791 1637 2828 eligere
1648 2791 1733 2828 debet,
1746 2795 1836 2825 ηιςιιψο

1041 2820 1128 2854 illinc?
1138 2820 1216 2853 ficum
1226 2833 1272 2850 non
1283 2823 1362 2850 omnia
1372 2824 1405 2849 ad
1419 2820 1525 2849 nostrum
1533 2821 1656 2847 utilitatem
1673 2820 1815 2852 produxisse
1824 2840 1834 2852 ,

1042 2861 1086 2886 scd
1097 2862 1117 2884 rt
1130 2861 1227 2890 propter
1238 2856 1313 2887 ipsius
1324 2854 1535 2890 magni/ieratiant.

1077 2891 1086 2908 ³
1102 2885 1207 2916 Coisliit.,
1218 2885 1316 2920 propter
1327 2885 1428 2918 gloriam
1440 2885 1496 2911 inde
1508 2887 1645 2910 acutarum.
