2066 3126
216 143 263 190 ¹ενι
581 152 610 180 s.
629 148 767 179 JOANNIS
785 140 1019 175 cunvsosrotn

1086 139 1197 168 ClllEP.
1217 136 1482 166 CONSTANTINOP.
1828 133 1861 160 63

264 217 306 244 Ea:
316 218 427 251 {neum
437 219 459 239 et
466 220 525 245 εει-ρ
530 212 620 238 zntium
629 208 774 244 corporibus
784 213 839 242 qua
851 205 945 232 utilitas
955 202 1019 251 oria-

230 248 361 290 θυι-35.
368 268 378 285 σ
385 258 417 285 Et
429 257 499 293 fecit,
511 255 605 291 inquit,
619 254 688 281 Deus
698 253 789 280 bestias
802 256 875 278 teme
885 248 1021 277 secundum

229 315 306 342 genus
320 313 405 338 suum,
419 309 442 331 et
458 310 547 337 pecora
562 300 698 328 secundum
707 306 789 334 genus
803 305 888 328 suum,
901 299 925 322 et
938 294 1022 322 omnia

229 339 329 388 ;optiliu
340 355 413 378 terra:
424 347 560 377 secundum
572 354 648 381 genus
659 353 742 372 suum.
756 344 789 371 Et
801 342 862 370 uidit
875 339 1022 388 Deosqqu

229 386 311 425 essent
323 396 399 424 bona.
414 404 423 421 ι
437 394 487 422 Ubi
499 399 571 420 nunc
580 395 641 419 sunt
653 391 697 425 qui
708 389 796 417 dicere
806 387 904 415 audeat
917 395 923 413 :
934 386 1022 420 Quare

230 443 313 476 tuae,
334 448 416 477 quare
440 439 544 474 reptilia
565 441 654 466 creata
674 434 754 463 sunt?
774 433 888 461 Audiant
905 431 1021 459 divinam

230 476 394 523 Scripturam
406 486 538 514 dicentem
552 493 558 511 :
574 482 605 510 Et
619 482 679 509 vidit
692 481 760 508 Deus
772 479 841 515 quod
854 482 934 506 essent
946 476 1020 503 bona.

231 536 296 569 Dic.
309 534 438 565 obsecro,
456 533 512 566 ipse
526 530 570 565 qui
584 528 683 557 creavit
695 526 784 554 laudat
797 525 879 556 facta,
894 528 921 550 et
933 527 962 549 tu
973 528 1024 569 au:

232 567 515 615 desireprebendere?
530 577 640 611 Quanta:
658 581 711 601 non
731 572 782 599 hoc
802 571 880 598 fuerit
895 567 1023 596 insanire?

232 629 298 663 Quia
313 627 378 656 etin
392 624 539 654 seminibus
551 628 579 651 et
592 623 618 650 in
629 620 727 657 plantis
740 626 793 646 non
807 616 893 644 solum
907 615 1024 642 fructuo-

231 682 276 703 sas
288 674 408 705 arbores,
422 671 469 699 sed
480 676 509 699 et
527 670 680 705 sylvestres,
693 670 721 694 et
732 663 854 695 steriles;
871 667 897 689 et
911 669 963 688 non
977 666 1023 687 so-

234 724 287 751 mni
305 721 412 750 inutiles
426 720 539 750 herbas,
555 716 601 744 sed
616 719 643 743 et
662 712 810 748 incognitas
829 709 906 737 nobis
926 707 1026 742 male“

232 775 304 796 terra
316 787 325 800 ,
344 773 416 800 smpe
432 765 513 793 etiam
534 762 627 790 noxias
643 769 649 787 :
665 758 713 788 sed
733 761 872 793 propterea
890 761 945 800 non
963 756 1026 780 sunt

189 834 195 841 .
231 798 413 847 vituperanda:
423 813 556 838 creaturae
571 816 578 834 :
591 805 657 834 nihil
669 804 739 831 enim
752 807 855 831 temere
866 804 914 828 aut
928 798 1026 827 frustra

232 845 376 886 formatum
390 859 439 883 est.
454 854 524 883 Sane
542 859 630 887 neque
648 849 754 878 laudent
772 847 842 883 apud
853 845 1026 874 Conditorem

233 903 405 934 invenissent,
418 901 467 928 nisi
480 899 513 927 ad
524 898 664 927 utilitatem
674 896 789 931 aliquam
799 893 914 922 conditae
926 894 1025 922 essent.

234 950 325 984 itaque
339 949 407 976 sicut
427 948 454 975 in
470 945 612 974 arboribus
625 951 679 972 nam
693 949 787 970 omnes
803 940 947 968 fructuosae
956 936 1027 984 ,jsed

234 1000 261 1022 et
278 982 449 1021 infructuosa:
469 991 559 1019 multa:
573 998 580 1016 :
596 993 711 1016 attamen
727 986 779 1014 illa:
794 986 858 1020 ipsae
870 991 924 1011 non
938 982 1027 1010 mino-

234 1047 291 1067 rem
305 1038 392 1072 nobis,
405 1045 483 1072 qttatn
498 1036 639 1063 fructuosa:
652 1033 801 1063 utilitatem,
817 1032 928 1064 eamque
940 1026 1029 1054 adnti»

233 1084 346 1112 rabilent
359 1104 366 1116 ,
382 1087 409 1110 et
423 1082 504 1117 quieti
519 1086 618 1108 nostra:
638 1078 799 1106 servientem
811 1074 951 1103 conferunt
965 1081 971 1099 :
985 1076 1027 1099 et—

235 1130 306 1157 enim
331 1137 364 1156 ex
386 1128 451 1163 ipsis
475 1126 606 1159 aedilicia,
625 1129 653 1152 et
675 1123 756 1151 multa
777 1122 827 1149 alia
852 1120 886 1147 ad
911 1118 1027 1154 quietem

236 1182 354 1204 nostram
376 1173 534 1209 pertittetttia
550 1171 709 1199 fabricamus
723 1177 729 1195 :
746 1172 773 1195 et
786 1166 894 1195 omnino
909 1164 972 1192 nihil
987 1168 1029 1191 est

235 1222 306 1258 quod
327 1229 379 1248 non
401 1220 503 1247 ratione
521 1219 607 1253 aliqua
631 1216 773 1243 formatum
792 1214 840 1245 sit,
856 1211 960 1240 etiamsi
980 1210 1028 1238 ltu-

235 1276 314 1296 mana
337 1273 429 1295 natura
451 1266 538 1294 omnia
560 1265 603 1292 illa
622 1267 745 1291 accurate
762 1261 831 1289 scire
845 1267 901 1287 non
921 1258 1005 1294 possit
1021 1266 1028 1285 :

236 1313 349 1350 proinde
366 1313 435 1341 sicut
450 1312 475 1339 in
491 1310 631 1339 arboribus
643 1330 650 1342 ,
667 1309 702 1336 ita
717 1312 744 1336 et
758 1307 784 1334 in
800 1304 958 1334 animalibus
977 1303 1028 1331 alia

237 1360 344 1395 quidem
360 1358 392 1386 ad
407 1358 494 1385 cibum
510 1361 628 1384 nostrum
643 1354 784 1390 pertinent,
800 1352 851 1379 alia
864 1351 898 1378 ad
909 1350 1030 1378 ministe-

237 1406 317 1433 rium.
331 1404 458 1432 Ferarum
473 1402 536 1430 ilem
551 1405 578 1429 et
593 1399 726 1435 reptilium
741 1405 838 1433 genera
853 1404 905 1425 non
921 1402 1029 1431 parvam

236 1451 314 1480 nobis
328 1453 455 1486 praestant
470 1448 618 1480 utilitatem,
632 1450 659 1474 et
671 1446 693 1473 si
708 1445 768 1480 quis
778 1444 840 1472 velit
852 1450 928 1478 atquo
940 1442 1030 1469 animo

236 1498 402 1532 intelligere,
418 1495 537 1523 inveniet
549 1493 628 1521 etiam
643 1499 728 1523 nunc,
744 1497 805 1518 cum
821 1489 967 1524 principatu
981 1494 1030 1514 eo-

236 1551 297 1572 rum
309 1542 345 1570 ob
356 1542 434 1577 primi
449 1540 566 1576 parentis
578 1536 784 1566 inobedientiam
796 1533 913 1562 destituti
926 1539 1028 1565 sumus,

237 1596 360 1624 magnam
382 1595 416 1615 ex
438 1585 489 1613 illis
510 1584 589 1613 nobis
613 1583 753 1611 utilitatem
775 1580 923 1616 provenire.
947 1578 1028 1605 Multa

238 1634 310 1661 enim
331 1632 392 1661 inde
412 1631 539 1666 colligunt
557 1629 669 1661 medici,
683 1635 743 1663 quin
756 1626 789 1654 ad
805 1629 954 1653 nostrorum
968 1631 1030 1651 cor-

237 1686 333 1715 porum
348 1678 506 1706 medicinam
521 1681 548 1703 et
566 1675 705 1704 sanitatem
724 1673 883 1701 conducant.
906 1670 1030 1705 Alioquin

238 1725 321 1754 etiam
334 1723 395 1759 qttid
409 1722 561 1750 nocumenti
576 1729 607 1748 ex
623 1720 737 1748 ferarum
750 1717 934 1753 productione,
948 1723 1031 1751 quan-

239 1772 274 1799 do
288 1771 357 1798 sicut
368 1769 513 1796 domestica
527 1767 649 1796 animalia
660 1787 667 1799 ,
683 1766 720 1793 sic
733 1770 760 1792 et
776 1764 822 1792 illa
839 1763 888 1791 sub
901 1765 1032 1798 potestate

241 1816 328 1844 futura
343 1819 420 1843 erant
435 1813 560 1846 hominis,
573 1819 627 1840 non
641 1811 723 1838 multo
737 1814 796 1845 post
809 1808 962 1837 formandi?
975 1807 1032 1835 Hoc

239 1863 311 1890 enim
327 1869 397 1888 ttunc
409 1861 479 1888 dico.

276 1908 303 1936 6.
318 1907 352 1936 Ut
365 1911 453 1934 autem
467 1905 554 1934 d'mcas
570 1904 688 1932 omnium
706 1902 811 1931 Domini
829 1901 1032 1936 supereminen-

240 1959 294 1982 tem
308 1953 510 1981 beneﬁcentiam
521 1971 528 1983 ,
544 1958 625 1986 quam
637 1957 698 1985 erga
713 1954 832 1976 nostrum
846 1954 929 1983 genus
943 1947 1032 1974 decla-

240 2005 302 2033 rat,
328 2001 468 2035 postquam
493 1997 619 2033 expandit
642 1997 754 2027 cadum,
776 1995 894 2023 extendit
915 1998 1034 2027 terram,

240 2045 361 2074 condidit
372 2045 568 2072 firmamentum
578 2064 586 2076 ,
603 2047 631 2070 ut
644 2042 718 2077 quasi
733 2045 837 2075 septum
850 2039 955 2074 aliquod
968 2039 1035 2066 divi-

240 2092 343 2119 sionem
358 2090 427 2117 inter
443 2096 526 2124 aquas
538 2093 564 2116 et
578 2095 660 2122 aquas
675 2087 773 2114 faceret
788 2094 793 2111 :
807 2085 904 2112 deinde
919 2089 946 2111 ut
956 2084 1036 2119 jussit

243 2143 371 2171 aquarum
387 2134 444 2162 fieri
461 2134 694 2169 eongregationcs,
710 2140 756 2159 cas
777 2132 858 2158 maria
879 2130 1033 2165 appellavit,

241 2181 342 2209 aridam
361 2185 448 2209 autem
464 2184 562 2208 terrant
573 2200 580 2212 ,
595 2186 672 2214 quant
689 2182 779 2212 postea
793 2177 923 2205 seminunt
938 2176 1035 2204 herba-

241 2234 354 2262 rumque
367 2230 495 2261 proventu
509 2225 621 2253 ornavit.
634 2223 749 2258 indeque
763 2223 867 2250 transiit
878 2222 911 2249 ad
922 2222 1036 2250 duorum

243 2279 400 2307 magnorum
414 2270 583 2298 tuminarium
601 2268 797 2299 formationem,
813 2272 840 2294 et
853 2267 885 2295 ad
900 2267 1037 2295 stellarum

243 2320 397 2347 varietatem
409 2339 416 2350 ,
435 2318 531 2353 quibus
553 2315 775 2351 pulchritudinem
799 2315 856 2342 cadi
875 2314 1037 2342 ornatiorem

243 2365 378 2398 reddidit;
404 2369 495 2399 postea
519 2367 607 2390 autem
631 2369 691 2390 eum
715 2369 748 2389 ex
772 2361 847 2396 aquis
871 2360 1039 2395 produxisset

244 2411 369 2446 aquatilia
388 2409 531 2436 animantia
551 2412 578 2435 et
596 2407 727 2440 volatilia,
741 2415 799 2442 qum
817 2406 938 2434 volarent
957 2413 1037 2441 super

246 2462 344 2484 terram
360 2454 505 2483 secundum
518 2454 711 2481 firmamentum
725 2454 793 2486 cadi,
806 2453 914 2488 impleto
924 2454 1039 2489 quinque

246 2502 348 2530 dierutn
365 2509 489 2534 numero,
501 2501 627 2536 quoniam
642 2500 780 2535 oportebat
794 2504 821 2527 et
835 2499 970 2527 terrestria
983 2500 1040 2526 ani-

247 2547 326 2575 utalia
347 2546 456 2574 formari
472 2555 479 2573 :
494 2546 631 2581 impera-vit
646 2550 675 2572 ut
693 2549 720 2573 et
739 2546 794 2580 ipsa
812 2545 963 2577 ederentur,
978 2553 1039 2572 ctnn

247 2601 278 2620 ca
291 2598 351 2628 qua:
364 2592 397 2619 ad
412 2587 511 2623 cibum’,
526 2596 580 2618 tum
593 2599 624 2619 ea
637 2599 696 2626 quas
707 2591 739 2618 ad
753 2591 927 2618 ministerium
940 2590 1041 2618 condar

247 2638 335 2666 eibilia
347 2658 357 2671 ,
368 2646 417 2665 nec
432 2645 484 2665 non
502 2637 564 2665 fera:
585 2642 613 2665 et
631 2636 733 2672 reptilia
745 2657 752 2669 ,
766 2637 879 2671 denique
893 2637 936 2663 ubi
952 2636 1041 2663 omnia

248 2691 297 2711 suo
319 2688 413 2711 ornatu
433 2683 563 2715 excoluit,
579 2687 607 2710 et
625 2682 793 2710 conrenienti
813 2682 906 2710 ordine
928 2682 1041 2709 visibilia

232 2721 393 2768 ldisposuit,
406 2733 432 2756 et
448 2736 565 2756 mensam
581 2729 680 2764 largam
701 2728 838 2762 instruxit,
851 2728 930 2760 variis
944 2732 971 2754 et
985 2735 1043 2754 ont-

249 2775 352 2810 nigenis
365 2775 489 2802 refertum
505 2774 600 2802 eduliis
611 2795 619 2807 ,
632 2774 790 2808 copiamque
808 2778 835 2800 et
853 2780 918 2807 opes
939 2772 1042 2800 haben-

250 2825 304 2848 tem
317 2841 323 2853 ,
338 2825 364 2848 et
377 2819 451 2856 quasi
465 2820 524 2856 quis
536 2820 606 2848 dicat
621 2820 719 2854 regiam
734 2840 740 2852 ,
756 2818 871 2854 ttttdiqnc
891 2826 1004 2852 superne
1016 2823 1042 2846 et

250 2862 355 2892 iuit-mc
374 2866 453 2893 variis
472 2866 557 2893 modis
572 2865 737 2901 splendidam
749 2885 755 2896 ,
771 2869 831 2891 tunc
849 2863 952 2891 tandem
970 2863 1041 2891 illum

1073 198 1169 224 format
1179 197 1224 232 qui
1238 196 1278 224 his
1292 195 1413 224 omnibus
1428 195 1554 222 fruiturus
1566 199 1647 226 esset.
1662 194 1706 221 cui
1717 193 1865 223 visibilium

1073 243 1189 270 orantium
1205 246 1362 277 potestatem
1376 241 1472 270 tradat.
1483 246 1510 267 et
1520 240 1635 267 ostendit
1646 243 1745 275 quanto
1757 239 1863 274 dignius

1073 288 1176 316 ueteris
1185 287 1309 315 omnibus
1321 286 1419 314 animal
1432 286 1537 319 formet,
1550 284 1763 320 quandoquidem
1775 285 1863 320 prfeci-

1074 335 1128 369 pit,
1145 334 1232 362 omnia
1245 341 1306 369 quae
1320 334 1387 360 facta
1401 336 1476 360 erant
1490 332 1539 360 Sub
1554 332 1626 359 illius
1642 339 1702 360 esse
1714 331 1825 366 imperio
1837 338 1864 359 ct

1075 384 1215 415 potestate.

1111 426 1218 453 Moralt's
1232 425 1388 458 exhortatio;
1400 424 1539 452 Gentilium
1552 424 1662 451 amentia
1674 424 1701 450 in
1715 424 1863 451 onimatium

1074 480 1206 507 rerumque
1218 473 1303 500 vitium
1318 471 1396 498 cuitu.
1410 486 1446 492 —
1460 471 1556 498 Verum
1571 478 1605 498 ne
1626 470 1728 505 longius
1742 475 1866 497 excurrat

1075 519 1175 552 oratio,
1188 519 1230 546 his
1241 518 1360 546 contenti
1375 517 1468 548 dictis,
1483 517 1510 544 in
1523 521 1678 552 sequentem
1693 516 1763 544 diem
1785 524 1865 551 repo-

1075 572 1169 593 namus
1182 571 1214 592 ea
1226 571 1285 599 quae
1300 563 1434 598 pertinent
1451 562 1485 590 ad
1504 562 1688 590 formatiOnem
1703 561 1866 589 admirabilis

1077 611 1155 646 hujus
1177 610 1298 638 animalis
1308 609 1444 638 rationalis
1454 613 1481 636 et
1492 608 1611 642 animati,
1623 608 1739 636 hominis
1748 609 1866 644 ittquam,

1076 664 1147 685 nunc
1165 661 1319 685 consuetam
1332 655 1538 683 admonitionem
1552 654 1724 686 adhibeam,
1740 654 1776 682 ita
1792 659 1820 681 ut
1834 662 1869 682 ne

1076 703 1208 730 dictorum
1223 702 1350 730 memoria
1363 701 1485 729 elabatur
1499 709 1507 728 :
1523 700 1570 727 sed
1589 708 1621 728 ex
1639 700 1762 728 omttibus
1776 700 1868 727 visibi-

1077 748 1147 776 libus
1160 747 1193 775 ad
1207 747 1396 775 celebrandum
1412 747 1552 774 Dominum
1569 753 1618 773 nos
1635 745 1706 781 ipsos
1723 746 1867 781 erigamus.

1077 793 1154 828 Quod
1173 798 1261 823 autem
1280 793 1400 828 assequi,
1415 797 1445 820 et
1457 797 1639 819 creaturarum
1654 791 1772 819 omnium
1786 792 1869 819 ratio—

1079 847 1138 867 nem
1155 838 1384 874 comprehendere
1404 846 1460 865 non
1484 837 1616 872 pessimus
1626 859 1633 870 ,
1649 837 1675 865 id
1690 845 1724 865 ne
1740 838 1777 865 sit
1793 838 1870 866 nobis

1080 885 1273 914 incredulitatis
1286 885 1390 913 occasio
1399 906 1407 919 ,
1423 885 1470 913 sed
1483 885 1571 920 potius
1584 884 1618 912 ad
1635 884 1800 912 referendam
1815 885 1872 912 Deo

1079 932 1191 968 gloriam
1203 932 1416 960 incitamentum.
1432 931 1543 965 Quando
1557 931 1629 959 enim
1645 930 1734 959 deﬁcit
1746 931 1814 958 ratio
1823 952 1830 964 ,
1844 935 1871 958 et

1079 985 1157 1006 nens
1176 985 1229 1005 non
1247 982 1288 1005 est
1298 984 1381 1012 capax
1392 997 1400 1010 ,
1414 977 1500 1012 cogita
1514 983 1593 1011 quam
1606 983 1716 1011 magnus
1728 980 1770 1003 est
1783 975 1873 1002 Domi-

1080 1031 1129 1052 nus
1141 1028 1204 1052 tuus
1215 1044 1223 1058 ,
1238 1028 1265 1051 et
1279 1031 1311 1052 ex
1326 1023 1377 1050 hoc
1390 1024 1449 1058 ipso
1459 1043 1466 1055 ,
1480 1022 1551 1060 quod
1567 1027 1637 1050 tanta
1650 1023 1686 1050 sit
1699 1022 1756 1058 ejus
1771 1023 1871 1055 virtus,

1081 1073 1110 1098 ut
1121 1077 1207 1104 neque
1219 1069 1348 1096 rationem
1361 1077 1453 1097 eorum
1467 1077 1525 1104 quae
1539 1068 1573 1096 ab
1585 1068 1632 1096 illo
1647 1068 1715 1096 facta
1731 1072 1792 1096 sunt
1802 1068 1874 1096 scire

1080 1123 1218 1150 queamus.
1233 1115 1290 1142 Hoc
1303 1114 1382 1142 fuerit
1395 1114 1462 1149 grati
1476 1114 1556 1142 animi
1569 1135 1575 1146 ,
1591 1115 1640 1142 hoc
1655 1114 1750 1142 sobria:
1765 1115 1871 1141 utentis.

1083 1161 1212 1194 Quoniam
1229 1165 1257 1188 et
1271 1160 1384 1195 gentiles
1398 1160 1437 1187 sic
1449 1165 1622 1193 erraverunt,
1637 1160 1691 1187 suis
1706 1160 1872 1194 cogitationi-

1081 1206 1132 1234 bus
1146 1205 1234 1233 omnia
1249 1205 1448 1240 permittentes,
1463 1210 1491 1232 et
1503 1205 1536 1232 ad
1550 1205 1759 1233 imbecillitatem
1773 1209 1873 1232 naturae

1081 1258 1137 1280 suat
1156 1259 1211 1279 non
1229 1251 1403 1286 respicientes
1414 1271 1422 1284 ,
1444 1250 1491 1278 sed
1509 1259 1570 1286 qua:
1587 1251 1655 1278 ultra
1672 1256 1777 1286 captum
1795 1259 1874 1279 suum

1082 1302 1159 1326 erant
1173 1297 1348 1333 itttaginantes
1360 1318 1367 1330 ,
1382 1303 1410 1326 et
1423 1298 1536 1325 limitum
1552 1305 1660 1325 suorum
1673 1297 1739 1325 lines
1753 1298 1852 1333 egressi
1864 1319 1872 1330 ,

1081 1345 1162 1373 etiam
1181 1351 1195 1371 a
1217 1351 1263 1372 sua
1285 1344 1414 1379 dignitate
1431 1344 1596 1372 exciderunt.
1620 1343 1686 1371 Nam
1705 1344 1749 1379 qui
1772 1345 1875 1372 ratione

1083 1390 1199 1426 iusigniti
1212 1390 1364 1425 hujusmodi
1382 1390 1524 1425 primatum
1538 1395 1697 1425 acceperant
1710 1398 1725 1418 a
1737 1390 1874 1424 Creatore,

1084 1441 1176 1471 utpote
1189 1436 1311 1464 omnibus
1327 1444 1387 1471 qua:
1405 1436 1455 1463 sub
1474 1436 1565 1464 oculos
1580 1435 1678 1464 cadunt
1691 1438 1818 1463 creaturis
1832 1436 1875 1464 di-

1082 1483 1189 1518 gniores
1200 1503 1207 1516 ,
1221 1482 1250 1510 hi
1268 1483 1294 1509 in
1307 1486 1406 1511 tantam
1424 1482 1614 1510 absurditatem
1628 1482 1732 1511 deducti
1745 1487 1809 1510 sunt
1821 1503 1828 1515 ,
1846 1488 1876 1510 ut

1083 1535 1173 1560 canes,
1187 1528 1288 1560 simias,
1302 1533 1329 1555 et
1339 1527 1498 1561 crocodilos,
1509 1532 1537 1556 et
1550 1527 1591 1555 his
1603 1527 1715 1556 foediora
1729 1528 1874 1555 adorat-int.

1084 1574 1117 1602 Et
1130 1574 1193 1609 quid
1207 1575 1267 1602 dico
1282 1574 1359 1602 bruta
1373 1574 1518 1601 animalia?
1533 1574 1606 1601 Multi
1625 1581 1716 1602 eorum
1732 1575 1758 1601 in
1774 1579 1876 1602 tantum

1084 1624 1221 1655 stuporem
1235 1623 1262 1647 et
1276 1620 1419 1647 amentiam
1433 1619 1583 1646 inciderunt
1593 1639 1601 1653 ,
1618 1623 1647 1646 ut
1658 1625 1686 1646 et
1699 1620 1759 1646 allia
1769 1640 1777 1653 ,
1793 1625 1820 1646 et
1836 1620 1878 1648 Itis

1085 1665 1177 1693 viliora
1191 1665 1290 1692 colant.
1306 1665 1449 1700 Propterea
1464 1664 1593 1700 propheta
1613 1664 1675 1692 illos
1689 1665 1857 1693 subindicans
1867 1686 1876 1699 ,

1086 1713 1189 1748 inquit:
1201 1711 1368 1746 Comparatus
1377 1715 1413 1738 est
1423 1711 1545 1746 jumentis
1555 1711 1737 1746 insipientibus,
1753 1717 1776 1738 ct
1788 1712 1878 1739 similis

1086 1760 1168 1793 factus
1182 1763 1218 1785 est
1237 1757 1289 1785 illis
1304 1757 1389 1792 (Ptol.
1402 1756 1446 1784 48.
1462 1757 1519 1793 21).
1533 1756 1583 1790 Qui
1599 1757 1710 1790 ratione,
1727 1757 1821 1792 inquit,
1838 1758 1879 1784 in-

1086 1804 1198 1840 signitus
1212 1808 1270 1831 erat
1282 1809 1309 1831 et
1323 1808 1395 1831 tanta
1408 1803 1537 1838 sapientia
1555 1803 1691 1838 prreditus,
1708 1804 1730 1830 is
1744 1804 1826 1831 brutis
1840 1805 1879 1831 fa-

1086 1856 1144 1879 ctus
1159 1855 1200 1878 est
1214 1850 1310 1878 similis
1322 1871 1329 1883 ,
1346 1850 1414 1878 forte
1426 1854 1454 1878 et
1472 1849 1597 1877 deterior.
1614 1850 1660 1877 llla
1679 1851 1750 1877 enim
1763 1871 1770 1883 ,
1786 1855 1878 1884 utpote

1087 1896 1286 1929 irrationa‘bilia,
1300 1896 1378 1923 nullis
1394 1897 1478 1930 plenis
1492 1896 1606 1923 obnoxia
1620 1901 1714 1928 erunt;
1729 1897 1773 1931 qui
1789 1901 1878 1924 autem

1086 1942 1188 1970 ratione
1210 1941 1292 1976 pollet
1304 1962 1311 1973 ,
1325 1942 1348 1969 si
1362 1942 1388 1968 in
1403 1941 1509 1968 illorum
1530 1941 1652 1969 inciderit
1667 1941 1856 1969 absurditalem
1869 1962 1879 1975 ,

1087 1989 1182 2016 merito
1196 1995 1289 2023 pinnas
1303 1988 1373 2020 luet,
1389 1988 1507 2023 ingratus
1519 1995 1579 2015 cum
1594 1988 1630 2015 sit
1649 1992 1709 2023 post
1721 1992 1761 2015 tot
1776 1988 1879 2015 beneﬁ~

1087 2035 1138 2062 cia.
1152 2034 1219 2062 Hinc
1230 2033 1344 2068 denique
1357 2039 1384 2061 et
1396 2034 1498 2068 lapides
1506 2038 1532 2062 et
1545 2033 1614 2069 ligna
1625 2034 1690 2061 deos
1702 2035 1879 2069 appellarunt,

1087 2085 1115 2108 et
1135 2080 1192 2107 haec
1213 2080 1323 2107 visibilia
1344 2080 1473 2107 elementa
1498 2079 1563 2108 deos
1584 2080 1729 2108 effecerunt
1748 2082 1830 2117 :quia
1850 2086 1880 2110 ut

1088 2126 1171 2154 semel
1186 2133 1200 2152 a
1214 2130 1286 2153 recta
1300 2126 1341 2153 via
1355 2126 1522 2160 aberrarunt,
1539 2126 1566 2154 itt
1582 2134 1701 2162 prazceps
1718 2127 1837 2161 ivcrunt,
1852 2133 1880 2156 et

1090 2172 1116 2199 in
1131 2171 1238 2199 malitim
1251 2171 1410 2206 profundum
1424 2172 1584 2200 inciderunt.

1125 2218 1152 2245 7.
1165 2217 1356 2245 Verumtamen
1371 2225 1419 2245 nos
1433 2225 1518 2252 neque
1528 2218 1566 2245 sic
1576 2218 1610 2245 de
1623 2218 1707 2246 salute
1720 2218 1823 2246 illorunt
1835 2219 1883 2247 de-

1089 2272 1237 2299 speremus,
1254 2264 1300 2292 sed
1314 2264 1456 2292 atterentes
1471 2265 1496 2292 id
1511 2265 1580 2300 quod
1597 2273 1677 2300 penes
1691 2273 1740 2292 nos
1754 2271 1804 2300 est,
1820 2274 1882 2294 cum

1090 2311 1161 2339 omni
1175 2311 1312 2338 alacritate
1324 2315 1352 2338 et
1363 2311 1486 2346 patientia
1500 2311 1550 2339 illis
1562 2312 1702 2347 loquamur
1714 2322 1720 2340 :
1732 2318 1884 2340 monstran-

1092 2362 1131 2384 tes
1145 2363 1199 2385 tum
1213 2357 1252 2384 rei
1265 2357 1471 2390 absurditatem,
1487 2361 1542 2384 tum
1555 2358 1645 2384 dantni
1664 2358 1820 2393 gravitatem
1834 2380 1842 2393 ,
1857 2363 1885 2386 ot

1092 2411 1235 2438 numquam
1249 2403 1283 2430 de
1302 2403 1407 2431 illorum
1427 2404 1514 2431 salute
1527 2403 1739 2439 despondeamus
1754 2413 1883 2434 antmum.

1094 2449 1231 2478 Probabile
1246 2449 1317 2476 enim
1333 2454 1384 2482 est,
1400 2449 1467 2481 fore,
1483 2454 1512 2477 ut
1525 2451 1651 2485 temporis
1667 2459 1805 2486 progressu
1822 2460 1885 2486 pcr-

1093 2495 1268 2527 suadcantur,
1283 2495 1398 2522 maxime
1419 2495 1441 2521 si
1463 2502 1511 2522 nos
1533 2496 1567 2522 ita
1585 2495 1721 2528 vivamus,
1736 2501 1764 2523 ut
1785 2498 1885 2525 nullam

1094 2542 1158 2576 ipsis
1172 2540 1337 2576 praebeamus
1354 2540 1519 2576 repugnandi
1534 2548 1636 2568 ansam.
1651 2542 1724 2569 Multi
1739 2543 1809 2569 enim
1825 2544 1886 2570 illo-

1094 2595 1152 2614 rum
1173 2594 1232 2614 cum
1255 2586 1369 2614 viderint
1391 2591 1542 2613 nostrorum
1561 2587 1664 2621 aliquos
1683 2588 1764 2616 verbo
1779 2589 1887 2623 quidem

1094 2637 1121 2660 et
1132 2631 1259 2659 vocabulo
1269 2631 1434 2659 Christianos
1445 2632 1582 2666 appellari,
1593 2637 1721 2660 crntcrum
1733 2634 1801 2661 sicut
1817 2635 1889 2668 ipsos

1095 2686 1206 2714 rapere,
1227 2677 1346 2712 pecunirn
1365 2677 1474 2713 cupidos
1494 2686 1572 2710 esse,
1591 2679 1712 2707 invidere
1724 2701 1731 2712 ,
1751 2680 1887 2712 insidiati,

1096 2724 1171 2752 dolos
1190 2728 1312 2755 nectere,
1328 2723 1431 2758 aliaque
1449 2725 1538 2750 omnia
1556 2724 1645 2752 facere
1656 2744 1664 2758 ,
1679 2726 1797 2760 crapula:
1811 2725 1890 2752 volu-

1097 2771 1214 2805 ptatique
1226 2776 1320 2796 vacare
1330 2789 1337 2801 ,
1353 2769 1452 2796 monita
1469 2774 1558 2796 nostra
1574 2777 1626 2797 non
1642 2770 1710 2797 ultra
1727 2770 1871 2797 admittunt
1882 2791 1888 2803 ,

1098 2817 1144 2844 sed
1158 2824 1245 2843 ontnta
1261 2820 1348 2842 nostra
1365 2815 1495 2842 fallaciam
1509 2816 1670 2847 existimant,
1689 2821 1714 2843 ct
1730 2815 1823 2843 iisdem
1839 2816 1890 2843 cri-

1100 2861 1286 2890 minationibus
1301 2869 1392 2888 omncs
1406 2869 1465 2888 esse
1479 2862 1616 2889 obnoxios.
1632 2862 1722 2897 Cogita
1738 2863 1826 2897 igitur,
1840 2862 1890 2889 ob-
