2066 3126
182 188 222 217 69
735 184 770 212 IN
786 184 862 213 CAP.
882 183 902 211 1.
923 183 1044 211 GENES‘.
1067 182 1180 211 HUMIL.
1203 181 1269 211 V‘lll‘.
1789 179 1827 212 76

181 252 271 277 secro,
284 245 391 280 quantis
403 243 441 271 illi
451 242 523 278 digni
537 242 590 270 sint
602 241 749 276 suppliciis,
764 240 977 276 quandoquidem

182 300 239 320 non
254 292 340 320 solum
360 291 409 318 sibi
425 290 490 325 ipsis
504 288 744 323 inexstinguibilem
763 287 850 322 ignem
869 294 979 314 coacer-

183 345 266 372 vant,
282 339 329 366 sed
342 343 369 365 ct
385 337 444 364 aliis
458 342 580 363 auctores
592 339 654 362 sunt
667 339 695 362 ut
710 334 735 361 iu
750 341 842 361 errore
855 340 980 368 perseve-

187 391 257 417 rent,
271 389 299 412 et.
312 392 344 411 ne
359 384 484 410 virtutem
499 381 645 412 addiscant,
661 381 786 408 obturem
803 386 892 412 aures,
907 383 934 406 ct
947 379 980 406 ad

187 432 245 458 ha-c
260 432 285 458 in
305 437 385 457 causa
403 433 480 461 sunt,
498 434 526 455 ut
539 428 618 455 etiam
634 428 758 454 virtutum
774 426 885 453 studiosi
901 433 981 452 accu-

186 482 332 510 sentur,et
345 474 584 510 reprehendantur,
600 477 629 500 et
641 472 710 508 quod
724 472 841 499 omnium
856 471 981 506 gravissi-

188 532 272 555 mum,
285 530 333 558 per
346 522 419 556 ipsos
433 521 560 548 Dominus
573 518 780 553 blasphematur.
796 517 874 544 Vides
886 520 983 551 quanta

188 570 298 598 malitia:
312 567 461 603 pernicies?
475 567 549 594 vides
563 565 697 601 quomodo
711 572 763 591 non
779 563 880 598 vulgari
898 571 984 597 potita:

188 615 321 643 obnoxios
335 621 364 641 se
378 613 551 643 constituant,
566 611 611 646 qui
627 611 724 638 malum
739 613 884 642 sectantur,
899 608 945 635 sed
958 612 985 635 et

188 661 276 688 multo
297 659 476 695 gravissima),
492 657 514 685 si
532 656 660 692 supplicia
684 663 731 690 pro
752 654 874 682 omnibus
895 653 984 680 luituri

188 713 263 739 sunt,
278 714 330 734 non
344 706 430 733 solutn
444 711 492 740 pro
503 711 550 731 sua
564 702 722 737 perditione,
735 701 782 728 sed
795 705 821 728 et
834 708 882 736 pro
894 707 985 727 erran-

191 754 257 781 tium
273 752 399 781 scandalo
409 772 417 784 ,
431 756 458 778 et
472 758 520 786 pro
535 749 720 777 criminatione
739 747 882 782 probormn
899 746 986 773 homi-

192 808 268 831 num.
283 804 310 827 et
325 806 372 833 pro
392 796 555 832 blasphemia
571 796 596 822 in
612 795 715 822 Deum?
731 794 793 821 Hinc
807 793 886 828 igitur
898 792 986 819 omnia

193 847 359 882 cogitemus,
384 850 433 871 nec
455 847 573 869 nostram
598 840 712 868 salutem
736 839 900 874 negligamus
916 847 923 864 :
940 837 988 864 sed

194 899 290 927 magna
308 890 385 917 nobis
399 890 434 917 sit
447 896 509 916 cura
528 893 556 915 ut
578 887 723 915 secundum
745 885 827 912 Deum
845 885 967 911 vivamus
979 903 987 915 ,

194 939 312 965 scientes
334 943 383 962 nos
406 934 466 962 inde
489 933 604 960 maxime
627 932 668 959 vel
690 930 924 962 condemnandos,
946 927 989 955 vel

194 984 265 1010 illius
279 980 455 1010 beneﬁcentia
469 979 627 1014 dignandos.
650 977 694 1004 Sic
712 976 791 1012 igitur
804 975 893 1002 omnia
908 974 988 1001 facia-

194 1037 255 1057 mus
267 1049 274 1059 ,
289 1032 318 1054 ut
335 1031 362 1053 et
375 1034 425 1053 nos
439 1026 464 1052 in
479 1032 544 1060 pura
558 1023 720 1051 conscientia
735 1028 887 1053 versemur,
903 1023 930 1046 et
943 1025 991 1046 eos

195 1075 241 1110 qui
256 1074 343 1101 adhuc
355 1075 463 1103 errant,
476 1074 568 1097 nostro
582 1067 726 1096 secundum
742 1067 824 1094 Deum
838 1065 899 1092 vita:
913 1063 990 1091 insti-

196 1108 256 1148 tuto
274 1119 307 1146 ad
324 1118 463 1146 veritatem
486 1115 710 1146 manuducamus,
731 1117 759 1140 ut
776 1119 825 1147 per
843 1118 893 1138 nos
906 1114 932 1137 et
945 1108 991 1136 alii

195 1173 292 1194 omnes
305 1164 348 1199 qtti
362 1163 438 1190 nobis
448 1164 683 1191 connutnerantur,
695 1158 764 1185 bona
778 1158 845 1183 fama
858 1155 989 1187 fruantur,

197 1217 225 1240 ct
238 1217 300 1239 ante
317 1210 406 1237 omnia
423 1208 587 1244 gloriﬁcetur
600 1206 728 1233 Dominus
742 1209 850 1236 noster,
865 1207 892 1229 ct
907 1200 993 1235 majo-

197 1267 255 1286 rem
270 1257 352 1285 nostri
363 1263 453 1284 curam
467 1258 550 1290 gerat.
567 1253 631 1280 Nam
645 1260 705 1280 eum
717 1251 744 1278 in
759 1257 808 1278 nos
820 1249 994 1284 respicientes

198 1305 322 1332 homines
334 1303 435 1330 lucrum
449 1299 639 1336 reportabant,
653 1303 680 1325 et
691 1297 796 1324 laudem
812 1296 837 1323 in
856 1296 938 1322 Dento
952 1301 995 1321 re-

199 1350 304 1381 ferent,
319 1348 381 1376 inde
399 1351 428 1375 et
446 1354 495 1374 nos
516 1346 574 1380 plus
592 1343 689 1372 divina:
707 1343 799 1378 gratia:
811 1347 994 1375 assequemur.

199 1396 269 1431 Quid
282 1396 353 1422 enim
369 1395 472 1421 beatius
487 1392 593 1420 homine
606 1391 651 1426 qui
670 1391 709 1418 sic
723 1390 803 1420 vivit,
818 1393 846 1415 ιιι
858 1393 884 1414 et
898 1387 942 1422 qui
957 1386 997 1413 vi—

199 1444 265 1472 dent
275 1443 474 1477 obstupescunt,
486 1444 512 1466 et
523 1439 620 1470 dicant,
634 1438 722 1465 Gloria
735 1436 793 1468 tibi,
807 1435 892 1466 Deus;
904 1433 996 1468 quales

201 1494 263 1518 sunt
273 1487 416 1516 Christiani
428 1487 434 1513 !
448 1490 571 1521 quantam
583 1492 639 1520 pra:
649 1491 678 1510 se
688 1483 773 1510 ferunt
785 1477 995 1516 philosophiam!

201 1534 338 1570 quomodo
350 1532 498 1567 despiciunt
513 1529 671 1566 praesentia!
686 1527 820 1563 quomodo
833 1525 921 1552 onmia
933 1524 997 1558 ipsis

202 1580 296 1608 umbra
308 1582 335 1606 et
347 1577 479 1606 somnium
493 1579 656 1611 reputantur,
667 1578 694 1601 ct
705 1572 770 1600 nulii
780 1571 922 1598 visibilium
936 1573 998 1596 sunt

202 1625 291 1658 afﬁxi;
307 1624 353 1652 scd
367 1623 456 1650 omnia
470 1621 628 1655 transigunt,
643 1619 712 1646 sicut
723 1618 740 1645 ii
753 1619 796 1652 qui
808 1617 834 1644 in
848 1621 918 1644 terra
931 1614 997 1642 alie-

202 1679 238 1700 na
260 1674 341 1705 agunt
358 1668 507 1705 peregrini,
521 1672 548 1695 et
561 1665 678 1701 quotidie
692 1665 807 1700 migrare
824 1671 857 1690 ex
878 1662 927 1689 hac
944 1661 998 1689 vita

203 1718 315 1752 cupiunt
335 1721 361 1744 et
382 1715 528 1742 anhelant!
548 1713 678 1747 Quantam
701 1716 776 1746 putas
790 1710 871 1737 verba
891 1709 949 1736 haec
966 1707 999 1735 iis

204 1764 249 1799 qui
264 1764 302 1790 sic
316 1763 417 1794 vivunt,
431 1761 511 1788 etiam
524 1759 566 1786 hic
579 1766 594 1786 a
609 1755 662 1785 Deo
677 1756 827 1784 mercedem
839 1754 953 1782 afferre?
967 1754 1000 1780 Et

205 1809 276 1844 qttod
290 1807 367 1835 valde
381 1805 537 1834 admirabile
551 1812 581 1832 ac
595 1803 764 1838 stupendum,
780 1802 859 1829 etiam
874 1801 891 1828 ii
905 1800 948 1835 qui
961 1804 1000 1826 ta—

206 1856 241 1882 lia
255 1855 289 1882 de
301 1853 378 1880 nobis
389 1852 518 1887 judicant,
532 1850 604 1877 brevi
619 1849 653 1876 ab
669 1855 760 1876 errore
773 1847 913 1878 desistent,
927 1850 954 1873 et
966 1845 1000 1872 ad

207 1901 346 1928 veritatem
360 1898 493 1925 redibunt.
509 1897 564 1923 lloc
581 1903 644 1923 vero
663 1899 788 1930 quantam
804 1893 857 1919 illic
877 1891 999 1919 ﬁduciam

207 1947 319 1977 atterat,
335 1944 400 1971 nulli
422 1950 474 1970 non
496 1941 663 1969 manifestum
682 1945 732 1967 est.
753 1938 867 1965 Proinde
887 1937 1000 1964 scientes

209 1999 258 2018 nos
273 1996 300 2018 et
314 1990 348 2017 de
369 1990 441 2016 lucro
460 1993 487 2014 et
505 1988 539 2015 de
557 1987 656 2014 damno
673 1985 855 2020 proximorum
872 1983 1000 2010 rationem

209 2037 319 2063 daturos
331 2043 391 2062 esse
401 2055 408 2066 ,
422 2034 460 2061 sic
474 2034 553 2060 vitam
569 2036 686 2058 nostram
702 2030 871 2056 instituamus
883 2049 890 2059 ,
906 2032 933 2054 ut
949 2035 1003 2054 nou

210 2082 297 2109 solum
320 2081 396 2107 nobis
415 2079 527 2107 sufﬁciat
539 2099 547 2111 ,
561 2077 608 2105 sed
624 2081 649 2104 et
664 2076 724 2103 aliis
739 2075 800 2103 inde
813 2074 941 2101 doctrinm
956 2080 1003 2100 oc-

211 2129 284 2156 casio
303 2127 430 2159 accedat,
447 2130 477 2153 ut
491 2130 517 2152 et
533 2124 576 2151 hic
591 2131 713 2158 magnam
728 2121 774 2149 Dei
795 2120 907 2156 gratiam
928 2119 1004 2146 nobis

213 2175 402 2207 conciliemus,
417 2177 443 2200 et
458 2173 484 2199 in
500 2172 589 2198 futuro
604 2170 649 2197 Dei
669 2169 830 2203 benignitate
845 2167 916 2199 large
930 2166 1004 2192 frua-

213 2229 283 2254 mur,
295 2221 377 2255 gratia
391 2223 418 2246 ct
429 2216 643 2246 miserationibus
656 2214 782 2250 unigeniti
795 2214 852 2246 ejus
865 2211 935 2245 Filii,
947 2211 1006 2246 qui-

214 2275 276 2294 cum
290 2266 363 2294 Patri
378 2265 457 2293 simul
470 2267 615 2298 sanctoque
629 2261 738 2296 Spiritui
753 2260 787 2287 sit
800 2258 884 2294 gloria
895 2279 903 2290 ,
919 2257 1005 2292 impe-

216 2313 295 2345 rium,
307 2313 400 2344 ltonor,
413 2317 482 2338 nunc
492 2313 519 2337 et
528 2315 643 2343 semper,
656 2311 682 2334 et
692 2306 717 2333 iu
728 2305 826 2333 saecula
837 2304 1005 2332 seculorum.

215 2358 312 2386 Amen.

500 2409 637 2438 HOMIUA
661 2407 725 2436 Vill.

218 2471 252 2500 Et
263 2471 329 2498 dixit
340 2470 409 2496 Deus
422 2479 428 2496 :
445 2468 580 2495 Faciamus
591 2467 714 2493 hominem
725 2464 861 2492 secundum
874 2463 1009 2498 imaginem

255 2522 366 2544 nostram
386 2521 408 2542 ct
429 2515 565 2542 secundum
587 2513 777 2540 similitudinem
790 2519 799 2537 :
814 2515 835 2537 et
850 2509 1009 2536 dominentur

259 2564 369 2599 piscibus
383 2561 459 2588 maris
469 2582 476 2593 ,
490 2565 513 2587 at
527 2555 668 2587 volatilibus
683 2558 738 2584 εωΙὶ
750 2578 756 2590 ,
772 2562 794 2584 et
818 2555 964 2591 pecotibus,
986 2558 1010 2580 at

256 2609 340 2636 bestiis
351 2629 358 2641 ,
381 2612 403 2634 et
419 2607 539 2633 universae
552 2610 624 2632 tet-rte
636 2625 643 2637 ,
664 2609 686 2630 et
699 2602 812 2630 omnibus
826 2599 955 2637 reptilibus
968 2607 1011 2627 re-

259 2655 372 2690 pentibus
387 2661 463 2688 super
476 2657 566 2678 terram
581 2650 659 2686 (Gen.
675 2650 700 2677 1.
715 2649 750 2676 926
760 2649 780 2685 ).

258 2723 284 2749 1.
306 2722 361 2756 Age
380 2725 407 2748 et
429 2719 524 2751 hodie,
540 2718 601 2753 quia
621 2717 722 2744 alacres
742 2716 798 2743 heri
822 2723 882 2750 quae
897 2714 1012 2741 diximus

225 2767 334 2795 audistis
344 2787 352 2799 ,
367 2774 426 2800 qua:
442 2772 535 2792 recens
549 2765 616 2791 lecta
629 2768 708 2795 sunt,
723 2762 825 2790 caritati
841 2766 935 2788 vestra:
950 2768 1012 2795 pro-

226 2821 365 2849 ponamus,
382 2812 454 2846 pritts
469 2815 558 2837 tamen
570 2817 618 2836 vos
631 2811 800 2837 cohortantes
811 2828 820 2841 ,
833 2813 862 2835 ut
874 2807 1014 2842 diligenter

227 2858 381 2886 auscultetis
396 2865 426 2884 ca
439 2864 498 2892 quae
513 2856 646 2887 dicuntur,
662 2859 689 2882 et
701 2863 758 2890 qu.t-
772 2853 844 2889 prius
859 2853 928 2880 dicta
941 2856 1013 2885 sunt,

227 2906 295 2933 bene
305 2905 335 2946 in
351 2909 439 2932 mente
453 2908 540 2931 rostra
562 2902 694 2938 reponatis
704 2923 711 2935 ,
725 2906 754 2928 ut
769 2908 802 2928 nc
821 2899 918 2927 frustra
932 2903 959 2927 et
973 2898 1015 2925 in-

1031 249 1136 268 cassum
1155 241 1273 269 laborcm
1295 244 1398 268 tantum
1413 241 1539 270 feramus.
1554 241 1610 270 Hoc
1623 243 1694 270 enim
1708 243 1824 272 studium

1032 291 1152 313 nostrum
1167 292 1224 319 est,
1240 291 1269 314 ut
1282 287 1334 314 vim
1355 295 1386 315 ac
1407 295 1516 315 sensum
1531 296 1624 316 eorum
1648 297 1707 324 quae
1726 290 1824 324 scripta

1032 333 1085 358 sint
1097 337 1218 359 accurata
1235 333 1325 360 sciatis
1337 341 1343 360 :
1357 337 1438 368 atque
1449 333 1484 360 ita
1497 338 1526 360 ut
1537 341 1590 360 non
1603 334 1688 361 solum
1702 335 1824 367 teneatis,

1033 377 1081 404 sed
1095 382 1121 404 et
1135 377 1250 405 aliorum
1271 378 1390 413 magistri
1406 378 1481 411 sitis,
1498 383 1527 405 ut
1541 379 1825 413 possitis,'sccundum

1035 422 1142 449 beatum
1164 422 1274 449 Paulum
1285 443 1291 455 ,
1308 430 1376 450 unus
1397 423 1508 450 alterum
1530 423 1662 450 :ediﬁcare
1677 424 1686 458 (
1699 424 1724 450 Ι.
1737 424 1828 451 Thesc-

1034 467 1060 494 5.
1078 467 1138 502 Η).
1152 467 1217 494 Nam
1233 468 1254 494 si
1269 475 1315 495 vos
1329 467 1494 502 proieceritis
1507 468 1533 495 in
1549 468 1671 500 Domino,
1687 473 1714 496 et
1734 469 1759 496 in
1774 469 1826 503 spi-

1037 513 1170 540 ritualium
1195 513 1317 540 doctritta
1341 514 1457 548 aliquem
1480 513 1627 548 profectum
1649 515 1829 548 ostctuletitis,

1037 558 1117 585 etiam
1133 566 1181 585 nos
1197 558 1295 593 ingenti
1311 558 1433 587 afﬁcietis
1452 560 1552 586 lautitia.
1572 559 1635 587 litec
1648 560 1718 588 enim
1738 566 1828 587 nostra

1036 604 1117 632 fuerit
1130 609 1183 631 tota
1199 605 1360 639 prosperitas
1371 626 1378 637 ,
1393 609 1419 632 et
1432 613 1534 632 summa
1555 605 1695 633 festivitas.
1711 605 1774 638 ρυω
1786 613 1831 632 no~

1037 655 1090 676 atra
1104 658 1174 683 spes,
1187 649 1226 676 vel
1240 650 1374 684 gaudium.
1389 649 1427 676 vel
1439 657 1543 683 corona,
1560 649 1661 684 inquit,
1675 650 1835 685 glan‘atiouie

1041 695 1083 730 (1r
1093 695 1180 722 Thess.
1193 695 1219 721 2;
1233 695 1277 730 19)
1289 695 1301 722 ?
1315 704 1399 722 annon
1411 701 1433 722 et
1446 704 1499 728 cos,
1515 701 1542 723 et
1553 700 1669 723 vestrum
1685 696 1832 723 secundum

1039 741 1123 768 Deum
1139 741 1354 768 incrementum?
1374 741 1473 768 Omnes
1493 742 1564 768 enim
1579 741 1701 769 doctores
1711 762 1718 773 ,
1732 742 1777 776 qui
1793 742 1834 767 vi-

1039 785 1104 813 dcnt
1116 786 1261 821 discipulos
1276 787 1393 820 priorum
1409 786 1555 814 lectionum
1572 786 1729 814 memoriam
1742 786 1833 813 animo

1040 832 1108 858 bene
1125 836 1214 859 tenere
1224 850 1237 864 ,ι
1249 832 1426 866 operibusque
1441 832 1505 867 ipsis
1527 831 1640 859 fructum
1655 832 1771 865 aliquem
1786 839 1834 858 cx-

1041 877 1135 904 hibere
1145 898 1152 910 ,
1169 877 1270 911 majore
1284 878 1420 904 alaerit-tte
1432 883 1456 904 et
1473 878 1638 912 sequentium
1655 878 1843 912 cognitionem

1041 923 1171 958 praebent.
1195 923 1227 950 Et
1242 931 1290 950 nos
1315 931 1421 958 quoque
1435 929 1533 958 quanto
1552 924 1636 958 magis
1656 929 1771 951 tuentem
1786 931 1833 950 ve-

1043 973 1125 995 stram
1147 968 1233 1003 erigi,
1257 974 1284 996 et
1305 968 1466 996 desiderium
1492 976 1629 1002 crescere,
1653 970 1837 1005 rationemque

1041 1014 1097 1041 alas
1116 1022 1252 1041 assumere
1274 1014 1412 1047 videmus,
1430 1019 1504 1041 tanto
1523 1015 1666 1043 alacriores
1688 1015 1834 1048 reddimur,

1043 1064 1072 1086 ut
1095 1060 1246 1086 uberiorem
1268 1059 1414 1087 doctrinam
1430 1067 1619 1094 proponamus.
1642 1061 1747 1094 Quanto
1766 1061 1837 1088 enim

1044 1105 1105 1140 plus
1120 1105 1195 1132 vobis
1217 1105 1399 1140 profundimus
1415 1106 1574 1134 ﬂuentorum
1597 1106 1691 1133 horum
1713 1107 1838 1142 spiritua-

1044 1151 1127 1184 lium,
1144 1156 1217 1179 tanto
1232 1153 1309 1179 nobis
1324 1157 1350 1179 et
1372 1152 1469 1179 ﬂuenta
1483 1157 1545 1179 sunt
1565 1153 1698 1186 auctiora,
1713 1153 1845 1180 uintirum'

1045 1202 1155 1232 propter
1169 1197 1372 1225 aediﬁcationem
1387 1202 1510 1229 vestram,
1528 1203 1553 1225 ct
1569 1204 1677 1233 propter
1691 1203 1842 1226 vestrarum

1045 1244 1196 1271 animarum
1213 1243 1352 1270 utilitatem
1368 1252 1374 1269 :
1389 1250 1442 1270 non
1457 1244 1528 1270 enim
1540 1243 1564 1270 iu
1580 1244 1630 1271 hac
1644 1252 1723 1271 causa
1737 1245 1841 1271 contiu-

1043 1290 1082 1325 git
1107 1289 1133 1317 id
1159 1289 1228 1324 quod
1253 1289 1279 1316 in
1307 1289 1439 1324 pecuniis.
1462 1289 1517 1316 lllic
1539 1290 1609 1316 enim
1634 1291 1677 1325 qui
1703 1296 1848 1326 argentum

1047 1336 1134 1363 vicino
1147 1336 1323 1362 dinutneravit
1334 1355 1342 1368 ,
1365 1335 1496 1362 imminuit
1511 1343 1584 1362 suam
1603 1336 1794 1369 substantiam,
1816 1342 1846 1366 et

1047 1386 1146 1417 quanto
1159 1382 1216 1416 plus
1230 1386 1362 1415 numerat,
1378 1385 1451 1409 tanto
1468 1382 1554 1409 minus
1569 1382 1687 1416 possidet
1703 1383 1840 1418 pecuuiat:

1048 1427 1091 1454 ltic
1102 1432 1191 1455 autem
1217 1427 1295 1462 plane
1309 1434 1387 1455 secus
1407 1427 1502 1462 agitur.
1526 1427 1600 1454 Tunc
1617 1428 1689 1455 enim
1705 1427 1846 1456 facultates

1049 1478 1148 1501 nostrai
1171 1474 1230 1508 plus
1251 1478 1424 1506 accrescunt,
1450 1478 1511 1500 tunc
1533 1473 1688 1508 spirituales
1713 1473 1754 1500 Ικιε
1778 1479 1843 1508 opes

1049 1520 1133 1554 magis
1144 1524 1283 1554 augentur,
1296 1519 1401 1554 quando
1416 1519 1523 1546 haurire
1533 1519 1683 1547 volentibus
1694 1520 1842 1547 doctrinam

1051 1564 1197 1592 liberaliter
1210 1564 1404 1599 prol‘undimus.
1420 1564 1502 1599 Igitur
1520 1565 1580 1599 quia
1604 1564 1654 1591 hoc
1668 1565 1745 1592 nobis
1760 1565 1846 1599 majo-

1051 1617 1113 1637 rum
1127 1609 1277 1637 divitiarum
1300 1617 1378 1637 causa
1401 1613 1461 1642 est,
1485 1613 1512 1636 et
1527 1616 1573 1636 vos
1596 1609 1775 1644 spiritualibus
1795 1611 1846 1637 ali-

1052 1656 1151 1683 mentis
1174 1657 1264 1683 satiari
1291 1664 1343 1683 non
1365 1656 1493 1691 potestis,
1518 1663 1567 1692 age
1582 1656 1718 1684 videamus
1738 1657 1800 1692 quid
1820 1661 1846 1685 et

1052 1701 1131 1729 hodie
1145 1702 1239 1729 beatus
1251 1701 1339 1729 Moses
1354 1702 1379 1728 in
1395 1702 1435 1729 his
1448 1709 1507 1737 qua:
1522 1701 1590 1729 lecta
1604 1706 1666 1729 sunt
1678 1709 1727 1729 nos
1741 1702 1847 1737 doceat,

1052 1748 1106 1775 imo
1121 1747 1183 1783 quid
1198 1747 1280 1782 gratia
1296 1747 1410 1782 Spiritus
1424 1755 1470 1782 per
1484 1747 1543 1782 ejus
1563 1747 1677 1782 linguam
1701 1747 1776 1774 nobis
1790 1755 1849 1774 om-

1053 1793 1130 1821 nibus
1144 1793 1225 1820 dicat.
1239 1792 1285 1820 26.
1300 1792 1334 1819 Et
1347 1793 1420 1824 dixit,
1437 1793 1536 1828 inquit,
1551 1792 1619 1819 Deus
1631 1800 1640 1819 :
1652 1791 1788 1820 Faciamus
1803 1794 1849 1819 Ito-

1053 1840 1146 1866 minem
1159 1838 1297 1866 secundant
1310 1839 1445 1873 imaginem
1457 1843 1578 1869 nostrum,
1593 1842 1615 1864 et
1630 1838 1767 1865 secundum
1779 1839 1849 1865 sima-

1054 1885 1196 1912 litudinem.
1221 1884 1261 1911 Ne
1286 1884 1443 1918 simpliciter
1468 1883 1526 1910 haec
1552 1883 1622 1911 dicta
1647 1888 1848 1918 pra'tereanms,

1053 1930 1197 1960 carissimi,
1213 1929 1259 1956 scd
1276 1929 1455 1963 disquiramus
1469 1929 1547 1956 verba
1563 1929 1682 1963 singula,
1697 1934 1724 1956 et
1742 1930 1768 1955 in
1785 1937 1846 1963 pro-

1055 1976 1164 2003 fundum
1179 1975 1372 2002 descendentes
1382 1995 1390 2007 ,
1406 1975 1459 2001 vim
1473 1975 1500 2001 in
1514 1974 1657 2001 breviculis
1672 1974 1745 2001 hisce
1759 1974 1848 2001 verbis

1055 2020 1181 2050 latentem
1197 2021 1398 2055 investigemus.
1413 2020 1479 2047 Nam
1504 2021 1564 2047 licet
1586 2027 1667 2054 pauca
1689 2021 1742 2047 sint
1757 2020 1846 2053 verba»

1056 2075 1168 2102 magnus
1183 2072 1270 2094 tamen
1284 2066 1425 2094 thesaurus
1437 2071 1477 2093 est
1491 2067 1516 2093 itt
1530 2066 1582 2093 illis
1595 2066 1758 2098 reconditus,
1769 2070 1850 2100 atque

1055 2115 1132 2142 decet
1144 2118 1259 2141 attentos
1273 2118 1300 2140 et
1312 2113 1405 2148 vigiles
1420 2121 1471 2139 non
1487 2113 1513 2139 in
1527 2113 1668 2147 superﬁcie
1682 2118 1762 2140 stare.
1778 2113 1849 2146 Quon

1057 2162 1128 2188 niam
1144 2164 1171 2187 et
1190 2159 1207 2186 ii
1222 2159 1266 2194 qui
1282 2159 1423 2186 sensibilcs
1439 2159 1486 2185 hos
1509 2158 1647 2185 thesauros
1667 2158 1783 2185 etl‘odere
1801 2166 1850 2186 co-

1057 2212 1172 2240 nantur,
1187 2213 1239 2234 non
1255 2206 1283 2233 in
1297 2205 1376 2240 plano
1388 2209 1416 2232 et
1430 2205 1456 2232 in
1477 2204 1616 2239 superﬁcie
1638 2205 1723 2231 solutn
1746 2204 1849 2232 fodiunt.

1059 2257 1139 2288 atqtte
1152 2251 1309 2287 perquirunt
1319 2272 1326 2282 .
1341 2250 1388 2278 sed
1402 2251 1428 2277 in
1447 2250 1605 2285 profundum
1625 2249 1789 2278 descendunt
1800 2271 1808 2284 ,
1823 2256 1851 2278 ct

1059 2299 1203 2334 penitiorcs
1216 2303 1295 2325 terrae
1310 2297 1384 2325 sinus
1397 2301 1549 2324 scrutantur
1564 2305 1575 2323 ει
1587 2301 1666 2331 atque
1681 2296 1715 2324 ita
1729 2301 1788 2324 arte
1803 2305 1850 2324 sua

1060 2352 1153 2372 aurum
1167 2351 1181 2370 a
1196 2348 1265 2370 terra
1285 2346 1442 2377 segregant,
1460 2342 1564 2369 tametsi
1583 2349 1654 2375 saepe
1669 2346 1727 2376 post
1747 2342 1851 2370 labores

1060 2390 1223 2423 sudoresque
1236 2389 1333 2415 multos
1346 2388 1388 2415 vix
1409 2395 1490 2422 pauca
1505 2387 1626 2422 quredam
1647 2392 1768 2415 ramenta
1787 2388 1853 2415 τίσει

1061 2441 1132 2464 runt.
1149 2436 1197 2463 llic
1209 2441 1297 2462 autem
1313 2434 1348 2461 nil
1365 2435 1416 2461 tale
1434 2438 1492 2466 est,
1506 2434 1551 2461 sed
1566 2433 1641 2460 labor
1655 2433 1741 2460 mittor
1751 2453 1758 2465 ,
1774 2437 1800 2460 et
1814 2434 1853 2460 iu-

1062 2481 1173 2509 ell‘abilis
1187 2481 1304 2508 ubertas.
1319 2480 1385 2508 Nam
1400 2479 1547 2515 spiritualia
1566 2478 1655 2506 omnia
1670 2478 1696 2505 itt
1711 2478 1780 2505 [tunc
1793 2486 1852 2505 mo.

1062 2529 1125 2556 dum
1140 2536 1169 2555 se
1185 2528 1294 2555 habent.

1098 2575 1126 2601 2.
1146 2573 1184 2601 Ne
1199 2573 1278 2608 igitur
1291 2572 1375 2600 simus
1398 2571 1544 2599 deteriores
1559 2569 1591 2597 iis
1609 2569 1652 2604 qui
1672 2569 1705 2596 ad
1720 2569 1857 2597 sensibili:

1065 2621 1167 2648 inhiant
1183 2630 1188 2647 :
1204 2620 1250 2647 sed
1266 2619 1430 2654 inquiramus
1444 2622 1470 2645 et
1483 2625 1531 2644 nos
1546 2616 1686 2651 diligenter
1701 2615 1853 2643 thesaurum

1065 2667 1137 2694 hunc
1157 2665 1321 2700 Spiritualem
1343 2664 1373 2690 iu
1384 2663 1472 2690 verbis
1490 2662 1548 2690 istis
1566 2661 1731 2689 reconditum
1742 2682 1750 2694 ,
1765 2665 1792 2688 et
1806 2660 1858 2695 pri~

1065 2721 1137 2741 mum
1153 2712 1290 2739 videamus
1302 2710 1364 2745 quid
1387 2717 1484 2736 novum
1507 2714 1535 2736 ct
1556 2708 1741 2735 admirandum
1762 2707 1833 2734 dicat
1848 2714 1858 2733 ι

1068 2760 1128 2786 dein
1144 2766 1226 2793 quare
1245 2761 1316 2784 tanta
1331 2756 1471 2783 verborum
1487 2755 1634 2782 variatione
1656 2758 1746 2781 utatur
1766 2753 1860 2780 boatu

1067 2806 1112 2833 hic
1123 2804 1253 2840 propheta
1263 2823 1271 2836 ,
1287 2803 1340 2829 imo
1354 2801 1484 2836 benignus
1497 2801 1567 2828 Deus
1585 2807 1633 2834 per
1645 2798 1800 2834 prophetam
1818 2796 1857 2824 lo-

1067 2858 1161 2887 quens.
1176 2850 1209 2877 Et
1220 2850 1256 2876 ait
1269 2859 1275 2876 :
1288 2848 1425 2874 Faciamus
1437 2847 1561 2874 hominem
1575 2845 1711 2873 secundum
1723 2842 1861 2876 imaginem

1070 2901 1191 2931 nostram,
1202 2900 1224 2922 et
1235 2894 1372 2922 secundant
1383 2892 1582 2921 similitudinum.
1594 2890 1683 2926 Nuper
1692 2896 1752 2916 cum
1764 2887 1862 2915 calum
