2066 3126
221 174 253 204 7|
612 170 640 198 S.
660 168 799 198 JOANNIS
816 166 1053 196 CIIRYSOSTOMI
1073 167 1231 196 ARClllEP.
1252 168 1518 197 CONSTANTINOP.
1821 169 1857 196 12

222 238 374 265 terramque
399 228 560 260 fomasset,
583 227 732 254 audivimus
756 227 828 252 illum
855 224 1012 252 dicentem:

223 277 284 304 Fiat
305 277 350 303 lux
362 282 372 302 :
384 280 413 302 et
426 295 432 305 ,
448 273 508 301 Fiat
530 274 716 307 firummentamt
735 273 762 298 in
778 271 860 298 medio
876 277 967 302 acute;
987 273 1014 296 et

222 323 329 355 iterum,
341 321 532 356 Congregentttr
545 325 617 353 aqua
641 318 668 345 in
685 317 903 352 congregationem
923 324 1011 349 unam,

220 373 244 395 et
256 371 379 402 appareat
399 367 472 392 un'da
485 372 494 391 :
508 369 550 395 et.
570 363 646 390 Fiant
668 363 804 389 luminaria
816 369 826 389 :
838 366 880 394 et,
897 361 1013 388 Educant

219 421 294 448 aqum
316 411 417 448 reptilia
441 411 584 437 animarum
605 408 749 435 viventium.
774 407 867 434 Vidisti
890 413 1013 434 sermone

220 459 279 486 Sulo
294 463 320 485 et
344 461 477 492 praecepto
495 462 602 481 onmem
625 458 774 481 creaturam
789 453 905 487 quinque
919 452 1012 479 diebus

220 503 354 531 formari?
377 501 443 529 Vide
469 500 547 528 hodie
573 503 671 534 quanta
695 498 836 525 verborum
860 497 1010 525 diversitas.

220 549 278 577 Non
292 548 362 575 enim
373 547 428 582 jam
442 546 505 573 dicit
517 554 522 572 :
535 545 594 573 Fiat
608 545 687 572 homo
699 553 706 571 :
716 543 764 570 sed
778 543 861 577 quid?
874 541 1012 568 Faciamus

220 594 345 621 hominem
361 591 498 619 secundum
519 591 655 626 imaginem
679 593 807 620 nostram,
831 592 854 614 et
875 587 1011 613 secundum

219 638 418 666 similitudinem.
434 636 502 670 Quid
518 636 567 663 hoc
580 635 659 662 novi?
674 634 735 668 quid
751 633 849 660 insoliti
860 633 871 660 ?
883 633 1010 666 Quisnam

219 685 265 712 ille
277 685 321 714 eui
336 683 508 715 formandus,
523 682 556 708 ad
570 688 648 716 queui
670 679 818 707 faciendum
829 679 922 713 Opilici
938 683 1010 705 tanto

220 730 332 757 t-onsilio
345 733 372 757 et
382 728 620 763 circumspectione
628 725 716 760 opus?
729 725 765 752 Ne
780 725 893 758 mireris,
904 724 1008 751 dilecte.
1034 744 1042 752 .

218 776 305 802 Ilnnm
320 775 390 801 enim
410 774 481 800 inter
496 772 608 800 visibilia
630 771 716 798 omnia
731 770 858 804 dignitate
872 769 1008 804 m'aaccllit,

219 824 326 854 propter
340 826 419 853 quem
433 817 539 845 condita
553 820 615 843 sunt
626 815 684 842 inec
697 815 796 847 omnia,
809 815 913 846 crium,
929 819 1008 846 terra,

218 872 301 895 mare,
317 864 368 897 sol,
383 863 455 895 luna,
469 862 563 894 stellae,
579 861 683 896 rcptilia
694 881 701 893 ,
715 861 844 895 iumenta,
862 861 988 895 brutaqne
1000 860 1008 876 ¹

217 910 342 936 animal-ia
355 909 454 935 omnia.

251 954 305 982 Cur
322 955 447 981 elementa
466 958 524 980 ante
545 953 670 979 hominem
690 956 785 979 creata.
805 966 842 971 —
862 952 894 978 Et
915 958 1007 986 quare,

217 1001 243 1028 in
255 1001 331 1034 μῆρε,
344 1000 445 1027 tardius
459 1005 564 1026 creatus
573 1003 615 1026 est
627 1000 718 1030 homo,
731 998 753 1024 si
766 999 869 1025 ca‘tcris
882 998 1009 1032 dignitate

216 1046 350 1080 pra-stat?
368 1046 470 1072 Merito.
487 1045 551 1071 Nam
566 1049 593 1070 ut
607 1045 760 1079 ingressum
775 1045 800 1071 in
816 1045 947 1071 civitatem
960 1045 1008 1072 ali-

215 1100 295 1126 quam
319 1099 397 1126 rege,
422 1098 511 1125 operte
535 1091 648 1125 pretium
673 1095 714 1117 est
738 1091 860 1125 praemitti
882 1091 1008 1118 satellites

214 1139 335 1172 aliosque
350 1144 443 1164 omnes
455 1156 462 1168 ,
477 1141 506 1163 ut
529 1136 596 1162 bene
616 1136 743 1162 adornata
765 1136 835 1169 regia
851 1143 896 1162 rex
910 1135 935 1162 in
949 1143 1007 1162 eam

213 1183 359 1210 adveniat:
374 1182 453 1209 simili
472 1181 551 1208 modo
567 1188 637 1207 nunc
655 1181 730 1215 quasi
752 1188 842 1215 regem
862 1186 888 1207 et
911 1180 1008 1215 princi-

215 1236 275 1263 pem
289 1229 403 1263 aliquem
417 1227 498 1254 rebus
513 1226 626 1253 terrenis
647 1225 819 1260 praefecturas
830 1245 837 1258 ,
861 1226 934 1260 prius
947 1233 1006 1252 om-

214 1283 276 1302 nem
298 1274 367 1301 hunc
382 1277 504 1300 ornatum
519 1271 672 1303 fabricavit,
696 1276 723 1298 et
744 1271 848 1298 tandem
865 1271 896 1298 iis
918 1272 1006 1305 prarli-

211 1320 339 1347 u'cndum
365 1319 499 1346 hominem
522 1317 666 1352 produvit,
689 1316 827 1343 declarans
851 1317 926 1344 factis
949 1317 1006 1345 istis

212 1371 313 1400 qttauto
333 1365 436 1392 honore
456 1363 554 1390 animal
580 1363 629 1389 hoc
659 1367 844 1397 prosequatur.
873 1363 1004 1390 (merum

216 1409 347 1431 recentes
357 1402 408 1429 hoc
417 1401 619 1433 loeoJudmum,
630 1406 656 1428 et
667 1401 809 1429 videamus
819 1401 883 1437 quid
894 1408 1006 1436 respon-

214 1445 290 1477 deat,
300 1445 333 1473 ad
346 1453 426 1481 quem
438 1445 508 1473 dixit
518 1446 606 1474 Deus:
620 1446 765 1474 Faciamus
776 1448 906 1474 hominem
916 1455 1006 1475 secun-

214 1493 279 1519 dum
297 1492 439 1528 imaginem
455 1495 594 1521 nostram?
613 1493 722 1529 Scripta
741 1494 813 1521 enim
827 1499 890 1521 sunt
913 1495 968 1521 [nec
989 1501 1004 1522 a

215 1536 291 1565 Mose
301 1558 309 1570 ,
329 1537 372 1564 cui
388 1546 418 1565 se
434 1537 547 1564 credere
562 1538 659 1565 dicunt
675 1538 786 1573 quidem
799 1559 807 1571 ,
820 1546 875 1566 non
889 1539 1005 1576 credunt

215 1588 307 1610 autem
320 1592 327 1611 :
340 1584 412 1611 sicut
423 1588 450 1611 et
460 1584 588 1612 Christus
602 1585 708 1619 inquit:
722 1585 752 1612 Si
767 1586 906 1612 crederetis
922 1585 1003 1617 Mosi,

214 1629 355 1656 crederetis
365 1630 455 1664 utique
464 1635 490 1656 et
501 1630 565 1656 milii
574 1630 665 1666 (Joan.
676 1631 701 1659 5.
712 1631 770 1666 46).
782 1632 833 1659 Sed
847 1632 932 1659 litera:
942 1633 1004 1666 qui-

214 1675 275 1702 dem
288 1676 358 1710 apud
373 1675 433 1703 illos
444 1681 519 1708 sunt,
529 1684 628 1704 sensus
640 1685 704 1704 vero
719 1677 790 1712 apud
804 1679 908 1705 nos.Ad
920 1686 1001 1713 quem

214 1721 303 1756 igitur
321 1721 425 1749 dictum
440 1727 492 1753 est,
509 1722 652 1750 Faciamus
664 1724 806 1757 hominem,
822 1729 849 1752 et
866 1732 928 1752 eum
947 1733 1002 1760 quo

213 1769 361 1797 consilium
379 1769 431 1797 hoc
447 1769 541 1797 habuit
558 1771 781 1799 Dominus?Non
798 1772 871 1806 quod
886 1772 1002 1800 consilio

211 1821 242 1844 et
265 1817 487 1845 consideratione
507 1825 578 1852 opus
602 1818 720 1852 habeat;
738 1819 826 1851 absit;
846 1821 893 1847 sed
917 1820 1001 1856 ﬁgura

211 1863 360 1890 verborum
372 1863 514 1891 declarare
526 1865 622 1898 voluit,
632 1874 713 1900 quam
723 1867 901 1894 excellentem
916 1867 1002 1894 bono-

209 1916 270 1936 rem
286 1909 402 1941 homini,
417 1911 465 1944 qui
480 1910 662 1944 formabatur,
677 1912 790 1940 tribuat.
801 1914 871 1946 Quid
882 1922 947 1948 ergo
959 1914 1001 1940 div

210 1961 277 1983 cunt
290 1955 316 1982 hi
329 1956 375 1991 qui
389 1956 479 1984 adhuc
491 1957 592 1986 habent
610 1960 733 1987 velamen
749 1968 828 1995 super
848 1961 931 1988 corda
950 1969 1000 1989 sua

210 2001 349 2036 positum,
373 2006 401 2029 et
423 2003 490 2030 nihil
510 2011 606 2030 eorum
622 2012 686 2038 quae
702 2005 746 2032 hic
765 2010 831 2033 sunt
853 2011 998 2038 contenta,

207 2047 363 2083 intelligere
386 2049 500 2076 volunt?
519 2050 558 2076 Ad
576 2051 701 2085 angelum
725 2052 767 2079 vel
792 2053 998 2088 archangelum,

208 2094 348 2129 inquiunt,
358 2095 415 2122 haec
425 2097 498 2123 dicta
511 2101 586 2124 sunt.
595 2097 617 2125 Ο
629 2098 773 2131 insaniam,
784 2107 800 2125 0
813 2107 937 2134 magnam
949 2101 1000 2126 im-

208 2140 368 2174 pudentiam
380 2142 386 2168 l
401 2141 433 2168 Et
444 2143 583 2177 quomodo
595 2143 695 2171 rationi
707 2149 923 2172 consentaneum
944 2150 997 2178 est,

208 2187 281 2214 bone
294 2187 345 2220 vir,
359 2193 387 2215 ut
397 2190 485 2224 angeli
498 2190 643 2217 consilium
656 2191 750 2218 ineant
761 2199 822 2218 cuin
835 2192 962 2225 Domino,
972 2197 999 2221 et

207 2239 344 2262 creaturae
360 2243 421 2263 cum
435 2236 586 2265 Crantore?
609 2237 667 2265 Non
683 2238 760 2272 enim,
774 2243 816 2266 est
838 2240 998 2275 angelorum

207 2281 356 2308 consilium
368 2282 444 2315 dare,
457 2284 504 2310 sed
520 2284 660 2316 assistere,
673 2289 701 2312 et
713 2286 896 2313 ministerium
910 2287 998 2314 adim-

206 2329 292 2362 plere.
305 2329 339 2356 Et
348 2333 377 2356 ut
389 2329 558 2364 discas,audi
571 2332 772 2359 vocalissimum
783 2333 891 2360 Esaiam
903 2334 996 2362 dicen-

207 2379 261 2401 tem
274 2375 307 2403 de
318 2377 446 2411 supernis
458 2377 589 2411 angelicis
603 2377 749 2405 virtutibus
761 2387 766 2404 :
783 2379 844 2406 Vidi
857 2380 997 2408 Cherubim

207 2423 307 2450 stantia
316 2431 332 2449 tl
341 2424 441 2450 dextris
453 2423 510 2456 Dei,
521 2430 544 2450 et
559 2423 710 2458 Serap/iim,
718 2431 742 2452 et
752 2426 903 2461 obtegebant
913 2428 995 2462 [acies

206 2468 333 2504 pedesque
343 2477 404 2495 suos
416 2469 467 2496 alis
479 2469 559 2504 (Isai.
570 2469 596 2495 6.
608 2470 646 2505 Ξ).
658 2470 735 2503 Quod
748 2471 806 2500 ideo
821 2473 920 2500 factum
934 2482 995 2502 esse

206 2514 314 2547 liquet,
327 2514 391 2549 quia
404 2515 495 2549 fulgur
507 2517 658 2551 maiestatis
669 2517 768 2545 divina:
781 2519 842 2547 inde
853 2521 995 2555 egrediens

207 2561 278 2587 l'erre
289 2569 344 2587 non
353 2561 525 2595 possent,sed
536 2566 640 2590 starent
649 2571 711 2591 cum
722 2564 820 2593 timore
831 2570 994 2594 ettremore.

204 2606 312 2633 Etenim
324 2608 465 2634 creaturis
477 2608 616 2641 peculiare
628 2613 669 2637 est
681 2609 798 2638 Domino
809 2612 951 2639 assistere.

240 2644 267 2672 5.
282 2643 390 2671 Arianae
401 2648 425 2670 et
444 2644 717 2680 Anthropomorpltitat
736 2646 872 2673 insectatur
885 2646 997 2682 Chryso-

202 2697 311 2719 stomc.
322 2705 358 2711 -—-
367 2690 464 2718 Verum
479 2692 515 2719 illi
529 2692 594 2719 nihil
608 2700 700 2720 eorum
714 2700 773 2727 qua:
783 2693 925 2728 Scriptura:
936 2701 996 2720 vcr—

205 2737 246 2764 liis
260 2737 431 2764 continentur
451 2737 629 2772 intelligentes
642 2758 649 2770 ,
674 2741 775 2764 temere
793 2737 863 2772 quod
879 2737 996 2764 occurrit.

203 2783 337 2811 eliminat.
353 2783 385 2810 Et
401 2784 461 2811 ideo
477 2783 596 2811 refutatis
611 2784 716 2810 illorum
731 2783 912 2810 deliramentis
925 2804 931 2817 ,
951 2783 990 2810 di-

237 2851 244 2865 '
263 2851 313 2874 huo
320 2853 384 2879 Μέθη
396 2850 501 2881 reptilia,
515 2856 568 2881 qua:
579 2852 671 2878 natant,
686 2848 819 2881 erutaque;
830 2849 935 2878 (:uislin.,
953 2856 992 2875 re-

201 2880 280 2912 ptilm,
292 2884 314 2906 et
325 2888 379 2913 qttw
388 2879 617 2912 meminitmeminit
628 2882 721 2909 natant,
733 2879 857 2911 tit-utamur,
872 2885 921 2905 εις.

1070 229 1174 252 ciorum
1188 225 1285 252 veritas
1295 225 1421 253 Ecclesiae
1432 226 1494 253 ﬁliis
1504 225 1628 253 discenda
1639 232 1687 254 est.
1703 227 1768 260 Quis
1779 230 1860 264 igitur

1067 269 1122 302 hic,
1135 269 1168 296 ad
1178 277 1257 304 quem
1271 270 1365 305 inquit,
1378 270 1515 297 Faciamus
1529 271 1676 298 hominem?
1690 272 1755 304 Quis
1768 278 1857 301 autem

1066 315 1134 342 alius
1146 336 1154 349 ,
1170 323 1248 350 quam
1262 315 1308 343 ille
1322 316 1410 351 magni
1420 316 1526 344 consilii
1539 317 1649 351 angelus
1660 337 1667 348 ,
1683 318 1729 345 iHe
1741 318 1857 347 admira-

1066 359 1128 386 bilis
1139 360 1316 393 consiliarius,
1331 366 1435 396 potens,
1448 361 1572 396 princeps
1584 363 1669 396 pacis,
1684 368 1762 396 pater
1778 364 1857 392 futuri

1068 406 1157 433 steculi
1173 405 1250 441 (laai.
1263 407 1290 435 9.
1302 407 1344 442 6),
1358 407 1509 442 unigenitus
1520 408 1567 435 Dei
1580 408 1673 441 Filius,
1687 409 1756 436 Patri
1770 418 1857 445 teque-

1067 450 1099 478 lis
1110 452 1256 480 secundum
1272 453 1456 487 substantiam,
1469 461 1519 488 per
1531 461 1612 488 quem
1628 455 1715 481 omnia
1730 456 1856 489 producta

1065 503 1126 524 sunt
1137 498 1149 525 τ
1168 498 1235 526 Huic
1247 499 1312 526 dicit
1325 508 1332 526 :
1346 499 1484 526 Faciamus
1497 500 1623 527 hominem
1636 501 1772 527 secundum
1793 502 1857 528 ima-

1064 544 1148 578 ginem
1159 549 1280 578 nostram,
1294 550 1317 572 et
1329 546 1465 573 secundum
1478 546 1679 573 similitudinem.
1693 546 1742 574 llic
1751 547 1857 576 Ariauis

1065 590 1170 618 letalem
1184 592 1289 627 plagam
1309 592 1413 627 inﬂigit.
1435 591 1493 620 Non
1512 593 1586 620 enim
1609 592 1764 628 imperando
1776 594 1855 628 dixit,

1065 635 1126 669 Fac,
1141 640 1170 664 at
1181 636 1288 665 subdito
1302 642 1328 665 et
1342 637 1462 664 inferiori
1473 658 1482 671 ,
1498 638 1539 664 vel
1553 642 1583 665 ut
1597 638 1693 665 minori
1709 639 1854 667 secundum

1063 682 1217 712 essentiam.
1231 681 1279 710 sed
1291 690 1351 710 cum
1365 682 1518 710 omnimoda
1529 683 1690 717 cqualitate,
1703 683 1856 712 Faciamus:

1063 732 1090 754 et
1111 727 1182 761 quod
1207 728 1328 762 sequitur
1355 735 1446 755 rursus
1472 728 1670 756 similitudinem
1698 729 1856 757 substantias

1062 772 1190 798 ostendit.
1202 771 1341 799 Faciamus
1352 773 1435 805 enim,
1447 773 1493 806 ait,
1506 774 1632 800 hominem
1644 775 1780 801 secundant
1792 776 1855 802 ima-

1062 816 1146 851 ginem
1159 822 1280 849 nostram,
1298 822 1320 844 et
1333 817 1470 844 secundum
1483 818 1685 845 similitudinem.
1701 819 1796 847 lterum
1811 820 1855 848 hic

1063 862 1203 897 insurgunt
1217 862 1335 890 haeretici
1349 863 1405 896 alii,
1421 863 1546 890 Ecclesia:
1559 863 1681 898 dogmata
1695 865 1853 900 impugnan-

1063 911 1102 935 lesL
1114 929 1121 940 ,
1136 914 1162 934 et
1176 907 1288 935 dicunt:
1305 908 1375 935 Ecce
1397 908 1461 936 dicit
1472 929 1480 941 ,
1496 908 1642 936 Secundum
1657 909 1790 945 imaginem
1804 919 1852 938 no-

1061 959 1140 981 stram
1157 962 1166 981 :
1181 959 1207 982 et
1228 953 1290 982 inde
1313 954 1405 982 volunt
1425 954 1482 982 Deo
1505 954 1646 982 humanam
1669 955 1780 983 formam
1803 957 1852 984 tri-

1061 999 1145 1027 buere
1160 1008 1168 1026 :
1183 999 1209 1026 id
1222 999 1294 1034 quod
1308 1005 1436 1028 extremae
1450 999 1530 1027 fuerit
1552 1001 1690 1034 atnentite,
1708 1006 1736 1028 ut
1749 1003 1787 1034 is,
1808 1004 1852 1038 qui

1061 1045 1145 1072 forma
1161 1045 1304 1080 specieque
1325 1050 1418 1078 caret,
1441 1050 1468 1072 et
1483 1045 1549 1073 nulli
1570 1047 1708 1074 mutationi
1723 1047 1853 1076 obnoxius

1061 1095 1102 1117 est
1113 1111 1120 1123 ,
1135 1091 1186 1118 sub
1201 1091 1343 1118 humanam
1358 1091 1494 1126 redigatur
1506 1091 1620 1119 formam
1631 1113 1639 1125 ,
1655 1096 1683 1120 et
1697 1093 1853 1128 incorporeo

1061 1135 1181 1163 membra
1192 1141 1219 1164 et
1233 1137 1392 1164 lineamenta
1402 1137 1589 1164 attribuantur.
1598 1138 1665 1171 Qua:
1676 1138 1739 1167 huic
1751 1139 1851 1167 insania

1061 1189 1109 1216 par
1130 1182 1227 1214 fuerit,
1252 1189 1311 1209 cum
1330 1189 1385 1209 non
1406 1182 1492 1209 solum
1509 1183 1574 1210 nihil
1590 1183 1656 1211 lucri
1679 1191 1693 1211 a
1708 1184 1852 1219 Scriptor-is

1058 1226 1187 1254 divinitus
1210 1227 1346 1261 inspiratis
1368 1227 1502 1261 referant,
1523 1228 1570 1255 sed
1592 1233 1619 1256 et
1633 1229 1774 1263 plurimum
1791 1230 1851 1258 inde

1058 1272 1251 1300 offenduntur?
1265 1272 1350 1300 Simili
1365 1273 1436 1300 enim
1453 1272 1533 1301 modo
1547 1273 1633 1301 affecti
1647 1280 1723 1308 sunt,
1739 1281 1817 1311 atque
1828 1277 1851 1304 si

1059 1318 1102 1352 qui
1117 1317 1209 1344 morbo
1224 1317 1362 1351 laborant,
1378 1322 1405 1345 et
1418 1319 1601 1353 corporalibus
1616 1320 1699 1348 oculis
1714 1321 1851 1349 infirman-

1057 1368 1110 1391 tur.
1137 1363 1169 1391 Ut
1184 1364 1254 1391 enim
1279 1364 1315 1391 illi
1334 1364 1368 1392 ob
1390 1364 1528 1391 oculorum
1543 1373 1653 1392 suorum
1670 1366 1850 1395 inﬁrmitatem

1057 1410 1123 1437 solis
1135 1410 1221 1437 lucem
1235 1417 1306 1445 argre
1320 1409 1423 1444 ferunt,
1439 1415 1466 1438 et
1481 1411 1544 1446 a‘gri
1557 1412 1636 1438 etiam
1653 1413 1768 1446 optimos
1781 1414 1850 1440 salu-

1058 1456 1240 1491 berrimosque
1253 1457 1327 1484 cibos
1339 1462 1496 1484 aversantur
1513 1466 1520 1485 :
1537 1458 1571 1484 ita
1583 1463 1611 1485 ct
1625 1458 1650 1484 hi
1663 1459 1750 1486 anima
1765 1468 1850 1495 ψει-ο-

1057 1506 1163 1534 tantes,
1187 1507 1213 1528 et
1233 1502 1330 1529 mentis
1349 1502 1434 1529 oculis
1454 1502 1523 1537 capti
1536 1523 1543 1535 ,
1567 1503 1600 1530 ad
1623 1503 1711 1531 lumen
1733 1505 1850 1532 veritatis

1056 1549 1190 1583 respicere
1211 1556 1262 1575 non
1279 1552 1398 1583 possunt.
1416 1548 1518 1576 Idcirco
1532 1555 1623 1576 nostro
1638 1550 1778 1584 fungentes
1792 1559 1850 1578 mu-

1056 1602 1131 1627 nere,
1149 1602 1244 1622 manus
1257 1596 1296 1622 eis
1309 1596 1492 1631 porriganius,
1509 1604 1656 1631 magnaque
1670 1598 1710 1624 cis
1725 1606 1849 1626 niansue-

1057 1641 1147 1668 tudine
1161 1641 1311 1676 loquamur.
1332 1641 1397 1669 Nam
1412 1646 1439 1669 et
1454 1642 1547 1669 beatus
1561 1643 1658 1670 Paulus
1678 1644 1712 1671 ita
1727 1652 1775 1671 nos
1788 1652 1849 1672 mo-

1054 1687 1113 1713 nuit
1125 1687 1216 1714 diceus
1229 1696 1234 1713 :
1249 1686 1282 1714 Ut
1293 1687 1319 1713 in
1333 1687 1528 1714 mansuetudine
1540 1688 1688 1718 erudiuntur
1699 1690 1847 1724 adversarii,

1054 1732 1077 1758 si
1092 1733 1157 1767 forte
1170 1731 1211 1758 det
1225 1732 1259 1759 eis
1274 1731 1344 1759 Deus
1359 1733 1531 1768 pamilcntiam
1552 1734 1577 1760 in
1592 1735 1744 1769 agnitionem
1759 1737 1848 1763 veritu-

1055 1777 1096 1809 tt's,
1111 1782 1136 1804 et
1150 1777 1184 1804 ad
1196 1777 1355 1805 sobrietatem
1369 1779 1459 1805 mentis
1473 1779 1576 1806 redeant
1594 1780 1625 1806 de
1639 1781 1727 1815 laqueo
1741 1782 1846 1816 diaboli,

1054 1831 1070 1850 ιι
1084 1832 1132 1859 quo
1153 1824 1246 1859 captivi
1269 1828 1400 1856 tenentur,
1422 1824 1457 1851 ad
1470 1825 1540 1851 illius
1557 1825 1707 1853 voluntatem
1722 1827 1765 1861 (2.
1778 1827 1845 1854 Tim.

1053 1870 1081 1896 2.
1096 1870 1160 1905 25).
1178 1869 1257 1897 Vides
1271 1870 1407 1904 quomodo
1421 1870 1509 1898 verbis
1524 1870 1668 1898 declaravit
1679 1892 1686 1904 ,
1710 1880 1756 1899 eos
1771 1874 1846 1907 quasi

1053 1915 1183 1942 ebrietate
1206 1915 1329 1950 quapiam
1352 1915 1463 1942 obrutos
1485 1916 1569 1943 esse?
1592 1916 1657 1943 Nam
1680 1917 1750 1951 quod
1772 1918 1845 1951 dicit,

1054 1960 1095 1987 Ad
1108 1961 1266 1988 sobrietatem
1281 1960 1371 1987 utentis
1394 1961 1498 1988 redeant
1512 1982 1519 1993 ,
1535 1962 1652 1989 ostendit
1673 1970 1720 1989 eos
1740 1963 1765 1990 in
1783 1972 1844 1997 pro-

1053 2006 1137 2034 fundo
1151 2007 1240 2042 aliquo
1253 2014 1357 2035 mersos
1369 2014 1441 2035 esse.
1456 2007 1489 2034 Et
1503 2008 1598 2035 iterant
1611 2028 1618 2041 ,
1638 2009 1711 2044 Capti
1722 2030 1729 2040 ,
1750 2010 1844 2044 inquit,

1054 2059 1068 2079 a
1082 2052 1198 2085 diabolo,
1212 2052 1286 2087 quasi
1299 2052 1409 2085 diceret,
1425 2057 1558 2088 tamquam
1574 2053 1675 2088 laqueis
1686 2055 1844 2089 quibusdam

1052 2097 1148 2124 irrotiti
1162 2102 1232 2124 sunt.
1251 2097 1326 2125 Unde
1338 2101 1366 2124 et
1387 2097 1463 2125 nobis
1477 2106 1570 2133 Inagna
1583 2106 1651 2134 opus
1663 2104 1704 2127 est
1719 2108 1844 2128 niausuev

1053 2143 1144 2170 tudine
1157 2147 1184 2170 et
1205 2143 1330 2177 patientia
1343 2164 1350 2175 ,
1366 2148 1395 2170 ut
1414 2144 1548 2178 possimus
1562 2152 1608 2172 eos
1621 2146 1724 2180 eripere
1738 2151 1765 2173 et
1777 2147 1844 2174 edu-

1052 2195 1114 2215 cere
1128 2195 1161 2215 ex
1177 2188 1277 2222 laqueis
1297 2189 1406 2216 diaboli.
1424 2189 1547 2217 Dicamus
1568 2191 1647 2225 igitur
1664 2192 1703 2219 eis
1717 2200 1723 2218 :
1742 2192 1844 2227 Resipi-

1052 2235 1118 2262 scitc
1141 2235 1291 2269 paulisper,
1315 2236 1425 2270 aspicite
1450 2236 1538 2264 lumen
1557 2237 1686 2270 justitiaz,
1702 2238 1844 2272 expendite

1052 2281 1188 2309 vobiscum
1203 2281 1342 2309 verborum
1357 2282 1564 2310 accuratiuuem.
1585 2282 1677 2317 Neque
1697 2285 1767 2311 enim
1781 2291 1842 2312 cum

1052 2327 1116 2355 dicit
1127 2327 1279 2353 :Faciamtts
1290 2327 1414 2353 hominem
1425 2328 1561 2354 secundum
1573 2328 1706 2363 imaginem
1718 2335 1841 2363 nostram,

1052 2377 1075 2400 et
1089 2372 1227 2400 secundant
1242 2372 1451 2406 similitudinem,
1469 2373 1511 2400 hic
1525 2381 1675 2400 sermonem
1692 2375 1778 2406 sistit,
1795 2375 1842 2402 sed

1052 2427 1099 2453 per
1113 2427 1142 2446 ea
1165 2427 1224 2454 quae
1245 2418 1364 2453 adjnngit
1385 2418 1470 2452 palam
1487 2419 1562 2446 nobis
1587 2419 1663 2450 facit,
1688 2428 1741 2454 quo
1762 2428 1842 2448 sensu

1052 2472 1147 2492 nomen
1164 2465 1287 2499 imaginis
1300 2464 1428 2499 posuerit.
1443 2464 1510 2498 Quid
1525 2465 1595 2491 cnim
1617 2464 1699 2491 dicit?
1716 2464 1746 2491 Et
1761 2466 1842 2492 domi-

1053 2516 1144 2538 nentur
1158 2510 1266 2545 piscibus
1281 2510 1358 2536 maris
1370 2530 1378 2542 ,
1401 2515 1424 2536 et
1437 2509 1579 2536 volatilibus
1594 2510 1649 2536 (teli
1660 2531 1668 2543 ,
1691 2516 1714 2537 rt
1729 2511 1843 2538 omnibus

1050 2556 1181 2592 reptililtus
1192 2556 1332 2590 repentibus
1344 2564 1419 2590 super
1432 2560 1534 2583 terram.
1549 2555 1688 2591 Imaginem
1702 2564 1766 2591 ergo
1777 2557 1841 2585 dixit

1051 2603 1196 2630 secundum
1213 2602 1389 2636 principatum
1405 2606 1431 2628 et
1445 2601 1590 2629 dominium
1604 2623 1612 2634 ,
1627 2610 1679 2629 non
1695 2603 1839 2632 secundant

1049 2649 1120 2676 aliud
1136 2648 1270 2684 quidpiam
1285 2658 1291 2676 :
1305 2648 1403 2675 etenim
1421 2648 1490 2675 Dens
1514 2648 1574 2675 fecit
1591 2649 1725 2676 hominem
1743 2650 1840 2684 priuei»

1051 2703 1110 2730 pem
1125 2694 1242 2722 omnium
1257 2701 1316 2728 qua:
1331 2698 1394 2720 sunt
1406 2701 1487 2727 super
1504 2699 1601 2722 terram
1611 2715 1619 2728 ,
1640 2702 1666 2722 et
1683 2695 1746 2722 nihil
1762 2704 1842 2730 super

1048 2745 1148 2768 terram
1164 2739 1273 2767 homine
1288 2739 1374 2773 majus
1394 2744 1452 2771 est,
1475 2739 1521 2767 sed
1538 2740 1624 2767 uinuia
1640 2739 1690 2767 sub
1713 2745 1842 2775 potestate

1048 2785 1120 2812 illius
1131 2789 1203 2811 sunt.
1463 2787 1468 2791 '

1083 2832 1110 2857 t.
1130 2830 1206 2862 Quod
1231 2830 1253 2856 si
1279 2835 1338 2864 post
1362 2834 1460 2856 tantam
1486 2830 1617 2858 dictorum
1642 2831 1841 2858 accuralitmeiu

1049 2875 1134 2903 adhuc
1149 2884 1179 2903 ea
1195 2875 1264 2903 dicta
1278 2883 1338 2904 esse
1360 2876 1524 2904 contendant
1545 2876 1578 2904 de
1600 2876 1693 2905 lorum
1716 2877 1840 2912 imagine,
