2066 3126
146 118 179 145 73
676 113 708 141 IN
728 113 803 142 CAP.
823 115 843 143 ι.
865 113 989 143 GENES.
1010 111 1125 141 "ORDL.
1146 112 1211 140 Vill.
1747 115 1783 144 τι

145 175 264 201 dii-emus
277 173 317 201 eis
333 183 339 201 :
361 173 442 207 Igitur
458 172 528 199 Deus
549 179 602 199 non
625 171 709 198 solum
733 171 813 198 homo
824 192 832 204 ,
847 169 893 198 sed
909 175 937 198 et

147 219 242 247 mulier
254 219 326 251 erit;
350 219 410 253 quia
425 217 545 245 eamdem
569 218 678 243 formam
696 222 806 251 uterque
829 216 937 243 habent.

147 265 243 292 Verum
263 264 316 291 hoc
336 262 480 290 absurdum
502 266 581 289 esset.
598 261 666 288 Audi
688 262 758 288 enim
774 261 883 288 Paulum
897 260 937 288 di-

146 314 270 338 centem:
290 309 335 335 Vir
356 309 422 336 enim
446 316 497 334 non
512 307 581 333 debet
604 307 686 334 celare
703 311 796 341 caput,
817 306 900 341 imago
914 309 939 332 et

147 355 230 391 gloria
254 354 299 380 Dei
320 354 443 380 exsistens
466 361 476 379 :
499 353 588 379 mulier
613 357 698 379 autem
728 352 809 387 gloria
831 351 879 378 riri
903 356 939 377 est

149 402 196 435 (1.
213 400 272 426 Cor.
291 399 335 426 il.
357 399 402 433 7).
415 398 465 425 ,V'ir
488 398 559 425 enim
583 398 714 431 imperat,
736 397 831 424 mulier
851 401 940 423 autem

149 446 267 480 subjecta
283 449 323 472 est
337 454 343 471 :
359 444 428 470 sicut
442 448 469 470 et
482 443 552 470 Deus
575 443 608 470 ab
631 442 706 469 initio
719 442 752 468 ad
773 450 831 468 eam
854 441 938 468 dixit:

149 492 189 519 Ad
205 492 285 518 uirum
298 495 368 516 tuum
383 489 511 516 conversio
526 494 568 515 tua
581 509 588 521 ,
609 493 632 515 et
645 488 699 523 ipse
713 488 756 514 tibi
770 487 941 514 dominabitur

149 537 225 567 (Gen.
241 538 267 564 '5.
282 536 339 570 16).
353 536 419 569 Quia
433 535 503 562 enim
518 533 664 561 secundum
680 533 810 560 rationem
832 532 942 560 dominii

147 583 181 610 ad
196 582 338 617 imaginem
357 581 442 608 factus
457 585 515 613 est,
531 587 584 607 non
600 580 634 607 ad
650 581 761 607 formam
772 600 779 613 ,
800 580 841 606 vir
852 584 941 606 autem

149 628 304 654 dominatur
326 627 469 660 omnibus,
485 626 582 653 mulier
596 633 661 653 vero
682 625 802 660 subjecta
824 629 864 652 est
879 634 885 651 :
902 624 942 651 id-

147 673 220 700 circo
235 673 300 699 dicit
319 672 352 699 de
365 673 422 699 viro
437 672 534 699 Paulus
544 693 550 704 ,
569 671 638 706 quod
652 671 739 705 imago
760 676 787 698 et
799 671 881 706 gloria
896 670 943 697 Dei

148 719 183 745 sit
196 739 204 751 ,
220 718 318 745 mulier
331 723 419 745 autem
439 718 522 753 gloria
538 717 597 744 viri.
617 717 693 750 Quod
718 717 741 743 si
755 716 788 744 de
805 718 887 743 turma
903 715 944 742 vel

151 765 235 800 ﬁgura
260 765 390 797 dixisset,
415 773 468 791 non
491 765 582 799 utique
605 771 636 790 ea
660 763 796 790 divisisset
818 771 825 789 :
850 762 944 790 eadem

150 811 224 838 enim
240 811 320 846 ﬁgura
335 815 377 838 est
390 810 438 837 viri
453 815 481 837 et
501 810 631 837 mulieris.
646 809 741 837 Vidisti
758 809 863 844 plenam
878 809 946 836 veri-

154 857 258 884 tatem?
280 857 415 891 quomodo
430 857 531 883 nullum
549 855 712 883 defensionis
725 860 884 889 praetextum
903 862 946 881 re-

154 905 251 939 linquit
273 905 304 931 iis
318 904 362 939 qui
388 904 485 931 frustra
508 902 675 937 impudentes
697 909 757 929 esse
769 901 883 928 volunt?
898 900 948 927 Ve-

152 955 304 977 rumtamen
319 949 400 976 etiam
417 949 469 976 illis
482 949 518 975 ita
533 956 562 976 se
576 948 733 975 habentibus
744 968 750 979 ,
764 955 799 974 ne
811 952 947 974 cessemus

154 1004 251 1031 magna
265 1003 325 1023 cum
339 995 451 1022 lenitate
464 1003 525 1022 cutn
541 995 605 1030 ipsis
620 1001 708 1030 agere,
725 993 754 1021 Si
768 995 831 1029 [orte
842 993 882 1020 det
897 992 948 1019 illis

153 1041 226 1069 Deus
243 1042 412 1075 ptenilentiam
429 1041 463 1068 ad
475 1041 628 1076 agnitionem
650 1040 760 1067 veritatis
777 1039 822 1075 (2.
838 1038 904 1066 Tim.
919 1038 947 1065 2.

152 1088 190 1115 25
202 1089 223 1122 ).
239 1087 278 1114 Ne
292 1095 356 1122 ergo
367 1091 560 1122 torpescamus,
575 1087 597 1113 si
611 1093 664 1121 quo
678 1090 755 1120 pacto
772 1093 818 1120 per
830 1092 950 1112 mansne.

156 1133 261 1160 tudinis
276 1133 391 1160 studium
407 1132 540 1167 possimus
560 1132 632 1167 ipsos
646 1132 750 1167 eripere
764 1139 780 1158 a
793 1131 951 1165 deceptione

153 1179 275 1212 diaboli;
290 1183 327 1210 et,
341 1179 362 1205 si
378 1178 474 1213 placet,
489 1178 653 1205 adducamus
665 1178 760 1204 iterum
777 1177 828 1204 illis
843 1177 950 1204 beatum

154 1225 281 1258 Paulum,
294 1225 340 1260 qui
352 1225 559 1252 Atheniensibus
572 1224 611 1251 sic
624 1223 728 1251 dicebat
740 1231 748 1251 :
762 1223 822 1249 Non
835 1222 951 1249 debemus

154 1271 305 1297 existimare
320 1279 382 1297 auro
393 1291 400 1302 ,
415 1270 453 1297 vel
466 1274 568 1305 argento
581 1289 587 1300 ,
604 1269 642 1296 uel
655 1269 750 1304 lapidi,
766 1268 804 1295 vel
818 1269 953 1303 sculptura:

156 1318 224 1342 artis
238 1316 278 1343 vel
293 1316 441 1342 int-eruimus
464 1316 572 1342 hominis
586 1314 688 1341 Numen
711 1322 764 1341 esse
778 1314 858 1340 simile
875 1313 951 1349 (Att.

156 1363 206 1389 17.
226 1361 293 1397 29).
318 1361 412 1388 Vidisti
437 1365 535 1396 quanta
558 1360 694 1395 diligentia
716 1367 822 1387 onmem
848 1359 952 1385 illorum

155 1415 280 1435 errorem
304 1407 411 1442 sapiens
432 1406 558 1441 magister
578 1405 775 1440 amputaverit?
795 1405 853 1432 Non
869 1405 953 1432 solum

156 1453 233 1480 cnitn
258 1460 275 1480 a
297 1452 428 1487 corporali
452 1456 514 1486 typo
536 1451 651 1478 alienum
678 1451 742 1478 dicit.
761 1450 884 1483 Numen,
907 1449 954 1477 sed

158 1506 251 1533 neque
266 1498 328 1533 quid
343 1498 429 1524 simile
445 1504 523 1532 posse
538 1496 653 1523 humana
675 1496 834 1530 cogitatione
854 1495 953 1530 efﬁngi.

156 1544 226 1571 lla-c
240 1544 354 1571 subinde
375 1543 427 1570 illis
446 1542 565 1570 dicentes
577 1562 584 1574 ,
603 1541 669 1568 nihil
682 1541 752 1576 quod
767 1549 849 1576 penes
863 1549 910 1568 vos
923 1541 956 1568 sit

159 1589 286 1624 proferre
308 1588 501 1620 intermittatis,
526 1587 549 1614 si
572 1588 639 1614 forte
660 1586 771 1619 cedant,
793 1586 814 1613 si
837 1585 904 1612 forte
923 1585 957 1612 ad

159 1635 304 1661 veritatem
320 1634 454 1668 respicere
468 1633 561 1660 velint.
575 1632 707 1659 Caeterum
730 1636 758 1658 ut
777 1632 811 1658 ab
827 1631 957 1658 benevola

160 1681 272 1708 illorum
295 1680 471 1707 instructione
485 1679 561 1707 vobis
577 1677 758 1706 desistendum
774 1685 826 1705 non
848 1683 905 1710 est,
922 1678 957 1705 ita

161 1734 232 1760 oro,
253 1732 281 1752 ut
303 1727 426 1761 dogmata
449 1725 628 1753 ecclesiastica
652 1724 736 1759 probe
757 1724 888 1757 teneatis,
905 1731 958 1751 non

161 1772 361 1800 confundentes
380 1772 512 1799 dictorum
526 1771 742 1806 consequentiam
752 1791 760 1802 ,
775 1770 821 1797 sed
837 1777 896 1797 cum
913 1769 960 1796 Ju-

162 1819 233 1846 dacis
248 1824 276 1845 ut
291 1823 396 1853 oportet
410 1817 559 1853 disputate,
580 1824 611 1844 ac
624 1817 818 1848 demonstrate,
836 1816 894 1843 ha-c
907 1823 959 1842 non

163 1872 226 1892 esse
241 1864 312 1892 dicta
326 1865 449 1898 cuiquam
460 1872 494 1891 ex
505 1862 669 1890 administris
680 1861 830 1894 virtutibus,
842 1861 889 1888 sed
903 1861 960 1888 tini-

162 1911 256 1946 genito
271 1910 317 1938 Dei
342 1910 427 1943 Filio;
452 1909 559 1937 Arianis
578 1915 683 1943 quoque
707 1908 768 1935 hinc
790 1915 880 1942 parem
901 1906 961 1934 Filii

163 1965 228 1984 cum
244 1957 323 1985 Patre
338 1957 491 1992 dignitatem
510 1955 643 1987 indicate;
659 1954 707 1982 sed
719 1958 747 1983 et
761 1955 792 1981 iis
806 1954 852 1989 qui
865 1953 961 1980 huma-

165 2011 229 2029 nam
247 2003 357 2029 formam
368 2002 492 2029 Numinis
505 2001 694 2036 imaginantur,
706 2000 790 2026 allatis
804 1999 829 2026 in
845 1998 962 2026 medium

167 2048 202 2075 iis
215 2056 274 2082 qua:
289 2055 305 2074 a
320 2048 397 2075 beato
410 2047 493 2074 Paulo
513 2051 575 2074 sunt
589 2046 673 2079 dicta,
690 2045 798 2073 evellite
812 2052 859 2079 per
873 2044 964 2071 Eccle-

167 2094 216 2121 sia:
238 2093 364 2128 dogmata
385 2093 550 2128 perniciosos
568 2091 677 2119 morbos
698 2092 781 2118 instar
802 2091 963 2118 zizaniorum

167 2140 349 2176 pullulantes,
371 2146 532 2174 operamque
553 2138 614 2166 date
633 2142 661 2165 ut
681 2137 723 2173 pia
743 2137 863 2164 doctrina
883 2137 910 2164 in
925 2136 965 2164 eis

168 2186 308 2220 plantetnr
319 2189 346 2212 et
360 2185 511 2213 roboretur.
526 2184 593 2212 Volo
613 2184 683 2211 enim
695 2204 703 2217 ,
718 2187 746 2211 et
766 2189 860 2219 precor
872 2189 965 2210 omnes

169 2238 219 2258 vos
232 2231 258 2258 in
272 2230 412 2258 doctorum
424 2230 517 2258 ordine
529 2237 588 2258 esse
601 2238 608 2257 :
622 2234 649 2257 et
662 2237 717 2257 non
730 2229 816 2257 solum
830 2228 966 2256 auditores

171 2282 329 2304 nostrorum
348 2283 408 2304 esse
429 2282 602 2307 sermonum,
622 2274 670 2302 sed
693 2279 720 2302 et
741 2274 801 2301 aliis
817 2274 966 2301 doctrinam

172 2326 293 2349 nostram
310 2321 420 2355 aliene,
438 2321 587 2356 piscarique
599 2325 719 2348 errantes
732 2341 739 2354 ,
757 2325 785 2347 ut
798 2320 824 2347 in
838 2320 907 2347 viam
922 2327 966 2347 re-

172 2367 256 2394 deant
270 2368 402 2400 veritatis,
419 2367 488 2394 sicut.
500 2372 527 2394 et
540 2367 638 2394 Paulus
654 2366 739 2401 inquit
755 2375 761 2392 :
776 2365 847 2393 Unus
859 2366 968 2393 alterum

174 2414 283 2447 avliﬁcct
298 2413 337 2449 (1.
351 2412 437 2440 Thess.
450 2413 476 2440 5.
491 2413 520 2440 Η
535 2413 563 2447 );
580 2417 618 2444 et,
639 2412 701 2440 Cum
724 2412 813 2438 timore
826 2416 849 2438 et
863 2416 969 2438 tremore

175 2459 283 2485 salutem
298 2463 406 2485 vestram
418 2458 554 2493 operemim'
565 2457 696 2492 (Philipp.
710 2457 737 2484 ‘2.
753 2457 809 2492 i2).
822 2457 867 2484 Sic
877 2456 970 2484 Eccle-

174 2504 214 2531 sia
229 2504 307 2531 nobis
320 2504 487 2531 multitudine
500 2504 648 2538 augebitnr,
660 2508 688 2531 et
698 2510 745 2530 vos
756 2503 863 2530 uberius
877 2511 971 2537 super-

175 2559 209 2578 na
224 2551 350 2578 iruemini
366 2550 469 2586 gratia,
483 2558 605 2586 magnam
627 2550 807 2577 membrorum
820 2554 968 2577 vestrorum

177 2604 269 2624 curam
285 2596 427 2624 habentes.

214 2643 241 2670 5.
262 2642 356 2678 Neque
382 2642 454 2670 enim
476 2642 544 2670 Deus
565 2642 621 2669 vult
635 2646 665 2669 ut
687 2641 854 2669 Christianus
882 2642 972 2676 seipso

178 2693 281 2715 tainum
294 2692 437 2715 Contentus
452 2687 495 2720 sit.
509 2688 555 2716 Sed
577 2692 605 2715 ut
627 2687 695 2714 alios
718 2687 830 2715 mdiﬁcct
850 2694 902 2714 non
926 2694 973 2722 per

179 2735 328 2761 doctrinam
343 2735 441 2766 solum,
457 2734 504 2761 sed
519 2739 546 2761 et
567 2741 613 2768 per
633 2734 725 2767 vitam,
742 2738 769 2761 ct
781 2733 903 2761 versandi
927 2741 972 2761 ra-

181 2780 290 2806 tionem.
306 2779 377 2807 Nihil
396 2780 468 2807 enim
488 2780 526 2806 sic
547 2780 573 2806 in
594 2780 714 2807 veritatis
733 2780 801 2807 viam
815 2780 930 2812 inducit,
945 2785 974 2807 ut

181 2825 319 2860 integritas
333 2826 394 2854 vita:
410 2834 418 2853 :
432 2833 492 2853 nam
507 2833 592 2860 neque
613 2830 665 2853 tam
678 2833 710 2854 ea
723 2825 894 2856 considerant
913 2836 973 2865 qua:

994 178 1010 197 a
1024 171 1100 197 nobis
1111 170 1246 204 dicuntur,
1266 177 1345 205 quant
1360 179 1419 206 qua:
1439 178 1453 198 a
1474 172 1549 199 nobis
1567 177 1689 208 aguntur.
1705 173 1739 201 Et
1755 180 1785 202 ut

992 215 1061 242 scias
1076 223 1132 243 rem
1148 215 1183 243 ita
1197 222 1227 243 se
1240 215 1339 243 habere
1362 217 1445 252 (licet
1460 219 1606 246 sexcenties
1621 219 1711 247 verbis
1725 225 1784 247 tan-

993 265 1048 287 tum
1065 261 1294 296 philosophemur,
1308 267 1336 290 et
1348 263 1381 290 de
1394 263 1548 297 injuriarum
1558 265 1784 294 ob'irionedisse-

992 313 1092 338 ramus,
1104 313 1134 332 ac
1145 313 1204 333 cum
1222 311 1325 341 tempus
1348 307 1472 341 adfuerit,
1499 317 1557 335 eam
1581 312 1704 344 operibus
1730 321 1783 340 non

993 351 1217 385 demonstremus,
1234 361 1285 379 non
1301 358 1401 380 tantum
1422 354 1569 389 proderunt
1589 357 1667 383 verba
1679 377 1686 389 ,
1701 365 1785 392 quan-

994 401 1049 423 tum
1064 397 1198 424 nocebunt
1210 406 1305 432 opt-ra;
1317 399 1359 425 sin
1376 404 1437 426 ante
1458 404 1484 426 et
1499 405 1557 434 post
1578 402 1657 428 verba
1675 409 1784 438 operum

993 444 1127 477 specimen
1144 443 1353 477 exhibuerimus,
1371 445 1422 472 {ide
1439 446 1510 479 digiti
1530 445 1713 478 habebimur‘,
1726 456 1785 475 cum

993 489 1196 516 admonebimns
1206 490 1271 517 alios
1282 490 1315 517 de
1331 491 1362 517 iis
1376 499 1434 525 qua:
1445 499 1491 525 per
1506 499 1585 527 opera
1600 493 1787 527 adimplemus,

994 535 1054 569 quia
1071 540 1098 562 et
1110 535 1231 563 Christus
1241 536 1392 570 hujuamodi
1408 537 1529 564 homines
1550 538 1732 571 hcatnsdixit,
1751 540 1790 565 in-

995 581 1089 615 quiens
1106 581 1214 609 :Beatus
1224 583 1267 617 qui
1280 583 1375 616 fecerit.
1392 587 1415 609 et
1429 583 1540 610 docuerit
1553 583 1658 619 (Matt/1.
1673 585 1700 612 5.
1718 586 1749 613 I9
1762 588 1768 619 )
1781 595 1789 614 :

995 626 1056 653 vide
1080 627 1214 661 quomodo
1230 635 1298 662 opus
1313 629 1504 662 pra-posuerit,
1521 634 1547 656 ct
1571 634 1661 663 postea
1682 631 1784 658 doctri-

998 679 1069 698 nam.
1086 673 1191 699 Atenim
1212 674 1379 708 prmcedente
1392 682 1483 709 opere,
1499 676 1601 702 etiamsi
1625 684 1676 703 non
1691 684 1789 711 sequa-

999 722 1040 744 tur
1052 717 1182 751 doctrina,
1199 717 1336 746 sul‘liciunt
1348 727 1428 754 opera
1451 719 1507 754 ipsa
1528 720 1612 755 magis
1635 729 1714 756 quam
1738 722 1789 748 ulla

998 770 1048 789 vox
1063 763 1095 789 ad
1111 763 1258 790 docendum
1273 771 1320 791 eos
1331 765 1375 799 qui
1392 765 1418 791 in
1433 772 1481 791 nos
1493 766 1646 800 respiciunt.

1034 807 1142 834 Moralis
1155 809 1295 836 exhortatio
1308 809 1341 835 ad
1354 811 1581 845 uerumjejunium.
1598 826 1633 831 -
1648 812 1703 839 lloc
1713 812 1793 847 igitur

999 853 1098 888 ultique
1112 853 1296 888 observemus,
1309 859 1337 881 ut
1351 856 1423 889 prius
1437 856 1564 890 operibus
1582 857 1727 884 doceamus
1740 879 1747 889 ,
1766 864 1792 884 et

1001 903 1091 933 postea
1112 900 1281 927 sermonibus
1298 909 1305 927 :
1321 905 1396 928 utne
1409 906 1436 929 et
1451 910 1499 929 nos
1514 902 1654 930 audiamus
1675 911 1689 929 a
1716 904 1794 930 beato

1000 945 1084 972 Paulo
1101 955 1107 972 :
1121 944 1161 972 Tu
1174 946 1218 981 qui
1230 947 1303 973 doces
1318 946 1408 980 alium,
1425 948 1531 982 teipsum
1546 957 1596 975 non
1609 950 1683 977 (loces
1698 950 1791 986 (Rom.

1000 991 1027 1017 2.
1041 991 1107 1025 2t)?
1121 992 1226 1018 Etcum
1241 992 1363 1020 volumus
1375 993 1521 1021 admonere
1545 994 1637 1027 alium,
1653 1000 1680 1022 ut
1695 996 1794 1030 aliquid
1834 1008 1839 1012 -

1001 1044 1034 1064 ex
1048 1037 1079 1064 iis
1087 1045 1147 1072 qua:
1163 1038 1314 1065 necessaria
1339 1044 1400 1066 sunt
1427 1039 1536 1072 eﬂiciat,
1555 1040 1628 1074 prius
1641 1041 1797 1068 Studeamus

1002 1087 1030 1110 et
1043 1091 1091 1111 nos
1106 1083 1156 1111 hoc
1168 1084 1254 1119 ipsum
1269 1092 1348 1119 agere
1361 1105 1368 1117 ,
1387 1092 1439 1120 quo
1454 1086 1532 1113 nobis
1551 1091 1578 1113 et
1605 1086 1691 1120 major
1704 1087 1738 1113 sit
1754 1087 1795 1114 lo-

1003 1130 1100 1163 quendi
1116 1137 1147 1157 ac
1160 1130 1273 1157 docendi
1284 1130 1391 1163 fiducia,
1408 1135 1435 1158 et
1455 1132 1544 1159 omnis
1564 1136 1654 1158 nostra
1677 1140 1741 1159 cura
1763 1133 1798 1159 sit

1003 1175 1037 1202 de
1049 1176 1199 1202 animarum
1213 1175 1299 1203 salute
1309 1197 1316 1208 ,
1331 1180 1358 1203 et
1371 1176 1504 1211 quomodo
1516 1178 1661 1211 poterimus
1677 1177 1799 1205 lascivias

1004 1221 1093 1248 carnis
1108 1221 1259 1255 refrenare,
1286 1226 1315 1248 ut
1337 1229 1430 1249 verum
1451 1221 1624 1249 cxhibeamus
1646 1222 1799 1257 jejunium;

1003 1266 1134 1301 jejunium
1153 1270 1242 1293 autem
1268 1266 1339 1299 dico,
1356 1266 1543 1294 abstinentiam
1563 1274 1578 1294 a
1602 1267 1683 1295 vitiis.
1696 1268 1799 1295 Etenim

1006 1311 1166 1339 abstinentia
1179 1319 1194 1339 a
1205 1312 1272 1339 cibis
1286 1317 1395 1347 propter
1409 1312 1460 1339 hoc
1474 1318 1583 1347 recepta
1596 1317 1654 1346 est,
1677 1317 1705 1340 ut
1723 1314 1799 1348 vigo~

1007 1365 1063 1385 rem
1076 1358 1164 1385 carnis
1177 1358 1313 1391 refrenet,
1327 1363 1355 1385 et
1367 1365 1464 1393 equum
1480 1358 1591 1385 docilem
1607 1359 1710 1386 reddat.
1726 1359 1802 1395 Jeju-

1008 1408 1116 1430 nmtem
1132 1408 1193 1430 ante
1205 1404 1294 1430 omnia
1308 1408 1413 1438 oportet
1428 1404 1493 1430 iram
1509 1403 1614 1431 frenare
1628 1425 1635 1438 ,
1650 1411 1802 1432 mansuetu-

1007 1448 1096 1475 dinem
1113 1453 1139 1476 et
1155 1448 1289 1475 lenitatem
1302 1449 1451 1481 addiscere,
1464 1457 1511 1476 cor
1525 1448 1623 1477 habere
1641 1451 1803 1487 contritum,

1008 1493 1138 1520 absurdas
1149 1494 1380 1528 concupiscentias
1394 1494 1525 1529 repellere
1535 1514 1543 1528 ,
1558 1499 1620 1522 ante
1634 1495 1726 1522 oculos
1735 1503 1802 1522 con-

1011 1540 1085 1566 Iinno
1100 1539 1200 1567 habere
1213 1540 1319 1567 oculum
1340 1540 1413 1567 illum
1433 1548 1578 1575 numquam
1603 1541 1803 1575 dormitantem,

1010 1591 1037 1613 et
1050 1586 1164 1614 tribunal
1189 1586 1254 1613 illud
1281 1586 1482 1621 incorruptum;
1508 1587 1626 1621 pecuniis
1637 1588 1804 1622 superiorem

1011 1639 1081 1664 esse,
1097 1631 1287 1666 liberalemque
1309 1631 1452 1659 admodum
1470 1632 1496 1659 in
1512 1632 1599 1659 danda
1623 1633 1804 1669 eleemosyna,

1012 1677 1157 1712 nequitiam
1171 1685 1277 1705 omnem
1289 1678 1417 1705 adversus
1431 1679 1578 1713 proximum
1599 1687 1632 1706 ex
1656 1681 1746 1707 animo
1759 1681 1807 1708 eli-

1012 1723 1126 1750 tninare.
1141 1722 1197 1750 Hoc
1213 1731 1305 1750 verum
1326 1723 1455 1758 jejunium
1471 1728 1527 1757 est,
1552 1723 1620 1752 sicut
1635 1730 1661 1752 ct
1679 1725 1760 1753 lsaias
1774 1734 1808 1753 ex

1013 1776 1127 1803 persona
1144 1769 1188 1795 Dei
1200 1769 1323 1803 loquens,
1338 1769 1422 1796 dicit:
1442 1769 1501 1796 Non
1516 1769 1562 1796 hoc
1581 1770 1709 1805 jejunium
1732 1771 1806 1806 cingi,

1013 1814 1074 1840 dicit
1089 1813 1224 1840 Dominus.
1248 1813 1310 1841 Non
1328 1815 1351 1841 si
1371 1819 1486 1849 torqueas
1503 1819 1529 1841 ut
1543 1815 1665 1842 circulum
1689 1817 1808 1843 cervicem

1015 1865 1093 1892 luant,
1106 1865 1128 1887 et
1139 1868 1240 1887 saccum
1252 1866 1276 1887 ct
1289 1861 1397 1888 cinerem
1410 1861 1552 1889 substernas
1564 1882 1571 1895 ,
1599 1871 1678 1897 neque
1688 1864 1723 1889 sic
1736 1871 1810 1890 voca-

1015 1905 1072 1932 bili:
1081 1905 1209 1940 jejunium
1223 1911 1363 1940 acceptum,
1379 1906 1439 1933 dicit
1451 1906 1575 1934 Dominus
1589 1907 1598 1943 (
1611 1907 1674 1934 Isai.
1697 1909 1741 1935 58.
1755 1909 1771 1935 5
1785 1908 1806 1943 ).

1014 1950 1079 1984 Sed,
1089 1951 1184 1985 quale?
1197 1951 1250 1978 dic.
1265 1951 1351 1985 Solve,
1363 1951 1458 1987 inquit,
1468 1953 1631 1988 obligatione:
1645 1954 1723 1980 violcn
1729 1959 1810 1981 (Otum

1016 2001 1202 2032 contractnum,
1230 1999 1320 2033 frange
1335 1999 1454 2025 esurienti
1473 2007 1563 2033 panem
1577 2004 1657 2031 tuum,
1674 2009 1810 2035 pauperem

1016 2044 1110 2078 absque
1123 2044 1270 2071 tectoindnc
1283 2045 1310 2071 in
1321 2045 1423 2071 domum
1437 2050 1516 2072 tuam.
1538 2046 1571 2073 Et
1585 2047 1607 2073 si
1623 2047 1680 2074 lucc
1698 2047 1792 2075 feceris
1802 2069 1809 2080 ,

1017 2089 1113 2124 inquit,
1129 2089 1199 2117 Tunc
1209 2095 1322 2125 erumpet
1335 2092 1458 2118 matutina
1472 2091 1518 2118 lux
1532 2097 1585 2125 tua,
1597 2097 1620 2120 ιι
1632 2094 1752 2121 sanitates
1764 2100 1813 2122 tua:

1017 2136 1101 2163 statim
1113 2136 1223 2163 orientur
1232 2135 1285 2171 (Ib.
1298 2144 1322 2163 υ.
1336 2137 1416 2171 6-8.)

1054 2183 1082 2211 6.
1102 2182 1209 2217 Vidisti,
1226 2183 1333 2216 dilecte,
1352 2184 1430 2219 quale
1444 2184 1479 2211 sit
1492 2192 1583 2211 verum
1594 2184 1741 2219 jejunium?
1759 2186 1814 2213 lloc

1019 2236 1202 2263 exerceamus,
1216 2233 1242 2257 et
1255 2237 1308 2256 non
1326 2234 1354 2257 ut
1373 2230 1494 2265 plerique
1508 2231 1691 2258 existimemus
1710 2231 1814 2259 deliniii

1020 2275 1047 2303 in
1061 2275 1259 2311 hocjejunium,
1271 2276 1293 2303 si
1307 2275 1340 2303 ad
1351 2283 1488 2310 vesperam
1500 2284 1584 2312 usque
1605 2277 1732 2311 impransi
1757 2286 1814 2304 nia-

1021 2329 1142 2349 neamus.
1156 2321 1214 2349 Non
1225 2322 1276 2349 hoc
1287 2326 1329 2349 est
1340 2321 1409 2357 quod
1418 2322 1555 2357 quaeritur,
1569 2323 1615 2350 sed
1628 2327 1657 2350 ut
1666 2331 1727 2350 cum
1740 2323 1814 2350 cibo-

1022 2375 1081 2395 rum
1095 2367 1257 2395 abstinentia
1271 2371 1299 2395 et
1321 2374 1335 2394 a
1347 2368 1453 2395 creteris
1467 2367 1633 2395 abstineatur
1645 2376 1705 2403 qua:
1719 2375 1815 2395 nocere

1022 2421 1144 2449 possunt,
1158 2418 1186 2442 et
1197 2414 1373 2449 spiritualium
1389 2421 1500 2449 operum
1513 2421 1635 2449 magnam
1655 2421 1747 2441 curam
1767 2414 1799 2441 ha
1808 2430 1815 2435 -

1022 2460 1142 2488 beamus.
1156 2459 1324 2495 Jejunantem
1338 2467 1397 2488 esse
1407 2464 1512 2495 oportet
1522 2460 1676 2492 demissum,
1684 2461 1816 2495 quietum,

1024 2507 1126 2540 mitem,
1136 2506 1275 2540 humilem,
1300 2506 1392 2541 gloria:
1418 2506 1496 2540 hujus
1511 2506 1571 2533 vita:
1591 2512 1813 2541 contemptorem.

1024 2552 1092 2580 Nam
1105 2553 1174 2580 sicut
1183 2553 1279 2580 anima:
1291 2560 1347 2580 sua:
1360 2559 1452 2580 curam
1463 2551 1602 2587 despexit,
1616 2553 1651 2579 ita
1666 2557 1694 2580 et
1708 2553 1815 2582 inanem

1025 2598 1136 2633 gloriam
1146 2598 1285 2633 despicere
1311 2601 1428 2633 oportet,
1452 2601 1480 2625 et
1504 2598 1537 2625 ad
1559 2598 1632 2625 illum
1658 2599 1745 2626 solum
1772 2608 1817 2635 qui

1026 2648 1159 2672 scrutatur
1171 2644 1251 2672 corda
1265 2648 1293 2671 et
1314 2650 1392 2671 renes
1407 2643 1417 2680 (
1433 2642 1507 2671 Psal.
1526 2644 1554 2670 7.
1569 2644 1602 2671 lo
1618 2644 1627 2679 )
1643 2665 1650 2677 ,
1671 2644 1815 2679 respicere,

1027 2698 1177 2726 magnoque
1202 2689 1290 2717 studio
1314 2695 1408 2724 preces
1436 2693 1463 2716 et
1487 2688 1671 2717 confessiones
1694 2690 1820 2718 emittere

1028 2737 1094 2772 Deo,
1106 2742 1133 2764 et
1148 2737 1378 2772 eleemosynarum
1393 2735 1493 2763 auxilio
1506 2742 1555 2770 pro
1576 2735 1678 2763 viribus
1699 2736 1816 2771 scipsum

1031 2830 1036 2835 Ι
1062 2801 1151 2835 intime,
1161 2799 1451 2835 [indigni/inlidititur,
1462 2801 1594 2835 ᾀξῴπιστοι
1605 2802 1714 2833 ἐσόμεθα,
1726 2802 1816 2828 desunt

1031 2831 1055 2855 in
1070 2831 1166 2861 Muret,
1175 2832 1220 2856 sed
1234 2831 1260 2855 in
1271 2831 1327 2856 aliis
1338 2831 1452 2857 omnibus
1464 2832 1595 2857 habentur.

1819 2896 1834 2904 κ
