2066 3126
253 100 285 126 75
623 94 652 122 S.
672 93 809 121 JOANNIS
823 87 1058 119 CHRYEOSTOMI
1077 87 1234 115 ARCHIEP.
1255 88 1519 117 CONS’I‘ANTINOP.
1858 91 1892 120 76

247 154 422 188 jnvare.ﬂoc
436 153 519 186 enim,
549 152 599 179 hoc
620 151 773 178 tnaudatum
795 150 909 177 maxime
932 147 1002 173 valet
1012 145 1044 172 ad

254 200 382 228 abolenda
398 203 503 233 peccata
516 202 606 226 nostra
627 198 728 229 omnia,
740 202 766 223 et
776 195 809 222 ad
831 193 986 228 eripiendos
998 199 1046 219 nos

254 256 285 274 cx
299 246 427 281 gehennae
452 245 512 279 igne
528 244 548 276 ‘,
565 243 644 270 modo
657 243 742 277 ipsum
764 240 924 270 liberaliter.
948 242 973 266 et
993 245 1046 265 tton

254 292 286 318 ad
312 289 518 318 ostentationem
541 288 678 315 hominum
713 293 900 320 exsequamur.
926 285 958 312 Et
984 283 1047 319 quid

254 337 325 369 dico,
342 344 394 363 non
408 335 442 363 ad
462 334 688 362 ostentationem?
701 333 766 360 Nam
785 333 807 360 si
830 337 902 359 recte
916 331 1044 366 sapimus,

253 383 288 410 ob
300 383 351 410 hoc
367 382 452 409 solum
466 381 535 416 quod
551 381 619 407 bona
644 387 688 407 res
713 379 764 410 sit.
779 384 805 406 et
819 378 853 406 ob
874 377 1046 405 commisera-

253 430 354 456 tionem
369 429 394 455 in
411 428 554 462 proximos,
570 427 695 453 virtutem
718 425 786 451 ltanc
799 432 924 452 exercere
939 427 1046 457 oporte-

256 476 304 508 hit,
322 483 373 502 non
388 474 422 501 oh
446 473 590 508 promissas
612 479 626 498 a
649 471 760 498 Domino
782 469 930 496 mercedes.
947 469 1044 495 Verum

254 522 361 557 quando
375 521 406 548 ad
419 520 483 547 nihil
507 519 620 546 sublime
635 522 750 545 mentctu
767 517 890 543 attollere
906 515 1023 542 valemus
1035 533 1043 548 ,

254 567 294 594 vel
309 567 343 593 ob
354 565 417 593 illud
433 565 519 600 ipsum
534 564 639 599 benigni
653 564 746 595 simus,
765 562 864 589 unliam
883 561 917 587 ab
929 561 1045 588 homini-

253 613 302 640 hus
317 616 444 639 venantes
456 611 579 646 gloriam,
594 614 666 636 utne
678 613 702 636 et
714 612 835 642 sumptus
851 607 994 640 faciamus,
1017 610 1046 634 cl.

254 658 377 686 mercede
402 658 502 693 pariter
517 657 664 691 privcmur.
694 655 721 682 ld
745 654 816 689 qttod
841 661 893 680 non
915 653 1001 680 solum
1017 653 1043 680 in

254 705 436 739 elcemosyua,
451 703 497 730 sed
512 703 537 729 iu
552 709 712 736 unoquoque
734 700 803 728 bono
817 708 898 735 opere
912 699 1043 734 spirituali

253 748 572 782 atteutleinlum,utnihil
595 747 628 775 ad
643 747 780 774 hominum
802 746 935 781 praeconia
961 745 1047 780 respi-

252 797 353 822 cientes
377 795 504 822 faciamus
521 803 527 820 τ
542 794 659 828 alioquin
676 793 746 820 nulla
763 792 840 819 nobis
858 792 958 818 utilitas
982 791 1043 824 erit,

252 841 478 876 siVejejuncmus,
494 841 549 867 sive
564 846 712 874 precemur,
726 839 782 866 sive
791 838 975 870 misereantur,
988 837 1045 865 sive

254 887 366 922 quodvis
389 885 459 913 aliud
485 885 633 917 faciamus,
658 884 709 911 nisi
733 888 841 919 propter
861 884 936 910 illum
957 883 1044 911 solum

254 934 328 965 tiant,
343 932 473 967 quinovit
495 936 521 958 ct
545 930 712 962 abscondita,
737 935 764 957 et
785 937 845 965 qua:
866 930 892 956 in
915 929 1046 964 profundo

254 978 351 1005 mentis
366 981 427 1004 sunt
442 977 589 1004 recondita.
605 976 669 1003 Nam
681 976 702 1002 si
719 975 752 1002 ab
767 975 813 1003 illo
829 976 936 1010 prrcmia
946 982 1043 1010 exspe-

252 1029 318 1053 ctas.
336 1023 442 1054 dilecte,
457 1023 533 1057 cujus
552 1022 636 1056 gratia
652 1022 686 1048 ab
700 1021 744 1048 illo
763 1021 807 1056 qui
824 1024 916 1047 natura
941 1020 986 1047 libi
1000 1027 1046 1047 co-

252 1074 347 1103 gnatus
363 1073 414 1101 est,
427 1068 528 1095 laudari
549 1068 607 1094 vis?
622 1067 691 1101 Quid
706 1067 766 1095 dico
786 1067 908 1094 laudari?
932 1074 1002 1102 stupe
1023 1067 1045 1093 is

255 1123 306 1141 non
323 1114 422 1145 laudat.
437 1114 484 1141 sed
498 1119 525 1140 et
540 1114 649 1140 invidet.
662 1113 728 1140 Sunt
741 1114 813 1140 enim
830 1113 904 1140 multi
929 1113 963 1140 ita
976 1113 1045 1140 ntale

253 1160 350 1193 affecti,
364 1165 391 1188 ιιι
407 1165 434 1188 et
444 1168 473 1188 ea
489 1168 547 1195 qua:
560 1160 627 1187 bene
637 1168 652 1186 a
667 1160 743 1187 nobis
758 1164 881 1195 aguntur,
898 1159 924 1186 in
938 1164 1044 1187 eontra-

253 1207 322 1235 rittm
338 1208 553 1242 interpretentur.
570 1205 651 1241 Cujus
665 1206 844 1241 igitttrgratia,
857 1206 909 1239 die,
922 1206 1043 1238 obsecro,

255 1260 408 1288 perversum
425 1253 474 1280 hoc
483 1252 612 1287 judicium
627 1252 691 1279 tanti
707 1251 790 1279 facis?
814 1251 960 1286 lnsopitum
973 1251 1045 1279 enim

253 1304 279 1324 et
292 1304 420 1333 perpetuo
435 1299 541 1334 vigilem
557 1298 629 1325 illum
645 1298 751 1325 oculum
768 1298 832 1324 nihil
847 1306 939 1325 eorum
956 1305 1015 1332 qua:
1029 1304 1045 1324 ξι

254 1344 331 1371 nobis
346 1344 411 1371 fiunt
423 1345 507 1372 latere
525 1348 622 1379 potest,
646 1347 674 1371 et
689 1348 794 1378 oportet
817 1343 867 1370 hoc
885 1343 1043 1378 cogitantes,

255 1393 328 1416 tanto
347 1389 435 1416 sludio
452 1389 532 1416 vitam
547 1393 665 1416 nustram
689 1389 840 1420 instituere,
853 1388 962 1422 perinde
977 1396 1008 1415 ac
1023 1388 1045 1415 si

254 1435 394 1470 paniopOst
407 1435 439 1462 de
450 1435 573 1462 omnibus
588 1434 676 1461 verbis
691 1438 717 1461 et
732 1433 856 1468 operibus
868 1438 895 1461 et
909 1434 1045 1468 cogitatio-

255 1482 332 1508 uilnts
347 1482 478 1508 rationem
495 1480 622 1508 reddituri
646 1487 775 1507 essemus.
801 1479 838 1506 Ne
860 1479 938 1514 igitur
952 1479 1045 1506 salutis

255 1532 354 1554 nostra}
367 1530 566 1560 contemptores
590 1524 683 1551 sinuts.
708 1524 778 1551 Nihil
800 1524 870 1551 cuitu
892 1524 982 1551 virtuti
999 1532 1045 1559 par

254 1578 305 1605 est,
332 1572 552 1605 cari~sime,qu:c
570 1579 618 1598 nos
636 1575 662 1598 et
684 1570 709 1596 itt
726 1569 815 1597 futuro
838 1571 935 1597 smculo
957 1579 972 1598 c
999 1578 1045 1605 ge-

256 1618 342 1644 hcutta
355 1617 444 1651 eripit,
461 1621 488 1643 ct
500 1623 582 1651 regno
604 1616 730 1642 cazlorum
747 1616 823 1642 nobis
839 1615 889 1642 frui
911 1617 1043 1648 concedit,

254 1668 281 1689 et
303 1663 328 1689 in
351 1662 476 1697 pratsenti
498 1669 604 1696 quoque
623 1661 720 1688 sacculo
743 1661 868 1688 omnibus
893 1662 1045 1696 superiores

257 1707 406 1740 constituit,
418 1707 463 1742 qui
485 1706 562 1733 nobis
579 1706 638 1734 sine
658 1713 738 1733 causa
761 1706 935 1739 insidiantur,
951 1711 978 1734 et
992 1714 1045 1733 non

256 1753 408 1781 hominibus
422 1753 518 1785 solum,
533 1751 579 1779 sed
593 1752 673 1779 etiam
687 1751 854 1779 daemonibus
861 1756 888 1779 et
901 1752 958 1787 ipso
974 1752 1045 1779 salu-

255 1799 290 1826 tis
305 1802 402 1825 nostra:
415 1798 521 1824 inimico
532 1797 637 1824 diabolo
647 1796 771 1824 fortiores
785 1798 876 1824 eiticit.
887 1797 954 1831 Quid
967 1797 1046 1832 igitur

256 1845 294 1871 illi
307 1853 353 1879 par
366 1844 455 1876 ftterit,
470 1852 528 1878 qua:
542 1851 595 1870 non
615 1843 701 1870 solum
724 1844 874 1871 hominibus
899 1844 1045 1871 insidianti-

257 1891 317 1923 bus,
333 1890 379 1917 sed
391 1894 418 1917 et
437 1889 604 1917 dwmouihus
618 1891 770 1924 superiores
786 1891 827 1917 sui
843 1890 976 1917 studiosos
991 1889 1046 1918 efli-

255 1937 310 1963 cit?
323 1935 411 1962 Virtus
425 1939 513 1962 autem
526 1940 577 1968 est,
591 1935 707 1962 humana
722 1936 811 1962 omnia
832 1935 970 1969 despicere
980 1957 988 1968 ,
1002 1935 1045 1963 fu-

254 1985 313 2008 tura
327 1981 438 2016 singulis
453 1980 527 2010 horis
550 1982 668 2016 cogitare
681 2002 690 2014 ,
704 1981 785 2008 nttllis
802 1981 981 2014 prtesontibus
1001 1982 1043 2009 in-

256 2027 331 2054 hiare
354 2035 360 2052 :
383 2026 429 2054 sed
451 2026 521 2054 scire
545 2027 634 2054 omnia
659 2027 772 2053 humana
795 2027 917 2054 umbram
935 2035 995 2056 esse
1018 2032 1045 2055 et.

255 2072 399 2104 somnium,
413 2076 438 2099 et
454 2072 475 2098 si
491 2071 553 2106 quid
570 2071 611 2098 his
626 2072 712 2099 vilius.
731 2072 820 2099 Virtus
843 2077 902 2104 est,
924 2081 986 2108 erga
1003 2081 1045 2101 nc-

252 2118 326 2152 gotia
339 2118 417 2151 hujus
431 2118 491 2144 vita:
505 2125 557 2145 non
572 2119 655 2153 magis
669 2118 748 2150 afﬁci,
764 2126 842 2153 quam
861 2119 976 2147 cadaver
989 2119 1046 2146 affi-

254 2163 335 2195 citur.
348 2163 418 2190 clad
429 2170 459 2190 ea
473 2171 533 2198 qua:
552 2164 647 2190 anima:
664 2163 776 2190 salutem
802 2164 961 2192 labefactare
982 2173 1043 2200 pos-

254 2214 328 2242 sunt,
342 2208 417 2244 quasi
433 2213 577 2241 mortuum,
592 2208 625 2235 ita
637 2209 801 2243 operationis
816 2215 952 2244 expertem
966 2219 1024 2239 esse
1034 2232 1043 2245 ,

259 2254 346 2281 vivere
359 2259 445 2281 autem
461 2258 487 2281 et
497 2254 600 2289 operari
613 2259 713 2281 tantttm
725 2255 794 2282 circa
808 2256 963 2290 spiritualia,
977 2257 1046 2285 sicut

252 2304 279 2326 et
296 2299 392 2326 Paulus
406 2299 512 2327 dicebat
527 2309 533 2326 :
556 2299 575 2325 Γ
577 2300 615 2325 itm
626 2305 718 2330 autem,
729 2301 785 2335 jam
798 2310 847 2328 non
858 2309 912 2336 ego,
928 2303 972 2329 sed
987 2303 1043 2331 vivit

250 2346 281 2374 in
294 2354 332 2373 me
346 2344 458 2373 Christus
472 2346 480 2380 (
497 2345 556 2372 Gal.
568 2345 594 2372 2.
609 2346 643 2372 20
655 2346 675 2379 ).
689 2346 814 2380 Proinde,
828 2347 1003 2382 dilectissimi,
1017 2354 1042 2377 et

257 2399 305 2419 nos
330 2396 462 2426 tamquam
489 2391 622 2418 Christum
644 2391 726 2419 induti
752 2394 840 2420 omnia
860 2393 1003 2429 faciamus,
1018 2401 1046 2424 et

250 2444 308 2465 non
320 2439 507 2466 contristemus
521 2438 648 2473 Spiritum
673 2444 804 2467 sanctum.
831 2441 941 2475 Quando
965 2442 1044 2477 igitur

251 2484 396 2512 turbamur
411 2492 425 2512 a
436 2485 663 2520 concupiscentia,
685 2486 726 2513 vel
748 2487 890 2516 affectione
909 2489 1023 2517 absurda
1034 2510 1042 2523 ,

256 2532 299 2560 vel
310 2533 357 2565 ira,
374 2533 415 2560 vel
431 2532 530 2566 furore,
547 2533 588 2560 vel
615 2534 726 2567 invidia,
744 2536 892 2570 cogitemus
913 2544 973 2564 eum
996 2538 1042 2572 qui

254 2578 282 2606 in
296 2578 372 2614 nobis
385 2578 496 2610 habitat,
512 2582 539 2605 et
550 2579 713 2613 expcllamus
726 2582 817 2615 procul
837 2573 943 2610 omnem
962 2584 1041 2611 talem

253 2623 453 2658 cogitationem.
472 2623 651 2652 Revereamur
664 2627 825 2655 eminentem
841 2628 887 2656 Dei
910 2630 1022 2664 gratiam
1033 2651 1042 2664 ,

253 2676 332 2703 quam
349 2668 424 2695 nobis
439 2668 548 2703 largitus
562 2674 612 2701 est,
623 2675 650 2698 et
664 2671 829 2700 refrenemus
844 2681 940 2702 omnes
952 2677 1042 2703 carnis

252 2714 416 2746 affectiones,
434 2719 470 2747 ut,
486 2723 546 2742 cum
566 2716 682 2752 legitime
704 2719 731 2745 in
751 2720 823 2747 brevi
842 2720 891 2748 hac
913 2726 940 2749 et
956 2722 1043 2757 fragili

285 2792 292 2809 |
306 2790 413 2828 'Coislinq
425 2800 458 2819 ex
468 2795 521 2827 igne
530 2796 729 2829 inexslinyuibili,
746 2806 797 2832 pro,
811 2807 841 2826 ex
852 2802 966 2833 gcltennw
977 2804 1032 2836 igne

1101 145 1153 171 vita
1168 146 1368 178 certaverimus,
1383 153 1497 173 coronas
1520 145 1578 173 illas
1592 146 1702 174 eximias
1717 153 1893 182 assequamur

1100 191 1125 217 iu
1140 189 1228 217 futuro
1241 190 1350 224 dieillo,
1365 191 1476 218 terribili
1491 191 1596 226 quidem
1611 192 1804 226 peccatoribus,
1819 193 1892 220 desi-

1099 235 1212 262 derahili
1223 241 1312 263 autent
1337 237 1436 264 virtute
1463 237 1572 270 indutis,
1588 242 1615 265 et
1630 245 1780 265 mereamur
1801 239 1893 266 inetia-

1100 281 1161 308 bflia
1178 281 1222 308 illa
1237 281 1322 314 bona,
1338 283 1422 316 gratia
1449 287 1475 309 et
1499 282 1659 317 benignitate
1683 283 1785 310 Domini
1808 285 1892 311 nomri

1099 327 1162 355 Jesu
1173 328 1283 360 Christi,
1299 335 1358 355 eum
1375 336 1426 363 quo
1440 329 1473 355 sit
1489 329 1557 356 Patri
1567 333 1594 356 et
1604 329 1713 364 Spiritui
1727 335 1821 357 sancto
1834 330 1894 365 glo-

1100 373 1149 405 ria,
1167 374 1317 408 itnperium,
1330 377 1510 407 honor,-nnnc
1525 380 1553 402 et
1562 383 1668 411 semper
1681 396 1689 409 ,
1710 380 1737 403 et
1752 376 1778 404 in
1793 377 1892 404 saecula

1099 420 1271 447 saeculorum.
1287 421 1383 448 Amen.

1387 475 1525 503 HOMILIA
1546 476 1591 504 IX.

1099 529 1138 558 De
1149 531 1181 558 iis
1194 539 1250 566 qua;
1267 537 1404 567 sequuntur
1422 532 1475 559 haec
1496 533 1579 566 verba,
1595 532 1735 562 Faciamus
1755 535 1891 565 hominem

1134 577 1280 605 secundum
1298 578 1439 613 imaginem
1455 583 1573 606 nostram
1591 588 1599 606 :
1613 584 1636 607 et
1650 580 1770 608 adversus
1791 590 1832 609 eos
1848 583 1893 616 qui

1133 623 1228 656 dicunt,
1247 623 1299 651 Cur
1310 624 1394 651 bestia:
1405 625 1481 659 facta:
1493 630 1562 658 sunt,
1574 630 1597 652 et
1611 626 1666 660 quis
1679 635 1739 654 usus
1758 629 1892 655 creationis

1133 671 1238 697 earum?
1250 669 1285 696 Et
1297 671 1366 705 quod
1376 671 1415 697 vel
1429 671 1467 697 sic
1478 672 1588 698 maxime
1599 673 1740 700 declaretur
1750 674 1831 701 honor
1845 675 1891 701 Ito<

1133 716 1196 742 mitti
1209 716 1318 750 habitus,
1332 721 1407 752 atque
1425 716 1560 751 inmobilis
1580 717 1630 745 Dei
1644 727 1703 755 erga
1716 720 1800 755 ipsum
1814 721 1889 748 bene-

1133 761 1250 787 volentia.

1134 818 1160 845 Ι.
1181 818 1312 854 Agricolae
1337 819 1526 853 studiosiores,
1542 827 1603 848 cum
1627 821 1722 856 pingue
1737 822 1851 851 viderint
1863 829 1895 852 eo

1098 864 1258 899 profundunt
1267 873 1371 898 arvum,
1383 866 1490 901 largiter
1498 867 1598 894 semina
1608 874 1743 904 spargunt,
1754 877 1891 905 magnam-

1098 918 1149 945 que
1162 914 1188 937 et
1200 910 1334 938 assiduam
1347 911 1509 947 diligentiam
1522 913 1689 945 adhibentes,
1707 917 1824 950 quotidie
1843 923 1891 944 ex-

1099 956 1213 990 plorant,
1230 965 1292 983 num
1308 957 1375 984 forte
1388 958 1484 985 alicubi
1496 958 1540 992 sit,
1553 959 1622 993 quod
1634 961 1715 995 segeti
1741 969 1847 995 nocere,
1862 968 1893 990 et

1098 1001 1215 1029 laborem
1235 1009 1313 1036 quem
1329 1009 1503 1038 susceperunt
1519 1004 1639 1032 inutilem
1663 1007 1747 1040 possit.
1767 1007 1886 1035 reddere.

1097 1046 1183 1074 Simili
1197 1047 1277 1074 modo
1287 1052 1314 1074 et
1329 1056 1377 1075 nos
1388 1049 1525 1083 spirituale
1539 1049 1700 1078 dcsideritttu
1716 1057 1832 1079 vestrum
1843 1074 1851 1086 ,
1863 1057 1890 1081 ct

1098 1093 1191 1128 ingens
1204 1093 1326 1121 audiendi
1337 1094 1452 1122 studium
1469 1096 1599 1130 videntes,
1614 1104 1722 1131 operam
1746 1098 1841 1126 damus
1861 1104 1889 1127 ut

1098 1140 1216 1175 quotidie
1227 1141 1373 1167 sententias
1384 1141 1511 1176 quasdam
1525 1141 1620 1170 divina:
1639 1141 1782 1178 Scriptura:
1793 1150 1889 1172 vestrm

1098 1185 1182 1212 tuenti
1203 1185 1351 1212 inseramus
1363 1207 1370 1220 ,
1385 1186 1513 1222 vobisque
1527 1188 1608 1214 etiam
1624 1188 1772 1216 indicemus
1787 1197 1818 1217 ea
1829 1197 1890 1225 qua:

1098 1230 1226 1264 spirituali
1240 1231 1334 1258 semini
1349 1232 1426 1259 noxia
1442 1239 1500 1259 esse
1513 1237 1632 1267 possunt,
1649 1241 1683 1261 ne
1697 1233 1763 1262 forte
1776 1235 1890 1263 circum-

1098 1277 1250 1309 veniamini,
1266 1285 1332 1305 neve
1347 1286 1409 1305 sana
1421 1278 1547 1307 doctrina:
1557 1280 1679 1315 dogmata
1695 1281 1889 1310 labefactentur

1099 1330 1147 1357 per
1170 1325 1344 1358 quorumdam
1369 1331 1503 1358 conatum,
1521 1327 1567 1361 qui
1588 1327 1717 1355 Ecclesia:
1731 1329 1888 1363 placitorum

1098 1368 1156 1395 loco
1170 1369 1298 1396 ratiocinii
1310 1371 1349 1397 sui
1362 1371 1484 1405 figmenta
1497 1371 1622 1401 inducere
1636 1377 1749 1401 tentant.
1766 1374 1889 1404 Vestrum

1099 1419 1187 1442 autem
1200 1415 1291 1449 fuerit,
1304 1416 1424 1451 deposita
1446 1419 1557 1453 posthac
1579 1419 1721 1455 diligenter
1740 1429 1849 1450 servare
1863 1428 1891 1450 et

1100 1461 1173 1488 firma
1200 1463 1326 1489 memoria
1351 1465 1495 1497 custodire,
1523 1471 1552 1492 ut
1573 1466 1675 1494 facilius
1699 1471 1726 1495 et
1752 1469 1890 1503 sequentia

1098 1507 1224 1541 consequi
1243 1508 1361 1543 possitis.
1388 1509 1454 1536 Nam
1483 1511 1534 1538 nisi
1558 1520 1628 1539 nunc
1654 1513 1687 1540 ad
1717 1514 1888 1548 profundiora

1099 1551 1295 1586 Scripturarum
1307 1561 1385 1581 sensa
1400 1562 1450 1582 nos
1462 1555 1691 1591 descenderimus,
1705 1563 1732 1586 et
1748 1568 1794 1587 vos
1812 1568 1885 1588 men-

1100 1602 1152 1625 tem
1163 1603 1277 1625 vestram
1286 1601 1482 1634 coaptaveritis,
1497 1603 1603 1636 quando
1613 1604 1707 1638 jejunii
1720 1609 1824 1640 tempus
1836 1611 1887 1638 est,

1098 1643 1204 1678 quando
1215 1644 1247 1671 ad
1262 1645 1405 1673 natandum
1418 1648 1535 1674 membra
1551 1654 1640 1677 nostra
1656 1651 1801 1683 snntlevia,
1815 1661 1891 1680 men-

1099 1689 1133 1716 tis
1145 1694 1233 1716 autem
1246 1691 1337 1717 ocuius
1349 1691 1462 1727 acutior,
1470 1698 1560 1728 utpote
1571 1702 1623 1722 non
1636 1696 1891 1726 turbatusdamnoso

1098 1736 1242 1770 voluptatis
1258 1737 1329 1764 fluxit
1342 1747 1349 1771 ;
1365 1739 1475 1773 spiritus
1486 1748 1602 1775 quoque,
1618 1749 1652 1770 ne
1665 1743 1809 1771 suffocatur
1819 1765 1827 1777 ,
1839 1752 1888 1772 ex-

1099 1782 1213 1816 peditior
1243 1791 1249 1809 :
1279 1784 1448 1819 quandonam
1478 1787 1619 1814 commode
1657 1789 1803 1822 poterimus
1832 1789 1889 1817 haec

1099 1828 1205 1856 facere?
1217 1837 1279 1856 nutu
1290 1830 1396 1864 quando
1407 1830 1509 1859 deliciae
1517 1852 1524 1864 ,
1547 1837 1574 1859 et
1596 1833 1712 1861 ebrietas
1723 1854 1730 1867 ,
1744 1835 1887 1867 voracitas.

1098 1875 1218 1908 crapula,
1231 1880 1257 1902 et
1270 1876 1321 1902 alia
1342 1884 1401 1911 quae
1421 1877 1483 1904 inde
1498 1884 1642 1905 nascuntur
1663 1880 1730 1906 mala
1754 1881 1890 1915 regnant?

1099 1918 1156 1946 Non
1175 1921 1278 1954 videtis,
1302 1929 1349 1949 eos
1370 1923 1414 1957 qui
1435 1923 1484 1950 hos
1497 1924 1628 1958 pretiosos
1647 1925 1749 1959 lapides
1768 1934 1800 1954 ex
1822 1927 1889 1954 mari

1098 1966 1213 1994 educere
1226 1973 1359 2001 quierunt,
1376 1977 1430 1996 non
1440 1969 1534 1997 sedere
1552 1970 1626 2005 juxta
1641 1972 1714 1999 littus
1729 1973 1826 2006 maris,
1841 1972 1890 2000 ﬂu-

1099 2017 1157 2039 ctus
1172 2018 1358 2046 numerantes;
1372 2014 1419 2042 sed
1429 2015 1454 2042 in
1465 2016 1626 2050 profundum
1645 2024 1675 2044 se
1696 2017 1846 2052 demittere,
1862 2024 1890 2046 ot

1099 2063 1127 2085 ut
1137 2059 1171 2085 ita
1184 2059 1282 2093 dicam,
1295 2061 1370 2094 quasi
1382 2061 1407 2087 in
1417 2061 1488 2095 ipsos
1496 2062 1571 2089 sinus
1582 2062 1670 2097 abyssi
1684 2063 1887 2097 descendentes,

1098 2105 1203 2139 assequi
1228 2105 1298 2139 qttod
1326 2110 1396 2133 tanta
1423 2114 1504 2141 opera
1528 2109 1690 2143 exquirunt?
1724 2110 1888 2146 Quamquam

1098 2150 1161 2184 quid
1175 2158 1277 2185 magna:
1291 2151 1411 2180 utilitatis
1425 2153 1484 2180 vita:
1499 2153 1560 2182 huic
1572 2155 1692 2183 attulerit
1704 2156 1809 2184 iilorum
1824 2158 1887 2191 lapic

1098 2195 1160 2222 dum
1173 2196 1309 2224 inventio?
1325 2197 1432 2225 Utinam
1456 2207 1519 2227 vero
1534 2208 1585 2228 non
1610 2201 1725 2236 iugentia
1739 2202 1834 2230 damna
1850 2203 1889 2230 in-

1100 2240 1208 2268 ferrent.
1225 2242 1291 2270 llinc
1303 2244 1374 2271 enim
1389 2245 1528 2273 innumera
1541 2252 1686 2274 nascuntur
1700 2241 1780 2280 mala,
1799 2255 1831 2275 ex
1846 2248 1887 2275 in-

1099 2295 1164 2314 sano
1177 2296 1272 2323 nempe
1283 2290 1401 2324 pecunia:
1412 2298 1503 2318 amore
1515 2296 1542 2319 et
1554 2299 1586 2319 ex
1599 2292 1673 2320 rabie
1682 2293 1752 2320 circa
1758 2301 1888 2328 gemmas.

1100 2335 1222 2362 Attamen
1238 2335 1301 2362 licet
1326 2342 1397 2364 tanta
1418 2337 1479 2364 inde
1494 2343 1636 2365 nascantur
1654 2339 1721 2366 mala
1734 2343 1761 2366 et
1779 2339 1886 2370 damna.

1098 2382 1171 2408 nullo
1184 2382 1264 2409 modo
1274 2390 1369 2417 segnes
1377 2388 1439 2410 sunt
1452 2384 1468 2410 ii
1479 2384 1523 2418 qtti
1532 2384 1696 2418 iilisvaeaut,
1710 2385 1756 2412 sed
1769 2385 1887 2420 pericula

1098 2428 1197 2456 adettnt
1222 2429 1392 2465 laboremque
1409 2431 1522 2458 multum
1547 2431 1706 2466 suscipiunt,
1724 2437 1754 2459 ut
1767 2433 1889 2460 invenire

1098 2476 1201 2510 possint
1217 2476 1242 2503 id
1253 2476 1323 2511 quod
1335 2482 1466 2511 quaerunt.
1480 2477 1508 2504 ln
1523 2478 1619 2505 divinis
1631 2482 1719 2506 autem
1730 2478 1886 2514 Scripturis,

1087 2517 1163 2549 etin
1177 2522 1361 2557 spiritualibus
1381 2527 1409 2550 et
1425 2523 1548 2557 pretiosis
1571 2524 1622 2551 illis
1642 2524 1786 2559 lapidibus,
1801 2533 1889 2560 neque

1098 2568 1244 2602 periculum
1260 2569 1388 2603 suspicari
1404 2569 1475 2601 licet,
1491 2577 1577 2604 neque
1586 2570 1684 2597 multus
1691 2575 1733 2597 est
1740 2570 1825 2601 labor,
1839 2570 1889 2597 sed

1097 2613 1199 2641 lucrttm
1215 2614 1358 2646 ineffabile,
1374 2615 1396 2642 si
1409 2622 1439 2642 eo
1455 2619 1557 2642 tantum
1570 2623 1630 2650 quae
1645 2619 1736 2643 nostra
1751 2620 1812 2642 sunt
1826 2623 1888 2642 eum

1097 2658 1233 2686 alacritate
1247 2659 1398 2687 aderamus.

1134 2706 1223 2733 Gratia
1234 2707 1322 2741 quaerit
1335 2715 1375 2734 eos
1387 2707 1431 2741 qui
1443 2715 1471 2734 se
1480 2707 1618 2742 suscipiant
1628 2715 1638 2739 ;
1649 2708 1728 2734 breuia
1749 2708 1889 2734 exhortatio

1097 2758 1120 2780 et
1133 2753 1299 2788 quorumdam
1319 2762 1353 2781 ea:
1368 2753 1443 2781 dictis
1459 2754 1605 2787 resumptio.
1615 2768 1649 2773 —
1660 2753 1750 2782 Gratia
1775 2759 1816 2781 est
1843 2761 1888 2788 pa-

1098 2804 1166 2833 rata,
1182 2807 1305 2835 qumrens
1318 2807 1364 2828 eos
1379 2799 1423 2835 qui
1441 2807 1470 2828 se
1491 2807 1552 2828 cum
1570 2800 1709 2828 alacritate
1730 2799 1888 2835 suscipiant.
