2066 3126
193 162 227 190 'l'l
777 161 810 189 1N
829 161 896 189 CAP
915 159 936 188 1.
957 159 1078 188 GENES.
1101 161 1213 190 ll0.\lll..
1236 162 1279 189 IX.
1798 165 1834 194 78

191 218 231 247 Ita
245 218 318 246 enim
340 225 371 247 se
394 219 474 247 habet
487 219 615 246 Dominus
632 222 724 246 noster
740 227 746 244 :
761 218 784 245 si
805 216 902 244 viderit
924 216 984 243 ani-

190 273 263 294 mam
277 266 404 301 vigilem,
422 271 450 293 et
472 265 634 293 desiderium
655 264 776 297 fervens,
791 268 818 291 et
840 264 897 298 ipse
924 269 987 290 suas

187 311 298 339 divitias
312 311 431 346 largiter,
443 311 513 337 ultra
526 311 606 337 etiam
617 317 695 345 quam
708 311 819 344 petitum
833 309 878 342 sit,
889 315 986 342 suppe-

188 357 258 385 ditat
268 365 316 393 pro
331 365 379 384 sua
391 357 595 391 magnificentia.

226 402 254 430 2.
275 402 337 430 Hice
351 402 431 437 igitur
443 409 504 429 cum
515 402 640 434 sciamus,
653 401 826 432 dilectissimi,
839 399 986 436 pnrificatis

188 448 395 482 cogitationibus
406 448 503 474 vestris
513 455 528 474 a
538 447 712 474 smcularibns
727 446 847 481 negotiis,
857 451 884 474 et
894 451 985 481 aperta

191 493 289 519 mentis
302 497 396 520 vestrm
409 492 561 524 latitudine,
585 500 679 527 magna
702 492 839 519 alacritate
855 491 984 526 suscipite

186 545 249 572 qua:
272 546 287 564 a
307 538 408 572 Spiritu
434 543 526 565 sancto
543 538 758 572 suppeditantur,
775 542 804 564 ut
823 538 892 564 sicut
914 542 984 565 terra

189 584 298 619 pinguis
317 589 344 611 et
357 583 432 611 ferax
454 584 636 619 multiplicetis
656 583 808 611 concredita
824 584 925 610 semina
936 604 943 615 ,
958 587 984 610 et

184 630 294 658 faciatis
317 630 448 664 fructum,
467 631 535 658 alius
562 630 669 665 quidem
693 630 891 660 centesimum,
915 629 984 656 alius

183 678 407 712 sexagesimum,
424 677 492 704 alius
516 677 692 712 trigesimum.
717 676 836 704 Audistis
863 676 984 710 superio-

183 723 261 750 ribus
273 723 369 750 diebus
384 722 545 750 ineffabilem
557 722 717 757 sapientiam
731 722 789 757 ejus
811 722 855 756 qui
869 721 982 748 visibilia
1004 758 1011 766 .

186 769 245 796 hare
269 770 359 796 omna
386 769 522 801 condidit,
537 773 565 795 ct
590 768 725 803 quomodo
745 768 828 796 verbo
850 767 936 794 solum
953 771 984 794 et

186 815 285 849 placito
303 816 393 842 omnia
411 815 546 849 produxit.
560 814 634 841 Dixit
645 815 732 846 enim,
749 813 828 840 Fiat:
843 818 870 840 et
882 812 982 840 factum

186 865 240 893 est.
255 861 395 895 statimque
419 861 546 896 producta
571 864 634 888 sunt
661 861 751 887 omnia
769 865 817 888 :et.
840 860 905 887 satis
932 859 982 886 fuit

187 907 296 935 verbum
309 908 342 934 ad
353 915 384 934 ea
399 915 458 942 qum
474 907 545 935 facta
557 913 619 934 sunt
633 905 836 937 constituenda;
850 913 902 933 non
913 912 981 940 quo-

185 954 257 980 niam
271 953 430 988 simpiiciter
443 958 501 980 erat
516 953 626 980 verbum
638 974 646 986 ,
662 952 710 980 sed
724 952 786 987 quia
798 952 908 979 verbum
923 951 980 978 Dei.

185 999 344 1025 Meministis
359 1006 451 1026 eorum
465 1006 524 1034 qua:
535 1003 600 1026 tunc
612 1006 627 1024 a
642 998 719 1025 nobis
729 997 905 1025 movebantur
917 1004 981 1024 con-

183 1050 223 1071 tra
238 1052 285 1071 eos
305 1044 350 1079 qui
362 1052 395 1072 ex
420 1044 539 1080 subiecta
554 1044 663 1072 materia
678 1052 721 1071 res
736 1043 819 1071 factas
840 1050 901 1070 esse
916 1050 981 1070 con—

178 1090 306 1122 tendunt,
321 1094 349 1117 et
372 1090 399 1116 in
420 1090 601 1118 ecclesiastica
626 1089 692 1117 scita
709 1089 794 1117 etiam
818 1096 865 1115 sua
886 1087 980 1115 deliria

183 1136 282 1163 inferre
301 1144 354 1162 non
375 1140 512 1164 verentur.
528 1136 662 1164 Didieistis
681 1136 759 1170 cujus
778 1136 863 1171 gratia
885 1135 979 1162 crelum

181 1184 290 1218 quidem
306 1183 463 1218 perfectum,
477 1188 574 1211 terram
588 1187 676 1211 autem
688 1182 828 1210 informem
844 1181 978 1217 produxe-

180 1230 227 1256 rit.
244 1229 315 1256 Duas
341 1229 411 1256 enim
435 1234 497 1256 tunc
520 1236 615 1256 causas
630 1228 764 1256 diximus:
778 1235 878 1261 unam,
894 1232 924 1255 ut
951 1227 978 1254 in

181 1275 317 1302 elemento
329 1275 507 1309 prmstantiori
520 1275 665 1310 potentiam
677 1274 779 1302 Domini
793 1278 977 1308 agnoscentes,

179 1327 235 1346 non
250 1321 320 1347 ultra
342 1320 538 1355 ambigeremus
560 1324 702 1347 censentes
723 1324 831 1355 propter
845 1319 978 1353 impoten-

176 1367 246 1394 tiam
263 1367 328 1394 illud
343 1367 440 1393 factum
452 1374 512 1394 esse
525 1375 532 1393 :
549 1367 671 1400 alteram,
685 1367 746 1402 quia
761 1370 832 1393 terra
846 1370 932 1392 mater
951 1368 979 1392 et

176 1413 272 1440 nutrix
287 1417 377 1440 nostra
393 1412 463 1440 facta
475 1417 516 1440 est
527 1434 534 1445 ,
551 1417 577 1440 et
592 1420 625 1440 ex
637 1413 693 1447 ipsa
709 1412 853 1447 pascimur,
865 1411 978 1446 aliisque

174 1459 307 1486 omnibus
329 1458 441 1486 fruimur
455 1458 474 1491 ί,
488 1463 518 1486 et
532 1458 565 1485 ad
581 1458 665 1493 ipsam
680 1457 799 1485 redimus
811 1467 817 1483 :
835 1457 891 1491 ipsa
905 1456 976 1483 enim

179 1505 259 1532 nobis
272 1509 313 1532 est
328 1509 353 1532 et
367 1505 463 1540 patria,
477 1509 505 1532 et
523 1505 676 1540 sepulcrum
692 1513 698 1531 :
717 1508 744 1532 et
765 1511 799 1531 ne
813 1504 874 1538 quis
895 1503 976 1538 igitur

178 1551 216 1577 ob
236 1550 378 1578 utilitatem
399 1555 426 1577 et
444 1550 631 1578 necessitatem
646 1550 716 1577 illius
730 1549 818 1584 majus
830 1548 929 1583 aliquid
942 1548 977 1576 de

175 1596 240 1630 ipsa
261 1596 369 1628 sentiat,
385 1596 503 1623 ostendit
516 1596 600 1631 ipsam
615 1596 648 1623 ab
660 1595 738 1622 initio
754 1595 896 1622 informem
909 1601 974 1621 con-

179 1643 265 1669 ditam
279 1651 286 1669 :
300 1647 329 1669 ut
350 1642 505 1669 erudiamnr
520 1650 568 1676 per
580 1649 624 1668 res
635 1641 722 1676 ipsas,
736 1640 862 1675 praedicta
886 1640 975 1667 omnia

180 1696 235 1714 non
250 1692 352 1714 natura:
367 1688 470 1714 telluris
484 1687 660 1714 adscribenda
671 1707 678 1720 ,
695 1686 742 1713 sed
753 1685 906 1713 Conditoris
922 1686 976 1712 vir-

183 1735 242 1761 tuti.
260 1733 393 1761 l)id.cistis
408 1734 481 1766 item,
492 1733 624 1768 quomodo
635 1739 762 1767 aquarum
778 1731 974 1766 separationem

176 1780 286 1813 'fecerit,
302 1780 432 1814 producto
442 1787 488 1814 per
499 1779 648 1814 jussionem
663 1785 738 1805 suam
753 1777 850 1804 visibili
863 1777 914 1804 hoc
927 1776 974 1803 fir-

181 1832 338 1858 mamento;
353 1826 457 1853 vidistis
471 1826 595 1853 animalia
609 1825 740 1858 viventia,
760 1829 787 1852 et
797 1833 828 1852 ex
847 1829 932 1856 terra,
948 1828 975 1851 et

180 1881 213 1900 ex
230 1880 297 1907 aqua
311 1873 393 1900 edita.
411 1872 474 1899 Haec
484 1879 536 1899 non
549 1872 648 1906 absque
658 1878 737 1898 causa
750 1875 778 1897 et
791 1875 893 1898 temere
904 1877 975 1896 nunc

179 1917 286 1944 caritati
300 1921 396 1944 vestra:
416 1924 497 1952 cogor
509 1923 631 1951 repetere
647 1925 654 1943 :
671 1916 765 1951 partim
781 1920 809 1942 ut
821 1915 973 1942 auditorum

180 1963 278 1990 animis
301 1963 358 1990 haec
379 1964 463 1997 magis
489 1962 629 1995 insideant,
642 1962 737 1997 partim
760 1967 789 1989 ut
807 1962 839 1989 iis
851 1962 894 1996 qui
911 1966 974 1988 tunc

178 2016 235 2036 non
271 2009 380 2036 adfuere
413 2009 508 2035 idonea
545 2008 666 2036 doctrinm
695 2008 832 2040 tradatur,
854 2007 974 2041 nihilque

179 2054 270 2081 damni
288 2055 407 2082 absentia
431 2062 477 2082 sua
501 2055 629 2082 attulerit.
655 2054 721 2087 Quia
746 2054 876 2089 benignus
898 2057 974 2088 pater

178 2099 262 2126 etiam
282 2100 438 2127 absentibus
454 2100 515 2127 filiis
529 2100 654 2135 reliquias
676 2107 776 2126 mensa:
796 2103 930 2129 reservat.
943 2103 974 2125 ut

180 2153 241 2172 cum
255 2145 423 2178 advenerim,
439 2154 470 2173 ex
485 2151 591 2173 servato
604 2146 712 2173 residuo
734 2153 809 2173 suam
824 2145 973 2173 absentiam

178 2191 365 2218 consolentur.
380 2191 456 2218 Unde
472 2197 499 2218 et
514 2199 563 2218 nos
575 2192 693 2219 onmium
709 2191 754 2226 qui
771 2192 822 2218 huc
836 2191 973 2218 confluunt

178 2244 234 2264 non
250 2238 380 2265 minorem
399 2246 477 2273 quam
497 2239 677 2266 membrorum
702 2242 856 2265 nostrorum
881 2245 971 2265 curam

179 2288 315 2318 gerentes,
324 2289 351 2311 et
367 2284 513 2319 profectum
527 2289 644 2311 vestrum
656 2288 774 2311 nostram
790 2283 973 2311 existimantes

179 2329 306 2363 gloriam,
319 2331 441 2364 cupimus
453 2338 546 2357 omnes
572 2330 704 2365 perfectos
726 2335 753 2357 et
774 2334 973 2357 consummatos

180 2376 239 2403 fieri
255 2377 281 2403 in
296 2377 408 2411 gloriam
420 2377 476 2410 Dei,
492 2381 519 2404 et
534 2377 638 2404 laudent
655 2377 797 2408 Ecclesim,
813 2381 841 2404 et
854 2382 972 2403 nostram

179 2422 378 2456 gloriationem.
393 2422 433 2450 Ac
455 2423 503 2449 nisi
523 2422 664 2450 molestum
684 2427 726 2450 est
738 2443 745 2454 ,
761 2422 853 2457 paucis
870 2423 972 2449 caritati

179 2472 277 2494 vestra:
290 2467 414 2495 hesterna
425 2468 504 2495 etiam
519 2468 588 2495 dicta
600 2468 626 2495 in
638 2468 792 2495 memoriam
804 2475 970 2495 revocemus.

181 2512 293 2540 \‘idistis
318 2518 417 2548 quanta
441 2513 596 2541 diversitate
612 2515 692 2540 homo
713 2518 741 2541 et
762 2518 892 2540 creaturae
914 2513 972 2540 alia:

180 2558 281 2585 conditi
300 2563 364 2585 sunt
381 2567 387 2586 :
402 2559 514 2586 audistis
526 2565 625 2594 quanto
639 2559 741 2586 honore
763 2560 909 2594 principem
925 2566 974 2586 no-

181 2605 228 2630 stri
244 2605 350 2638 generis
365 2604 489 2640 dignatus
508 2606 558 2636 sit,
571 2610 598 2631 et
613 2606 638 2632 in
659 2605 819 2633 formatione
835 2606 891 2640 ipsa
911 2613 974 2640 quo-

181 2650 262 2677 tnndo
286 2658 333 2684 per
347 2650 427 2677 verba
443 2650 643 2685 dictionumque
660 2651 865 2679 crassitudinem
881 2651 972 2678 decla-

182 2696 246 2722 tarit
260 2695 391 2722 honorem
407 2695 546 2722 formando
560 2697 741 2729 tribuendum,
752 2697 843 2724 dicens
856 2706 862 2724 :
878 2696 972 2723 Facia-

181 2749 235 2767 mus
247 2741 372 2768 hominem
382 2741 519 2768 secundant
529 2741 662 2777 imaginem
672 2747 795 2775 nostram,
805 2747 826 2769 et
837 2743 973 2769 secttndum

182 2786 385 2812 similitudinem.
404 2786 556 2818 Didicistis,
576 2786 638 2821 quid
660 2789 696 2814 sit
716 2787 861 2815 Secundum
880 2788 972 2823 imagi-

211 2887 223 2902 ⁸
240 2885 345 2916 ευὶςιίηη
357 2886 513 2918 militibusque
530 2887 596 2912 bonis
604 2885 716 2919 (mimo.

1044 226 1110 249 nem,
1123 226 1219 254 nempe
1233 219 1302 253 quod
1322 226 1375 246 non
1402 221 1436 246 sit
1457 221 1614 248 substantiae
1635 220 1765 256 dignitas,
1781 225 1831 250 sed

1039 263 1150 291 dominii
1165 264 1320 295 similitudo,
1335 269 1362 292 et
1375 265 1446 300 quod
1462 274 1513 292 non
1525 268 1670 294 secundum
1687 269 1826 304 imaginem

1039 308 1143 342 format,
1153 310 1199 337 sed
1213 310 1358 337 secundum
1374 311 1504 338 rationem
1516 311 1625 339 dominii
1639 313 1735 341 dixerit
1747 323 1752 340 :
1770 315 1830 342 ideo

1039 360 1065 381 et
1083 355 1200 382 subdidit
1216 365 1223 382 :
1239 355 1273 382 Et
1290 356 1450 384 dominentur
1465 358 1573 391 piscibus
1592 359 1686 390 maris,
1698 366 1721 387 et
1740 362 1829 388 volati-

1037 400 1103 427 libus
1118 401 1186 433 cwli,
1203 406 1224 428 et
1238 401 1322 429 bestiis
1338 407 1361 429 et
1375 403 1506 438 rrptilibua
1520 409 1603 431 term.

1072 447 1100 474 3.
1122 445 1234 482 Objeclio
1247 448 1378 482 gentilium
1400 449 1513 476 solvitur.
1527 449 1674 478 —Verum
1695 451 1739 478 hic
1761 460 1828 487 gen-

1038 493 1098 520 tiles
1113 493 1138 519 in
1153 501 1201 520 nos
1214 494 1364 529 insurgunt,
1379 499 1406 522 ct
1415 495 1507 522 dicttnt
1521 505 1528 522 :
1543 495 1716 531 Compertum
1729 499 1830 526 esthoc

1038 546 1091 565 non
1105 546 1165 566 esse
1176 547 1269 566 verum
1286 549 1292 565 :
1309 548 1361 567 non
1375 541 1447 568 enim
1462 541 1631 569 dominamur
1646 543 1720 575 feris,
1735 551 1829 578 quem—

1035 584 1178 611 admodum
1193 585 1326 620 pollicitus
1341 591 1394 618 est,
1411 586 1457 614 sed
1477 587 1540 622 ipsa:
1563 588 1642 615 nobis
1660 589 1757 623 potitus.
1774 589 1830 616 IlItO

1036 638 1089 657 non
1103 638 1197 657 verum
1208 635 1250 658 est
1263 632 1333 666 quod
1352 633 1378 659 lii
1396 633 1535 667 objiciunt.
1549 634 1615 661 Nam
1632 642 1695 661 mox
1709 641 1737 662 nt
1749 643 1829 670 appa-

1035 677 1118 702 ruerit
1132 676 1222 709 homo,
1240 677 1301 704 fera:
1322 678 1410 712 fugauit
1431 680 1538 706 faciunt.
1556 679 1631 714 Quod
1651 681 1673 708 si
1686 681 1828 716 aliquando

1035 723 1077 749 vel
1093 722 1162 750 fame
1178 727 1298 758 urgente,
1313 724 1354 751 vel
1366 725 1443 752 nobis
1457 725 1515 753 illas
1528 726 1732 760 lacossentibus,
1746 727 1778 753 ab
1787 728 1827 754 eis

1032 768 1160 795 damnum
1171 769 1343 802 accipiamus,
1356 770 1405 797 hoc
1419 778 1472 798 non
1486 771 1514 798 lit
1528 771 1588 798 ideo
1599 772 1669 806 quod
1680 772 1732 799 illis
1743 773 1769 800 in
1779 781 1828 800 nos

1033 813 1228 848 sitimperium,
1244 815 1291 842 sed
1306 815 1340 842 ob
1360 816 1465 850 culpam
1481 822 1610 844 nostram.
1627 817 1692 844 Nam
1707 826 1768 845 cum
1789 819 1828 846 la-

1034 863 1125 886 trones
1138 867 1187 886 nos
1204 860 1331 888 invadunt
1341 882 1348 892 .
1362 861 1385 888 si
1399 869 1451 888 non
1465 863 1641 898 negligamus,
1655 864 1702 891 scd
1718 864 1744 890 in
1766 865 1825 892 illos

1033 912 1106 932 arma
1122 906 1310 938 sumamus,rid
1329 914 1381 934 non
1398 907 1458 934 ideo
1473 908 1520 941 fit,
1540 908 1611 943 quod
1633 909 1774 943 imperium
1798 910 1825 936 in

1033 957 1081 977 nos
1093 951 1241 984 obtineant,
1255 951 1302 979 sed
1316 952 1386 987 quod
1407 957 1506 981 nostrae
1524 954 1604 981 saluti
1618 955 1823 989 prospiciamus.

1032 996 1179 1024 Audiamus
1192 1002 1280 1024 autem
1304 998 1410 1025 interim
1433 1007 1493 1034 qua:
1515 999 1571 1026 sint
1591 999 1671 1027 dicta.
1686 998 1824 1027 Faciamus

1032 1042 1158 1068 hominem
1184 1043 1321 1070 secundum
1341 1043 1476 1078 imaginem
1496 1049 1623 1078 nostram,
1639 1050 1662 1072 et
1686 1046 1824 1072 secundant

1031 1088 1231 1115 similitudinem.
1248 1088 1322 1116 Sicut
1336 1089 1478 1125 Imaginem
1492 1090 1559 1117 dixit
1573 1091 1608 1118 ob
1622 1091 1727 1126 imperii
1744 1092 1824 1119 ratio.

1031 1141 1092 1161 nem
1104 1155 1112 1164 .
1131 1135 1166 1161 ita
1189 1139 1216 1162 et
1238 1135 1445 1168 Similitudinem,
1461 1142 1489 1163 ut
1509 1144 1558 1171 pro
1579 1137 1680 1164 viribus
1700 1137 1824 1165 immanis

1030 1180 1133 1207 similes
1147 1180 1242 1208 ﬁamus
1256 1181 1322 1213 Deo,
1339 1183 1553 1216 mansuetudine,
1570 1184 1688 1218 inquam,
1703 1184 1821 1216 leuitate,

1029 1230 1058 1253 et
1080 1226 1187 1253 virtutis
1214 1227 1319 1254 ratione
1347 1227 1402 1254 Deo
1428 1228 1530 1255 similes
1556 1228 1720 1260 efficiamur;
1742 1233 1773 1255 ut
1797 1235 1825 1256 et

1030 1272 1151 1299 Christus
1163 1271 1228 1299 dicit
1242 1281 1249 1299 :
1265 1272 1368 1299 Similes
1381 1277 1458 1299 estote
1479 1272 1554 1300 Patri
1577 1279 1668 1305 vestro,
1681 1274 1724 1309 qui
1741 1279 1778 1301 at
1796 1274 1823 1301 in

1027 1317 1098 1344 cwlis
1110 1317 1218 1352 (Matth.
1231 1318 1257 1345 5.
1269 1317 1326 1354 45).
1336 1317 1401 1345 Nam
1414 1318 1638 1353 quemadmodum
1650 1320 1675 1346 in
1688 1324 1758 1347 terra
1773 1319 1822 1347 hac

1029 1363 1146 1398 spatiosa
1161 1369 1189 1391 et
1201 1364 1254 1391 lata
1274 1364 1452 1392 animantium
1476 1365 1526 1392 alia
1547 1365 1729 1392 mansuetiora
1744 1370 1821 1396 sunt,

1027 1410 1080 1437 alia
1094 1409 1235 1443 ferociora,
1253 1410 1288 1437 ita
1303 1410 1328 1437 in
1343 1410 1484 1438 latitudine
1498 1412 1596 1438 anima:
1610 1416 1707 1438 nostrae
1721 1411 1822 1446 cogita-

1031 1455 1133 1483 tionum
1153 1455 1213 1483 alia:
1236 1461 1299 1483 sunt
1323 1456 1559 1484 irrationabiliores
1581 1462 1607 1484 et
1631 1457 1664 1484 ad
1691 1457 1822 1491 pecudum

1029 1510 1132 1530 morem
1154 1502 1324 1535 accedentes,
1345 1504 1404 1530 alim
1429 1503 1574 1531 ferociores
1598 1508 1626 1531 et
1649 1503 1820 1539 agrestiorcs.

1031 1549 1176 1576 Domanda:
1188 1549 1270 1584 igitur
1283 1549 1335 1577 illm
1356 1554 1426 1581 sunt,
1442 1554 1469 1577 et
1483 1549 1594 1576 rationis
1616 1550 1729 1584 imperio
1753 1550 1823 1577 subi-

1029 1595 1132 1630 gendm.
1147 1595 1179 1622 Et
1206 1595 1340 1630 quomodo
1364 1595 1424 1629 quis
1447 1595 1636 1629 cogitationem
1661 1595 1819 1622 ferociorem

1028 1641 1202 1677 compescat?
1212 1642 1280 1675 Quid
1293 1641 1371 1673 dicis,
1384 1642 1488 1668 homo?
1503 1642 1606 1668 Leones
1619 1649 1785 1676 superamus,
1794 1647 1821 1668 et

1027 1689 1133 1716 animos
1145 1696 1240 1716 eorum
1259 1693 1413 1715 mansuetos
1428 1687 1554 1714 facimus:
1571 1692 1598 1715 et
1618 1687 1739 1720 dubitas,
1756 1694 1819 1715 nunt

1027 1735 1109 1762 animi
1119 1735 1246 1763 ferociam
1258 1735 1284 1762 in
1298 1734 1528 1762 mansuetudinem
1543 1738 1646 1761 mutare
1658 1733 1760 1768 possis?
1769 1734 1818 1759 At-

1027 1782 1073 1816 qui
1097 1785 1190 1808 uatura
1212 1780 1304 1808 bestia:
1327 1781 1429 1808 feroces
1442 1785 1521 1812 sunt,
1535 1786 1562 1807 et
1582 1784 1679 1814 prieter
1697 1784 1818 1806 naturain

1027 1832 1175 1855 mansuetze
1189 1835 1195 1854 :
1212 1832 1305 1855 contra
1321 1832 1348 1854 tu
1364 1832 1457 1854 natura
1476 1827 1565 1859 milis,
1582 1831 1678 1861 printer
1695 1831 1816 1853 naturain

1026 1878 1115 1900 autem
1133 1873 1217 1900 ferox.
1234 1874 1275 1899 An
1295 1877 1338 1905 tu,
1353 1873 1398 1907 qui
1418 1872 1510 1900 bestiis
1528 1872 1553 1898 id
1574 1871 1644 1907 quod
1668 1876 1761 1898 natura
1777 1871 1817 1898 eis

1028 1919 1097 1946 inest
1112 1919 1228 1950 auferre.
1243 1924 1270 1946 et
1285 1919 1354 1953 quod
1366 1926 1460 1946 eorum
1474 1923 1574 1945 natura:
1587 1919 1727 1945 adversum
1744 1918 1817 1944 insc-

1026 1972 1086 1992 rere
1098 1969 1183 1999 potes,
1199 1964 1225 1991 id
1241 1963 1310 1999 quod
1325 1969 1417 1991 natura
1437 1964 1483 1991 tibi
1498 1964 1619 1998 prie-stitit
1633 1984 1639 1996 ,
1656 1971 1817 1990 conservare

1026 2019 1079 2037 non
1100 2010 1196 2045 potes?
1210 2009 1244 2036 Et
1264 2014 1389 2044 quantam
1414 2009 1465 2036 hoc
1488 2009 1737 2037 condenmationem
1764 2016 1817 2035 non

1027 2056 1180 2083 mercatur?
1193 2055 1251 2082 iam
1265 2055 1336 2090 quod
1352 2055 1393 2082 his
1406 2055 1591 2082 admirabilius
1603 2061 1645 2081 est
1659 2060 1683 2081 et
1701 2054 1817 2082 insolen-

1026 2102 1089 2134 tius,
1106 2102 1213 2129 leonum
1228 2107 1329 2128 natura:
1340 2105 1366 2127 et
1376 2101 1426 2127 alia
1439 2100 1558 2135 qumdam
1569 2100 1713 2127 difficultas
1727 2101 1795 2127 inest
1809 2109 1815 2126 ε

1025 2148 1137 2175 rationis
1151 2148 1221 2175 enim
1235 2146 1376 2182 participes
1387 2154 1440 2173 non
1451 2151 1527 2178 sunt,
1544 2150 1572 2172 et
1594 2146 1766 2173 nihilominus
1779 2146 1818 2172 vi-

1026 2195 1119 2222 demus
1130 2201 1202 2229 saepe
1211 2194 1272 2221 duci
1283 2201 1329 2220 eos
1340 2198 1494 2220 mansuetos
1509 2200 1556 2228 per
1570 2192 1654 2219 forum
1666 2200 1672 2224 ;
1689 2192 1819 2226 multique

1026 2249 1058 2269 ex
1073 2241 1188 2269 officinis
1203 2248 1336 2271 nummos,
1347 2245 1375 2267 ut
1387 2239 1538 2267 mercedem
1550 2239 1615 2266 artis
1629 2244 1656 2266 et
1669 2239 1684 2265 ἰι
1696 2239 1817 2269 dustriu-,

1026 2288 1140 2323 cuipiam
1152 2291 1302 2319 numerant,
1313 2285 1384 2321 quod
1393 2286 1475 2312 feram
1487 2283 1689 2312 mansuefecerit
1704 2284 1817 2311 :anima:

1026 2340 1090 2360 vero
1103 2337 1154 2360 tum
1167 2333 1235 2359 ratio
1249 2339 1376 2359 concessa
1391 2337 1442 2363 εει,
1457 2336 1484 2358 et
1498 2330 1544 2357 Dei
1557 2330 1647 2362 timor,
1660 2335 1687 2357 et
1702 2330 1818 2364 undique

1027 2379 1186 2406 adminicula
1203 2387 1208 2404 :
1223 2386 1257 2405 ne
1277 2378 1357 2412 igitur
1372 2381 1521 2412 prmtextus
1535 2381 1562 2403 et
1574 2377 1700 2403 obtentus
1710 2375 1816 2402 afferas.

1028 2425 1107 2452 Potes
1122 2424 1209 2456 enim,
1224 2424 1246 2450 si
1260 2424 1309 2455 vis,
1327 2427 1482 2451 mansuetus
1500 2429 1561 2449 esse
1573 2442 1579 2452 ,
1597 2426 1623 2448 et
1636 2420 1776 2456 placidus,
1790 2425 1818 2447 et

1026 2477 1128 2504 arqnus.
1141 2468 1293 2502 Faciamus,
1306 2469 1408 2504 inquit,
1424 2467 1550 2494 hominem
1569 2466 1705 2494 secundant
1723 2466 1816 2501 imagi-

1026 2525 1082 2543 nem
1095 2521 1221 2548 nostram,
1237 2521 1258 2542 et
1273 2515 1409 2542 secundum
1424 2514 1623 2541 similitudinem.

1062 2562 1088 2588 4.
1110 2561 1161 2588 Cur
1178 2563 1240 2596 ferte
1267 2569 1316 2587 non
1343 2561 1392 2587 sint
1417 2559 1512 2586 homini
1534 2557 1761 2585 subdita—Sed
1783 2557 1818 2585 ad

1026 2607 1189 2642 propositam
1200 2606 1373 2641 quaestionem
1388 2605 1482 2632 iterum
1497 2604 1646 2631 redeamus.
1663 2602 1818 2631 Ostenditur

1026 2653 1097 2680 enim
1109 2660 1141 2679 ex
1155 2652 1187 2679 iis
1200 2660 1259 2687 qua;
1273 2651 1344 2678 dicta
1358 2655 1430 2682 sunt,
1446 2650 1580 2677 hominem
1606 2649 1641 2676 ab
1664 2649 1740 2676 initio
1762 2649 1817 2683 ple-

1026 2707 1089 2726 num
1100 2704 1126 2726 et
1135 2699 1280 2733 perfectum
1295 2704 1373 2731 super
1383 2696 1483 2724 bestias
1495 2695 1669 2730 principatum
1679 2694 1815 2722 habuisse.

1028 2744 1193 2772 Dominentur
1215 2743 1303 2774 enim,
1316 2743 1370 2775 ait,
1392 2742 1499 2777 piscibus
1521 2742 1615 2772 maris.
1630 2746 1652 2769 et
1675 2741 1817 2768 volatilibus

1025 2791 1091 2822 caeli,
1105 2796 1128 2817 et
1143 2790 1202 2826 feris
1217 2794 1240 2816 et
1253 2788 1384 2824 reptilibus
1397 2793 1479 2814 term.
1492 2787 1568 2820 Quod
1582 2792 1669 2814 autem
1682 2794 1750 2814 nunc
1763 2791 1814 2812 ter-

1026 2837 1081 2865 rori
1094 2836 1172 2863 nobis
1186 2835 1241 2862 sint
1252 2834 1354 2865 bestim,
1369 2838 1397 2861 et
1409 2833 1560 2865 timeamus,
1572 2838 1598 2860 et
1613 2832 1731 2859 dominio
1744 2833 1817 2858 exi-i—

1027 2883 1260 2918 derimus,neque
1285 2882 1342 2917 ipse
1369 2887 1454 2916 nego;
1472 2887 1562 2907 verum
1586 2878 1635 2906 hoc
1657 2886 1709 2905 non
1732 2878 1818 2912 arguit
