2066 3126
246 134 275 161 79
593 132 621 160 S.
642 131 781 160 JOANNIS
794 131 1027 161 CHRYSOSTOMI
1046 131 1205 161 ARCHIEP.
1226 133 1490 162 CONSTANTINOP.
1841 135 1875 164 80

245 191 336 216 t‘ulsam
355 188 400 216 Dei
416 188 631 223 promissionem.
648 190 713 218 Nam
729 190 763 218 ab
776 190 853 217 initio
868 197 912 217 res
926 198 978 218 non
999 190 1034 218 ita

243 245 272 263 se
286 235 437 267 habebant,
452 236 498 262 sed
516 237 645 264 timebant
670 243 697 265 et
718 238 870 266 tremebant
886 238 977 266 bestia:
989 259 996 271 ,
1008 243 1036 266 ct

244 281 442 309 venerabamur
462 281 610 309 dominum.
628 283 676 310 libi
692 288 780 312 autem
803 292 835 312 ex
854 284 1034 312 inobcdienlia

243 326 366 354 tiduciam
390 328 460 362 apud
485 327 568 355 Deum
592 329 750 363 amisimus,
766 331 846 357 etiam
872 330 1035 365 principatus

243 378 335 400 uoster
348 374 485 402 mutilatas
499 379 550 402 est.
567 375 692 409 Subiecta
707 376 778 403 enim
795 376 895 404 homini
910 377 1033 403 attimalia

243 420 332 446 omnia
346 419 426 447 fuisse
438 419 528 454 accipe
543 428 575 447 ex
587 419 735 455 Scriptum,
749 428 808 455 qua:
819 421 884 449 dicit
894 442 901 454 ,
918 422 1033 448 Adduxit

246 464 313 492 Deus
327 465 416 493 bestias
425 486 434 499 ,
450 471 473 494 el
484 467 568 494 omnia
588 467 662 494 bruta
673 467 708 494 ad
721 468 813 501 Adam,
829 474 855 495 ut
869 469 962 496 videret
974 469 1035 504 quid

245 515 344 538 uncam
353 519 382 537 ea
397 511 473 547 (Gen.
485 511 512 538 2.
531 512 585 547 19).
603 513 714 540 Etcum
732 514 835 541 videret
851 514 925 549 juxta
939 522 968 542 se
987 515 1033 541 bc-

245 556 327 588 stias,
351 564 403 583 non
432 558 544 591 resiliit;
569 559 615 586 sed
640 564 773 594 tamquatn
794 560 917 587 dominus
939 561 1034 596 aliquis

247 603 332 630 servis
346 604 459 632 subditis
470 605 578 633 nomina
592 605 717 641 imposuit
731 616 738 633 :
754 606 786 633 Et
799 614 872 634 omne
885 608 952 642 quod
962 615 1034 634 rom-

243 650 277 676 t'it
293 649 386 682 Adam,
403 651 502 686 inquit,
519 652 566 678 hoc
592 660 682 679 nomen
708 657 745 679 est
770 653 808 679 illi
826 673 832 680 .
849 652 919 688 quod
945 653 1034 688 utique

241 695 355 722 dominii
372 696 486 731 signum.
503 697 565 725 Ideo
588 697 658 725 Deus
671 702 700 725 ut
714 698 824 726 doceret
838 698 924 734 ipsum
940 704 1034 733 poten-

242 741 285 768 tia:
295 748 352 769 sua:
362 742 531 777 dignitatem,
543 744 681 771 nominum
708 745 906 779 impositioucm
922 745 960 772 illi
975 753 1034 780 per-

242 786 325 814 misit.
344 788 430 822 Atque
451 788 508 815 haec
535 788 642 823 quidem
665 790 731 817 satis
753 789 880 823 indicant,
895 790 929 817 ab
958 791 1034 817 initio

243 833 313 860 feras
328 832 428 861 homini
443 834 576 862 terribiles
590 843 643 862 non
666 835 756 864 fuisse.
783 835 830 863 Est
849 840 938 864 tamen
962 836 1033 864 aliud

243 879 369 913 quiddam
385 887 438 908 non
454 881 557 913 minus,
572 882 626 909 imo
646 886 673 909 ct
695 882 746 910 hoc
765 887 924 917 argumento
948 883 1034 910 mani-

244 924 347 952 festius.
367 925 400 952 Et
414 926 547 960 quodnam
562 926 630 954 hoc?
643 926 811 963 Colloquium
828 929 960 963 serpentis
972 936 1033 956 cum

243 970 366 998 muliere.
383 971 448 999 Nam
465 973 486 999 si
514 973 646 1000 terribiles
667 973 782 1001 fuissent
804 974 905 1001 homini
930 974 1031 1007 bestiae,

244 1017 340 1044 mulier
349 1023 473 1052 serpente
487 1024 631 1054 conspecto
642 1027 696 1047 non
706 1021 859 1054 mansisset,
874 1028 960 1056 neque
970 1029 1034 1049 con-

243 1063 333 1090 silium
358 1064 518 1099 accepisset,
542 1073 629 1100 neqtte
651 1073 712 1093 cum
737 1071 808 1094 tanta
829 1067 973 1095 securitate
996 1067 1034 1094 illi

242 1108 351 1147 ioquuta
367 1108 461 1137 fuisset
471 1130 478 1142 ,
489 1110 536 1138 sed
549 1111 639 1138 statim
653 1111 687 1138 ad
702 1116 840 1146 aspectum
855 1112 925 1139 illius
939 1113 1033 1140 obstu-

242 1154 348 1188 pefacm
375 1155 544 1190 profugisset.
562 1156 659 1184 Verum
686 1165 756 1185 nunc
781 1157 957 1193 colloquitur,
985 1165 1035 1186 nec

244 1200 338 1227 metuit
354 1209 361 1227 :
377 1201 492 1228 nondmn
507 1202 579 1229 enim
594 1206 652 1229 erat
673 1202 753 1230 timor
765 1202 819 1230 ille.
838 1202 968 1230 Ceterum
989 1203 1034 1231 ubi

243 1249 381 1280 peccatum
398 1246 515 1280 intravit,
533 1247 620 1274 ablata
639 1252 681 1275 est
700 1247 757 1275 hrcc
776 1248 889 1284 dignitas
912 1253 940 1276 et
960 1254 1034 1284 pote-

243 1297 309 1319 stas.
325 1293 357 1320 Et
378 1294 600 1328 quemadmodum
626 1295 694 1322 inter
709 1302 802 1323 servos
823 1295 880 1323 fieri
904 1296 989 1328 solet,
1005 1300 1034 1323 ut

242 1337 411 1372 probatiores
425 1344 452 1366 et
463 1339 631 1368 honestiores
643 1341 781 1368 conservis
791 1341 886 1368 terrori
903 1341 971 1374 sint;
988 1342 1034 1376 qui

243 1388 333 1410 autem
354 1384 532 1419 deliquerunt,
545 1390 572 1413 et
586 1393 731 1414 conservos
752 1387 880 1414 timeant:
897 1387 935 1414 sic
958 1392 986 1414 et
1006 1388 1033 1414 in

245 1429 353 1457 homine
368 1429 464 1457 factum
476 1435 526 1458 est.
547 1431 613 1459 Nam
627 1432 700 1459 salva
716 1437 840 1460 manente
854 1433 923 1460 illius
938 1433 1033 1460 ﬁducia

243 1474 312 1508 apud
328 1475 412 1503 Deum
423 1496 430 1507 ,
447 1477 572 1504 terribilis
583 1483 641 1504 erat
654 1481 681 1504 et
693 1477 787 1505 bestiis
800 1487 806 1504 :
821 1477 865 1506 ubi
879 1483 968 1506 autem
982 1478 1033 1505 iln~

244 1520 330 1554 pcgit,
356 1521 450 1548 timere
471 1522 551 1556 cmpit
575 1522 654 1549 etiam
676 1530 865 1551 conservorum
887 1528 1032 1551 extremos.

243 1564 319 1597 Quod
335 1566 357 1592 si
377 1573 435 1600 qua:
450 1567 562 1594 dicimus
576 1576 628 1594 non
643 1568 712 1595 feras
722 1588 729 1601 ,
742 1568 894 1596 demonstra
911 1574 937 1596 tu
957 1569 1032 1601 mihi,

242 1609 288 1636 ubi
309 1610 441 1638 terribiles
459 1615 520 1639 ante
540 1617 675 1647 peccatum
691 1612 789 1640 fuerint
807 1613 904 1640 homini
929 1614 1032 1642 bestizn.

243 1654 296 1682 Sed
317 1663 368 1683 non
384 1657 494 1691 poteris.
509 1656 585 1691 Quod
599 1658 620 1685 si
636 1663 727 1693 postea
745 1659 826 1686 subiit
841 1659 936 1692 timor,
952 1660 1033 1687 etiam

239 1700 294 1728 'hnc
309 1701 354 1729 Dei
366 1701 534 1738 benignitatis
548 1704 693 1731 maximum
706 1709 890 1738 argumentum
901 1709 952 1733 est.
967 1704 1033 1732 Nam

237 1747 266 1773 si
279 1752 418 1782 postquam
440 1748 520 1777 homo
532 1749 685 1777 mandatum
707 1755 888 1785 transgressus
898 1755 949 1782 est,
966 1751 1033 1778 inle-

234 1799 290 1826 .ger
302 1792 371 1819 illius
381 1793 523 1821 mansisset
533 1794 618 1822 honor
630 1799 658 1822 et
672 1795 829 1828 immobilis,
843 1795 913 1822 haud
927 1794 1003 1823 facile
1016 1803 1032 1823 a

243 1837 318 1872 lapsu
331 1839 527 1867 resurrexisset.
544 1839 762 1876 Quandoquidem
774 1848 835 1868 cum
851 1841 1033 1869 inobedientes

238 1887 270 1910 et
284 1883 440 1912 obedientes
452 1885 573 1913 homines
583 1886 640 1921 pari
650 1886 777 1921 dignitate
795 1887 927 1921 fruuntur,
941 1888 1033 1922 nequi-

241 1930 286 1956 tiw
307 1929 454 1957 assueﬁunt
468 1931 562 1966 magis,
576 1938 625 1959 nec
639 1932 715 1960 facile
728 1932 762 1960 ab
774 1940 804 1960 ea
815 1932 954 1960 desistunt.
965 1932 1031 1960 Cum

237 1976 313 2003 enim
327 1981 451 2005 nuncrtot
462 1977 623 2009 instantibus
636 1979 798 2012 terroribus,
811 1979 908 2014 poenis,
919 1984 948 2007 et
967 1988 1031 2015 sup-

238 2022 328 2056 pliciis
340 2031 392 2050 non
407 2024 600 2058 emendantur,
617 2025 709 2060 quales
725 2025 834 2053 fuissent
855 2027 877 2053 si
896 2026 961 2054 nihil
983 2034 1032 2061 pro

239 2066 345 2095 delictis
360 2068 416 2095 suis
433 2077 514 2104 grave
528 2070 598 2104 passi
613 2071 725 2098 essent?
741 2071 827 2106 Atque
840 2071 874 2098 ita
892 2071 1030 2106 imperium

241 2113 320 2140 nobis
333 2121 346 2139 a
364 2114 436 2148 Deo,
449 2115 520 2150 quod
536 2123 657 2150 magnam
681 2117 764 2143 nostri
789 2124 879 2144 curam
899 2121 926 2144 et
941 2118 1031 2152 provi-

241 2157 360 2186 dentiam
378 2164 493 2194 gereret,
508 2164 550 2187 cst
563 2160 690 2188 ablatum.

275 2204 302 2232 ὕ.
318 2205 357 2232 Tu
372 2209 472 2238 autem,
492 2206 640 2240 carissime,
656 2211 683 2234 et
691 2207 745 2241 jam
762 2207 823 2235 inde
838 2207 1026 2243 benignitatem

240 2250 287 2277 Dei
312 2249 471 2278 iucii'abilem
497 2251 656 2284 considera,
678 2253 812 2287 quomodo
837 2253 921 2280 Adam
945 2258 1030 2282 totum

239 2295 392 2323 mandatum
417 2296 585 2330 subverterit,
605 2301 632 2324 et
646 2302 726 2324 totam
739 2297 824 2333 legem
848 2303 1030 2333 transgressus

238 2341 273 2370 sit
288 2341 440 2377 :‘bcnignus
451 2347 540 2370 autem
556 2343 627 2370 Deus
640 2343 757 2371 bonitate
770 2351 817 2371 sua
831 2349 920 2372 nostra
934 2345 1028 2373 delicta

239 2395 380 2424 superans,
393 2395 447 2416 non
463 2392 547 2416 totum
561 2388 690 2416 honorem
707 2389 856 2424 abstulerit,
872 2398 958 2425 neque
972 2395 1028 2419 toto

235 2433 364 2469 dejecerit
384 2434 533 2469 principatu
557 2434 629 2462 :sed
651 2442 682 2463 ea
703 2435 841 2463 dumtaxat
862 2437 986 2464 animalia
1012 2445 1028 2465 a

237 2485 327 2508 nostra
338 2484 470 2515 potestate
480 2479 629 2514 abduxerit,
639 2488 698 2516 qua:
712 2488 763 2509 non
775 2482 884 2509 multum
901 2483 933 2510 ad
949 2483 1028 2518 hujus

235 2526 297 2552 vita:
308 2525 447 2554 utilitatem
459 2525 536 2554 nobis
545 2526 704 2559 conducunt,
716 2535 774 2563 qua:
785 2535 848 2556 vero
860 2529 918 2556 vitae
930 2534 1028 2557 nostra:

236 2571 351 2598 multum
372 2570 500 2604 serviunt,
516 2575 545 2600 et
559 2572 630 2600 utilia
644 2573 849 2609 necessarioque
869 2580 941 2609 sunt,
956 2583 986 2603 ea
1000 2577 1026 2603 in

235 2618 374 2651 servitute,
390 2622 418 2645 et
431 2618 598 2653 subjectione
611 2626 657 2646 sua
681 2619 821 2648 dimiserit.
836 2621 951 2656 Reliquit
962 2629 1027 2657 ergo

234 2662 312 2689 nobis
327 2662 407 2690 boum
419 2667 539 2690 armenta
549 2684 557 2697 ,
573 2667 602 2691 ut
614 2669 731 2692 aratrum
755 2665 900 2698 trahamus,
927 2671 1024 2694 terrant

234 2708 384 2740 soleamus,
410 2716 546 2737 seramus:
567 2710 673 2745 reliquit
696 2715 724 2738 et
741 2711 919 2747 subjngniium
943 2713 1025 2740 multa

232 2761 342 2789 genera,
353 2759 383 2782 ut
390 2761 442 2783 nos
451 2754 578 2790 adiuvent
587 2756 620 2783 ad
632 2756 705 2784 utilia
713 2765 826 2792 quaeque
836 2759 1023 2792 convehenda;

234 2800 341 2835 reliquit
350 2801 439 2828 ovium
454 2808 558 2837 greges.
573 2806 601 2829 ut
615 2801 776 2830 haberemus
788 2811 847 2838 qua:
861 2804 894 2831 ad
909 2804 1024 2832 vestien-

234 2846 295 2873 dum
314 2854 364 2874 nos
378 2846 547 2881 sufﬁcerent;
559 2847 664 2884 reliquit
682 2853 708 2877 ct
726 2848 776 2876 alia
788 2849 960 2877 animantium
975 2858 1023 2886 ge-

1090 197 1165 224 nera,
1177 190 1246 218 unde
1260 191 1338 217 multa
1349 190 1424 219 nobis
1437 189 1639 225 suppeditantur
1649 189 1800 217 Commoda.
1809 190 1876 218 Nam

1087 237 1148 272 quia
1156 237 1267 271 puniens
1274 237 1407 265 hominem
1417 238 1451 265 ob
1458 237 1790 270 inobedientiam,dixerat,
1799 236 1830 264 In
1837 246 1878 264 su-

1087 282 1148 309 dore
1156 282 1228 316 {aciei
1239 288 1289 309 tute
1297 283 1400 310 vesceris
1407 291 1471 317 pane
1477 283 1534 316 tuo(
1539 282 1600 309 Gen.
1611 283 1637 309 5.
1646 282 1691 317 19)
1701 293 1708 309 :
1718 287 1747 309 ut
1755 283 1878 310 nesudnr

1088 333 1114 355 et
1123 327 1198 355 labor
1207 328 1249 356 hic
1257 333 1348 356 noster
1355 328 1527 356 intolerabilis
1536 327 1720 359 foregsudoris
1729 328 1876 360 molestias,

1087 377 1114 399 et
1138 372 1237 400 laboris
1255 381 1324 400 ontts
1337 373 1471 400 alleviavit
1491 373 1673 408 jumentorum
1695 373 1879 407 multitudine,

1088 426 1147 452 qua:
1173 425 1224 444 una
1248 418 1385 446 nobiscum
1411 419 1541 451 laborant,
1568 424 1593 446 et
1617 418 1752 446 molestias
1779 419 1878 453 ferunt,

1088 463 1157 490 idem
1174 463 1272 491 faciens
1285 464 1356 499 quod
1370 464 1499 499 benignus
1506 469 1532 492 et
1549 464 1664 499 prudens
1679 464 1876 498 paterfamilias,

1087 509 1132 543 qui
1147 509 1277 544 ﬂagellato
1286 517 1374 543 servo,
1389 510 1567 537 ctiam-curam
1581 509 1721 544 quamdam
1731 517 1874 544 congruant

1088 554 1199 588 ﬂagellis
1214 555 1322 582 adhibet
1339 564 1345 582 :
1358 555 1398 582 sic
1414 559 1440 582 et
1456 555 1524 582 Deus
1540 559 1568 582 ut
1581 555 1769 582 condemnavit
1782 562 1875 590 pecca-

1089 604 1183 633 torem,
1209 601 1337 629 leniorem
1352 602 1431 629 etiam
1440 601 1696 629 condemnationem
1711 608 1771 629 esse
1784 601 1876 635 voluit,

1081 650 1113 672 ct
1128 646 1204 672 nobis
1213 645 1246 673 ad
1256 646 1381 673 sudorem
1393 651 1421 674 et
1434 646 1551 674 laborem
1565 651 1722 680 perpetuum
1734 646 1878 678 damnatis,

1087 690 1244 718 subsidiaria
1259 690 1323 718 iecit
1346 691 1427 718 multa
1444 691 1580 718 hrutarum
1601 699 1708 726 genera.
1725 693 1810 726 Atque
1831 692 1877 723 ita,

1087 736 1156 771 quod
1179 735 1308 764 honorem
1325 737 1401 764 nobis
1421 737 1493 764 dedit
1505 741 1531 764 et
1545 744 1636 764 rursus
1650 737 1765 770 abstulit,
1791 741 1818 764 et
1831 737 1880 765 be~

1087 783 1198 810 stiarum
1216 783 1292 810 nobis
1303 788 1403 811 metum
1418 783 1537 816 immisit,
1552 788 1579 810 et
1599 782 1699 814 omnia,
1715 782 1736 809 si
1750 782 1810 818 quis
1819 783 1879 810 dili-

1084 833 1182 864 genter
1191 834 1218 856 et
1237 828 1346 857 cordate
1360 829 1484 864 inquirat,
1507 829 1625 857 oiTendct
1639 829 1716 863 pletta
1730 829 1878 864 sapientim,

1080 875 1272 910 providentitc,
1285 880 1311 902 et
1327 875 1506 910 benignitatis.

1124 920 1286 954 Sacriﬁcium
1307 921 1444 947 maximum
1468 919 1517 947 Dei
1539 919 1715 947 beneficiorum
1740 919 1878 946 recordari.

1086 980 1122 987 -—
1144 967 1272 1000 Quocirca
1300 974 1350 1002 pro
1373 967 1414 994 his
1440 966 1563 993 omnibus
1585 967 1683 1001 gratias
1711 966 1735 993 ci
1759 973 1879 993 summas

1086 1020 1216 1047 agamus,
1242 1012 1287 1047 qui
1314 1017 1385 1039 tanta
1406 1012 1476 1047 apud
1499 1019 1547 1039 nos
1570 1011 1696 1039 beneﬁcia
1728 1011 1877 1039 collocavit.

1087 1058 1178 1093 Neque
1201 1058 1272 1085 enim
1303 1065 1384 1093 grave
1416 1057 1514 1093 aliquid
1539 1062 1567 1085 et
1592 1065 1734 1084 oncrosntu
1759 1065 1773 1083 a
1803 1057 1880 1084 nobis

1084 1103 1198 1138 requirit
1217 1112 1223 1130 :
1245 1103 1291 1131 sed
1313 1104 1399 1131 solum
1420 1109 1448 1130 ut
1470 1108 1598 1130 testentur
1617 1107 1644 1130 et
1662 1103 1790 1130 fateantur
1808 1107 1880 1129 tanta

1087 1148 1227 1182 beneﬁcia,
1251 1153 1340 1184 etrpro
1363 1149 1404 1176 liis
1424 1149 1523 1184 gratias
1550 1148 1695 1176 referamus
1712 1157 1717 1174 :
1734 1155 1786 1175 non
1809 1148 1880 1183 quod

1087 1194 1145 1228 ipse
1156 1194 1198 1221 his
1210 1199 1295 1230 egeat,
1309 1194 1353 1230 qui
1369 1194 1441 1221 nulla
1457 1202 1487 1222 re
1500 1193 1599 1229 indiget
1611 1202 1618 1227 ;
1628 1193 1674 1221 sed
1686 1198 1714 1220 ιιι
1725 1201 1773 1221 nos
1792 1193 1879 1220 disca-

1087 1247 1148 1267 mus
1160 1245 1297 1268 auctorem
1313 1240 1443 1267 bonorum
1459 1239 1536 1267 nobis
1551 1239 1705 1273 conciliare,
1727 1243 1754 1266 et
1768 1247 1820 1266 non
1835 1239 1879 1266 iu-

1087 1287 1155 1321 grati
1167 1287 1260 1320 simus,
1274 1287 1321 1314 sed
1332 1287 1437 1322 dignam
1452 1287 1532 1314 tantis
1543 1286 1679 1314 beneﬁciis
1695 1291 1722 1314 et
1733 1285 1876 1321 providen-

1087 1333 1123 1360 tia
1138 1333 1263 1360 virtutem
1289 1332 1441 1360 aﬁ'cramus.
1457 1332 1522 1360 Nam
1539 1332 1578 1360 sic
1602 1333 1686 1367 ipsum
1702 1331 1735 1359 ad
1749 1331 1878 1366 majorem

1088 1379 1171 1407 nostri
1192 1379 1396 1407 sollicitudinem
1422 1378 1635 1415 provocabitnus.
1652 1378 1706 1406 Oro
1731 1378 1817 1413 igitur,
1844 1385 1879 1404 ne

1087 1425 1193 1452 desides
1205 1426 1300 1457 simus,
1324 1425 1370 1453 sed
1387 1425 1567 1460 unusquisque
1591 1432 1639 1460 pro
1662 1424 1732 1452 virili
1754 1428 1878 1459 supputet

1087 1471 1156 1506 apud
1171 1478 1201 1499 se
1212 1471 1323 1506 singulis
1344 1471 1424 1504 horis,
1440 1479 1493 1498 non
1515 1471 1600 1498 soloin
1614 1471 1764 1498 communia
1777 1470 1880 1498 beneﬁ-

1087 1517 1138 1550 cia,
1154 1517 1201 1544 sed
1213 1521 1240 1544 et
1253 1516 1352 1552 privata
1366 1517 1393 1544 iu
1406 1524 1435 1544 se
1449 1517 1546 1544 collata
1564 1526 1569 1543 :
1589 1525 1640 1544 non
1653 1519 1801 1544 ea‘tantum
1819 1524 1878 1551 qua:

1087 1571 1180 1591 omnes
1194 1563 1319 1597 fatentur,
1333 1567 1360 1591 et
1380 1571 1439 1598 qum
1452 1563 1576 1590 omnibus
1590 1561 1728 1590 manifesta
1743 1567 1815 1596 sunt,
1830 1562 1877 1590 sed

1087 1613 1115 1636 et
1128 1609 1243 1644 propria,
1259 1616 1290 1636 ac
1311 1608 1451 1644 plerosque
1465 1608 1571 1636 latentia
1586 1617 1594 1636 :
1609 1609 1647 1636 sic
1660 1608 1730 1635 enirn
1748 1608 1780 1635 ad
1792 1609 1879 1636 conti~

1087 1662 1168 1682 ouant
1182 1654 1325 1689 gratiarum
1340 1655 1471 1682 actionem
1489 1654 1600 1681 Domino
1619 1653 1788 1682 referendam
1808 1653 1875 1681 inci-

1089 1701 1195 1728 labitur.
1214 1700 1269 1728 Hoc
1279 1700 1422 1728 maximum
1434 1700 1604 1733 sacriﬁcium,
1630 1699 1687 1727 haec
1703 1699 1819 1734 perfecta
1832 1699 1876 1727 ob-

1088 1747 1152 1774 latio
1164 1752 1215 1780 est,
1229 1747 1280 1774 hoc
1294 1747 1400 1775 ﬁducia:
1411 1755 1473 1783 erga
1486 1748 1569 1774 Deum
1582 1751 1681 1774 nostra:
1691 1751 1875 1782 argumentum

1087 1797 1114 1820 et
1127 1800 1206 1820 causa
1221 1797 1278 1820 cst:
1293 1797 1319 1820 et
1331 1793 1475 1827 quomodo,
1491 1800 1541 1827 ego
1554 1792 1651 1820 dicam.
1668 1792 1718 1825 Qui
1732 1792 1801 1820 enim
1818 1791 1875 1820 hmo

1086 1838 1212 1866 continuo
1237 1839 1263 1865 in
1286 1843 1375 1866 mente
1396 1845 1443 1866 sua
1468 1842 1564 1871 versat,
1580 1842 1607 1866 et
1621 1845 1695 1865 suam
1722 1838 1875 1865 tenuitatem

1086 1890 1210 1913 accurate
1226 1885 1308 1917 novit,
1335 1890 1363 1912 et
1377 1885 1539 1912 eminentem
1555 1884 1671 1912 divinam
1687 1884 1875 1918 benignitatem

1083 1931 1184 1966 crgitat
1194 1939 1201 1963 ;
1213 1929 1345 1965 quomodo
1359 1937 1455 1964 nempe
1465 1937 1517 1957 non
1528 1929 1668 1957 attendens
1681 1929 1744 1964 quid
1755 1936 1875 1956 merean-

1087 1981 1129 2004 tur
1144 1981 1250 2011 peceata
1266 1981 1367 2008 nostra,
1383 1976 1430 2003 sed
1441 1975 1504 2011 quid
1517 1983 1565 2003 sua
1580 1975 1684 2003 bonitas
1699 1975 1825 2010 postulet,
1839 1975 1874 2002 ita

1086 2031 1129 2050 res
1146 2027 1250 2050 nostras
1260 2022 1415 2056 dispenset:
1431 2023 1453 2049 is
1466 2022 1594 2049 nimirum
1607 2027 1725 2049 mentem
1737 2021 1871 2056 deprimit,

1085 2076 1132 2096 eor
1145 2069 1270 2101 conterit,
1283 2076 1390 2096 omnem
1406 2069 1502 2096 fastum
1516 2073 1544 2096 et
1554 2069 1733 2104 arrogantiam
1749 2068 1872 2103 castigat,

1085 2115 1163 2142 discit
1173 2115 1294 2142 modeste
1303 2122 1392 2150 agere,
1407 2119 1580 2143 contemnere
1593 2114 1732 2150 praesentis
1743 2114 1803 2142 vitae
1813 2114 1873 2149 glo-

1082 2161 1162 2193 riam,
1178 2161 1266 2188 ridere
1287 2160 1398 2188 visibilia
1419 2161 1519 2194 omnia,
1547 2161 1664 2196 cogitare
1692 2159 1780 2188 futttra
1805 2159 1873 2186 bona

1084 2206 1218 2241 vitamque
1234 2206 1410 2234 immortalem
1434 2213 1465 2234 ac
1490 2214 1633 2241 numquam
1655 2205 1808 2233 finiendam.
1822 2205 1873 2238 Qui

1084 2256 1172 2280 autem
1184 2252 1223 2280 sic
1237 2252 1352 2280 al'licitur
1363 2253 1462 2285 animo,
1476 2260 1568 2280 verum
1579 2257 1607 2279 et
1620 2255 1759 2287 acceptum
1772 2251 1874 2279 sacriﬁ-

1080 2298 1153 2325 cium
1169 2298 1223 2326 Deo
1243 2297 1330 2332 olfcrt,
1357 2299 1425 2326 sicut
1447 2298 1575 2333 propheta
1590 2297 1653 2325 dicit
1678 2305 1685 2323 :
1710 2297 1872 2331 Sacriﬁcium

1085 2343 1136 2370 Deo
1153 2343 1256 2379 spiritus
1267 2344 1448 2371 contribulalus
1459 2352 1468 2376 ;
1479 2352 1523 2370 cor
1532 2343 1667 2370 contritum
1679 2348 1703 2369 et
1715 2342 1874 2369 humiliatqu

1086 2389 1153 2417 Deus
1166 2399 1215 2417 non
1229 2390 1346 2425 despiciet
1363 2389 1448 2425 (Paul.
1460 2390 1506 2418 50.
1523 2389 1582 2425 19).
1599 2388 1728 2416 Cordatos
1750 2389 1820 2417 enim
1833 2387 1873 2416 fa-

1084 2436 1170 2462 nntlos
1185 2443 1237 2462 non
1253 2441 1305 2462 tam
1322 2443 1407 2470 pcena‘.
1419 2441 1446 2463 et
1468 2435 1597 2470 supplicia
1616 2434 1768 2467 emendant,
1784 2439 1812 2461 Iit
1828 2434 1873 2461 bc-

1083 2480 1187 2514 ueﬁeia,
1200 2486 1226 2508 et
1240 2481 1309 2516 quod
1325 2481 1446 2509 noverint
1456 2488 1485 2509 se
1492 2489 1547 2508 non
1561 2480 1705 2508 secundum
1714 2480 1873 2508 delictorum

1082 2527 1175 2555 merita
1190 2535 1295 2561 ptenam
1312 2527 1394 2555 luere.

1117 2573 1143 2600 6.
1158 2573 1334 2601 Conteramus
1347 2574 1434 2608 igitur,
1455 2573 1578 2606 obsecro,
1600 2572 1717 2600 animant
1733 2576 1852 2600 nostrum
1863 2592 1871 2604 ,

1082 2618 1252 2645 bumiliemus
1265 2623 1382 2646 mentem
1395 2623 1422 2645 et
1433 2625 1503 2645 nunc
1515 2617 1630 2645 maxime
1639 2625 1698 2644 cum
1714 2617 1764 2644 hoc
1776 2616 1871 2652 jejunii

1082 2670 1186 2699 tempus
1202 2664 1283 2691 multa
1304 2664 1380 2691 nobis
1394 2664 1427 2691 ad
1448 2663 1499 2691 hoc
1514 2663 1615 2698 prmbet
1625 2663 1752 2690 subsidia.
1769 2662 1835 2690 Nam
1848 2662 1872 2690 si

1081 2710 1116 2738 ita
1135 2710 1221 2738 aﬁ'eeti
1246 2710 1384 2742 fuerimus,
1412 2710 1557 2745 poterimus
1569 2714 1596 2736 et
1606 2716 1699 2744 magna
1725 2708 1872 2736 attentione

1079 2763 1174 2792 preces
1191 2756 1313 2789 fundere,
1323 2755 1514 2784 etconﬁtenles
1525 2759 1632 2790 peccata
1641 2754 1750 2782 multam
1759 2754 1870 2788 gratiam

1079 2811 1194 2839 superne
1206 2803 1338 2831 obtinere.
1352 2803 1384 2830 Et
1396 2807 1426 2830 ιιι
1436 2802 1525 2830 sciatis
1537 2801 1602 2829 tales
1625 2800 1727 2827 animas
1744 2800 1797 2827 Deo
1817 2799 1872 2834 pla-

1079 2857 1149 2884 cere,
1166 2850 1228 2878 audi
1249 2851 1334 2885 ipsum
1355 2849 1487 2878 dicentem
1503 2857 1509 2878 :
1525 2849 1564 2876 Ad
1576 2856 1649 2883 quem
1662 2847 1806 2883 respiciam,
1821 2845 1870 2872 nisi
