2066 3126
202 129 237 156 81
777 123 808 151 ΙΝ
828 124 903 151 CAP.
926 124 944 150 1.
964 123 996 151 Gl

1049 123 1087 151 ΖΞ.
1109 122 1221 151 llO.\llL.
1244 123 1276 150 Χ.

203 187 244 214 ad
255 187 388 218 humilem,
407 190 432 212 et
451 186 571 221 quietum,
591 189 614 211 et
637 189 779 211 trementem
791 192 917 211 sermones
930 191 996 210 meos

204 233 282 268 (luti.
295 233 339 260 06.
355 232 373 260 2
383 231 411 266 )?
421 231 522 258 idcirco
534 236 560 259 et
574 230 695 258 Christus
710 231 744 257 ita
758 230 915 264 l0qucbalur
929 238 935 256 τ
952 229 1000 255 Di-

204 280 267 307 scite
281 288 296 306 a
307 287 346 305 me
357 278 417 311 quia
430 278 497 304 mitts
507 285 574 310 sum,
585 280 607 303 et
619 276 720 302 Immitis
734 275 819 307 corde,
831 281 853 302 et
867 275 997 301 invenietis

206 325 316 360 requiem
336 324 468 350 animabus
488 323 576 350 vestri:
590 322 697 358 (Matth.
710 323 753 349 Η.
777 321 836 356 29).
863 321 927 348 Nam
952 320 998 355 qui

206 379 271 398 vere
285 371 401 405 seipsum
418 369 549 401 humiliat,
561 375 703 403 numquam
715 369 811 403 poterit
824 368 861 394 ira
877 375 997 394 commo-

205 417 276 450 veri,
292 422 320 445 et
335 416 456 451 proximo
474 423 643 448 succensere,
658 415 745 442 anitna
758 414 815 449 ejus
834 414 860 441 in
875 414 914 440 sui
934 421 999 440 con-

205 462 369 489 sideratione
394 466 524 496 occupata
552 466 580 489 et
605 461 672 488 intra
700 461 814 495 seipsam
851 459 995 486 humiliata.

205 507 303 534 Anima
316 512 404 535 autern
418 516 477 542 qua:
490 508 528 535 sic
540 514 570 534 se
586 507 675 539 habet,
692 506 755 541 quid
770 513 829 532 csse
845 505 999 540 possithea-

205 554 283 581 tius?
294 554 458 588 Quicumque
470 554 529 581 talis
543 559 593 586 est,
609 554 632 581 is
648 558 725 589 portu
737 554 864 581 continuo
875 551 950 579 sedet
964 551 998 578 ab

204 600 281 627 omni
294 605 450 635 tempestate
471 601 546 633 liber,
563 605 590 628 et
604 600 752 628 oblectatur
769 600 796 626 in
809 598 997 634 cogitationum

204 647 406 682 tranquillitate.
435 647 498 674 Ideo
521 647 643 674 Christus
659 646 763 674 dicebat
782 655 789 673 :
814 645 848 672 Et
871 644 999 672 invenietis

203 694 315 728 requiem
329 693 461 719 animabus
475 693 571 720 vestris.
590 692 681 727 Itaque
702 692 770 719 sicut
784 691 828 726 qui
843 690 999 718 affectiones

205 739 266 766 illas
277 739 375 774 sopivit
388 739 470 766 multa
484 739 575 773 requie
588 738 693 770 fruitur,
708 738 743 764 ita
752 737 830 765 deses
842 741 868 764 et
877 736 997 770 supinus,

206 791 236 812 ct
248 785 291 820 qui
301 785 391 820 nequit
400 784 511 811 allectus
526 792 588 811 suos
601 789 631 811 ut
644 784 721 811 decet
742 784 886 815 moderari,
900 790 997 818 perpe-

207 836 256 858 tuo
269 830 510 866 perturbationibus
524 830 654 857 obnoxius
667 833 718 861 est,
744 829 817 856 domi
838 829 935 855 bellum
952 828 999 854 ha-

207 879 263 910 bet,
284 878 389 905 nemine
409 882 541 913 prursente
557 877 686 909 turbatur,
712 881 738 904 et
753 883 860 911 gratem
885 875 999 902 sustinet

205 929 391 958 tempestatem
414 933 420 950 :
441 929 580 958 propterea
603 923 725 950 [luctibus
748 930 777 950 se
798 920 996 953 extollentibus,

204 975 233 997 et
246 970 428 997 exorientibus
456 970 587 996 malorum
608 969 748 1004 spirituum
775 967 909 1002 procellis,
926 974 998 1000 sti-pe

204 1016 266 1042 navi
282 1015 317 1043 ob
330 1016 489 1050 imperitiam
500 1015 684 1050 gubernatoris
697 1015 830 1046 demersa,
846 1013 924 1040 simul
941 1013 997 1048 ipse

203 1064 394 1098 suhmcrgitur.
408 1063 522 1091 Proinde
535 1063 612 1090 decet
633 1071 682 1090 nos
696 1070 756 1089 esse
774 1061 878 1088 sobrios
896 1065 922 1088 et
935 1060 998 1096 vigi-

204 1111 257 1142 les,
286 1115 314 1137 et
334 1115 489 1144 perpetuam
515 1110 762 1144 indesinentcmquc
786 1109 881 1135 animm
899 1112 998 1135 nostra:

202 1156 410 1183 sollicitudinem
432 1156 540 1183 habere.
562 1155 704 1183 Christiani
719 1156 790 1182 enirn
808 1159 849 1181 est
871 1154 998 1180 adversus

202 1202 437 1236 concupiscentias
460 1202 547 1228 carnis
567 1209 673 1236 semper
697 1201 723 1227 in
746 1201 803 1227 acie
818 1204 899 1231 stare,
924 1199 997 1233 leges

204 1249 311 1275 Domini
325 1248 406 1275 nostri
431 1248 507 1275 nobis
522 1248 596 1275 datas
610 1255 715 1282 semper
729 1247 827 1274 habere
839 1251 995 1280 praesentes,

203 1301 230 1322 et
249 1295 290 1322 his
305 1295 401 1322 muniri
414 1300 494 1329 atque
511 1295 579 1321 illius
593 1294 731 1321 tolerantia
743 1301 794 1320 non
812 1293 896 1325 abuti,
910 1300 996 1328 neque

202 1345 375 1376 exspectare,
386 1341 472 1368 donec
485 1349 514 1368 re
533 1341 589 1375 ipsa
605 1340 651 1367 ira:
665 1340 735 1367 illius
753 1340 897 1374 periculum
919 1339 997 1365 racia-

201 1396 275 1419 mus,
302 1393 330 1414 ut
345 1393 405 1414 tunc
427 1387 606 1419 humiliemur,
626 1391 654 1413 ut
677 1394 709 1413 ne
728 1390 755 1413 et
775 1385 807 1412 de
830 1385 907 1412 nobis
926 1386 997 1412 dica-

203 1438 258 1466 tur,
281 1432 345 1459 Cum
366 1433 487 1459 occideret
508 1440 559 1466 eos,
583 1437 641 1458 tunc
660 1431 815 1466 inquirebant
835 1439 890 1458 eum
906 1430 995 1467 (Psal.

203 1479 250 1506 π.
266 1479 299 1506 5t
312 1479 335 1515 ).

239 1526 369 1562 Canfessio
382 1531 550 1560 peccatorum.
561 1542 595 1545 —
608 1525 673 1553 Cum
689 1525 768 1560 igitur
779 1525 934 1560 adjnmenlo
948 1533 996 1552 no—

203 1572 246 1599 bis
259 1580 330 1600 nunc
337 1572 474 1607 sitjejunii
490 1577 604 1607 tempus,
619 1571 760 1603 carissimi,
772 1578 866 1598 omnes
880 1571 912 1598 ad
929 1579 995 1598 con-

203 1619 348 1647 fessionem
374 1624 542 1654 peccatorum
566 1623 715 1646 nostrorum
738 1618 902 1650 festinemus,
923 1622 950 1645 et
963 1617 997 1645 ab

202 1665 277 1693 omni
288 1665 387 1692 malitia
396 1665 570 1697 abstinentes,
582 1671 753 1692 exerceamus
766 1665 877 1691 virtutes
890 1671 993 1691 omnes.

203 1710 269 1737 Nam
281 1711 356 1738 sicel
369 1711 462 1738 beatus
480 1710 608 1746 propheta
625 1710 704 1737 David
729 1710 808 1737 docet
828 1710 869 1736 his
883 1710 972 1737 verbis
987 1719 993 1737 :

204 1755 312 1783 Declina
326 1765 342 1782 (ι
357 1756 433 1789 ηιαΙο,
447 1761 470 1783 et
484 1757 525 1791 [ac
537 1756 628 1783 bonum
651 1755 734 1793 (Psal.
749 1755 798 1783 56.’
808 1756 865 1791 27).
881 1755 956 1789 Quod
972 1756 994 1783 si

203 1803 231 1829 in
250 1803 320 1830 lumc
336 1803 443 1830 modum
455 1804 535 1830 vitam
547 1808 664 1830 nostram
679 1803 881 1836 instituerimus,
894 1808 920 1830 et
935 1803 996 1830 abs-

203 1849 324 1876 tinentia:
340 1850 458 1877 ciborum
469 1850 678 1877 abstinentiama
693 1850 763 1877 vitiis
781 1849 993 1883 adjunxcrimus,

204 1895 352 1928 poterimus
363 1899 389 1922 et
404 1902 454 1922 nos
468 1896 562 1929 majori
576 1895 668 1922 tiducia
685 1896 746 1929 frui,
766 1900 792 1923 et
813 1895 964 1923 uberiorem
979 1903 993 1922 a

204 1940 261 1967 Deo
274 1940 461 1976 benignitatem
479 1942 598 1969 obtinere
618 1947 645 1969 et
659 1942 684 1969 in
710 1943 833 1977 praesenti
849 1942 911 1974 vita,
926 1946 954 1969 et
967 1943 994 1970 in

204 1987 293 2013 futuro
304 1987 349 2014 illo
369 1987 412 2015 die
432 1988 552 2021 terribili,
570 1988 693 2023 precibus
708 1993 735 2016 ct
760 1989 994 2016 intercessionibus

204 2033 356 2067 corumqui
371 2033 420 2068 ipsi
442 2034 557 2061 maxime
580 2034 734 2068 placuerttnt
757 2044 763 2061 :
778 2035 862 2070 gratia
878 2039 904 2062 ct
919 2035 994 2062 bcui-

203 2079 304 2112 gnitale
332 2079 434 2106 Domini
456 2079 537 2106 nOStri
551 2080 614 2107 Jcsu
632 2079 740 2113 Christi,
767 2088 827 2107 cum
849 2088 905 2116 quo
923 2081 993 2108 Patri

203 2125 284 2152 simul
299 2129 325 2152 et
335 2125 443 2159 Spiritui
451 2130 543 2152 sancto
553 2126 586 2153 sit
596 2126 689 2160 gloria,
714 2126 864 2160 imperium,
885 2127 970 2154 honor
984 2147 992 2160 ,

204 2177 276 2197 nunc
296 2176 322 2198 et
348 2178 463 2206 semper,
489 2176 516 2199 et
541 2171 568 2198 in
592 2172 689 2199 smcula
703 2172 872 2199 swculorum.
893 2173 990 2200 Amen.

502 2260 641 2288 llOMlLIA
666 2261 698 2288 Χ.

205 2348 360 2377 Exhortatio
371 2348 402 2376 ad
416 2356 462 2376 eos
474 2356 541 2384 quos
554 2348 633 2383 pudet
644 2354 703 2384 post
712 2349 799 2376 cibum
807 2354 940 2384 smnptum
951 2357 994 2377 ac-

240 2394 336 2421 cedere
355 2394 387 2421 ad
407 2395 561 2422 concionem
576 2395 765 2429 vespertinam,
777 2400 803 2422 et
824 2395 849 2421 iu
864 2396 993 2430 reliquum

240 2444 341 2467 textum
364 2444 433 2474 post,
447 2440 582 2467 Faciamus
606 2440 730 2467 hominem
753 2440 890 2467 secundum
905 2442 996 2476 imagi-

240 2494 297 2512 nem
311 2491 433 2519 nostram,
454 2491 477 2512 et
492 2486 629 2513 secundum
653 2486 841 2513 similitudinem
865 2487 940 2521 (Gen.
967 2488 993 2514 l.

239 2532 307 2568 26);
323 2537 350 2559 ct
363 2532 397 2559 de
412 2533 451 2559 his
462 2533 559 2564 verbis,
581 2532 614 2559 Et
636 2533 693 2567 fecit
706 2533 773 2560 Deus
793 2533 918 2560 hominem
930 2541 940 2565 ;
953 2542 993 2561 se-

238 2578 350 2605 cundum
370 2578 504 2613 imaginem
532 2578 577 2606 Dei
602 2579 660 2613 fecit
687 2579 782 2612 illum;
808 2579 947 2606 masculum
970 2585 993 2607 et

239 2624 361 2660 [culinam
374 2624 431 2658 fecit
443 2624 499 2651 illo;
508 2623 560 2660 (Ib.
576 2632 600 2652 υ.
613 2624 646 2651 27
654 2624 674 2659 ).

238 2725 266 2751 1.
277 2724 365 2751 Minor
375 2723 454 2751 hodie
467 2724 543 2752 nobis
556 2729 700 2753 conventus
709 2725 784 2753 adest
794 2745 802 2758 ,
816 2730 842 2753 ct
856 2726 996 2760 angustius

201 2769 395 2798 conﬂuentium
402 2770 543 2798 theatrum.
554 2770 617 2805 Cur,
623 2776 650 2798 et
659 2779 710 2806 qua
722 2771 754 2799 de
760 2779 838 2799 causa
847 2772 858 2799 ?
865 2772 996 2800 Fortassis

200 2816 282 2852 aliqui
296 2817 461 2846 cruhuerunt
472 2838 480 2853 ,
493 2822 552 2853 post
564 2818 714 2848 scnsibilcm
733 2826 852 2847 mensam
873 2819 906 2847 ad
920 2819 996 2855 spiri-

1809 127 1874 161 δὲ,

1053 181 1123 209 male
1137 182 1187 209 hoc
1198 182 1287 209 venire
1297 182 1457 216 convivium,
1469 187 1496 210 et
1510 182 1566 211 ha:c
1587 184 1651 219 ipsis
1663 190 1703 213 est
1715 186 1853 215 absentiae.
1866 164 1872 219 l

1050 235 1129 254 causa
1147 237 1154 255 :
1168 228 1214 255 sed
1235 228 1344 255 audiant
1358 230 1505 263 sapientem
1520 231 1661 264 quemdam
1685 232 1818 261 dicentem
1832 242 1842 260 -:
1865 228 1869 264 ἔ

1051 272 1097 299 Est
1112 274 1226 309 confusio
1241 282 1298 309 qua:
1308 274 1404 301 inducit
1416 281 1553 310 percutitur,
1568 281 1637 304 etest
1650 279 1765 313 confusio
1787 279 1842 315 glo-
1865 272 1869 301 Ῐ

1051 321 1090 346 ria
1101 326 1125 347 et
1137 321 1218 356 gratia
1232 321 1327 355 (Eccli.
1338 322 1364 349 4.
1374 321 1429 357 25).
1441 322 1498 349 Non
1506 327 1546 349 est
1556 323 1712 352 confusione
1721 325 1843 360 dignum,

1051 377 1113 396 eum
1128 369 1331 404 qui'corporaiis
1352 379 1451 398 mensa:
1477 372 1609 407 particeps
1625 372 1684 406 fuit,
1705 373 1842 409 ad-spiri-

1051 415 1122 441 tuaie
1142 415 1292 442 convivium
1313 417 1413 444 venire.
1429 419 1486 445 Non
1512 417 1582 444 enim
1598 423 1627 445 ut
1641 418 1763 446 humanm
1788 429 1847 451 ns,

1054 459 1089 486 ita
1103 465 1130 487 et
1143 461 1295 495 spirituales
1309 462 1426 489 deliuitis
1441 463 1604 498 temporibus
1625 464 1758 492 distincta:
1772 472 1844 493 sunt.

1052 505 1174 533 Sermoni
1197 507 1267 534 cnim
1282 508 1412 541 spirituali
1427 516 1506 536 omne
1525 509 1578 536 dici
1595 514 1699 545 tempus
1719 511 1844 539 idoneum

1052 551 1139 585 fuerit,
1156 558 1181 580 ct
1192 553 1253 587 quid
1264 553 1324 580 dico
1332 553 1383 581 diei
1396 554 1615 590 tempus?Neque
1626 556 1648 583 si
1661 564 1714 583 nox
1728 557 1843 592 ingruat,

1052 598 1214 632 spiritualem
1234 599 1380 627 doctrinam
1398 601 1526 635 impedit.
1542 601 1684 636 Propterea
1707 607 1734 630 et
1753 603 1840 630 Timo-

1052 644 1115 672 theo
1136 644 1193 672 lucc
1216 646 1347 673 scribebat
1369 646 1466 674 Paulus
1495 656 1501 673 :
1528 647 1601 674 lnsta
1624 653 1773 682 opportune,
1793 649 1845 675 im-

1053 695 1159 725 portune
1172 699 1181 718 :
1192 700 1279 727 argue,
1305 692 1417 727 increpa,
1434 693 1535 720 obsecra
1550 694 1589 728 (9..
1606 693 1672 721 Tim.
1699 696 1726 722 4.
1755 694 1794 729 2).
1811 695 1847 722 Et

1052 737 1147 763 iterum
1170 737 1230 764 audi
1258 738 1363 765 beatum
1390 738 1487 766 Lucam
1517 739 1649 767 dicentem
1674 749 1680 766 :
1713 740 1843 768 Diuma-

1051 791 1094 810 rus
1108 785 1222 811 crastino
1237 784 1336 812 Paulus
1348 793 1363 811 a
1380 785 1486 817 Troade,
1504 786 1638 813 disserebat
1652 786 1697 818 eis,
1713 790 1737 814 et
1748 794 1843 813 seruta-

1052 837 1108 854 nem
1127 829 1246 863 produxit
1267 839 1343 865 usque
1357 831 1390 857 ad
1403 831 1512 858 mediam
1532 837 1629 858 noctem
1655 831 1721 867 (Act.
1736 832 1781 859 9.0.
1796 831 1842 866 7).

1051 873 1182 910 Numquid
1202 880 1304 910 tempus
1319 876 1425 904 obfuit?
1440 877 1491 911 dic,
1517 885 1624 912 qumso;
1641 886 1703 904 num
1715 878 1844 905 doctrina:

1052 928 1203 948 sermonem
1231 922 1369 956 prwcidit‘!
1401 923 1519 958 Vigilans
1545 928 1572 950 et
1598 928 1716 950 attentus
1739 923 1845 951 auditor

1051 967 1129 994 etiam
1146 975 1268 1002 pransus,
1291 968 1343 996 hoc
1366 969 1496 1004 spirituali
1519 975 1651 997 conventu
1673 969 1768 1005 dignus
1781 975 1842 1000 est;

1052 1013 1161 1048 parique
1176 1014 1256 1041 modo
1271 1014 1381 1049 supinus
1393 1019 1420 1042 et
1432 1015 1520 1047 deses,
1545 1015 1648 1043 etiamsi
1660 1015 1770 1051 jejunus
1782 1023 1843 1051 pcr-

1051 1063 1167 1092 maneat,
1182 1059 1246 1087 nihil
1260 1060 1320 1087 inde
1336 1061 1456 1088 utilitatis
1469 1061 1567 1096 capiet.

1087 1104 1127 1130 Ad
1150 1105 1292 1138 spiritualia
1317 1106 1441 1140 quomodo
1461 1106 1640 1133 accedendum.
1663 1121 1700 1127 -—
1725 1107 1758 1134 Et
1783 1106 1840 1133 lituo

1051 1150 1121 1183 dico,
1145 1158 1197 1178 non
1223 1156 1252 1178 ut
1274 1151 1366 1185 jejunii
1391 1152 1505 1186 rigorem
1525 1152 1644 1182 solvam;
1667 1152 1754 1184 absit;
1781 1160 1839 1178 nam

1051 1197 1162 1224 multum
1184 1197 1262 1224 laudo
1277 1198 1413 1232 proboque
1421 1198 1572 1233 jejuuantcs
1589 1207 1595 1225 :
1610 1198 1658 1225 sed
1674 1202 1702 1225 ut
1716 1198 1837 1230 doceam,

1050 1242 1140 1270 sobrio
1155 1243 1268 1278 quodam
1286 1245 1385 1277 animo,
1411 1251 1463 1270 non
1486 1244 1689 1277 consuetudine,
1718 1244 1751 1272 ad
1765 1245 1843 1278 spiri-

1051 1288 1130 1315 tualia
1145 1296 1205 1316 esse
1218 1289 1406 1317 accedendum.
1420 1289 1477 1316 Non
1490 1290 1561 1317 enim
1577 1295 1653 1324 turpe
1676 1289 1764 1323 fuerit,
1780 1298 1840 1318 cum

1050 1334 1095 1369 qui
1108 1335 1196 1362 cibum
1212 1341 1288 1363 antea
1310 1336 1421 1370 accepit,
1435 1336 1528 1363 adesse
1548 1336 1678 1370 spirituali
1702 1335 1771 1363 docti
1780 1337 1840 1370 itur,

1050 1380 1097 1408 sed
1110 1380 1206 1415 ignavo
1220 1382 1308 1408 animo
1323 1382 1426 1414 adesse,
1443 1387 1469 1409 et
1487 1382 1521 1409 ab
1542 1382 1724 1410 affectionibus
1739 1384 1840 1417 vexari,

1050 1431 1078 1455 et
1089 1427 1176 1454 carnis
1188 1428 1309 1455 lascivias
1324 1428 1332 1443 ¹
1347 1436 1399 1455 non
1414 1429 1599 1463 comprimere.
1615 1428 1672 1456 Non
1687 1429 1785 1456 malum
1800 1434 1841 1455 cst

1049 1473 1204 1506 comedere;
1219 1473 1304 1501 absit:
1321 1474 1368 1501 sed
1391 1474 1451 1508 gula
1474 1474 1600 1501 damnosa
1615 1479 1666 1507 est,
1690 1479 1717 1502 et
1737 1474 1839 1510 impleti

1050 1518 1109 1553 plus
1124 1526 1202 1554 quant
1223 1519 1299 1551 satis,
1315 1527 1346 1546 ac
1359 1519 1527 1554 disrumpere
1552 1524 1672 1547 ventrem
1700 1529 1706 1546 :
1730 1520 1754 1547 id
1769 1520 1839 1554 quod

1049 1563 1132 1598 ipsam
1142 1564 1220 1591 etiam
1234 1564 1316 1597 illam,
1326 1573 1385 1600 qua:
1397 1572 1429 1592 ex
1440 1565 1498 1592 cibo
1508 1565 1598 1593 haberi
1610 1570 1706 1600 potest,
1719 1565 1842 1601 volupta-

1049 1615 1101 1638 letu
1117 1609 1245 1643 offendit;
1259 1611 1483 1646 quemadmodum
1508 1612 1572 1639 nihil
1593 1612 1655 1639 mali
1680 1617 1731 1645 est,
1749 1613 1839 1639 viuum

1049 1657 1080 1684 ad
1101 1664 1253 1685 mensuram
1268 1657 1368 1690 bibere,
1382 1657 1430 1684 sed
1448 1658 1569 1685 ebrietati
1594 1665 1623 1685 se
1636 1657 1744 1690 dedere,
1760 1662 1787 1684 et
1801 1658 1841 1685 iu-

1049 1705 1222 1739 tcmpcrautia
1245 1704 1373 1738 judicium
1397 1704 1507 1731 rationis
1529 1704 1692 1732 subvertere.
1715 1704 1838 1736 Etcuitu,

1048 1750 1160 1784 dilecte,
1174 1750 1197 1778 si
1210 1749 1244 1777 ob
1258 1750 1378 1784 corporis
1393 1749 1600 1777 imbecillitatem
1616 1757 1667 1776 non
1682 1755 1757 1784 potes
1768 1749 1838 1784 jeju-

1048 1803 1097 1823 nus
1112 1796 1181 1824 diem
1194 1796 1350 1830 prodttcere,
1366 1795 1455 1823 nullus
1468 1795 1512 1830 qui
1522 1790 1610 1830 sapiat
1625 1800 1733 1831 propter
1748 1795 1799 1824 hoc
1814 1801 1840 1824 te

1047 1849 1158 1876 arguere
1173 1842 1278 1876 poterit.
1290 1842 1430 1869 Dominum
1445 1841 1515 1869 enim
1531 1841 1659 1869 habemus
1669 1847 1837 1869 mansuetmu

1047 1895 1078 1916 ac
1089 1889 1240 1923 benignum,
1253 1893 1281 1915 et
1292 1888 1356 1915 nihil
1372 1895 1451 1923 supra
1465 1888 1535 1915 vires
1549 1892 1653 1915 nostras
1664 1895 1680 1915 a
1695 1888 1771 1915 nobis
1782 1888 1838 1915 cxi-

1046 1941 1161 1970 gentem.
1177 1935 1268 1970 Neque
1281 1936 1351 1963 enitn
1375 1935 1562 1963 abstinentiam
1576 1943 1590 1962 a
1604 1935 1670 1962 cibis
1684 1940 1710 1962 et
1723 1935 1837 1962 iucdiatu

1046 1981 1202 2014 simpliciter
1214 1989 1229 2008 a
1243 1982 1320 2008 nobis
1330 1981 1421 2016 exigit,
1439 1989 1525 2016 neque
1537 1981 1588 2008 hoc
1601 1981 1697 2016 ipsum,
1715 1985 1743 2008 ut
1753 1982 1836 2016 jejuni

1047 2026 1215 2053 solummodo
1227 2033 1439 2061 pcrmancamus,
1454 2027 1500 2054 sed
1521 2031 1574 2053 uta
1588 2026 1758 2054 saecularibus
1773 2034 1838 2061 ope-

1046 2072 1121 2099 ribus
1136 2080 1184 2099 uos
1196 2073 1361 2106 abdicantes,
1377 2081 1457 2100 omne
1475 2078 1594 2100 nostrum
1609 2073 1691 2100 otium
1708 2074 1734 2100 in
1760 2073 1838 2108 spiri-

1047 2118 1161 2146 tualibus
1181 2126 1378 2146 consutnamus.
1405 2119 1470 2146 Nam
1493 2120 1515 2148 si
1541 2119 1628 2147 sobria
1653 2124 1742 2147 mente
1757 2120 1836 2147 vitattt

1047 2168 1163 2191 uestram
1179 2165 1427 2195 institueremus,et
1441 2165 1569 2200 quidquid
1580 2165 1628 2192 otii
1641 2164 1730 2198 datur,
1743 2165 1768 2192 in
1782 2166 1838 2200 spi-

1047 2209 1149 2236 ritualia
1162 2210 1377 2244 impenderemus
1393 2219 1400 2237 ε
1416 2215 1443 2238 et
1457 2211 1532 2239 cibos
1556 2212 1591 2239 ita
1614 2219 1792 2245 sumeremus,
1810 2217 1838 2238 Ill

1048 2261 1149 2283 tantum
1175 2265 1352 2290 sutneremus,
1374 2261 1501 2292 quantum
1528 2266 1591 2285 usus
1610 2258 1704 2293 exigit,
1719 2263 1746 2285 et
1756 2259 1836 2285 vitam

1048 2306 1129 2329 totam
1156 2302 1183 2329 in
1202 2302 1278 2329 bonis
1288 2303 1414 2337 operibus
1436 2302 1662 2337 dispensaremus,
1685 2303 1739 2337 jam
1766 2303 1838 2329 nullo

1047 2355 1114 2382 opus
1137 2353 1207 2376 esset
1229 2356 1262 2375 ex
1281 2348 1389 2384 jejuniis
1411 2349 1574 2383 adjumeuto.
1601 2348 1653 2376 Sed
1677 2349 1738 2383 quia
1754 2349 1838 2382 negli-

1047 2402 1111 2429 gens
1134 2399 1177 2422 est
1188 2395 1302 2422 ltumana
1321 2400 1434 2427 natura,
1452 2400 1478 2422 et
1498 2395 1599 2422 deliciis
1617 2395 1729 2429 gaudet,
1758 2399 1784 2422 et
1796 2401 1835 2420 re»

1048 2441 1195 2468 laxatioues
1208 2442 1302 2476 quaerit
1316 2450 1323 2468 :
1338 2441 1437 2468 idcirco
1450 2446 1583 2475 tamquam
1597 2439 1629 2466 ad
1643 2447 1762 2469 amorem
1775 2447 1824 2473 pro

1048 2486 1080 2513 lis
1095 2493 1242 2520 propensus
1256 2490 1329 2520 pater
1339 2486 1459 2521 clemens
1471 2485 1597 2512 Dominus
1610 2484 1677 2511 hanc
1692 2492 1724 2511 ex
1737 2483 1839 2518 jejunio

1048 2532 1206 2559 tnedicinatn
1220 2532 1386 2566 excogitavit,
1404 2535 1432 2558 ut
1446 2535 1472 2557 et
1484 2530 1594 2557 delicata
1610 2537 1624 2556 c
1643 2529 1730 2556 tuedio
1742 2530 1838 2556 tollati—

1049 2582 1091 2605 tur
1104 2583 1131 2606 et
1141 2578 1308 2605 smcularium
1321 2584 1411 2604 curam
1421 2576 1453 2603 ad
1468 2575 1615 2610 spiritualia
1629 2583 1710 2610 opera
1721 2575 1837 2602 transfe‘

1048 2632 1147 2652 ramus.
1161 2624 1190 2652 Si
1201 2624 1280 2659 igitur
1290 2628 1352 2651 sunt
1367 2622 1447 2657 aliqui
1462 2625 1617 2657 przeseutes,
1634 2629 1702 2656 quos
1715 2622 1838 2655 corporis

1047 2676 1119 2698 vetat
1130 2670 1270 2697 inﬁrmitas
1279 2669 1385 2704 jejunos
1399 2673 1424 2695 ct
1442 2667 1591 2703 imprausos
1613 2674 1780 2705 permanere.
1792 2671 1838 2692 eos

1047 2715 1141 2743 hortor
1163 2719 1190 2743 ut
1203 2714 1322 2750 corporis
1339 2713 1519 2741 inﬁrmitatem
1542 2717 1647 2746 curent,
1661 2717 1688 2740 et
1708 2711 1837 2747 spirituali

1065 2795 1089 2829 _*
1108 2796 1255 2829 sic‘omnes,
1268 2797 1357 2824 prazter
1369 2793 1449 2819 Morel.
1462 2793 1503 2825 qui
1520 2791 1604 2823 habet.
1625 2791 1749 2818 libidinum
1768 2789 1839 2816 laut-

1048 2828 1105 2854 ναις,
1118 2831 1196 2850 minus
1208 2828 1285 2850 recte.

1802 2893 1816 2901 η
1839 2898 1841 2901 .
