2066 3126
225 147 259 175 83
595 144 622 172 S.
643 144 779 174 JO.\.\'NIS
790 142 1025 172 CIIRYSOSTOMI
1045 142 1204 170 ARCIIIEP.
1224 141 1486 170 CONS'I‘ANTINOI":
1821 143 1855 172 84

223 205 273 231 liac
283 202 403 230 doctrina
418 209 470 229 non
489 201 575 229 solum
591 208 643 228 non
662 201 810 236 priventur,
824 201 871 228 sed
879 205 907 228 et
917 200 1006 236 pransi

223 250 282 284 plus
296 248 440 276 exhibeant
450 248 540 275 studii.

258 295 286 321 '2.
304 293 358 321 Via:
385 293 490 321 diversa:
517 293 608 329 quibus
635 294 682 320 Dei
702 293 870 320 benevolentia
903 292 1014 327 acquiri-

221 346 272 367 tur.
288 355 324 360 -—
336 340 402 368 Sunt.
417 339 499 372 enim,
521 344 583 366 sunt
598 339 719 374 profecto
731 339 781 366 viae
804 339 899 374 quibus
914 338 1015 366 ﬁduciae

220 388 253 414 ad
272 387 353 415 Deum
365 387 453 422 januze
463 387 559 421 aperiri
575 391 696 420 possunt,
713 386 798 413 multo
810 385 925 420 majores
935 392 1014 419 quam

222 434 343 461 ciborum
356 433 526 460 abstinentia.
544 432 623 467 Igitur
636 432 680 466 qui
699 431 787 458 cibum
801 431 897 465 accipit
908 429 1015 464 etjeju-

223 487 288 506 nare
311 486 363 505 non
378 478 456 509 valet,
474 477 613 513 largiorem
629 477 674 504 dct
688 477 897 511 eleemosynam,
912 475 1016 503 ferven-

223 526 273 552 tiur
288 525 323 552 sit
338 525 364 552 in
379 524 510 559 precibus,
540 523 667 558 majorem
687 523 782 550 habeat
801 523 965 550 alacritatem
989 521 1015 548 iu

222 571 363 598 audiendis
371 570 467 598 divinis
480 569 604 605 eloquiis,
614 570 639 596 in
647 568 868 604 quibuscorporis
878 567 1017 594 inﬁrmitas

223 617 289 643 nihil
316 616 421 644 obstare
448 620 557 650 potest:
574 615 687 643 inimicis
707 613 912 646 reconcilietur,
936 619 1016 640 omne

223 661 313 689 odium
327 666 353 689 et
370 660 492 688 vindicta:
504 660 676 695 cupiditatem
695 667 728 687 ex
737 659 826 686 animo
844 658 972 686 eliminet.
988 657 1016 685 Si

224 708 281 734 luce
293 707 394 739 fecerit,
409 714 500 734 verum
518 706 648 741 jejunavit
658 705 798 741 jejunium,
825 704 896 740 quod
909 712 924 731 a
939 704 1016 732 nobis

227 753 394 788 potissimum
407 752 528 787 exposcit
537 752 675 780 Dominus.
686 751 829 786 Propterea
837 751 908 778 enim
922 749 992 777 hanc
1001 757 1016 777 a

224 799 292 825 cibis
304 798 491 826 abstinentiam
506 797 628 825 adhiberi
649 797 780 832 praecipit,
798 801 830 824 ut
849 795 1016 824 refrenantes

224 844 313 870 carnis
328 843 460 877 lascivias,
474 851 533 870 eam
544 843 735 878 obsequentem
746 841 889 870 reddamus
899 841 932 869 ad
940 849 1017 869 man-

224 889 285 916 data
301 888 349 916 Dei
362 888 506 923 implenda.
520 888 595 922 Quod
608 889 632 916 si
644 888 679 916 ob
694 887 878 915 inﬁrmitatem
896 887 1017 922 corporis

224 935 370 962 subsidium
382 935 442 967 hoe,
457 935 527 970 quod
536 934 667 970 jejunium
681 938 789 969 praestat
799 931 876 961 nobis
890 932 1017 960 adhibere

224 981 357 1014 nolumus,
371 986 398 1009 et
412 981 521 1008 desidia:
535 980 681 1008 deditiores
695 987 798 1012 sumus,
811 979 926 1007 maxima
940 978 1017 1006 nobis

224 1027 290 1061 ipsis
301 1026 397 1053 damna
411 1026 594 1061 imprudentes
605 1026 750 1054 aﬁ‘erimus.
762 1024 828 1052 Nam
840 1025 863 1052 si
872 1024 1013 1059 jejunium,

224 1072 379 1099 absentibus
392 1072 451 1100 aliis
464 1071 597 1107 przcdictis
611 1072 748 1107 operibus,
762 1070 829 1098 nihil
847 1070 923 1098 nobis
937 1069 1017 1105 prod-

224 1122 277 1152 est,
293 1119 377 1146 multo
395 1119 489 1154 magis,
502 1119 526 1146 si
540 1119 704 1154 cumjejunii
727 1118 872 1153 pharmace
896 1118 934 1144 uti
961 1124 1015 1144 non

224 1164 377 1198 possimus,
406 1164 555 1199 graviorem
590 1164 777 1199 negligentiam
806 1162 1013 1191 exhibuerimus.

225 1209 289 1236 Hinc
300 1214 390 1237 autem
403 1217 463 1237 cuin
476 1217 491 1236 a
506 1210 585 1238 nobis
606 1209 764 1243 didieeritis,
779 1217 887 1237 oramus
901 1217 961 1242 vos,
971 1209 1017 1244 qui

223 1255 345 1291 jejunare
357 1256 459 1289 valetis,
472 1260 502 1283 ut
512 1257 562 1291 ipsi
575 1261 702 1291 quantum
722 1257 854 1292 poteritis,
876 1257 974 1284 bonam
987 1261 1016 1284 et

226 1300 386 1328 laudabilem
399 1301 467 1328 hanc
476 1306 592 1329 vestram
599 1302 718 1336 augeatis
725 1302 901 1336 diligentiam.
916 1302 1017 1335 Quanto

225 1346 297 1373 enim
314 1353 431 1374 externus
452 1352 537 1374 uoster
551 1347 626 1374 homo
640 1348 821 1383 corrumpitur,
845 1352 915 1375 tanta
940 1348 1017 1375 inter-

225 1400 274 1418 nus
286 1397 422 1419 renovatur
434 1393 472 1425 (Ξ.
488 1393 548 1420 Cor.
564 1394 591 1420 ι.
604 1393 666 1429 Ill).
678 1393 812 1428 Jejunium
829 1393 899 1421 enirn
920 1401 1016 1428 corpus

225 1437 385 1472 comprimit,
398 1441 425 1465 et
439 1437 560 1465 lascivias
573 1438 739 1465 inordinatos
750 1438 878 1471 refrenat,
894 1439 1010 1466 animam

225 1486 315 1509 autem
332 1482 472 1509 clariorem
487 1483 578 1516 efﬁcit,
594 1483 645 1510 alis
659 1484 766 1510 instruit
780 1488 807 1510 et
821 1483 964 1511 sublimem
977 1484 1016 1511 le-

225 1535 339 1562 vemque
364 1527 435 1554 facit.
451 1528 559 1555 Fratres
573 1536 682 1564 quoque
702 1533 815 1562 vestros,
839 1533 969 1564 quotquot
982 1529 1016 1556 ob

225 1573 345 1608 corporis
356 1573 533 1601 valetudinem
542 1573 663 1608 jejunare
672 1579 815 1609 nequeunt,
827 1574 1014 1608 exhorteniini,

227 1625 261 1646 ne
281 1618 445 1653 spiritttalem
462 1619 529 1646 lianc
544 1627 664 1646 mensam
685 1619 847 1654 relinquant,
860 1625 887 1647 et
902 1619 935 1647 ad
957 1620 1016 1647 illos

219 1663 323 1695 referte
335 1672 394 1698 qua:
406 1672 422 1691 a
444 1664 521 1691 nobis
541 1664 689 1692 didiceritis
702 1685 709 1698 ,
732 1665 878 1693 indicantes
891 1673 950 1693 cum
971 1666 1016 1700 qui

227 1708 363 1735 moderate
377 1708 493 1735 comedit
505 1712 533 1736 et
543 1708 609 1736 bibit
622 1717 675 1736 non
694 1709 829 1744 indignum
843 1709 894 1738 hoc
913 1710 1016 1738 audito-

227 1754 268 1780 rio
276 1761 345 1786 esse,
360 1754 406 1781 sed
414 1762 475 1782 eum
483 1755 528 1788 qui
547 1754 625 1782 deses
636 1759 663 1782 et
675 1755 818 1783 dissolutus
831 1755 876 1783 sit.
892 1755 927 1784 Et
936 1756 1015 1785 dicite

225 1799 265 1826 eis
277 1799 284 1815 '
298 1800 476 1834 apostolicum
487 1800 538 1828 hoc
558 1801 659 1828 dictum
676 1810 683 1827 :
697 1801 732 1828 Et
746 1802 789 1836 qui
798 1802 944 1835 mumincat,
959 1802 1014 1830 Do-

225 1844 294 1870 mino
317 1845 451 1872 manducet
479 1854 488 1872 :
509 1850 533 1872 et
545 1846 588 1881 qui
602 1854 652 1873 non
664 1846 810 1880 manducet,
833 1847 941 1875 Domino
963 1857 1014 1876 non

225 1890 371 1928 manducet,
386 1895 411 1917 et
433 1892 529 1926 gratias
542 1892 594 1927 agit
619 1891 671 1919 Deo
693 1891 780 1928 (Rom.
800 1893 842 1920 Η.
865 1894 910 1929 6).
936 1894 1014 1929 Igitur

224 1935 270 1970 qui
279 1935 391 1970 jejunat,
404 1937 502 1971 gratias
512 1937 566 1972 agit
582 1937 704 1970 Domino,
720 1938 764 1973 qui
781 1939 851 1966 vires
875 1939 899 1966 ei
922 1939 1014 1967 tribuit

225 1980 260 2007 ad
279 1980 407 2008 ferendos
425 1981 521 2016 jejunii
537 1982 643 2010 labores
660 1991 666 2009 :
689 1988 715 2010 et
730 1984 774 2018 qui
790 1984 938 2018 inanducat,
963 1986 1013 2012 ite-

225 2033 283 2053 rum
297 2027 395 2061 gratias
409 2026 466 2062 agit'
483 2027 547 2060 Deo,
563 2028 623 2063 quia
635 2028 661 2056 id
677 2029 742 2056 nihil
755 2030 840 2064 ipsum
853 2030 949 2058 laedere
966 2038 1013 2065 po-

223 2074 287 2103 test,
305 2071 445 2106 quominus
457 2072 554 2099 aniinie
575 2073 688 2100 salutem
699 2078 769 2109 agat,
781 2074 862 2101 modo
876 2075 949 2102 velit.
963 2075 1013 2102 Tot

223 2115 296 2142 enim
310 2116 386 2143 nobis
402 2116 457 2143 vias
483 2117 585 2151 paravit
605 2117 735 2152 benignus
760 2119 839 2150 Deus,
854 2125 920 2154 quot
935 2127 1013 2146 enar-

222 2168 284 2188 rare
301 2169 355 2188 non
369 2169 520 2196 possumus,
539 2170 587 2197 per
607 2171 688 2198 quas,
705 2164 728 2191 si
743 2164 917 2197 voluerimus,
937 2172 1012 2192 sum-

222 2214 295 2233 mam
314 2206 436 2234 fiduciam
455 2209 559 2242 assequi
580 2208 651 2235 licet.
672 2209 733 2236 Htec
759 2214 866 2244 propter
889 2211 1012 2238 absentes

223 2251 323 2279 dixisse
334 2252 366 2279 sit
381 2253 457 2285 satis,
473 2258 503 2280 ut
521 2253 629 2280 tollatur
650 2255 689 2281 eis
709 2255 819 2289 pudoris
834 2256 969 2288 obtentus,
986 2262 1013 2284 et

222 2297 332 2331 sciatur,
347 2305 398 2326 non
420 2303 545 2333 oportere
560 2304 668 2334 propter
683 2299 733 2327 hoc
748 2301 849 2335 pudore
875 2302 989 2329 sulfundi
1005 2313 1011 2330 :

221 2351 310 2379 neque
329 2345 399 2371 enim
422 2345 571 2373 comedisse
594 2345 726 2379 pudorem
751 2347 827 2374 nobis
853 2348 938 2382 affert,
964 2350 1011 2376 sed

221 2389 284 2417 mali
299 2390 433 2426 quidpiam
447 2391 543 2426 egisse.

258 2434 388 2470 Coniessio
401 2440 568 2471 peccatorum.
578 2436 756 2471 Temperantia
765 2438 798 2464 ad
810 2439 940 2466 sanitatem
948 2449 1010 2467 con-

221 2481 301 2516 ducit.
313 2496 349 2501 —
364 2481 503 2509 Peccatum
525 2490 619 2518 magna
634 2484 768 2518 turpitudo
781 2489 840 2512 est:
861 2486 882 2513 si
898 2486 948 2514 hoc
961 2488 1010 2515 ad-

222 2527 362 2560 mittimus,
378 2534 431 2554 non
444 2527 530 2555 solum
544 2529 700 2556 erubescere
713 2529 849 2563 debemus,
865 2532 911 2559 sed
922 2537 949 2559 et
962 2540 1009 2560 nos

217 2571 365 2604 occultare,
389 2576 417 2599 et
439 2571 551 2599 miseros
573 2572 661 2600 dicere
681 2581 730 2601 nos
754 2574 825 2609 ipsos
842 2583 895 2603 non
910 2577 1006 2611 minus,

219 2623 301 2650 quam
324 2617 368 2652 qui
382 2617 409 2644 in
424 2618 560 2652 scopulum
582 2619 766 2654 impegerunt:
782 2621 835 2649 imo
848 2630 932 2658 neque
948 2628 1009 2651 tunc

220 2661 388 2695 despondere
408 2662 525 2690 animum
536 2684 543 2697 ,
569 2664 615 2692 sed
628 2665 660 2692 ad
675 2665 868 2694 confessionem
878 2688 887 2702 ,
902 2672 928 2695 et
940 2669 1008 2695 resi-

221 2707 376 2741 piscentiam
398 2708 524 2737 festinare
545 2709 682 2738 debemus.
706 2711 861 2747 Hnjusmodi
883 2713 953 2740 enim
967 2718 1008 2741 est

221 2752 348 2780 Dominus
361 2759 462 2788 noster,
475 2754 519 2789 qui
531 2755 596 2783 nihil
609 2755 678 2784 aliud
694 2757 804 2792 requirit
816 2758 932 2785 admisso
944 2766 1006 2793 pec-

253 2820 264 2857 ιν
279 2821 337 2857 neg.
349 2827 419 2857 unus,
432 2820 564 2857 indicantes
572 2823 680 2857 fructum
690 2830 722 2848 ea:
740 2823 777 2857 bis
788 2823 936 2850 sermonibus
945 2824 1010 2850 acti-

219 2850 342 2883 putidum.
355 2854 382 2876 El
394 2851 464 2878 dicite
475 2853 517 2883 eis,
529 2850 624 2879 omissis
634 2855 790 2886 interpositis.

1069 203 1139 231 cato,
1153 199 1176 226 si
1193 197 1299 233 quando
1319 205 1365 232 per
1386 198 1519 233 ignaviam
1539 197 1706 233 deliquimus,
1729 206 1807 233 quam
1826 205 1858 227 ut

1069 249 1158 273 errata
1180 243 1363 276 conﬁteamur,
1389 251 1439 271 nec
1462 244 1530 271 ultra
1550 243 1759 279 progrediamur,
1773 245 1815 272 vel
1830 245 1858 273 in

1069 290 1161 318 eadem
1180 289 1338 317 recidamus.
1361 289 1492 317 Caeterum
1512 297 1573 316 cum
1595 289 1654 317 cibo
1669 294 1767 317 nostra:
1780 298 1858 318 nien-

1068 343 1138 363 surte
1161 335 1316 370 congruenti
1339 335 1454 368 utimur,
1482 343 1624 371 numquam
1646 335 1857 365 erubescamus:

1069 389 1131 409 nam
1146 381 1273 409 Dominus
1286 388 1334 409 nos
1346 381 1392 409 tali
1407 383 1511 416 corpori
1523 381 1678 417 conjunctos
1693 389 1753 409 esse
1765 382 1858 413 voluit.

1069 426 1140 462 quod
1150 427 1228 454 aliter
1239 427 1385 454 consistere
1398 427 1488 462 nequit
1501 427 1552 453 nisi
1566 427 1625 454 cibo
1637 432 1768 461 pascatur,
1779 427 1859 455 modo

1069 473 1157 500 cibum
1173 472 1282 500 nimium
1298 480 1331 500 ne
1343 479 1481 500 sumamus
1497 481 1503 499 :
1520 472 1546 500 id
1560 472 1630 506 quod
1645 472 1722 500 nobis
1734 472 1769 500 ad
1786 473 1860 500 sani~

1069 522 1150 546 tatem
1183 523 1210 546 ct
1234 519 1354 554 corporis
1384 519 1481 546 bonam
1508 518 1689 545 habitudinem
1718 518 1860 553 plurimum

1069 563 1202 592 conducit.
1220 565 1314 592 Annon
1327 563 1420 591 videtis
1434 563 1553 598 quotidie
1564 571 1597 591 ex
1610 563 1771 598 sumptuosis
1781 571 1860 591 men-

1069 611 1105 638 sis
1117 616 1143 638 et
1163 611 1304 638 immodica
1328 610 1442 646 ingluvie
1462 610 1563 637 inﬁnita
1585 610 1738 638 morborum
1762 617 1860 645 genera

1069 659 1177 687 induci?
1200 659 1274 687 Unde
1298 658 1439 694 podagrae?
1460 658 1533 686 Unde
1545 658 1639 693 capitis
1651 657 1776 685 dolores?
1791 656 1862 684 unde

1069 708 1254 738 corruptorum
1278 703 1419 731 humotum
1438 703 1617 730 abundantia?
1641 702 1710 729 unde
1729 701 1861 729 innumeri

1069 749 1114 776 alii
1125 749 1228 777 morbi?
1240 749 1333 776 Nonne
1346 749 1379 776 ab
1390 748 1594 784 intemperantia
1608 753 1634 775 et
1647 748 1769 783 largiore,
1781 755 1861 782 quam

1069 804 1117 831 par
1130 797 1175 830 sit,
1196 797 1249 824 vini
1273 796 1355 831 potu?
1375 796 1441 823 Nam
1463 796 1531 823 sieut
1555 796 1638 828 navis,
1662 803 1722 830 qua:
1734 794 1808 829 aquis
1825 794 1862 821 ita

1069 844 1204 880 impletur,
1218 848 1245 872 ut
1267 843 1399 871 exhauriri
1415 847 1537 878 nequeat,
1554 845 1643 870 statim
1663 841 1859 877 submergitur:

1069 889 1105 917 ita
1119 895 1146 917 et.
1161 890 1242 917 homo
1254 889 1359 925 quando
1373 889 1490 923 crapula:
1503 892 1530 915 et
1543 888 1664 915 ebrietati
1683 888 1798 921 seipsum
1812 886 1861 914 de-

1069 934 1147 968 didit,
1164 934 1189 962 in
1205 942 1323 969 praeceps
1336 933 1418 967 vadit,
1434 938 1462 961 et
1474 934 1602 961 rationem
1615 941 1689 960 suam
1703 932 1860 966 submergit,

1069 981 1183 1016 denique
1195 981 1266 1016 jacet
1286 981 1360 1016 quasi
1385 981 1472 1008 vivum
1487 980 1611 1012 cadaver,
1626 979 1658 1006 ad
1672 979 1741 1005 mala
1755 978 1862 1013 quidem

1069 1026 1203 1062 operanda
1228 1033 1299 1061 stepe
1320 1026 1425 1059 habilis,
1446 1025 1479 1052 ad
1494 1026 1564 1053 bona
1578 1029 1665 1053 autem
1678 1024 1767 1051 omnia
1778 1023 1861 1051 nihilo

1069 1079 1098 1100 se
1111 1072 1207 1100 melius
1226 1072 1338 1105 habens,
1353 1079 1432 1107 quam
1447 1072 1555 1099 mortui.

1106 1118 1133 1146 3.
1154 1117 1254 1146 Idcirco
1269 1118 1391 1150 obsecro,
1406 1123 1435 1145 ut
1447 1117 1591 1145 secundum
1612 1117 1718 1144 beatutn
1738 1116 1858 1148 Paulum,

1070 1163 1158 1191 Carnis
1178 1171 1266 1190 curam
1286 1173 1317 1191 ne
1338 1164 1418 1199 agatis
1433 1163 1466 1190 ad
1485 1163 1697 1199 concupiscentia;
1712 1162 1797 1198 (Rom.
1815 1162 1860 1189 I5.

1069 1210 1125 1245 H),
1138 1210 1186 1238 sed
1204 1214 1232 1237 ut
1252 1210 1357 1244 possitis
1382 1209 1537 1242 subsistere,
1559 1213 1586 1236 et
1606 1208 1700 1243 majori
1725 1207 1860 1235 alacritate

1068 1255 1147 1283 rebus
1171 1255 1350 1290 spiritualibus
1373 1262 1482 1290 operam
1497 1255 1571 1282 dare.
1592 1253 1656 1281 llme
1668 1253 1755 1280 omnia
1770 1253 1860 1280 fratri~

1068 1300 1118 1328 bus
1131 1301 1225 1328 vestris
1244 1301 1332 1334 dicite,
1349 1305 1374 1328 et
1390 1300 1499 1327 suadcte
1514 1299 1577 1332 illis,
1593 1307 1624 1326 ne
1639 1307 1761 1333 umquam
1779 1298 1859 1334 spiri-

1068 1345 1131 1373 tuali
1147 1345 1197 1373 hoe
1215 1346 1342 1373 alimento
1356 1353 1385 1373 se
1398 1345 1519 1380 privent;
1544 1344 1593 1372 sed
1612 1345 1660 1372 etsi
1684 1345 1772 1378 pransi
1793 1345 1859 1375 sint,

1069 1391 1175 1418 veniant
1189 1391 1261 1418 omni
1276 1398 1336 1418 cum
1349 1391 1495 1424 alacritate,
1510 1395 1539 1418 ut
1553 1395 1660 1426 accepta
1675 1390 1717 1417 hic
1728 1389 1860 1424 spirituali

1069 1437 1200 1470 doctrina,
1216 1437 1352 1465 diabolicis
1368 1437 1469 1464 insidiis
1489 1437 1591 1464 fortiter
1606 1437 1732 1464 resistere
1746 1437 1859 1471 possint.

1068 1483 1200 1511 Cmterum
1222 1483 1297 1510 vobis
1321 1488 1474 1511 consuetam
1497 1483 1661 1518 spiritualem
1678 1490 1795 1510 mensam
1811 1489 1861 1509 nos

1068 1536 1242 1564 apponamus,
1257 1529 1375 1556 caritatis
1389 1534 1484 1557 vestrze
1499 1529 1526 1556 in
1541 1529 1679 1556 audiendis
1691 1529 1789 1556 divinis
1803 1532 1860 1556 stu-

1068 1574 1139 1601 dium
1155 1574 1193 1601 sic
1213 1575 1417 1608 remuneraturi,
1432 1580 1457 1602 et
1473 1574 1590 1602 debitum
1606 1575 1675 1609 quod
1690 1574 1859 1609 promisimus

1067 1620 1224 1648 exsoluturi.
1248 1621 1326 1648 Scitis
1344 1621 1415 1648 enim
1438 1621 1556 1653 omnino,
1578 1625 1604 1648 et
1618 1619 1786 1652 meministis,
1809 1627 1859 1647 nns

1067 1665 1102 1693 de
1124 1665 1237 1693 hominis
1261 1665 1419 1694 formatione
1439 1667 1529 1694 dicere
1548 1666 1670 1701 cwpisse,
1693 1671 1720 1693 et
1738 1667 1860 1701 angustia
1888 1667 1891 1670 ’

1068 1712 1194 1747 temporis
1218 1712 1387 1747 praepeditus,
1409 1712 1548 1740 lectionem
1564 1717 1645 1739 totam
1663 1711 1788 1746 perﬁcere
1804 1719 1858 1738 non

1067 1758 1196 1791 valentes,
1219 1759 1245 1785 in
1270 1757 1390 1786 doctrina
1412 1757 1445 1784 de
1468 1757 1583 1786 ferarum
1599 1757 1710 1784 utilitate
1723 1757 1802 1784 linem
1817 1756 1856 1783 fe-

1066 1804 1147 1835 cisse,
1160 1803 1341 1836 ostendentes,
1365 1803 1499 1831 hominem
1522 1808 1629 1838 propter
1651 1802 1857 1830 inobedientiam

1066 1856 1081 1876 a
1096 1848 1254 1883 principatu,
1275 1856 1354 1883 quem
1379 1849 1452 1883 prius
1476 1855 1555 1883 super
1575 1855 1620 1875 eas
1639 1847 1761 1880 habebat,
1782 1848 1856 1875 exei-

1066 1894 1147 1921 (lisse.
1158 1893 1235 1921 Unde
1250 1893 1328 1921 hodie
1341 1895 1410 1928 quod
1421 1893 1551 1928 reliquum
1563 1898 1604 1920 est
1613 1894 1764 1926 reddemus,
1777 1897 1857 1927 atque

1066 1940 1101 1967 ita
1129 1939 1190 1966 hinc
1214 1945 1263 1966 vos
1288 1939 1462 1967 dtmittemus.
1488 1938 1522 1965 Et
1548 1942 1576 1966 ut
1601 1938 1764 1965 manifestior
1781 1938 1856 1964 vobis

1066 1993 1155 2013 sermo
1177 1989 1267 2012 noster
1289 1986 1333 2017 sit,
1356 1992 1444 2019 operte
1464 1984 1577 2020 pretium
1591 1984 1670 2011 fuerit
1691 1984 1852 2016 meminisse,

1066 2031 1110 2059 ubi
1130 2035 1193 2058 tunc
1212 2031 1322 2058 missum
1337 2031 1478 2058 fecerimus
1492 2039 1654 2062 sermonem,
1669 2035 1696 2057 ut
1710 2030 1770 2058 inde
1784 2029 1854 2057 facto

1066 2077 1150 2110 initio,
1172 2085 1230 2111 qua:
1244 2076 1344 2111 reliqua
1357 2081 1419 2104 sunt
1434 2077 1600 2111 impleamus.
1617 2076 1667 2104 Ubi
1681 2077 1759 2111 igitur
1773 2076 1854 2103 linem

1066 2122 1171 2150 dicendi
1186 2122 1316 2150 fecimus?
1330 2122 1394 2150 Cum
1406 2122 1520 2150 diximus
1534 2122 1567 2149 de
1581 2122 1631 2149 illis
1644 2122 1742 2153 verbis,
1759 2121 1853 2148 Facia-

1065 2175 1120 2196 mus
1146 2168 1270 2196 hominem
1288 2169 1423 2196 secundum
1437 2169 1571 2204 imaginth
1583 2174 1703 2201 nostram,
1720 2172 1744 2194 et
1763 2176 1854 2194 secun-

1066 2214 1126 2240 dum
1144 2214 1342 2246 similitudinem,
1364 2218 1387 2240 et
1409 2214 1567 2241 dominentur
1590 2214 1698 2248 piscibus
1719 2214 1804 2245 rixaris,
1829 2217 1853 2240 et

1065 2259 1205 2286 volucribus
1217 2259 1282 2291 cwli,
1299 2259 1358 2293 quia
1373 2263 1434 2286 tunc
1447 2266 1535 2286 sermo
1550 2259 1677 2293 prolixior
1692 2258 1749 2290 fuit,
1765 2263 1791 2285 et
1804 2266 1852 2285 na-

1065 2308 1119 2330 tum
1141 2308 1183 2331 est
1204 2304 1280 2331 nobis
1304 2304 1412 2339 pelagus
1430 2304 1561 2339 quoddam
1583 2304 1783 2335 sententiarum,
1803 2311 1852 2330 nec

1064 2356 1230 2382 concessum,
1247 2353 1276 2376 ut
1291 2349 1400 2376 ulterius
1416 2350 1645 2384 progrederemur,
1662 2349 1708 2377 sed
1723 2349 1853 2376 hactenus

1064 2394 1192 2429 producto
1211 2402 1344 2427 sermone,
1369 2394 1505 2430 sequentia
1527 2403 1579 2422 non
1606 2396 1750 2430 attigimus.
1776 2395 1852 2422 Unde

1063 2447 1133 2467 nunc
1153 2439 1341 2473 necessarium,
1364 2444 1392 2467 ul.
1410 2441 1511 2468 caritati
1524 2446 1618 2467 vestrm
1633 2448 1691 2474 quc
1707 2445 1852 2475 sequuntur

1062 2487 1192 2521 legantur,
1217 2491 1244 2513 ut
1264 2485 1331 2513 scire
1353 2486 1458 2520 possitis
1472 2494 1593 2521 quzeuam
1617 2486 1690 2512 vobis
1704 2486 1798 2513 dicturi
1813 2486 1850 2513 si<

1063 2539 1132 2559 mus.
1151 2531 1243 2558 Statim
1258 2532 1336 2566 igitur
1350 2531 1438 2558 divina
1453 2532 1587 2566 Scriptura
1607 2532 1721 2559 subdidit
1740 2541 1746 2560 ;
1759 2532 1802 2558 9.7.
1819 2531 1851 2558 Et

1062 2577 1119 2612 fecit
1128 2577 1195 2604 Deus
1206 2577 1341 2607 hominem;
1351 2577 1488 2604 secundum
1498 2578 1630 2612 imaginem
1643 2577 1690 2604 Dei
1699 2578 1754 2612 [erit
1767 2578 1849 2610 illum;

1062 2623 1201 2649 masculum
1223 2627 1246 2649 et
1261 2623 1379 2657 feminam
1393 2623 1451 2656 fecit
1463 2623 1530 2650 illos.
1546 2623 1591 2650 28.
1612 2622 1645 2649 Et
1659 2623 1783 2649 benedixit
1799 2623 1850 2649 illis

1062 2666 1130 2693 Deus
1156 2667 1240 2694 dicens
1256 2676 1264 2693 :
1284 2667 1393 2694 Crescite
1414 2673 1438 2695 et
1457 2667 1679 2703 multiplicamini,
1703 2673 1726 2694 ct
1749 2668 1852 2702 implele

1062 2718 1162 2744 terram,
1176 2718 1199 2739 et
1211 2713 1372 2740 dominamini
1385 2714 1418 2746 ei;
1432 2718 1455 2741 et
1465 2714 1627 2740 dominamini
1642 2714 1750 2748 piscibus
1762 2713 1849 2746 maris,

1060 2764 1083 2785 et
1098 2759 1238 2786 volatilibus
1248 2759 1312 2793 mli,
1322 2764 1344 2786 et
1357 2760 1470 2786 omnibus
1476 2760 1613 2795 pecoribus,
1623 2766 1646 2786 et
1654 2760 1721 2786 omni
1733 2765 1814 2792 terrae,
1825 2767 1850 2786 ct

1060 2805 1174 2832 omnibus
1187 2806 1316 2840 reptilibus
1324 2807 1464 2840 repentibus
1479 2814 1554 2841 super
1568 2811 1670 2832 terram.
1688 2805 1772 2833 Pauca
1787 2810 1849 2833 sunt

1061 2850 1152 2885 verba,
1162 2851 1206 2878 sed
1216 2859 1324 2886 magnus
1339 2852 1490 2879 reconditus
1505 2852 1644 2880 thesaurus
1655 2851 1681 2879 in
1692 2857 1744 2879 tam
1757 2851 1848 2887 paucis
