2066 3126
141 171 177 200 85

142 227 242 256 verbis.
271 227 373 262 Spiritu
397 226 466 254 enim
488 225 599 260 loqttens
621 225 714 253 beatus
728 225 772 253 hic
793 226 932 261 propheta,

142 282 214 302 nunc
224 281 274 301 nos
288 280 384 300 arcana
397 271 518 307 quazdant
530 271 626 299 docere
637 272 702 298 vult.
717 272 781 298 Nam
797 277 934 306 postquam

141 320 221 351 dixit,
237 318 373 346 Faciamus
385 318 522 349 hominem,
537 323 563 345 et
581 318 731 349 consilium,
745 322 783 349 et,
800 323 828 345 ut
843 319 877 344 ita
892 318 935 345 di-

143 373 216 398 cant,
231 366 346 393 studium
361 364 481 392 adhibuit
493 365 611 392 omnium
633 365 736 399 Opifcx,
752 369 780 391 ut
792 364 842 392 hoc
857 365 934 392 selte-

144 417 216 440 mate
228 411 357 439 formandi
369 411 483 438 hominis
496 411 648 446 dignitatem
660 405 822 443 ostenderet,
836 416 862 438 et
873 416 935 438 ante

144 457 332 484 formationem
357 457 437 483 etiam
463 456 580 487 doceret,
608 461 734 491 quantum
760 456 935 490 principatum

145 503 284 530 formando
296 503 393 530 homini
405 502 514 530 daturus
525 507 605 530 esset.
618 503 707 537 Itaque
716 511 776 529 cum
785 503 868 529 dixit:
881 502 935 529 Fa-

143 549 242 574 ciamus
255 549 379 574 hatrtinem
399 548 536 574 secundum
558 548 692 583 imaginem
715 554 836 581 nostram,
860 553 936 574 etse-

143 594 258 620 cundum
270 593 471 625 similitudinem;
490 593 617 625 subdidit,
646 599 669 620 et
685 593 844 620 dominentur
859 594 936 627 pisci-

143 638 189 665 bus
217 639 304 665 maris.
322 639 387 665 Vide
405 639 539 674 quomodo
563 640 651 666 statim
666 639 700 666 ab
715 639 789 666 initio
811 640 936 667 latentem

144 685 222 712 uobis
246 685 400 712 thesaurum
429 685 603 712 demonstrat.
627 685 725 719 Spiritu
748 686 818 712 cnim
845 686 938 713 divino

144 731 258 765 loquens
281 731 422 766 propheta,
445 739 504 766 qum.
520 731 636 758 nondum
658 731 846 763 subsistebant,
862 732 937 766 quasi

145 776 316 803 subsistentia
331 781 357 802 et
372 775 440 803 facta
455 775 536 803 videt.
555 776 644 810 Quare
657 784 731 810 ergo,
747 776 799 808 dic,
814 776 936 810 obsecro,

146 827 177 849 ut
190 822 266 853 dixit,
283 821 419 849 Faciamus
434 823 570 855 hominem,
584 830 654 849 nunc
667 823 744 855 dixit,
756 823 789 849 Et
803 823 937 849 dominen-

147 868 204 893 tur!
215 866 349 894 Occultum
361 867 438 894 nobis
451 871 645 894 sacramentum
659 867 764 901 hicjam
775 875 938 901 consequen-

145 917 190 940 ter
201 912 326 939 declarat.
342 912 454 945 Quinam
475 912 660 939 dominentur?
679 912 797 939 Mulieris
815 912 939 939 videlicet

145 959 262 986 innuens
281 959 465 986 formationem
481 959 531 986 hoc
544 959 618 986 dixit.
635 959 715 986 Vides
727 959 860 994 quomodo
873 959 938 986 nihil

145 1004 217 1031 inest
230 1004 326 1031 divinis
339 1004 436 1031 Literis
451 1009 553 1032 temere
566 1010 591 1032 et
604 1005 703 1040 absque
713 1012 791 1032 causa
813 1005 937 1038 positum,

144 1049 280 1084 etiamque
301 1050 410 1077 verbum
433 1049 504 1084 quod
520 1049 657 1077 fortuitum
673 1050 754 1077 videri
770 1055 869 1085 posset,
883 1058 941 1077 ma-

144 1103 226 1130 guum
243 1095 396 1122 thesaurum
411 1096 437 1122 in
449 1103 479 1123 se
491 1095 619 1123 latentem
632 1096 760 1123 continet.

181 1142 208 1168 ι.
226 1141 261 1169 Et
271 1149 304 1168 ne
327 1142 451 1174 mireris,
472 1142 584 1176 dilecte,
609 1141 679 1177 quod
697 1142 798 1169 dictum
814 1146 864 1169 est.
880 1142 938 1169 Mos

144 1187 218 1214 enim
235 1187 277 1214 hic
289 1192 331 1214 est
345 1187 531 1222 prophetarum
544 1187 675 1219 omnium,
688 1187 722 1214 de
734 1186 850 1214 nondum
864 1187 940 1214 factis

145 1238 176 1260 ut
195 1233 230 1261 de
245 1233 322 1261 factis
335 1234 417 1269 loqui.
433 1234 500 1267 Quia
513 1235 585 1262 enim
601 1234 760 1261 mentalibus
771 1234 854 1261 oculis
867 1233 941 1261 vidc-

144 1279 212 1306 bant
230 1288 291 1315 qutc
315 1285 374 1315 post
397 1281 541 1307 multorum
563 1287 694 1307 annorum
713 1279 843 1307 curricula
863 1283 941 1306 erant

145 1327 237 1353 futura
249 1347 258 1359 ,
285 1327 383 1354 idcirco
395 1328 469 1363 quasi
485 1335 555 1355 nunc
575 1328 609 1355 ob
621 1327 712 1355 oculos
734 1327 819 1363 posita
837 1332 941 1362 specta-

144 1376 225 1412 rent,
253 1372 290 1399 ita
313 1377 407 1400 cuncta
427 1373 579 1400 narrabant.
606 1373 641 1400 Et.
659 1380 712 1408 quo
729 1372 870 1400 manifeste
890 1372 942 1401 hoc

145 1418 227 1450 scias,
241 1418 303 1445 audi
315 1418 422 1446 beatum
435 1419 562 1446 Davidem
576 1419 718 1451 dicentetn,
732 1423 759 1446 et
768 1423 830 1446 ante
841 1423 878 1446 tot
891 1427 942 1446 sa:-

145 1464 204 1491 cula
226 1465 415 1492 vaticinantem
429 1465 463 1492 de
482 1473 562 1492 cruce
574 1464 691 1498 Christi,
715 1470 742 1493 ct
756 1466 914 1493 clamantem
932 1475 940 1492 τ

146 1509 280 1537 Foderlnt
295 1519 384 1538 manus
397 1519 465 1538 meas
479 1517 501 1538 et
515 1512 589 1546 pedes
600 1520 668 1538 meos
680 1520 688 1543 ;
701 1516 728 1539 et
741 1512 852 1545 iterum,
867 1511 940 1538 Divi-

145 1562 232 1583 serunt
245 1557 390 1584 vestimenta
400 1565 454 1584 mea
466 1557 512 1584 sibi
527 1557 612 1593 (Psal.
625 1558 670 1584 2i.
688 1557 731 1584 Π.
746 1562 769 1584 el
789 1557 846 1593 19).
862 1557 941 1585 Vides

145 1602 282 1637 quomodo
294 1607 355 1637 post
367 1603 473 1637 longum
488 1608 593 1638 tempus
607 1603 706 1636 futura,
721 1603 794 1638 quasi
806 1603 860 1638 jam
872 1603 940 1630 facta

146 1650 292 1684 praedixit?
313 1650 357 1677 Sic
369 1654 396 1677 et
419 1650 512 1678 beatus
525 1650 568 1678 hic
584 1651 711 1685 propheta
728 1651 783 1685 jam
805 1650 941 1677 insinuans

146 1695 226 1723 nobis
240 1696 361 1723 mulieris
383 1697 567 1724 formationem
580 1717 588 1729 ,
611 1697 774 1732 muigmatice
790 1701 817 1724 et
827 1697 941 1724 obscure

146 1741 212 1768 dicit
231 1750 239 1768 :
264 1741 297 1768 Et
314 1742 474 1769 dominentur
493 1743 602 1777 piscibus
625 1742 712 1768 maris.
737 1741 771 1769 Et
784 1749 941 1776 progressus

146 1788 218 1814 ultra
235 1788 400 1815 manifestius
415 1789 515 1823 inquit,
537 1788 571 1814 Et
585 1788 643 1822 fecit
658 1786 726 1814 Deus
740 1788 884 1819 hominem;
902 1795 942 1814 se.

146 1833 258 1860 cundum
276 1834 410 1869 imaginem
422 1833 471 1860 Dei
489 1834 547 1868 fecit
568 1834 660 1866 illum;
673 1833 813 1860 masculum
831 1837 854 1858 et
865 1833 940 1868 femi-

147 1887 209 1906 nam
225 1880 283 1914 fecit
295 1880 363 1907 illos.
384 1879 572 1906 Animadverte
589 1884 686 1914 qttanta
702 1886 766 1906 usus
776 1883 816 1906 est
830 1885 940 1905 accura-

147 1925 234 1959 tione,
248 1926 330 1953 semel
343 1930 424 1960 atque
439 1926 534 1953 iterum
550 1925 619 1952 idem
635 1925 725 1953 dicens
735 1945 743 1958 ,
762 1929 790 1951 ut
803 1925 828 1951 in
843 1925 940 1952 menti-

142 1971 200 1999 bus
226 1971 377 1998 auditorum
392 1971 461 1999 bene
482 1970 575 2006 reponi
599 1971 702 2006 possint
724 1979 783 2006 qua:
806 1970 939 1998 dicuntur.

147 2018 206 2045 Nisi
227 2018 298 2045 enim
312 2018 363 2045 hoc
372 2018 396 2046 ei
411 2025 482 2045 cura!
498 2018 608 2051 fuisset,
625 2017 774 2045 sufficiebat
786 2017 891 2050 dicere,
908 2017 941 2044 Et

149 2064 210 2099 fecit
228 2063 298 2090 Deus
313 2063 438 2090 hominem
454 2071 462 2090 :
475 2063 522 2090 sed
538 2063 632 2090 iterum
648 2063 772 2097 apponit,
796 2062 941 2090 Secundum

147 2109 285 2144 imaginem
297 2108 346 2135 Dei
357 2109 417 2144 fecit
430 2109 513 2136 illum.
536 2108 678 2143 Postquam
692 2108 764 2135 enitn
784 2115 833 2135 nos
852 2108 942 2135 docuit

147 2161 197 2189 per
210 2154 397 2189 praecedentia,
410 2154 472 2189 quid
487 2154 538 2187 sit,
562 2153 707 2181 Secundum
724 2154 875 2188 imaginem,
892 2153 940 2181 de-

147 2207 204 2227 nuo
223 2207 255 2227 ea
276 2199 311 2227 de
333 2207 412 2227 causa
428 2200 470 2227 hic
489 2199 611 2228 eumdem
625 2200 721 2234 repetit
732 2207 900 2233 sermonem,
916 2204 942 2227 et

146 2245 233 2273 dicit:
249 2245 396 2273 Secundum
404 2246 539 2281 imaginem
554 2245 601 2272 Dei
613 2246 670 2280 fecit
681 2251 746 2272 eum.
758 2245 791 2271 Et
806 2249 834 2271 ul.
847 2253 881 2272 ne
893 2245 942 2271 itu-—

147 2291 295 2326 pudentetn
319 2291 425 2326 quidem
447 2291 610 2318 defensionis
633 2294 790 2324 prmtextum
810 2290 943 2324 relinquat

147 2337 278 2364 Ecclesiae
292 2337 414 2371 dogmata
438 2338 594 2372 impugnare
614 2336 781 2369 volentibus,
808 2336 941 2371 paululum

149 2390 309 2417 progressus
332 2383 401 2411 idem
426 2383 520 2411 iterum
537 2383 634 2415 docet,
651 2382 722 2417 quod
738 2383 798 2409 ideo
820 2382 942 2417 imaginis

147 2429 259 2456 nomine
273 2437 336 2456 usus
350 2430 393 2461 sit,
408 2430 477 2464 quod
492 2430 669 2464 imperaturus
684 2450 690 2461 ,
714 2434 741 2456 et
763 2429 812 2455 sub
827 2435 856 2455 se
868 2436 943 2455 crea-

149 2480 225 2501 turas
238 2482 332 2501 omnes
347 2474 483 2501 habiturus
496 2479 575 2502 esset.
591 2475 649 2502 Jam
667 2475 802 2501 videmnus
824 2474 886 2509 quid
900 2474 942 2500 di-

145 2525 185 2548 Cll
199 2530 206 2547 :
222 2520 256 2547 Et
266 2521 325 2555 fecit
340 2520 408 2548 Deus
426 2521 569 2554 hominem;
586 2521 722 2548 secundant
746 2521 880 2556 imaginem
894 2520 942 2546 Dei

147 2567 209 2600 fecit
224 2567 297 2593 illum
316 2575 327 2599 ;
341 2568 482 2593 masculum
499 2572 521 2594 et
536 2568 655 2603 feminam
668 2568 725 2602 fecit
736 2567 803 2594 illos.
821 2566 849 2593 Id
871 2566 942 2601 quod

145 2621 230 2648 supra
246 2613 437 2646 insinuaverat,
451 2613 552 2644 dicens,
569 2614 601 2640 Et
616 2614 784 2646 dominemur,
801 2613 843 2640 ltic
857 2612 942 2639 matti-

147 2661 243 2687 fcstius
260 2660 345 2692 dixit;
361 2660 473 2695 idipsum
495 2664 581 2687 tamen
601 2659 773 2688 reconditiori
796 2659 876 2686 ntodo
894 2667 942 2687 nos

147 2705 251 2732 docens
269 2715 275 2732 :
293 2705 411 2732 nondum
430 2705 502 2732 enim
519 2705 552 2733 de
571 2705 728 2733 formatione
739 2705 876 2739 docuerat,
894 2713 942 2733 ne-

147 2759 201 2785 que
220 2751 324 2779 dixerat
344 2752 416 2779 unde
436 2752 533 2779 mulier
554 2752 679 2786 producta
697 2761 703 2778 :
719 2752 861 2780 Masculum
876 2772 884 2785 ,
903 2753 943 2779 in-

147 2798 225 2832 quit,
246 2802 270 2824 et
283 2798 403 2833 feminam
425 2798 484 2833 fecit
503 2798 570 2824 illos.
591 2797 685 2825 Vidisti
700 2798 849 2833 quomodo,
871 2798 942 2833 quod

148 2843 268 2871 nondum
280 2843 380 2871 factum
391 2864 398 2877 ,
414 2844 489 2878 quasi
501 2845 556 2878 jam
572 2843 668 2871 factum
684 2844 822 2871 narravit?
844 2844 940 2879 Hujus-

147 2890 222 2918 tnodi
234 2895 296 2919 sunt
309 2890 379 2918 oculi
394 2890 545 2925 spirituales
560 2898 567 2917 :
582 2897 667 2925 ttequc
674 2891 745 2918 cuitu
759 2894 859 2918 tantum
874 2898 940 2925 pra:-

693 168 724 196 ΙΝ
744 169 820 197 CAP.
841 169 862 196 Ι.
883 168 1003 197 GENES.
1026 169 1142 199 ll0.\llL.
1163 171 1197 198 Χ.

946 2963 960 2970 ε

1746 173 1783 202 εσ

991 231 1061 253 stare
1085 233 1196 261 possunt
1214 229 1366 263 corporales
1382 229 1407 256 hi
1432 230 1512 262 oculi,
1527 231 1571 265 qui
1588 231 1698 259 visibilia
1720 240 1781 259 cer—

990 277 1066 303 nunt,
1078 277 1205 307 quantum
1215 273 1283 300 oculi
1297 274 1415 307 spiritus,
1429 275 1474 308 qui
1483 282 1513 302 ea
1525 284 1583 310 qua:
1595 284 1646 303 non
1657 277 1782 304 videntur

989 325 1076 352 neque
1096 318 1259 350 subsistunt,
1286 319 1378 346 vidcre
1398 325 1518 354 posumt.
1545 321 1623 355 Igitur
1645 326 1672 347 ut
1696 322 1780 350 dixit.

990 363 1135 390 Masculum
1155 369 1178 391 et
1190 366 1309 400 [emittant
1323 366 1380 400 [erit
1398 366 1465 397 illos,
1481 366 1556 400 quasi
1576 367 1680 399 utrique
1699 367 1780 394 henc-

990 409 1133 436 diclioncm
1145 410 1230 441 daret,
1245 410 1309 437 dicit
1324 420 1330 438 :
1347 411 1379 437 Et
1388 412 1511 438 benedixit
1526 412 1580 438 illis»
1593 412 1670 444 Deus,
1687 413 1780 445 dirutis,

990 454 1106 487 Crescite,
1121 459 1144 481 el
1159 455 1374 490 multiplicamini,
1391 462 1413 482 et
1426 457 1526 490 implete
1540 462 1633 483 tet‘tam
1643 477 1650 488 ,
1667 463 1690 484 et
1701 458 1781 483 domi-

989 500 1086 526 namini
1110 501 1165 531 illi,
1188 505 1211 527 et
1231 501 1350 534 imperata
1371 502 1480 536 piscibus
1507 503 1591 528 maris.
1610 503 1679 529 Ecce
1702 511 1780 537 quatit

989 547 1109 573 eminens
1122 547 1281 574 benedictio.
1301 547 1365 574 Nam
1382 548 1442 580 hoc,
1459 548 1575 579 (.‘rescile,
1590 555 1612 575 ct
1626 549 1781 582 multiplica-

990 594 1068 626 mini,
1085 598 1107 620 et
1120 594 1222 628 implete
1233 599 1343 624 terram,
1367 596 1445 621 etiatn
1459 595 1492 621 de
1506 595 1589 621 brutis
1603 595 1780 626 animalibus,

990 644 1017 666 ct
1032 639 1170 674 reptilibus
1182 639 1281 666 dictutn
1292 645 1334 666 est
1349 648 1356 665 :
1370 640 1417 667 sed
1429 661 1437 672 ,
1461 640 1631 666 Dominamini
1641 660 1648 672 ,
1663 645 1685 667 et
1702 641 1782 673 impe.

990 689 1058 715 rate.
1081 685 1113 712 de
1124 686 1181 712 viro
1194 691 1221 712 et
1238 686 1350 713 muliere
1371 686 1480 713 dictum.
1502 686 1568 713 Vide
1592 687 1780 721 benignitatem

992 731 1096 758 Domini
1113 741 1119 758 :
1134 736 1276 767 antequam
1298 733 1435 760 mulierem
1450 733 1577 767 producat
1594 752 1603 766 ,
1627 734 1780 767 participem

991 778 1061 804 illam
1076 778 1138 804 facit
1154 779 1274 814 imperii,
1286 783 1312 806 et
1326 779 1517 806 benedictionis
1531 778 1632 806 honore
1646 779 1780 813 dignatur.

992 823 1024 849 Et
1040 824 1173 856 intperate,
1189 825 1243 856 ait,
1258 825 1365 859 piscibus
1380 825 1467 857 maris,
1482 829 1504 851 el
1518 825 1658 851 volatilibus
1673 825 1726 851 (α’Ιί
1736 847 1743 856 ,
1759 830 1782 851 et

991 869 1106 895 omnibus
1118 870 1258 903 pecoribus,
1272 875 1294 896 et
1307 870 1427 896 universa:
1443 875 1525 903 terrm,
1540 875 1562 896 et
1575 870 1688 896 omnibus
1703 871 1781 904 repli-

991 914 1066 946 libus,
1077 922 1133 948 qua:
1142 920 1231 948 repunt
1244 923 1318 949 super
1332 920 1434 941 (errant.

1027 960 1054 987 5.
1069 960 1164 987 Vidisti
1178 961 1379 988 incuarrabilcm
1394 962 1569 995 potestatem?
1581 961 1667 988 vidisti
1682 961 1780 995 princi-

991 1011 1067 1041 patus
1078 1007 1308 1041 magnitudinem?
1321 1007 1409 1034 vidisti
1422 1007 1529 1034 condita
1543 1008 1630 1034 omnia
1644 1007 1694 1034 sub
1705 1007 1782 1041 httqu

991 1058 1148 1087 potestatem
1164 1053 1291 1080 redacta?
1304 1053 1374 1080 Nihil
1397 1054 1507 1088 posthac
1527 1053 1661 1080 mediocre
1683 1053 1716 1079 de
1740 1061 1782 1079 ra-

992 1099 1083 1126 tionali
1105 1099 1155 1126 hoc
1178 1099 1286 1126 animali
1309 1099 1481 1134 imagincris,
1504 1099 1550 1126 sed
1572 1099 1658 1133 cogita
1674 1098 1782 1126 honoris

992 1143 1216 1178 magnitudinem,
1238 1149 1264 1171 et
1275 1144 1378 1171 Domini
1391 1153 1452 1179 erga
1469 1145 1529 1171 illud
1546 1144 1756 1171 benevolentiam
1773 1165 1780 1174 ,

991 1189 1183 1223 obstupescens
1205 1190 1275 1216 illius
1297 1189 1453 1217 immensam
1473 1194 1499 1215 ct
1514 1189 1717 1216 inenarrabilcm
1732 1189 1779 1215 hc-

992 1235 1157 1269 nignitatem.
1171 1234 1216 1261 29.
1232 1234 1264 1260 Et
1278 1234 1341 1261 dixit
1356 1233 1424 1260 Deus
1436 1242 1444 1260 :
1458 1233 1525 1260 Ecce
1537 1234 1593 1260 dedi
1606 1233 1673 1260 nobis
1684 1241 1781 1260 omnem

993 1280 1094 1307 herbam
1115 1281 1238 1312 salivam,-
1259 1281 1385 1307 seminans
1406 1288 1487 1306 semen
1509 1279 1575 1314 quod
1592 1284 1627 1306 cst
1641 1287 1717 1313 super
1732 1284 1782 1306 ter-

991 1335 1047 1353 ram
1061 1334 1070 1353 :
1085 1331 1108 1353 et
1120 1334 1191 1352 omne
1204 1326 1310 1361 lignum,
1325 1326 1392 1360 qttod
1404 1325 1476 1352 habet
1490 1326 1515 1352 in
1529 1326 1609 1359 seipse
1620 1326 1728 1360 [rut-lum
1741 1333 1782 1351 sc-

993 1372 1067 1399 minis
1081 1372 1153 1398 sulivi
1165 1392 1172 1405 ,
1197 1372 1264 1398 vobis
1278 1372 1324 1398 erit
1336 1372 1362 1398 in
1376 1372 1458 1398 cibum
1470 1392 1478 1403 ,
1491 1371 1535 1398 50.
1554 1376 1577 1397 ct
1591 1371 1705 1397 omnibus
1723 1371 1783 1405 [erit

993 1423 1066 1445 teme
1077 1439 1085 1451 ,
1108 1423 1132 1445 el
1144 1418 1257 1444 omnibus
1269 1417 1411 1445 volatilibus
1424 1418 1480 1444 ειεΙί
1492 1438 1499 1449 ,
1528 1422 1551 1444 ει
1565 1417 1633 1444 omni
1647 1417 1729 1451 νει)ιὶιί
1744 1424 1777 1442 re-

993 1464 1061 1499 penti
1075 1472 1150 1499 super
1163 1469 1253 1490 terram
1263 1484 1271 1496 ,
1286 1464 1354 1498 quod
1367 1464 1438 1490 habet
1452 1464 1477 1489 in
1490 1463 1571 1497 seipse
1585 1463 1694 1488 animum
1708 1463 1764 1488 citu-
1773 1481 1781 1494 ,

993 1515 1016 1536 et
1028 1517 1126 1536 omnem
1142 1509 1242 1536 herbam
1253 1510 1355 1536 viridem
1368 1510 1394 1536 in
1409 1510 1500 1536 cibum.
1518 1509 1550 1535 Et
1574 1509 1667 1543 factum
1686 1513 1722 1534 est
1736 1509 1782 1534 ita.

993 1555 1060 1582 Vide
1070 1575 1077 1588 ,
1092 1555 1220 1587 obsecro,
1239 1555 1376 1583 carissime
1386 1575 1393 1586 .
1413 1554 1556 1582 verborum
1566 1554 1741 1589 diligentiam,
1757 1559 1783 1581 ct

993 1602 1152 1630 ineffabilem
1173 1603 1219 1630 Dei
1245 1602 1432 1637 benignitatem
1446 1623 1453 1635 ,
1472 1606 1547 1630 etne
1567 1601 1629 1637 quid
1651 1601 1782 1628 dictorum

992 1648 1148 1683 simpliciler
1171 1653 1322 1683 prietereas.
1346 1648 1378 1676 Et
1390 1649 1468 1681 dixit,
1490 1648 1592 1682 inquit,
1610 1646 1678 1674 Deus
1694 1655 1704 1673 :
1719 1646 1783 1673 Ecce

993 1694 1051 1721 dedi
1074 1694 1141 1721 vobis
1166 1703 1264 1721 omnem
1288 1694 1390 1721 herbam
1415 1695 1546 1721 salirent:
1565 1693 1639 1728 quasi
1662 1692 1696 1719 ad
1717 1692 1784 1719 duos

993 1747 1082 1766 sermo
1095 1739 1139 1772 sit,
1154 1739 1276 1774 quamvis
1287 1739 1404 1766 nondum
1415 1739 1526 1766 muliere
1534 1737 1669 1774 producta.
1683 1737 1783 1764 Deinde

993 1790 1021 1812 ut
1033 1785 1120 1812 diseas
1134 1785 1306 1812 excellentem
1322 1785 1380 1819 ejus
1391 1785 1536 1812 bonitatem
1553 1805 1560 1816 ,
1574 1784 1635 1811 vide
1649 1783 1783 1818 quomodo

992 1832 1153 1860 eminentem
1175 1832 1361 1868 benignitatem
1377 1852 1384 1864 .
1414 1836 1441 1859 et
1464 1831 1557 1858 miram
1583 1830 1782 1860 liberalitatem,

993 1887 1046 1906 non
1060 1879 1086 1906 in
1100 1880 1158 1906 viro
1173 1884 1197 1906 ct
1211 1879 1322 1906 muliere
1337 1878 1453 1906 nondum
1471 1878 1580 1905 formata
1595 1877 1680 1904 solum
1695 1876 1783 1903 decla-

992 1929 1043 1958 ret,
1060 1925 1106 1952 sed
1119 1929 1146 1952 et
1159 1925 1185 1952 in
1201 1925 1265 1959 ipsis
1275 1925 1368 1951 brutis.
1383 1923 1448 1951 Nam
1462 1928 1491 1950 ιιι
1505 1923 1570 1950 dixit
1584 1931 1590 1949 :
1613 1921 1686 1948 Vobis
1701 1922 1746 1947 erit
1757 1921 1782 1947 in

992 1971 1088 2004 cibum,
1105 1971 1228 2003 subdidit,
1242 1970 1276 1997 Et
1287 1970 1401 1997 omnibus
1416 1970 1498 1996 bestiis
1511 1974 1592 1996 ter-rte.
1607 1968 1673 1995 Vide
1686 1969 1780 1994 ilct‘ltm

991 2017 1071 2044 aliam
1086 2017 1210 2052 abyssum
1229 2015 1410 2050 benignitatis.
1435 2014 1491 2042 Non
1510 2014 1581 2042 enim
1596 2014 1680 2040 solum
1700 2013 1782 2039 brutis

992 2062 1155 2093 domesticis,
1171 2065 1198 2088 et
1211 2065 1302 2088 nostro
1314 2060 1372 2087 usui
1384 2059 1571 2092 servientibus,
1581 2058 1623 2085 vel
1636 2058 1668 2084 ad
1679 2057 1778 2088 cibum,

992 2109 1034 2136 Vel
1057 2108 1090 2135 ad
1114 2107 1308 2139 ministerium,
1332 2106 1380 2134 sed
1400 2110 1427 2132 et
1439 2105 1503 2132 feris
1515 2105 1661 2140 prospexit.
1684 2103 1782 2138 Ecquis

993 2161 1042 2189 pro
1055 2153 1181 2188 dignitate
1202 2153 1318 2187 attigerit
1337 2152 1491 2178 immensam
1514 2151 1590 2178 istam
1615 2148 1782 2177 bonitatem?

998 2199 1073 2226 Vobis
1085 2200 1130 2226 erit
1142 2200 1168 2225 iu
1181 2199 1280 2231 cibum,
1306 2197 1408 2233 inquit,
1430 2201 1453 2224 et
1467 2195 1580 2223 omnibus
1598 2195 1682 2222 bestiis
1694 2200 1781 2227 terrm,

993 2251 1016 2273 et
1031 2245 1146 2272 omnibus
1155 2244 1296 2272 volatilibus
1309 2243 1375 2276 cteli,
1392 2247 1415 2270 et
1425 2243 1492 2270 omni
1507 2242 1592 2277 reptili
1603 2241 1698 2276 repenti
1707 2248 1784 2274 super

993 2297 1096 2323 terram,
1112 2291 1179 2325 quod
1189 2291 1262 2317 habet
1275 2290 1301 2316 in
1311 2289 1441 2324 semetipso
1451 2289 1561 2314 animum
1575 2287 1639 2315 vitaz.
1652 2292 1673 2313 et
1685 2293 1783 2312 omnem

994 2337 1095 2364 herbam
1111 2336 1215 2363 viridem
1235 2336 1261 2362 in
1282 2335 1372 2361 cibum.
1395 2334 1486 2368 Magna
1502 2333 1605 2360 Domini
1621 2339 1682 2366 erga
1698 2330 1783 2357 homi-

995 2391 1056 2411 nem
1068 2404 1075 2417 ,
1100 2390 1178 2416 quem
1194 2381 1332 2413 condidit,
1357 2380 1506 2407 ostenditur
1521 2378 1694 2414 providentia.
1716 2376 1780 2404 Nam

994 2434 1133 2464 postquam
1149 2429 1234 2462 ipsum
1251 2427 1388 2462 produxit,
1405 2430 1432 2453 et
1453 2425 1539 2452 ontnis
1554 2429 1682 2451 creatura:
1696 2422 1780 2449 domi-

994 2475 1068 2502 nium
1084 2475 1133 2509 ipsi
1148 2473 1273 2505 tradidit;
1288 2477 1360 2499 utne
1375 2471 1463 2499 statim
1475 2471 1508 2498 ab
1517 2469 1779 2503 initiojumentorum

993 2519 1189 2548 multitudinem
1211 2518 1303 2545 videns
1318 2516 1477 2544 stomachari
1502 2515 1601 2549 possit,
1629 2513 1702 2547 quasi
1728 2520 1780 2541 non

994 2566 1126 2593 sufficeret
1140 2565 1173 2591 ad
1187 2563 1281 2591 alenda
1293 2567 1331 2590 tot
1343 2567 1370 2589 et
1386 2566 1457 2588 tanta
1470 2560 1593 2587 animalia
1608 2568 1614 2585 :
1630 2559 1783 2593 priusquam

994 2612 1028 2639 de
1050 2612 1100 2638 hoc
1121 2611 1163 2638 vel
1186 2611 1326 2645 cogitaret,
1347 2609 1431 2635 bonus
1450 2607 1518 2633 Dens
1533 2604 1719 2640 praeveniendo
1733 2604 1786 2631 dc-

994 2659 1190 2686 mulcenscum
1204 2677 1212 2688 ,
1226 2661 1254 2682 ut
1267 2656 1300 2682 ita
1315 2654 1400 2682 dicam
1412 2674 1418 2684 ,
1433 2657 1459 2679 et
1472 2651 1615 2678 ostendens
1628 2654 1680 2676 tam
1697 2650 1783 2684 ipsutn

994 2714 1072 2740 quam
1084 2705 1204 2739 jumenta
1217 2707 1244 2730 et
1254 2702 1330 2729 bruta
1343 2700 1432 2727 omnia
1441 2719 1450 2732 ,
1464 2702 1596 2733 prmcepto
1609 2696 1712 2724 Domini
1729 2704 1779 2722 om«

995 2759 1056 2778 nem
1073 2751 1175 2785 copiam
1189 2748 1220 2775 ad
1235 2748 1291 2774 lucc
1305 2745 1407 2778 alenda,
1424 2751 1492 2771 terra
1507 2741 1708 2778 suppeditante,
1723 2749 1784 2768 esse

994 2797 1145 2828 habituros,
1162 2798 1299 2829 postquam
1313 2792 1391 2824 dixit,
1414 2791 1471 2818 Erit
1485 2790 1554 2818 vobis
1566 2790 1592 2816 in
1606 2789 1708 2821 cibatu;
1721 2794 1780 2814 mox

994 2841 1139 2878 subiungit,
1156 2840 1188 2868 Et
1199 2838 1311 2867 omnibus
1323 2837 1407 2865 bestiis
1421 2842 1507 2871 teme,
1523 2841 1546 2863 et
1559 2834 1699 2864 volatilibus
1711 2833 1777 2866 cazli,

995 2895 1020 2918 ιι
1033 2888 1101 2917 omni
1117 2886 1199 2923 rcptili
1216 2885 1312 2921 repenti
1324 2892 1398 2920 super
1410 2887 1502 2912 terram
1512 2903 1520 2918 ,
1540 2882 1607 2918 quod
1619 2880 1691 2909 habet
1703 2881 1728 2907 itt
1740 2887 1780 2906 u-
