2066 3126
257 173 290 200 s7
611 167 638 194 S.
658 166 797 194 JOANNlS
816 163 1051 193 CHRYSOSTOMI
1070 163 1227 193 ARCIHEP.
1247 165 1514 195 CONSTANTINOP.
1851 173 1886 200 δε

256 227 360 261 mrtipso
374 226 484 252 animant
500 225 564 256 vim,
584 229 606 250 et
620 233 719 252 onmem
732 223 832 250 herbam
846 221 950 248 viridem
965 221 990 248 in
1005 220 1042 247 ci-

257 274 324 298 bunt.
346 269 378 296 Et
394 273 487 305 factum
499 274 533 296 est
546 270 590 296 ita.
613 269 706 296 Omnia
719 274 893 304 quacumque
907 266 1046 300 imperavit

257 317 397 349 Coltdilor,
410 316 510 351 inquit,
526 323 607 350 opere
622 314 738 349 perfecta
753 319 824 347 sunt,
837 318 863 340 et
877 313 965 340 omnia
980 319 1045 338 con-

257 363 361 398 gruenti
378 362 471 389 ordine
485 367 546 389 Sulll.
559 362 710 394 constituta,
725 365 866 395 propterea
879 359 967 387 statim
982 357 1046 385 sub-

257 409 294 434 dit
318 417 324 434 ί
341 409 385 436 51.
399 407 431 435 Ει
449 408 508 435 vidit
522 407 590 434 Deus
604 407 688 433 omnia
701 414 862 441 quacumque
872 405 939 439 fecit,
956 409 978 431 et
992 410 1047 429 ecce

257 455 321 481 bona
335 455 416 482 valde.

298 500 325 528 6.
340 501 404 535 Quis
420 508 468 536 pro
479 500 605 535 dignitate
619 498 731 526 laudarit
745 497 840 524 divimu
852 496 994 530 Scriptura:
1009 494 1049 521 di-

259 549 413 586 ligentiam?
431 549 498 576 Ecce
510 547 580 574 enim
592 551 618 573 et
633 546 676 573 hic
685 545 766 573 verbo
779 552 831 571 unt)
842 543 935 570 dicens
947 551 953 569 :
967 541 1000 569 Et
1014 542 1049 568 vi-

259 597 296 625 dit
322 595 391 622 Deus
413 594 499 622 omnia
521 600 682 628 quwcurnque
696 591 771 626 fecit,
792 590 906 624 linguam
931 587 1049 615 omnium

261 646 353 677 postea
368 639 551 668 contradicere
563 638 715 666 conantium
737 635 911 670 compescuit.
934 633 968 661 Et
990 633 1050 660 vidit

260 687 329 714 Deus
342 707 349 720 ,
368 686 470 721 inquit,
491 685 576 712 omnia
589 691 750 718 quwcumque
764 682 822 717 fecit
831 702 840 714 ,
860 686 882 708 et
895 685 965 709 erant
978 679 1051 706 valde

260 733 334 760 bona.
359 731 391 758 Et
409 731 477 766 [acta
495 736 529 757 est
543 738 661 765 uespera,
685 733 708 756 et
724 730 819 765 factum
832 731 869 754 est
888 735 961 753 mane
972 747 980 759 ,
997 726 1051 752 dies

259 782 354 805 sextus.
366 777 496 810 Quoniam
508 777 578 804 enim
591 776 625 804 de
635 783 791 810 unaquaque
802 777 923 801 creatura
935 772 1049 805 dicebat,

260 823 295 851 Et
307 823 369 850 vidit
389 823 459 851 Deus
472 823 538 858 quod
552 828 614 850 esset
628 824 719 849 bonum
732 829 742 848 :
755 828 824 848 nunc
845 819 949 855 quando
962 818 1051 845 omnia

259 870 391 904 completa
402 875 479 902 sunt,
494 874 521 896 et
533 869 584 896 dici
599 869 665 896 sexti
677 875 759 902 opera
777 866 856 893 ﬁnem
870 868 1051 900 acceperunt,

260 920 288 942 et
300 915 342 950 qui
355 915 485 942 creaturis
506 915 630 942 omnibus
656 914 784 941 fruiturus
809 917 885 944 erat,
908 910 1053 946 productus

261 965 303 988 est
315 981 323 993 ,
340 961 445 995 inquit:
463 960 495 987 Et
510 961 570 987 uidit
581 960 649 987 Deus
662 960 745 986 omnia
755 965 918 994 quaecumque
931 956 989 991 fecit
1001 976 1009 989 ,
1030 959 1053 982 et

262 1014 317 1033 erce
330 1006 402 1033 valde
416 1007 490 1034 bona.
505 1006 649 1034 Considera
662 1005 796 1040 quomodo
809 1007 946 1031 creaturas
959 1008 1053 1028 omnes

263 1052 313 1078 hoc
332 1053 425 1086 verbo,
439 1053 548 1085 Omnia,
572 1053 650 1079 simul
668 1052 841 1086 complexus,
861 1056 954 1077 omnes
975 1047 1053 1075 simul

261 1097 340 1125 laude
353 1102 529 1133 prosequutus
542 1102 593 1126 est.
609 1097 699 1132 Neque
713 1097 784 1124 enim
798 1101 824 1122 ut
838 1095 922 1126 dixit,
941 1094 1033 1120 Omnia
1045 1113 1053 1125 ,

261 1142 407 1172 Contentus
428 1144 476 1171 fuit
495 1152 528 1170 e0
550 1144 650 1176 verbo,
671 1143 719 1170 sed
734 1141 868 1174 subdidit,
886 1140 1055 1174 Quwcumque

264 1189 320 1224 fecit
336 1197 344 1215 :
358 1194 384 1217 ct
398 1197 483 1224 neque
498 1189 555 1216 [nec
575 1193 676 1216 tantum
690 1187 772 1220 dixit,
793 1186 841 1214 sed
856 1185 889 1212 Et
904 1193 959 1213 ecce
971 1185 1035 1211 bona
1045 1204 1054 1216 ,

263 1241 291 1263 et
308 1235 388 1262 Valde
400 1235 482 1268 bona,
506 1235 556 1262 hoc
570 1239 610 1262 est
622 1254 630 1268 ,
653 1233 794 1261 admodum
807 1233 887 1259 bona.
902 1231 982 1266 igitur
994 1237 1054 1256 cum

266 1283 393 1310 Dominus
405 1304 412 1315 ,
428 1283 471 1317 qui
489 1290 531 1309 res
548 1289 581 1309 ex
596 1280 680 1308 nihilo
696 1285 723 1307 ut
736 1283 826 1307 essent
846 1277 988 1313 produxit,
1009 1283 1055 1303 eas

265 1329 341 1356 valde
354 1329 437 1355 bonas
450 1350 456 1360 ,
480 1333 507 1356 et
521 1327 663 1355 admodum
684 1326 767 1353 bonas
782 1325 861 1357 dicit,
878 1324 936 1359 quis
950 1323 1055 1351 etiarnsi

266 1374 366 1402 insania
382 1375 416 1401 sit
429 1374 532 1409 plenus,
547 1374 589 1401 vel
600 1380 630 1400 os
643 1372 757 1407 aperire,
772 1376 799 1398 et
810 1369 994 1398 contradicere
1010 1369 1054 1395 ltci

266 1419 354 1446 verbis
379 1419 493 1446 audeat?
507 1419 636 1453 Quoniam
650 1418 721 1445 enim
739 1419 764 1444 in
777 1416 926 1443 visibilibus
945 1423 997 1441 non
1011 1421 1054 1440 so-

267 1465 320 1492 lum
335 1465 379 1492 lux
393 1471 481 1492 creata
493 1470 534 1492 est
544 1486 551 1496 ,
565 1465 610 1491 sed
626 1469 653 1491 et
667 1463 782 1490 tenebrae
795 1461 916 1489 adversa:
938 1460 988 1487 luci
999 1480 1007 1493 ,
1028 1464 1056 1486 ct

266 1519 320 1538 nun
336 1512 421 1538 solum
437 1512 493 1539 dies
505 1533 512 1544 ,
529 1512 575 1538 sed
587 1515 614 1538 et
628 1518 679 1537 nox
690 1509 822 1537 contraria
837 1508 888 1535 diei
901 1516 908 1540 ;
929 1512 956 1534 et
970 1507 996 1534 in
1011 1515 1055 1533 sc-

267 1558 382 1585 minibus
394 1566 452 1592 qua:
473 1565 504 1584 ex
516 1562 586 1584 terra
599 1560 761 1588 nascuntur,
783 1563 837 1582 non
858 1554 943 1581 soloin
965 1553 1056 1580 herba:

268 1604 356 1635 utiles,
374 1603 419 1630 sed
435 1608 462 1630 et
485 1603 651 1637 perniciosae,
668 1606 695 1629 et
710 1602 819 1628 arbores
834 1608 885 1626 non
899 1599 984 1626 solum
1000 1598 1056 1624 fru-

268 1653 379 1682 ctuosa,
400 1648 447 1676 sed
467 1653 493 1676 et
509 1647 678 1675 infructuosa:
690 1668 698 1679 ,
720 1651 748 1675 et
766 1646 889 1673 animalia
906 1652 958 1671 non
971 1643 1055 1670 solum

268 1700 423 1728 mansueta,
439 1694 485 1722 sed
501 1699 528 1721 et
550 1694 688 1729 sylvestria
703 1697 731 1721 et
744 1692 910 1724 truculenta;
931 1694 958 1717 et
984 1689 1008 1716 in
1025 1689 1057 1716 iis

268 1749 327 1775 qum
347 1749 422 1776 aquas
443 1740 641 1775 produxerunt,
666 1747 719 1766 non
739 1739 824 1765 solutn
843 1737 946 1772 pisces,
970 1735 1015 1763 sed
1031 1739 1058 1761 et

268 1792 336 1814 cete.
354 1791 382 1814 et
393 1787 451 1813 alia:
465 1786 574 1814 marina:
589 1786 683 1814 bellum
695 1793 702 1817 ;
718 1789 745 1811 et
759 1789 828 1811 terra
842 1790 894 1809 non
907 1781 992 1808 solum
1009 1780 1057 1807 ha-

270 1832 402 1865 bitabilis,
430 1832 475 1859 sed
496 1837 523 1859 et
543 1831 742 1862 inhabitabilis;
766 1835 793 1858 et
811 1836 864 1856 non
883 1828 968 1855 solum
989 1827 1058 1861 plani

270 1879 355 1912 campi
369 1899 376 1911 ,
400 1879 446 1905 sed
469 1879 548 1905 etiam
565 1883 668 1904 Inoutes
691 1882 718 1904 et
738 1876 838 1908 colles;
854 1879 881 1902 et
896 1875 964 1901 inter
977 1880 1039 1900 aves
1050 1893 1058 1905 ,

270 1930 323 1950 non
337 1923 422 1950 solum
436 1923 599 1956 domesticae,
612 1929 639 1950 et
651 1922 684 1949 ad
696 1922 782 1949 cibum
794 1925 872 1956 aptae,
888 1919 934 1947 Sed
947 1924 973 1946 et
985 1919 1057 1952 ferae,

269 1974 296 1996 ct
311 1969 469 2002 immundae,
495 1974 523 1996 et
547 1969 639 2000 milvi,
661 1972 688 1995 et
700 1967 831 1998 vultures,
856 1970 883 1994 et
896 1965 947 1992 alia
963 1964 1059 1991 similia

270 2016 371 2047 multa;
387 2020 515 2050 praetcrea
530 2015 555 2041 in
570 2014 603 2041 iis
617 2022 676 2049 quae
691 2019 760 2041 terra
773 2012 883 2047 profert,
895 2019 947 2039 non
957 2015 1058 2038 tantum

271 2064 410 2088 mansueta
423 2065 450 2088 et
463 2060 570 2087 innoxia
584 2060 707 2088 animalia
720 2080 727 2092 ,
750 2059 796 2086 sed
814 2063 841 2086 et
853 2062 991 2092 serpentes
1003 2076 1010 2089 ,
1034 2060 1061 2084 et

271 2107 379 2141 viperae,
396 2111 423 2134 et
435 2106 580 2138 dracones,
595 2111 622 2134 ct
636 2107 726 2133 leones
736 2126 744 2139 ,
762 2110 789 2133 et
803 2105 877 2140 pardi
891 2113 897 2136 ;
921 2109 947 2132 et
957 2104 983 2130 in
999 2110 1060 2130 acre

271 2161 324 2180 non
338 2153 422 2180 solun]
439 2153 532 2187 pluvia:
547 2158 572 2180 et
588 2154 658 2180 venti
674 2152 762 2184 utiles,
778 2151 825 2179 sed
839 2156 866 2178 et
879 2149 1020 2186 grandines
1034 2153 1061 2177 et

271 2199 350 2226 nives
363 2207 370 2231 ;
390 2203 417 2225 et
434 2198 456 2225 si
471 2199 529 2232 quis
543 2198 647 2232 singula
661 2202 821 2232 pertractare
832 2197 895 2224 velit
907 2217 914 2229 ,
937 2196 1020 2224 multa
1035 2196 1061 2223 in

274 2251 432 2278 unaquaque
442 2248 624 2270 creaturarum
636 2243 761 2276 inveniet,
774 2251 833 2278 quae
847 2251 899 2270 non
910 2243 997 2270 solum
1009 2250 1061 2269 non

272 2289 346 2316 utilia
359 2309 366 2322 ,
387 2289 434 2317 sed
449 2293 477 2317 et
489 2290 617 2317 damnosa
635 2289 841 2317 existimentur:
862 2289 921 2316 ideo
943 2294 971 2316 ut
997 2289 1061 2316 nulli

272 2335 383 2369 posthac
398 2335 476 2362 liceat
489 2339 625 2362 creaturas
635 2335 787 2370 respicienti
797 2335 900 2370 opilieia
914 2335 1062 2369 vituperare

271 2389 303 2408 ac
317 2381 406 2409 dicere
422 2391 429 2408 :
444 2381 531 2415 Quare
551 2381 601 2408 hoc
612 2402 620 2415 ,
641 2386 670 2408 et
692 2381 726 2408 ad
739 2381 803 2416 quid
817 2381 887 2408 istud
900 2382 910 2407 ?
924 2381 975 2408 hoc
995 2381 1061 2408 bene

273 2428 371 2455 factum
385 2433 441 2462 est,
455 2427 507 2455 hoc
518 2435 570 2455 non
584 2428 654 2455 bene
668 2436 674 2454 :
692 2427 753 2455 ideo
765 2435 839 2454 sacra
853 2427 987 2462 Scriptura
1006 2435 1064 2454 om-

274 2482 321 2502 nes
331 2496 338 2508 ,
355 2479 384 2502 ut
399 2475 434 2501 ita
447 2474 532 2502 dicam
541 2495 550 2507 ,
577 2475 679 2509 ingrate
693 2474 801 2509 obloqui
814 2474 941 2502 audentes
954 2481 1062 2508 compe-

272 2528 362 2554 scens,
379 2524 453 2547 sexto
468 2520 512 2548 die
526 2520 655 2547 absolutis
667 2521 796 2548 creaturis
810 2520 942 2553 omnibus,
955 2520 1039 2555 inquit
1054 2529 1061 2547 :

273 2567 306 2593 Et
328 2567 388 2593 uidit
409 2565 479 2594 Deus
496 2567 580 2593 omnia
596 2575 758 2602 quwcumquc
779 2568 856 2602 fecit,
875 2573 898 2594 et
922 2576 977 2594 ecce
990 2567 1062 2594 valde

272 2613 347 2638 bona.
371 2612 438 2646 Quid
454 2613 532 2648 igitur
544 2634 551 2646 ,
566 2613 677 2641 obsecro
688 2635 695 2647 ,
712 2622 759 2649 par
771 2614 851 2642 fuerit
869 2619 921 2641 tam
941 2613 1062 2642 ﬁdelibus

273 2659 431 2687 testimoniis
441 2681 448 2692 ,
460 2660 565 2694 quando
578 2661 634 2696 ipse
649 2661 758 2689 Creator
775 2661 933 2689 sententiam
954 2661 1020 2694 fert,
1035 2665 1063 2688 et

274 2705 356 2739 dicit,
372 2707 460 2734 omnia
474 2715 648 2744 quaecumque
661 2709 729 2737 facta
752 2714 813 2737 sunt
826 2730 832 2742 ,
857 2709 926 2736 bona
941 2716 1000 2736 esse
1012 2729 1019 2741 ,
1035 2713 1062 2736 et

273 2752 350 2780 valde
360 2752 450 2780 bona?
464 2754 594 2787 Quocirca
608 2763 668 2782 eum
684 2755 783 2783 videris
798 2756 912 2790 aliquem
923 2777 929 2789 ,
948 2755 993 2790 qui
1007 2755 1063 2782 suis

271 2799 418 2827 ratiociniis
431 2805 528 2834 motus,
544 2801 652 2836 obloqui
673 2801 769 2829 divinae
793 2801 937 2837 Scriptura:
949 2801 1062 2834 audeat,

272 2853 333 2873 cum
345 2848 420 2882 quasi
432 2847 553 2875 insanum
566 2855 708 2880 aversare;
725 2848 779 2874 imo
791 2855 824 2875 ne
844 2848 993 2880 averseris;
1015 2847 1062 2875 sed

281 2893 396 2921 aisertus
410 2893 565 2928 ignorantia:
589 2893 646 2928 ejus
657 2913 664 2927 ,
686 2892 786 2928 produc
800 2893 826 2922 id
841 2893 912 2929 quod
925 2893 962 2921 ait
973 2893 1061 2922 divina

1097 220 1232 255 Scriptura
1245 242 1252 254 ,
1269 227 1295 249 et
1308 222 1359 256 dic,
1377 223 1443 250 Vidit
1457 224 1525 252 Deus
1540 226 1623 253 omnia
1633 235 1794 263 quwcumque
1809 231 1895 265 {t-ctt-,_

1099 272 1125 294 et
1139 267 1214 299 dixit,
1232 268 1297 295 Ecce
1310 269 1383 296 ualde
1397 269 1461 296 bona
1473 278 1483 302 ,'
1503 275 1529 298 ct
1543 272 1661 300 fortassis
1677 273 1830 301 indomitam
1855 276 1887 302 il-

1099 313 1150 339 lius
1169 313 1283 348 linguam
1306 315 1443 343 continere
1465 318 1573 352 poteris.
1600 317 1665 345 Nam
1681 319 1742 345 siin
1766 319 1889 347 lnnnanis

1099 360 1179 386 rebus
1192 367 1251 387 cum
1266 361 1386 388 videmus
1400 363 1463 390 viris
1482 363 1638 397 quibusdam
1659 366 1830 399 optimatibus
1857 375 1901 393 ea,

1100 412 1158 439 qua:
1173 405 1239 433 fiunt
1254 407 1359 440 probari
1373 428 1379 439 ,
1407 408 1509 435 calculo
1528 410 1631 437 illorum
1649 418 1702 438 non
1716 412 1868 440 obsistimus
1879 433 1901 446 ,.

1100 449 1146 477 sed
1161 451 1354 485 adstipulamur
1364 472 1372 485 ,
1397 457 1424 479 et
1437 453 1542 480 illorum
1558 456 1714 486 sententiam
1729 458 1835 492 proprio
1845 458 1888 492 ju«

1100 495 1170 522 dicio
1185 496 1351 530 prteferimus
1366 506 1371 523 :
1394 498 1476 525 multo
1489 499 1572 534 magis
1584 507 1645 535 erga
1670 501 1752 529 Deum
1772 503 1890 530 omnium

1101 541 1244 569 visibilium
1258 542 1379 577 opificem
1403 543 1437 570 ita
1452 551 1500 571 nos
1514 552 1607 578 gerere
1625 546 1721 579 decet;
1736 551 1763 574 et
1776 555 1836 574 cum
1851 547 1893 574 di-

1102 587 1246 616 dicerimus
1265 589 1323 624 ejus
1344 591 1520 625 sententiam,
1545 598 1634 620 nostra
1655 595 1832 629 comprimere
1850 603 1893 623 ra-

1103 634 1209 661 tiocinia
1222 655 1228 667 ,
1252 642 1339 670 neque
1363 636 1461 671 aliquid
1486 638 1554 665 ultra
1566 638 1692 674 aggredi;
1714 639 1761 667 sed
1782 640 1851 668 scire
1865 647 1894 668 et

1102 688 1258 716 persuasum
1274 681 1372 710 habere
1384 703 1392 716 ,
1415 683 1504 710 omnia
1524 685 1627 712 ratione
1646 685 1759 720 quadam
1774 707 1782 720 ,
1806 691 1833 714 et
1845 695 1895 722 pro

1102 727 1265 763 benignitate
1278 736 1335 762 sua,
1350 729 1383 756 ab
1399 729 1456 764 ipso
1469 730 1598 765 producta
1613 730 1705 766 fuisse,
1720 732 1840 767 nihilque
1853 739 1895 760 te-

1103 781 1177 802 mere
1191 778 1218 802 et
1231 775 1289 802 sine
1303 782 1382 802 causa
1392 775 1490 803 factum
1503 784 1578 810 esse;
1593 785 1685 805 verum
1705 778 1767 806 licet
1790 787 1838 806 nos
1859 780 1895 806 ob

1103 824 1202 847 nostra:
1216 821 1328 849 rationis
1341 821 1547 850 imbecillitatem
1562 823 1714 858 ignoremus
1728 825 1894 860 Opificiormu

1104 866 1244 894 utilitatem
1255 886 1263 900 ,
1289 867 1374 902 ipsum
1389 872 1477 895 tamen
1491 869 1637 896 secundum
1651 877 1725 896 suam
1739 870 1907 905 sapientiam»

1104 917 1131 940 et
1144 913 1344 940 solertissimam
1359 913 1550 949 benignitatem
1566 915 1656 942 omnia
1669 915 1837 950 produxisse.

1140 959 1166 986 7.
1188 957 1221 985 Et
1237 960 1305 994 facta
1318 964 1365 993 est,
1380 960 1473 995 inquit,
1489 968 1591 995 vespera
1606 965 1629 987 et
1648 961 1744 995 factum
1757 966 1793 988 est
1811 969 1896 995 mane,

1105 1003 1158 1031 diu
1183 1009 1278 1031 sextus.
1297 1004 1356 1032 Fini
1378 1005 1430 1032 diei
1453 1010 1536 1033 sextte
1555 1006 1636 1033 etiam
1661 1006 1741 1034 finem
1763 1007 1896 1034 formandi

1105 1054 1243 1078 creaturas
1265 1050 1386 1078 addidit:
1401 1055 1427 1078 et
1448 1055 1556 1086 propter
1571 1052 1621 1079 hoc
1633 1051 1769 1079 subdidit:
1790 1051 1823 1079 Et
1837 1061 1898 1087 per-

1107 1098 1172 1131 fecta
1182 1101 1241 1123 sunt
1253 1097 1354 1130 malum,
1365 1102 1387 1123 ct
1400 1103 1476 1128 terra,
1487 1102 1510 1124 et
1518 1098 1599 1125 omnis
1607 1103 1711 1125 ornatus
1724 1107 1808 1125 eorum
1820 1098 1896 1135 (Gen.

1106 1143 1132 1170 9.
1148 1142 1186 1178 1).
1200 1142 1346 1171 Considera
1361 1152 1438 1178 quam
1459 1144 1524 1171 nihil
1545 1145 1579 1172 sit
1592 1145 1766 1180 superfluum,
1780 1145 1898 1180 nihilque

1107 1188 1258 1215 redundans
1271 1189 1297 1215 in
1311 1188 1407 1216 divinis
1421 1189 1526 1217 Literis.
1545 1189 1687 1225 Postquam
1703 1191 1897 1218 elementorum

1107 1238 1200 1274 cuncta
1213 1235 1448 1269 complectentium
1462 1235 1591 1266 meminit,
1604 1243 1656 1262 non
1668 1235 1735 1262 ultra
1749 1236 1898 1263 minutatim

1107 1280 1208 1315 reliqua
1219 1286 1424 1314 eonunemorat,
1444 1282 1491 1309 scd
1508 1288 1534 1309 ut
1551 1282 1627 1316 dixit,
1646 1282 1762 1318 Perfecta
1775 1288 1832 1309 sunt
1846 1290 1899 1309 cte-

1108 1326 1159 1353 lum
1175 1331 1197 1354 et
1213 1331 1290 1360 terra,
1315 1328 1397 1360 addit,
1419 1328 1453 1354 Et
1475 1329 1555 1355 omnis
1577 1333 1680 1356 ornatus
1704 1337 1789 1356 eorum
1809 1336 1818 1355 :
1845 1335 1900 1363 quo

1107 1373 1238 1407 significat
1260 1374 1358 1406 omnia,
1380 1379 1405 1401 ct
1427 1382 1486 1409 qua:
1508 1375 1533 1401 iu
1549 1374 1626 1407 etclo,
1643 1379 1670 1401 ct
1692 1382 1750 1409 qtae
1766 1374 1791 1401 in
1815 1380 1899 1402 terra.

1107 1419 1222 1445 Ornatus
1235 1419 1305 1446 cnim
1322 1424 1399 1446 terra:
1413 1424 1475 1446 sunt
1489 1427 1519 1447 ea
1533 1428 1591 1455 qum
1606 1421 1639 1447 ab
1653 1420 1697 1447 illa
1718 1421 1898 1455 proferuntur,

1109 1468 1137 1490 ut
1153 1463 1294 1491 herbarum
1310 1465 1439 1498 germina,
1456 1465 1587 1492 fructuum
1604 1471 1758 1500 proventus,
1773 1465 1900 1492 arborum

1109 1509 1218 1541 fructus,
1233 1510 1338 1544 aliaque
1353 1511 1441 1537 omnia
1456 1510 1554 1545 quibus
1577 1511 1648 1543 illam
1667 1510 1760 1545 opifex
1779 1510 1899 1537 ornavit:

1108 1561 1219 1583 ornatus
1234 1556 1330 1583 iterum
1352 1557 1420 1588 cmli.
1445 1557 1496 1590 sol,
1519 1557 1591 1590 luna,
1615 1557 1751 1585 stellarum
1775 1558 1910 1590 varietas,

1109 1607 1291 1636 creaturteque
1323 1609 1416 1629 omnes
1440 1602 1614 1630 intermediaz.
1647 1602 1681 1629 Et
1704 1603 1802 1630 ideirco
1825 1609 1901 1629 sacra

1110 1647 1245 1682 Scriptura
1268 1647 1362 1674 caelum
1383 1652 1536 1683 terramque
1557 1655 1806 1680 comminemorans,
1821 1655 1903 1675 omne

1110 1694 1156 1720 Dei
1175 1694 1309 1728 opificium
1325 1701 1371 1728 per
1387 1694 1442 1722 haec
1457 1694 1589 1721 elementa
1609 1694 1812 1728 complcxaest.
1827 1693 1854 1720 2.
1870 1693 1907 1721 Et

1111 1740 1225 1775 perfecit,
1239 1740 1333 1774 inquit,
1350 1739 1420 1767 Deus
1442 1740 1482 1767 die
1503 1745 1573 1767 sexto
1589 1732 1665 1775 opera
1687 1748 1733 1767 sua
1756 1747 1812 1774 qua:
1832 1740 1900 1775 fecit.

1111 1783 1256 1811 Considera
1282 1784 1415 1818 quomodo
1438 1785 1522 1812 semel
1536 1790 1563 1812 et
1587 1785 1682 1814 iterum
1699 1784 1767 1812 idem
1783 1785 1856 1818 dicit,
1875 1789 1904 1812 ut

1111 1830 1245 1858 discamus
1269 1831 1337 1857 intra
1353 1836 1456 1858 sextum
1475 1831 1545 1858 diem
1565 1831 1684 1858 absoluta
1706 1831 1786 1858 fuisse
1801 1831 1901 1858 omnia.

1113 1876 1222 1911 Perfecit
1238 1876 1320 1909 enim,
1337 1876 1432 1910 inquit,
1448 1876 1489 1903 die
1507 1882 1577 1904 serto
1601 1885 1677 1910 opt-ra
1700 1885 1747 1904 sua
1765 1885 1820 1911 quin
1834 1878 1902 1912 fecit,

1111 1928 1134 1950 et
1149 1923 1266 1955 requievit
1286 1922 1327 1949 die
1349 1923 1455 1957 septimo
1468 1923 1499 1949 ab
1520 1923 1636 1949 omnibus
1651 1923 1766 1956 operibus
1781 1923 1833 1948 suis
1846 1929 1905 1956 qua

1112 1970 1181 2006 fecit.
1197 1970 1265 2003 Quid
1279 1974 1319 1997 est
1333 1969 1404 2004 quod
1426 1968 1490 1996 dicit
1504 1977 1511 1996 :
1529 1968 1562 1995 Et
1577 1969 1693 2004 requievit
1714 1969 1782 1997 Deus
1803 1969 1844 1995 die
1862 1976 1904 1995 ae-

1113 2017 1190 2051 ptimo
1205 2015 1236 2042 ab
1258 2015 1374 2050 operibus
1387 2015 1439 2042 suis
1459 2022 1515 2050 qum
1528 2014 1606 2049 fecit?
1622 2014 1687 2042 Vide
1705 2014 1838 2049 quomodo
1852 2015 1903 2040 hu-

1113 2070 1192 2089 mano
1211 2069 1295 2094 more,
1309 2066 1336 2089 et
1355 2061 1469 2096 quadam
1493 2061 1713 2096 attemperatioue
1727 2061 1759 2089 ad
1784 2065 1902 2087 nostram

1114 2108 1321 2135 imbecillitatem
1335 2107 1422 2134 divina
1435 2107 1571 2141 Scriptura
1586 2108 1674 2134 omnia
1689 2107 1826 2142 loquatur:
1838 2106 1905 2133 alio.

1113 2155 1168 2190 qui,
1193 2154 1243 2181 nisi
1267 2154 1317 2181 hac
1337 2154 1440 2182 ratione
1460 2162 1507 2182 usa
1523 2153 1624 2186 fuisset,
1650 2162 1701 2180 non
1726 2153 1907 2188 potuissemus

1114 2200 1214 2235 aliquid
1230 2200 1360 2228 dictorum
1374 2199 1432 2235 ejus
1444 2200 1602 2234 intelligere.
1621 2198 1653 2225 Et
1665 2198 1793 2234 requievit,
1809 2198 1903 2232 inquit,

1114 2246 1183 2273 Deus
1196 2247 1238 2273 die
1251 2246 1356 2280 septimo
1375 2246 1407 2272 ab
1420 2244 1534 2272 omnibus
1554 2244 1670 2279 operibus
1684 2244 1736 2271 suis
1759 2250 1814 2276 qua:
1834 2243 1904 2277 fecit.

1114 2293 1247 2325 SubstititI
1256 2293 1352 2327 inquit,
1361 2296 1386 2320 et
1396 2292 1510 2320 cessavit
1525 2299 1538 2318 a
1552 2291 1696 2318 formandis
1711 2289 1904 2325 producendis-

1113 2347 1165 2374 que
1177 2347 1210 2367 ex
1226 2339 1308 2365 nihilo
1322 2339 1412 2366 rebus.
1421 2337 1515 2365 Omnia
1526 2337 1596 2364 enim
1610 2343 1785 2372 quaecumque
1797 2339 1906 2370 oporte-

1115 2385 1159 2412 bat
1172 2384 1345 2419 produxerat,
1362 2388 1389 2411 et
1398 2390 1459 2410 eum
1471 2382 1517 2417 qui
1532 2381 1573 2410 his
1593 2381 1721 2409 fruiturus
1736 2385 1793 2408 erat
1807 2381 1905 2407 forma»

1114 2436 1198 2459 verat.
1214 2433 1241 2459 5.
1255 2430 1286 2458 Et
1297 2430 1434 2463 benedixit,
1455 2429 1549 2464 inquit,
1567 2429 1632 2456 Deus
1644 2428 1709 2455 diem
1722 2428 1867 2463 septimum,
1882 2431 1906 2453 et

1114 2477 1278 2512 sancti/ienuit
1300 2477 1383 2509 illum,
1405 2476 1464 2511 quia
1484 2476 1511 2502 in
1534 2475 1578 2502 illo
1602 2475 1721 2510 requievit
1739 2475 1771 2501 ab
1790 2474 1906 2500 omnibus

1115 2522 1230 2558 operibus
1245 2522 1296 2549 sui:
1307 2529 1363 2557 qua
1376 2525 1483 2556 coeperat
1498 2520 1566 2547 Deus
1581 2520 1673 2555 facere.
1684 2519 1749 2546 Nam
1766 2523 1904 2553 postquam

1115 2569 1232 2597 substitit
1245 2567 1350 2603 Opifex,
1366 2572 1393 2595 et
1405 2567 1493 2595 omnia
1509 2573 1683 2601 quarcumque
1699 2565 1794 2596 voluit,
1808 2571 1907 2591 secun-

1115 2614 1177 2641 dum
1200 2613 1388 2648 benignitatem
1412 2619 1487 2639 suam
1508 2619 1557 2639 suo
1572 2615 1706 2646 prmeepto
1729 2610 1857 2644 produxit
1879 2610 1905 2635 in

1116 2661 1245 2693 medium,
1260 2665 1323 2687 tunc
1341 2659 1421 2687 ﬁnem
1436 2658 1582 2686 formandi‘
1597 2657 1660 2685 fecit
1672 2656 1715 2684 die
1736 2660 1828 2687 sexto;
1843 2662 1904 2682 cum

1116 2707 1180 2735 nihil
1201 2706 1273 2734 aliud
1295 2706 1339 2733 die
1360 2705 1473 2740 septimo
1494 2704 1643 2739 producere
1664 2703 1756 2734 vellet,
1780 2710 1813 2729 eo
1834 2701 1910 2736 quod

1115 2754 1215 2786 omnia,
1231 2760 1290 2788 quae
1302 2752 1391 2780 facere
1403 2752 1533 2784 voluerat,
1542 2751 1597 2786 jam
1618 2750 1740 2785 perfecta
1754 2753 1861 2777 essent:
1878 2752 1908 2775 ut

1117 2800 1226 2827 haberet
1244 2799 1323 2827 etiam
1336 2798 1395 2826 dies
1411 2798 1457 2826 Ille
1472 2796 1673 2832 prmrogativam
1688 2795 1815 2830 aliquam,
1831 2798 1859 2821 et
1873 2801 1908 2821 ne

1148 2867 1155 2882 ι
1173 2864 1267 2890 Coislin.
1282 2871 1287 2888 :
1301 2868 1415 2894 ουοηιιιγη
1426 2862 1489 2894 enim
1501 2862 1588 2893 Onifex
1597 2865 1641 2892 est,
1653 2859 1803 2887 (zamia...
1817 2859 1842 2884 in
1860 2864 1909 2883 me-

1118 2897 1194 2928 dium,
1204 2896 1277 2929 ﬁnem
1286 2894 1358 2921 etiam
1368 2893 1498 2926 [ornumdi,
1512 2897 1560 2918 etc.
