2060 3122
163 144 200 174 δθ
720 158 754 188 IN
772 161 847 190 CAP.
868 162 888 190 t.
909 164 1031 195 cunas.
1053 168 1167 197 llOlllL.
1189 170 1234 199 x1.
1442 161 1451 172 ‘
1767 187 1802 215 90

163 201 304 232 videretur
316 206 404 234 minus
417 207 514 243 aliquid
529 209 662 245 obtinere,
679 220 712 240 eo
724 215 794 249 quod
811 217 875 244 nihil
887 218 913 245 in
926 227 958 246 eo

163 249 264 277 factum
289 257 371 285 esset,
396 253 582 285 benedictione
604 258 689 293 ipsum
710 260 830 295 dignatus
851 268 902 290 est.
925 265 959 291 Et

164 293 306 329 benedixit,
323 298 417 333 inqttit,
435 300 502 328 Deus
517 303 582 330 diem
593 305 724 340 septimum
734 315 743 333 :
759 313 781 333 et
794 310 959 344 sanctiﬁcattit

161 342 249 369 illum.
263 343 332 377 Quid
356 345 454 380 igitur?
475 356 527 375 non
549 355 624 377 erant
645 356 672 378 et
693 354 782 380 caeteri
796 354 853 382 dies
875 342 957 383 benc-

162 387 252 414 dicti?
275 389 361 416 Etiam
377 391 508 425 profecto,
524 395 571 421 sed
584 396 731 424 sufficiebat
745 398 795 425 illis
816 408 863 434 pro
885 403 956 429 omni

161 432 362 468 benedictione,
371 437 441 470 quod
454 439 478 464 in
493 439 603 474 singulis
617 441 667 468 illis
678 447 809 471 creaturae
817 432 955 479 producta:

162 478 292 512 fuissent;
319 486 345 508 et
359 482 419 510 ideo
440 483 474 511 de
489 484 541 512 illis
556 493 608 513 non
625 487 719 522 inquit,
745 489 901 524 Benedixit;
928 493 954 520 in

126 517 128 520 ’
161 524 221 551 solo
235 530 322 553 autem
336 529 450 562 septimo
464 529 515 557 hoc
529 531 604 564 dixit,
619 537 646 560 et
659 536 780 568 apposuit
793 545 800 562 :
816 535 848 562 Et
861 539 954 565 sancti-

157 569 247 598 ﬁcaoit
259 572 341 599 illum.
356 573 425 605 Quid
439 580 490 607 est,
509 575 541 602 Et
555 578 721 612 sanctiﬁcavit
740 580 836 607 illum?
856 581 884 609 id
902 587 951 615 est,

159 615 237 642 illum
253 619 411 652 segregavit.
427 619 530 648 Deinde
540 622 640 649 docens
654 631 702 661 nos
716 624 803 652 divina
818 625 952 661 Scriptura

157 666 267 688 causam
292 668 401 698 propter
422 673 502 699 quam
528 667 604 701 dixit,
626 668 660 695 Et
687 671 852 705 sancti/ienuit
867 673 950 706 illum,

156 704 260 739 adjicit,
272 706 310 733 Eo
323 709 391 742 quod
405 710 430 736 in
444 711 488 737 illo
501 713 656 746 requieverat
668 715 699 741 ab
712 704 826 744 omnibus
836 704 952 753 operibus

154 751 210 777 suis
225 759 282 786 qua:
295 759 404 788 ceperat
416 755 486 782 Deus
505 757 597 790 facere.
612 758 670 786 Jam
691 761 752 788 hinc
766 762 799 789 ab
812 751 887 790 initio
901 764 950 792 do-

155 796 271 824 ctrinam
280 798 349 826 hanc
357 801 523 836 :enigmatice
532 804 609 831 nobis
618 805 732 833 insinuat
739 808 819 842 Deus,
827 810 950 838 erudiens

152 848 207 867 nos
222 843 248 868 in
262 843 363 871 circulo
378 845 551 876 hebdomadis
565 849 635 876 dicm
656 858 738 879 unum
754 853 885 889 integrant
905 864 949 883 se-

153 889 331 924 gregandam,
342 897 368 918 et
379 895 589 922 consecrandum
603 897 779 931 spiritualium
790 903 946 934 operationi.

153 931 217 960 ideo
227 935 299 962 enim
312 936 439 965 Dominus
454 940 586 974 completo
600 949 645 968 sex
659 942 755 971 diebus
769 945 874 979 opificio
887 954 946 981 suo,

153 981 298 1014 septimum
313 982 499 1013 benedictione
514 987 636 1022 dignatus
650 994 700 1023 cst,
715 995 743 1018 et
762 993 945 1027 sanctificavit,

146 1032 188 1052 ~eo
200 1027 272 1060 quod
286 1028 312 1055 in
328 1029 374 1056 illo
392 1031 529 1065 quieverat
549 1034 583 1060 ab
596 1035 720 1063 omnibus
741 1039 866 1072 operibus
891 1041 946 1067 suis

146 1078 211 1105 qua:
227 1071 315 1101 facere
328 1081 455 1109 cmperat.
466 1077 564 1105 Verum
576 1079 619 1106 hic
632 1080 728 1108 iterum
741 1083 818 1110 video
830 1084 944 1112 immen-

150 1124 211 1144 sum
235 1118 312 1146 nobis
335 1123 526 1151 sententiarum
545 1126 653 1162 pelagus
675 1129 774 1162 nasci‘,
795 1130 865 1164 quod
879 1131 944 1158 sitn-

143 1162 259 1196 -pliciter
281 1167 417 1200 prtetcrire
432 1169 532 1203 nolim;
555 1172 619 1207 quin
642 1178 669 1201 et
682 1182 729 1202 vos
743 1175 838 1203 harum
864 1178 944 1212 spiri-

148 1208 261 1236 tualium
285 1212 413 1240 mercium
438 1217 581 1251 participes
602 1219 659 1247 fieri
675 1221 763 1256 cupio.
779 1223 843 1256 Qua:
865 1223 944 1258 igitur

149 1253 194 1280 illa
211 1260 263 1289 est,
278 1264 337 1291 qua:
358 1258 420 1286 hinc
439 1261 534 1294 oritur,
550 1266 681 1298 qua-stio?
702 1253 942 1304 Diviua‘Scripvtura

147 1300 192 1328 hic
215 1301 322 1331 dicente
344 1305 426 1332 Deum
449 1308 612 1342 requievisse
632 1312 666 1339 ab
691 1314 815 1348 operibus
830 1315 900 1348 suis,
915 1316 942 1343 in

139 1347 294 1382 evangeliis
314 1349 436 1378 Christus
458 1353 557 1388 inquit,
574 1354 652 1383 Pater
675 1347 744 1385 meus
765 1367 844 1394 usque
866 1347 942 1388 modo

138 1398 280 1426 operatur,
293 1400 317 1421 et
338 1404 382 1431 ego
404 1405 494 1432 operor
520 1400 607 1435 (Joan.
624 1403 651 1430 5.
666 1404 721 1440 17).
735 1404 793 1432 Νοη
817 1406 942 1434 videntur

137 1437 193 1464 -tibi
206 1445 239 1465 ex
253 1440 395 1469 verborum
409 1444 479 1471 serie
493 1444 550 1472 hrcc
564 1447 634 1474 dicta
649 1437 709 1476 eSSe
722 1451 872 1477 contraria?
888 1451 940 1478 Sed

145 1482 237 1511 absit:
254 1486 319 1513 nihil
334 1487 378 1515 hic
393 1491 556 1518 contrarium
582 1493 613 1521 iis
635 1502 693 1529 qua:
717 1495 744 1523 in
764 1497 846 1524 sacris
868 1498 939 1525 Scri-

136 1530 232 1562 vpturis
254 1532 435 1561 continentur.
451 1535 517 1563 Nunt
542 1537 584 1565 hic
597 1539 703 1573 quidem
717 1549 777 1568 cum
802 1541 938 1577 Scriptura

143 1575 210 1602 dicit
234 1578 400 1612 requievisse
422 1580 504 1608 Deum
519 1583 552 1610 ab
565 1585 690 1619 operibus
708 1587 773 1620 suis,
790 1575 869 1616 docet
890 1598 938 1617 nos

133 1628 204 1647 -cum
216 1629 231 1648 a
242 1623 359 1651 creando
372 1630 399 1652 ct
411 1633 444 1653 ex
467 1627 551 1655 nihilo
573 1637 617 1657 res
640 1631 810 1665 producendo
834 1635 937 1669 requie-

142 1667 214 1694 vissc
228 1668 272 1695 die
295 1671 444 1705 septimo';
459 1672 579 1702 Christus
603 1681 690 1704 autem
714 1678 806 1706 dicens
828 1689 834 1707 :
859 1680 937 1708 Pater

138 1719 214 1739 mea:
235 1722 314 1748 usque
327 1716 402 1743 modo
415 1724 545 1753 operatur,
559 1725 581 1747 et
601 1729 646 1756 ego
664 1731 764 1758 apcror,
782 1731 935 1760 perpetuam

141 1764 218 1785 suam
244 1760 439 1794 providentiam
463 1765 539 1793 nobis
554 1766 681 1800 declarat,
704 1775 729 1796 et
752 1772 934 1804 operationem

139 1810 219 1832 vocat
231 1808 461 1837 conservationem
477 1812 654 1847 opificiorum,
667 1815 762 1849 quibus
776 1816 886 1852 largitur
907 1823 935 1846 ut

139 1857 326 1886 permaneant,
343 1853 405 1881 dum
421 1857 493 1883 omni
510 1862 629 1893 tempore
643 1860 780 1894 gubernat.
794 1862 850 1890 Nisi
862 1865 932 1891 enim

139 1895 192 1923 hoc
205 1902 288 1931 esset,
303 1900 437 1933 quomodo
454 1903 607 1931 universum
630 1907 786 1934 subsisteret
806 1917 837 1935 ac
851 1910 931 1937 dura-

137 1947 190 1974 ret,
208 1951 262 1970 non
275 1945 440 1978 gubernante
453 1952 480 1975 et
497 1949 627 1984 dirige-nte
649 1959 762 1987 superna
777 1962 856 1982 manu
871 1963 930 1983 cum

136 1987 253 2015 visibilia
279 1989 335 2017 lucc
349 1992 447 2025 omnia,
463 1998 517 2021 tum
534 1994 677 2023 humanum
704 1998 754 2026 hoc
768 2001 873 2034 genus?
897 2002 932 2029 Et

136 2036 159 2060 si
183 2035 243 2069 quis
270 2037 386 2065 voluerit
410 2040 557 2073 prudenter
583 2047 610 2069 et
634 2045 771 2078 speciatim
800 2047 930 2082 inspicere

132 2080 225 2106 omnia
246 2089 306 2116 qua:
321 2084 440 2118 quotidie
461 2086 487 2113 in
504 2092 625 2115 nostrum
640 2089 796 2118 beneficium
817 2093 850 2119 ab
869 2101 929 2120 om-

136 2126 211 2152 nium
223 2127 324 2162 Opiﬁce
339 2130 523 2166 perficiuntur,
535 2134 660 2170 abyssum
680 2136 795 2164 inveniet
810 2139 928 2174 benigni-

132 2173 208 2199 tatis.
233 2173 298 2205 Quis
319 2176 391 2202 enim
413 2184 513 2211 sermo,
535 2187 595 2213 qua:
619 2189 695 2209 meus
709 2183 743 2209 ad
767 2183 927 2212 ineffabilem

128 2217 204 2245 hanc
229 2219 373 2247 bonitatem
398 2223 551 2258 pertingere
574 2227 680 2260 poterit,
705 2236 784 2262 quam
811 2229 927 2257 hmnano

127 2264 223 2299 generi
245 2271 373 2300 perpetuo
393 2269 519 2302 ostendit,
540 2272 603 2298 oriri
627 2271 727 2300 faciens
749 2275 833 2302 solent
849 2283 925 2304 suum

131 2316 213 2344 super
227 2311 312 2338 malos
327 2316 355 2339 et
376 2313 471 2348 honos,
491 2320 519 2342 et
539 2316 633 2350 pluens
654 2326 734 2354 super
745 2320 831 2354 justos
845 2327 872 2348 et
886 2323 927 2349 in-

127 2355 217 2389 justus
236 2356 343 2391 (Matth.
359 2358 385 2385 5.
399 2359 455 2394 45),
468 2368 628 2397 omnemque
642 2364 720 2391 aliam
739 2366 842 2400 copiam
861 2375 925 2402 sup-

130 2401 274 2435 peditans?
299 2403 379 2431 Forte
395 2404 499 2441 longius
513 2415 591 2442 quam
606 2411 756 2444 oportebat,
772 2420 922 2441 sermonem

129 2448 307 2482 produximus
323 2459 330 2477 :
352 2459 446 2479 verum
461 2453 512 2481 hoc
527 2463 579 2482 non
593 2457 695 2492 absque
709 2459 821 2492 ratione,
837 2468 922 2496 neque

126 2500 231 2522 temere
245 2495 341 2523 factum
355 2501 414 2531 est;
434 2499 482 2526 sed
498 2505 526 2527 ut
538 2501 662 2530 absentes
671 2511 704 2531 ex
719 2505 795 2532 vobis
807 2495 919 2540 discant,

123 2545 256 2574 quantum
278 2543 450 2579 sibimetipsis
461 2546 550 2574 damni
572 2549 691 2583 fecerint,
707 2551 741 2578 ob
754 2553 920 2587 corporalem

122 2587 213 2613 cibqu
234 2589 395 2623 semetipsos
409 2599 424 2618 a
443 2593 572 2627 spirituali
594 2595 714 2624 doctrina
729 2599 918 2627 subducenles.

121 2631 257 2660 ueterum
272 2642 305 2661 ne
319 2635 430 2663 nimium
445 2638 562 2673 doleant,
581 2640 697 2669 fraterna
722 2643 782 2671 illos
802 2644 919 2673 benevo-

121 2677 204 2705 lentia
228 2682 439 2715 prosequamini,
456 2691 626 2714 recensentes
650 2688 714 2722 ipsis
734 2698 793 2725 quae
812 2698 828 2719 a
842 2692 918 2719 nobis

119 2724 192 2751 dicta
207 2731 288 2753 sunt:
312 2727 363 2755 hoc
374 2729 444 2756 enim
462 2731 573 2759 sincera:
584 2735 701 2763 caritatis
721 2742 915 2772 argumentum.

153 2772 160 2805 ξ
179 2770 286 2800 misum,
299 2773 400 2804 pelagus
410 2779 528 2805 apertum.

151 2801 165 2846 ἒ
461 2801 565 2846 utraque
577 2810 791 2846 lectio__quadrare
813 2818 895 2846 potest
907 2823 913 2840 :

117 2837 165 2855 non
179 2834 245 2876 enim
256 2836 302 2869 alis
321 2842 350 2859 re
362 2836 454 2872 dicitur
473 2834 547 2864 Deuiu
559 2834 630 2866 serto
641 2834 915 2876 'diS'fSéicitimithﬁZni

117 2867 195 2876 ..........
209 2871 214 2876 .
236 2871 284 2876 ..κη
293 2870 323 2876 .-.

115 2864 214 2887 creandi
225 2864 334 2896 fecisset,
348 2868 480 2898 quievisse.

1012 222 1077 250 Nam
1091 225 1113 251 si
1128 225 1196 253 inter
1211 235 1304 262 magna
1319 230 1435 258 caritatis
1456 233 1551 262 iudicia
1573 236 1680 271 habent,
1696 243 1742 275 qui
1762 241 1798 268 ita
1829 269 1836 277 κ

1011 267 1044 293 de
1057 270 1227 298 sensibilibus
1238 273 1333 301 eduliis
1347 275 1397 302 hoc
1410 278 1465 305 suis
1489 279 1662 309 familiaribus
1683 283 1779 311 iaciunt
1792 294 1800 311 :

1011 313 1092 340 multo
1115 317 1200 350 magis
1224 318 1249 345 in
1273 320 1454 354 spiritualihus
1477 324 1528 352 hoc
1550 327 1653 361 agendo
1676 337 1798 364 magnam

1010 359 1086 385 nobis
1101 360 1204 389 laudem
1219 371 1361 399 paramus;
1383 368 1452 394 redit
1466 370 1535 397 enim
1550 372 1582 398 ad
1598 380 1647 399 nos
1662 374 1732 407 ipsos
1746 377 1798 402 uti-

1010 404 1079 432 litas.
1095 406 1161 433 Nant
1174 409 1216 435 cui
1232 411 1347 438 studium
1363 419 1404 440 est
1419 414 1515 442 docere
1531 418 1691 452 proximum,
1708 420 1730 446 is
1746 428 1798 448 non

1009 455 1061 478 tam
1085 453 1122 480 illi
1143 455 1284 490 benefacit,
1301 466 1379 492 quam
1395 461 1495 495 sibiipsi
1512 471 1632 497 magnam
1648 466 1798 493 mercedem

1007 504 1093 532 parat,
1115 500 1267 537 duplicique
1290 509 1400 539 augetur
1422 506 1505 539 lucro,
1518 508 1580 535 dmn
1601 511 1685 544 majus
1706 518 1720 537 a
1745 512 1798 538 Deo

1007 546 1145 579 prmmium
1166 550 1325 584 assequitur.
1341 557 1368 578 ct
1381 552 1444 579 dum
1467 553 1575 581 fratrem
1590 555 1687 583 ducere
1702 565 1797 592 aggre-

1005 591 1086 624 ditur,
1096 593 1215 622 doceudo
1232 596 1337 624 interim
1351 599 1454 633 sibiipsi
1470 602 1624 628 memoriam
1635 610 1726 631 eorum
1737 610 1799 638 qua:

1005 637 1105 665 audivit
1125 646 1245 668 renovat.

1040 683 1066 710 8.
1089 684 1196 713 Moralis
1211 688 1362 716 exhortatio.
1379 705 1413 711 —
1427 691 1509 726 Igitur
1531 694 1677 727 cogitantes
1693 699 1794 722 tantum

1003 728 1104 756 lucrutn
1116 736 1245 764 vestrum,
1262 741 1296 761 ne
1318 735 1466 772 invideatis
1479 737 1604 766 fratribus
1626 740 1730 771 vestris,
1748 740 1795 767 sed

1002 781 1016 800 a
1031 775 1106 802 vobis
1117 776 1219 804 discant
1232 787 1291 813 quae
1307 789 1376 808 nunc
1389 789 1404 808 a
1418 783 1494 810 nobis
1508 784 1641 812 dicuntur.
1655 786 1692 812 Nc
1704 790 1793 813 autem

1003 820 1113 853 posthac
1129 827 1217 850 vestro
1232 824 1363 852 beneficio
1382 827 1489 854 obnoxii
1505 829 1561 856 haec
1574 830 1691 862 discant,
1706 831 1795 858 ducite

1002 864 1061 891 illos
1076 866 1108 893 ad
1132 875 1190 900 nos,
1207 871 1398 902 persuadentes
1421 873 1495 907 ipsis,
1512 875 1576 901 nihil
1599 875 1694 902 obesse
1716 876 1794 910 spiri-

1002 910 1066 937 tuali
1081 919 1190 946 tnenszn,
1206 913 1228 940 si
1252 917 1385 948 prlecedat
1410 920 1557 953 corporalis
1582 921 1632 946 cibi
1657 921 1791 955 sumptio:

1001 955 1048 982 sed
1070 964 1148 984 omne
1168 963 1272 993 tempus
1299 962 1430 995 spirituali
1452 967 1567 991 sermoni
1590 965 1712 992 idoncttm
1732 974 1792 993 esse

1000 1003 1188 1035 reputaudum.
1204 1004 1267 1033 Haec
1292 1007 1314 1033 si
1341 1012 1412 1034 recte
1434 1014 1581 1043 teneamus,
1596 1012 1744 1046 poterimus
1765 1017 1791 1040 et

1001 1046 1072 1074 domi
1093 1055 1242 1083 versantes,
1259 1057 1320 1080 ante
1333 1057 1359 1079 et
1379 1060 1438 1088 post
1460 1057 1611 1083 convivium
1626 1059 1742 1092 acceptis
1764 1059 1790 1085 in

998 1094 1121 1121 manibtts
1136 1095 1232 1123 divinis
1247 1097 1343 1131 LibrisI
1359 1099 1498 1127 utilitatem
1515 1101 1575 1129 inde
1588 1110 1683 1137 capere
1696 1108 1723 1130 et
1735 1104 1789 1138 spi-

997 1138 1119 1166 ritualcm
1143 1140 1230 1167 cibum
1245 1143 1341 1169 anima:
1362 1144 1492 1178 pra-bere.
1517 1146 1583 1173 Nam
1605 1148 1674 1174 sicut
1692 1156 1789 1182 corpus

997 1183 1097 1219 indiget
1115 1186 1234 1214 sensibili
1249 1188 1318 1221 cibo,
1335 1189 1369 1216 ita
1382 1195 1409 1217 et
1427 1192 1514 1218 anima
1529 1193 1681 1227 quotidiana
1694 1195 1788 1221 admo-

998 1229 1098 1257 nitione
1120 1236 1147 1258 et
1167 1232 1342 1266 spiritualium
1367 1235 1489 1263 ciborum
1514 1237 1707 1266 refocillatione
1729 1248 1735 1265 :
1759 1245 1788 1266 ut

996 1275 1120 1304 roborata
1146 1277 1270 1305 resistere
1296 1281 1379 1313 possit
1403 1282 1490 1308 carnis
1505 1283 1654 1317 rebellioni,
1671 1289 1697 1311 et
1721 1292 1787 1312 con-

996 1321 1069 1348 tinuo
1084 1322 1153 1349 bello
1172 1331 1224 1358 quo
1238 1332 1372 1360 urgemur,
1388 1328 1512 1362 qttodquc
1534 1329 1648 1356 animant
1668 1334 1785 1358 nostram

995 1366 1021 1393 in
1037 1369 1192 1395 servitutem
1209 1369 1313 1405 redigit,
1329 1371 1350 1398 si
1369 1373 1411 1398 vel
1427 1380 1519 1407 parum
1540 1373 1645 1401 desides
1660 1382 1719 1402 esse
1739 1383 1783 1402 vo-

994 1412 1132 1441 luerimus.
1162 1415 1277 1443 Proinde
1303 1418 1431 1452 propheta
1461 1419 1542 1446 David
1570 1421 1676 1447 beatutn
1710 1422 1783 1449 illum

993 1459 1069 1490 dixit,
1092 1461 1136 1495 qui
1157 1462 1182 1488 in
1205 1462 1264 1497 lege
1290 1463 1394 1490 Domini
1420 1465 1562 1492 meditatur
1581 1466 1625 1494 die
1650 1475 1682 1494 ac
1706 1473 1785 1495 nocte

996 1504 1080 1539 (Psal.
1098 1507 1123 1533 1.
1145 1506 1191 1541 9);
1214 1513 1240 1535 et
1265 1509 1357 1536 beatus
1381 1510 1468 1538 Moses
1492 1511 1629 1539 Judaicum
1656 1514 1781 1548 populum

992 1550 1090 1578 docens
1103 1552 1139 1578 ait
1153 1561 1159 1579 :
1182 1552 1245 1579 Cum
1264 1555 1399 1582 comederis
1415 1561 1437 1582 et
1456 1556 1556 1590 biberis,
1569 1563 1591 1584 et
1605 1559 1711 1586 satiatus
1726 1560 1782 1594 fue-

991 1597 1037 1630 ris,
1051 1605 1145 1624 memor
1165 1604 1215 1626 esto
1230 1600 1332 1627 Domini
1346 1601 1395 1629 Dei
1408 1603 1445 1629 tui
1469 1602 1555 1639 (Deut.
1572 1604 1598 1631 8.
1620 1604 1676 1640 10).
1689 1605 1780 1638 Vides,

991 1644 1125 1677 quomodo
1144 1649 1171 1672 et
1184 1649 1246 1673 tunc
1262 1648 1426 1681 potissimum
1446 1657 1493 1683 par
1508 1650 1551 1681 sit,
1566 1655 1626 1685 post
1645 1656 1778 1686 sumptum

989 1696 1084 1724 nempe
1097 1691 1262 1725 corporalem
1277 1693 1376 1726 cibum,
1388 1695 1526 1729 spirituale
1540 1696 1688 1723 convivium
1703 1697 1779 1724 nobis

989 1735 1095 1769 apponi,
1104 1740 1132 1762 ιιι
1140 1744 1173 1763 ne
1184 1741 1243 1771 post
1255 1739 1402 1766 satietatem
1411 1741 1462 1767 cibi
1470 1741 1616 1775 corporalis
1625 1742 1711 1769 anima
1721 1747 1776 1768 tor-

989 1787 1055 1814 pens
1069 1786 1095 1808 et
1108 1781 1187 1810 deses
1212 1783 1237 1810 in
1253 1785 1395 1818 perniciem
1420 1787 1533 1822 aliquam
1561 1793 1630 1822 ruat,
1645 1793 1671 1816 et
1690 1789 1777 1815 locum

987 1825 1033 1853 det
1046 1826 1144 1854 diaboli
1166 1828 1415 1864 machinationibus,
1428 1833 1471 1867 qtti
1486 1841 1579 1860 omnes
1594 1835 1720 1868 temporis
1733 1842 1777 1860 ar-

987 1871 1083 1899 ticulos
1098 1873 1231 1905 observat,
1253 1880 1281 1902 ut
1294 1876 1373 1903 letale
1399 1878 1476 1904 nobis
1498 1879 1592 1906 vulnus
1608 1879 1720 1906 inferat?
1744 1879 1777 1906 Et

987 1917 1082 1944 iterum
1095 1918 1146 1945 alio
1161 1919 1219 1946 loco
1232 1920 1337 1948 dicebat
1353 1921 1422 1949 idem
1439 1916 1482 1950 ille
1497 1925 1626 1958 propheta
1643 1934 1649 1951 :
1665 1924 1697 1950 In
1712 1926 1776 1951 lecto

985 1963 1104 1991 cubantes
1119 1970 1141 1990 et
1164 1972 1325 2000 exsurgentes
1348 1973 1497 1994 mementote
1512 1968 1616 1995 Domini
1640 1969 1687 1995 Dei
1702 1969 1775 1995 vestri

985 2008 1074 2043 (Deut.
1092 2009 1118 2036 6.
1135 2009 1174 2045 7).
1190 2010 1284 2038 Vidisti
1299 2020 1442 2047 numquam
1458 2021 1505 2040 uos
1521 2013 1617 2040 decere
1636 2014 1704 2040 hanc
1720 2021 1775 2040 mc-

984 2056 1095 2082 tnoriam
1115 2064 1146 2083 ex
1163 2057 1248 2084 anima
1269 2062 1358 2084 nostra
1380 2059 1530 2091 excludere,
1548 2059 1594 2086 sed
1617 2059 1774 2093 insculptum

984 2101 1010 2127 in
1035 2103 1197 2129 conscientia
1218 2103 1326 2136 habere,
1339 2111 1369 2131 ac
1393 2105 1418 2131 in
1443 2110 1568 2140 perpetua
1593 2106 1772 2134 sollicitudine

982 2146 1083 2180 vivere,
1097 2148 1235 2183 nullasque
1259 2157 1382 2184 umquam
1408 2150 1548 2177 admittere
1574 2151 1704 2183 inducias,
1720 2154 1773 2178 imo

982 2197 1009 2219 ut
1023 2193 1090 2220 bene
1101 2194 1225 2227 scientes,
1235 2200 1350 2229 quantus
1364 2196 1399 2222 sit
1413 2196 1485 2223 furor
1498 2196 1596 2224 initnici
1612 2198 1694 2224 nostri
1710 2206 1771 2233 erga

981 2246 1039 2271 nos,
1055 2240 1160 2266 sobrios
1180 2248 1240 2267 esse
1261 2245 1288 2268 et
1312 2242 1431 2276 vigilare,
1455 2247 1482 2269 et
1505 2250 1599 2270 omnes
1621 2243 1709 2271 aditus
1735 2244 1772 2271 illi

980 2286 1154 2320 przccludere,
1169 2291 1196 2313 et
1216 2295 1359 2322 numquam
1381 2288 1544 2323 spiritualem
1570 2289 1702 2324 negligere
1725 2290 1772 2316 ali-

979 2331 1115 2358 moniam?
1141 2331 1203 2359 Hme
1223 2338 1314 2360 nostra
1328 2334 1399 2361 salus
1416 2338 1472 2367 est,
1490 2334 1532 2361 ha:
1552 2333 1704 2369 spirituales
1729 2335 1770 2361 di-

978 2376 1059 2409 vitiae,
1077 2376 1134 2404 hate
1157 2378 1297 2404 securitas.
1318 2377 1345 2405 Si
1368 2379 1407 2405 sic
1421 2386 1471 2406 nos
1491 2379 1562 2414 ipsos
1576 2379 1692 2414 quotidie
1707 2388 1767 2406 mu-

978 2422 1092 2455 niamus,
1109 2426 1135 2449 et
1157 2430 1205 2457 per
1227 2423 1381 2457 lectionem,
1398 2429 1425 2451 et
1447 2432 1495 2459 per
1517 2424 1644 2457 auditum,
1668 2430 1695 2452 et
1721 2432 1767 2459 per

976 2467 1139 2502 spiritualem
1153 2476 1313 2501 sermonem,
1325 2469 1364 2497 sic
1375 2470 1518 2504 poterimus
1533 2469 1582 2504 ipsi
1594 2470 1682 2496 invicti
1693 2477 1766 2502 esse,

976 2518 1003 2541 ct
1011 2514 1117 2549 maligni
1125 2514 1255 2542 dminonis
1271 2515 1379 2543 technas
1385 2516 1501 2549 eludere,
1509 2516 1677 2550 caelestiaque
1686 2523 1765 2550 regna

975 2560 1091 2594 assequi,
1102 2560 1184 2594 gratia
1195 2565 1222 2587 et
1230 2560 1392 2596 benignitate
1402 2561 1505 2588 Domini
1522 2561 1605 2588 nostri
1619 2561 1681 2588 .lesu
1692 2559 1764 2588 Chri-

973 2605 1018 2637 sti,
1033 2613 1093 2632 cum
1109 2613 1162 2640 quo
1175 2606 1247 2632 Patri
1264 2607 1341 2633 simul
1357 2611 1383 2633 et
1395 2606 1502 2641 Spiritui
1516 2611 1608 2634 sancto
1621 2607 1655 2634 sit
1669 2607 1760 2642 gloria,

974 2651 1123 2685 imperium,
1142 2651 1236 2685 honor,
1251 2659 1321 2679 nunc
1339 2657 1366 2679 et.
1385 2660 1500 2688 semper,
1515 2658 1542 2680 et
1555 2653 1580 2680 in
1594 2653 1690 2680 smcula
1715 2659 1762 2680 sa:-

972 2695 1104 2723 culorum.
1121 2696 1216 2723 Amen.

1264 2761 1404 2789 HOMILIA
1423 2763 1468 2789 ΧΙ.

973 2828 1047 2862 Quod
1057 2833 1170 2862 oporteat
1183 2829 1295 2855 virtutem
1308 2829 1392 2863 magni
1406 2830 1489 2864 facere
1499 2835 1645 2865 sanctosque
1656 2831 1758 2861 imitari,

1005 2874 1047 2908 qui
1060 2882 1116 2900 cum
1131 2874 1242 2908 ejusdem
1254 2875 1326 2911 rujus
1340 2882 1384 2901 nos
1395 2880 1493 2902 natura!
1505 2881 1594 2908 essent,
1613 2885 1667 2903 eam
1683 2884 1759 2902 orcu-
