2066 3126
273 137 303 163 9i
628 139 657 166 S.
677 139 816 167 JOANNIS
836 137 1073 167 CHRYSOSTOMI
1088 140 1248 171 ARCHIEP.
1261 143 1524 173 CONSTANTINOP.
1878 147 1912 176 92

312 199 365 221 rate
377 194 465 220 sectati
479 199 545 220 sunt.
560 195 592 220 Et
607 195 673 229 quod
687 196 708 222 si
721 204 806 231 segnes
821 196 953 230 fuerimus,
970 196 1066 222 nullam

311 240 502 266 excusationem
511 240 619 267 habituri
630 241 718 268 simus.

314 294 340 321 l.
356 293 417 321 Scio
439 302 482 321 me
501 295 682 329 superioribus
702 295 796 323 diebus
815 301 931 324 mentem
954 301 1068 325 vestram

276 339 492 369 prnlnndioribus
520 340 658 367 sententiis
682 341 925 368 exercuissezeam
953 342 988 368 ob
1011 350 1067 369 rem

279 383 355 411 hodie
371 384 476 412 animus
496 389 538 412 est
559 383 704 412 faciliorem
720 384 729 400 ⁵
746 393 894 420 proponere
909 386 1068 414 doctrinam.

277 428 342 456 Nam
359 430 426 456 sicut
440 437 537 464 corpus
547 429 650 465 jejunio
662 437 825 459 maceratum
835 451 842 463 ,
860 431 985 459 nonnulla
999 432 1070 459 indi-

276 479 320 508 get
344 474 555 507 refocillatione.
578 479 607 503 ut
628 483 734 504 rursum
757 477 856 511 ingenti
878 476 1015 504 alacritate
1036 476 1070 504 ad

276 519 402 547 ferendos
420 519 513 555 jejunii
537 520 641 548 labores
661 521 754 549 redeat
768 531 774 548 τ
790 521 825 548 ita
839 526 867 548 et
880 521 968 548 anima
983 526 1071 549 vestra

277 564 436 593 remissione
448 566 546 602 indiget
558 571 584 594 et
598 567 696 602 quiete.
721 567 811 602 Neque
824 567 894 594 enim
907 574 1015 602 semper
1029 567 1070 594 in-

278 611 388 639 tendere
397 632 404 644 ,
426 619 513 647 neque
525 621 632 648 semper
645 614 780 642 remittere
794 617 915 649 Oportet;
938 614 986 641 sed
1000 621 1071 642 nunc

279 656 331 684 hoc
341 677 350 689 ,
367 666 436 685 nunc
451 658 515 686 illud
538 659 687 687 faciendum
700 668 707 692 ;
732 665 760 688 et
774 661 813 687 sic
827 659 961 695 regendus
975 660 1072 689 anima:

278 706 373 735 status,
388 708 414 731 et
427 704 558 733 domanda
571 706 659 734 carnis
674 707 828 741 petulantia.
841 706 907 734 Nam
921 706 990 734 sicut
1002 714 1071 734 sem-

281 757 329 784 per
343 749 472 777 intentum
486 758 545 778 esse
559 751 693 779 laboribus
704 772 710 784 ,
728 752 753 780 id
775 752 881 780 tzedium
895 752 972 780 affert
985 757 1012 780 ct
1023 753 1071 781 dc—

279 794 356 829 jicit:
372 795 406 821 ita
429 799 557 830 perpetuo
580 797 733 828 remittere,
756 797 790 824 ad
805 798 937 833 ignaviam
959 798 1070 826 inducit.

280 839 307 866 ld
323 844 350 867 et
364 840 391 867 in
405 840 492 868 anima
507 846 534 868 ct
549 841 576 868 in
591 849 704 877 corpore
719 850 767 869 usu
790 843 882 870 venire
904 843 994 871 videre
1014 844 1073 878 quis

278 893 377 922 potest.
391 889 534 924 Propterea
548 890 642 917 modus
653 891 749 925 ubique
763 891 848 918 bonus
861 895 911 918 est.
927 891 1003 924 Quod
1025 899 1073 918 nos

280 933 465 962 universorum
480 935 549 963 Deus
564 935 641 963 docet
660 937 739 963 etiam
761 943 810 970 per
831 941 983 967 creaturas,
1008 945 1073 971 quas

279 979 313 1006 ad
328 980 410 1006 nostri
424 981 641 1008 constitutionem
663 981 809 1016 produxit.’
821 983 909 1016 Atque
923 986 952 1009 ut
966 981 1017 1010 hoc
1032 983 1073 1009 in-

281 1024 415 1059 telligatis,
428 1025 462 1052 de
473 1025 516 1052 die
527 1033 558 1052 ac
573 1031 661 1059 nocte,
672 1026 722 1053 hoc
735 1026 815 1054 estde
827 1027 886 1054 luce
900 1034 932 1054 ac
944 1027 1072 1066 tenebris,

280 1078 431 1098 sermonem
456 1072 634 1099 instituamus.
661 1071 881 1107 Quandoquidem
908 1073 980 1100 cnim
1003 1073 1073 1100 diem

280 1116 432 1150 segregavit
454 1116 480 1143 in
503 1124 571 1152 opus
594 1117 717 1144 humana:
743 1122 863 1149 natura}.
888 1122 916 1145 et
929 1123 1034 1146 noctem
1048 1119 1073 1145 in

281 1163 400 1197 requiem
419 1167 446 1191 et
466 1164 651 1192 remissionem
670 1165 807 1197 laborum,
828 1173 967 1193 mensuras
980 1170 1007 1193 et
1022 1170 1075 1193 ter-

282 1209 368 1236 minos
382 1209 500 1244 utrisque
512 1211 626 1244 pmﬁxit
636 1231 644 1242 ,
663 1211 732 1238 unde
747 1211 823 1238 nobis
835 1211 960 1238 omnibus
974 1212 1075 1240 beneﬁ-

282 1254 323 1281 cia
345 1254 466 1289 quaidam
490 1256 671 1290 provenirent.
697 1255 762 1283 Nam
786 1256 856 1291 quod
881 1257 943 1290 lux,
971 1257 1073 1285 diurna:

281 1300 444 1335 operationis
456 1301 491 1329 sit
505 1305 609 1337 tempus
619 1323 626 1335 ,
652 1301 713 1329 audi
729 1302 811 1330 David
825 1302 957 1330 dicentem
973 1312 979 1330 :
995 1303 1075 1338 Egre-

282 1346 366 1372 dietur
379 1346 454 1373 [tanta
471 1347 506 1374 ad
520 1355 582 1382 opus
597 1356 671 1374 suum
683 1367 690 1381 ,
717 1352 742 1375 et
760 1348 794 1374 ad
814 1349 984 1383 operationem
1002 1357 1075 1375 suam

283 1399 361 1426 usque
380 1393 414 1418 ad
434 1400 560 1428 vesperam
576 1392 661 1428 (Psat.
677 1393 738 1421 105.
753 1393 811 1429 23).
841 1393 876 1420 Et
890 1394 958 1421 bene
977 1394 1072 1429 inquit,

286 1435 371 1472 Usque
388 1437 422 1464 ad
435 1445 562 1473 vesperam
579 1447 585 1465 :
601 1446 660 1465 nam
682 1439 822 1474 ingruente
839 1436 1072 1471 vespereluxabs-

282 1482 374 1511 cedit.
412 1487 439 1510 et
460 1483 634 1512 succedentes
651 1485 766 1512 tenebrae
789 1484 931 1512 humanam
953 1490 1075 1513 naturam

283 1527 391 1562 sopiunt
400 1548 408 1561 ,
421 1533 448 1555 et
461 1536 558 1563 corpus
571 1530 641 1564 quod
654 1530 820 1558 laboraverat
830 1551 837 1564 ,
851 1531 933 1566 quieti
955 1531 1074 1565 tradunt,

284 1579 379 1600 sensus
401 1581 495 1602 omnes
518 1575 673 1608 remittunt,
699 1580 726 1603 et
749 1577 824 1612 quasi
851 1578 940 1604 nutrix
964 1578 1074 1612 optima,

284 1625 409 1646 sensuum
422 1621 529 1655 organis
539 1622 661 1649 omnibus
674 1623 788 1657 quietem
803 1631 818 1650 a
833 1623 966 1651 laboribus
984 1624 1076 1659 fatiga-

282 1664 454 1700 lionibusque
478 1667 637 1694 concedunt.
662 1667 729 1695 Cum
753 1676 817 1696 vero
838 1677 962 1697 mensura
989 1670 1075 1697 noctis

285 1709 395 1744 impleta
410 1710 505 1744 fuerit,
520 1713 736 1748 appropinquans
755 1714 821 1742 lucis
834 1714 966 1742 adventus
978 1715 1077 1743 excitat

285 1760 313 1782 et
329 1755 353 1782 id
364 1756 418 1791 agit
431 1761 460 1783 ut
474 1757 592 1792 vigentes
607 1758 752 1794 refectique
761 1767 856 1787 sensus
871 1760 974 1787 solares
987 1760 1076 1788 radius

285 1800 398 1833 adeant,
414 1806 441 1829 et
455 1808 483 1829 ut
498 1803 578 1830 homo
591 1811 658 1832 nova
673 1805 786 1840 quadam
809 1810 836 1833 et
855 1806 967 1833 ferventi
982 1807 1078 1834 alacri-

284 1850 340 1873 tate
354 1848 487 1875 consuetis
502 1849 625 1883 operibus
639 1858 745 1878 manum
756 1851 906 1880 admoveat.
921 1852 985 1879 lllud
997 1853 1075 1881 etiam

285 1892 313 1919 in
332 1894 393 1919 anni
409 1894 628 1923 conversionibus
643 1895 700 1924 fieri
713 1896 856 1925 cernimus.
872 1897 992 1925 Hicmcm
1005 1899 1075 1926 enim

286 1939 384 1973 excipit
399 1947 446 1967 ver
457 1960 465 1972 ,
485 1945 512 1968 ct
525 1947 625 1969 exacta:
639 1943 724 1970 testati
739 1944 858 1972 succedit
870 1950 1013 1972 autumnus
1028 1955 1034 1973 :
1049 1950 1078 1973 ut

284 1991 333 2019 per
351 1985 560 2014 vicissitudinem
584 1992 732 2024 temporum
746 1994 774 2017 et
795 1992 887 2018 mutati
910 1992 980 2019 aeris
1000 1993 1076 2027 quie-

285 2035 360 2057 scant
372 2038 484 2066 corpora
507 2038 613 2066 nostra,
637 2043 723 2070 neque
736 2036 834 2071 frigore
849 2037 959 2064 nimium
979 2045 1077 2073 conge-

285 2076 338 2103 lata
350 2083 563 2113 corrumpantur,
579 2088 666 2115 neque
676 2082 773 2110 caloris
784 2083 951 2111 vehementia
964 2085 1075 2112 nimium

284 2121 411 2149 calefacta
427 2123 605 2152 dissolvantur
621 2135 628 2152 :
642 2131 668 2153 et
684 2131 712 2153 ut
732 2127 765 2154 ad
788 2128 838 2155 hoc
860 2136 908 2155 nos
930 2135 1074 2164 praeparet,

286 2165 367 2194 hiemi
381 2169 517 2207 prtemitlit
531 2175 686 2198 autumnum
698 2191 706 2205 ,
729 2177 756 2199 et
774 2174 860 2200 aestati
875 2181 932 2201 ver.
959 2175 1034 2208 Quod
1053 2175 1075 2202 si

287 2212 346 2246 quis
366 2214 511 2247 prudenter
532 2215 590 2244 hinc
606 2218 694 2245 omnia
709 2226 800 2246 secum
813 2220 985 2255 cxpenderit,
1003 2222 1077 2250 inve-

285 2257 340 2285 niet
355 2258 380 2286 in
392 2261 515 2288 omnibus
525 2263 654 2290 creaturis
666 2264 785 2292 ordinem
801 2269 827 2292 et
840 2266 970 2294 rationem
983 2276 1076 2303 quam-

284 2302 361 2337 dam,
384 2309 411 2333 ct
425 2306 489 2334 nihil
508 2312 607 2336 temere
618 2313 645 2336 et
656 2309 757 2345 absque
771 2311 873 2339 ratione
886 2302 997 2341 factum.
1019 2313 1075 2342 Hoc

284 2353 311 2376 et
324 2349 350 2376 in
361 2351 517 2385 seminibus,
532 2361 591 2388 qua:
603 2362 634 2381 ex
647 2359 716 2382 terra
731 2362 889 2390 nascuntur,
911 2359 968 2393 quis
982 2360 1075 2387 videre

285 2399 382 2429 potest.
409 2397 500 2432 Neque
525 2399 595 2426 enim
621 2400 709 2428 omnia
736 2402 829 2429 eodem
853 2406 970 2438 tempore
996 2405 1074 2432 tellus

284 2441 394 2475 profert,
411 2451 497 2478 neque
513 2451 591 2472 omne
606 2449 710 2481 tempus
725 2447 758 2474 ad
768 2448 912 2476 excolenda
928 2454 1004 2478 terra:
1014 2458 1075 2486 ger—

284 2486 355 2514 mina
382 2488 506 2516 idoneum
531 2495 586 2522 est;
616 2491 662 2518 scd
690 2492 764 2520 novit
788 2494 903 2529 agricola
927 2503 1074 2531 congruum

287 2536 393 2567 tempus
405 2554 412 2566 ,
428 2535 497 2568 quod
513 2543 560 2570 per
574 2537 728 2572 sapientiam
743 2539 792 2566 sibi
806 2547 820 2566 a
837 2540 891 2568 Deo
905 2540 992 2569 datam
1007 2543 1075 2570 didi-

282 2577 335 2608 cit.
359 2580 466 2613 quando
494 2589 588 2616 nempe
612 2584 770 2617 serendum,
797 2587 902 2621 quando
926 2588 1074 2622 plantandae

283 2623 411 2656 arbores,
435 2628 541 2661 quando
559 2629 626 2657 vites
647 2634 725 2658 terra:
748 2631 849 2659 sinibus
869 2633 1071 2669 concrcdendze,

283 2670 390 2702 quando
405 2672 437 2699 ad
460 2681 574 2702 mcsscm
589 2677 715 2705 acuenda:
736 2678 815 2706 falces
828 2700 835 2711 ,
859 2680 964 2714 quando
979 2681 1074 2709 decer-

284 2715 362 2747 pemli
378 2716 513 2745 vinearum
531 2719 630 2748 fructus
643 2743 650 2754 ,
667 2727 693 2749 et
715 2723 783 2751 bott‘i
807 2724 949 2758 demcttdi,
967 2726 1073 2760 quando

284 2764 310 2786 ct
324 2760 452 2789 olivarum
474 2765 559 2792 bacca:
581 2767 746 2802 colligendae.
767 2770 800 2797 Et
815 2771 951 2805 invenies,
972 2773 993 2799 si
1016 2773 1073 2800 hmo

285 2806 374 2832 omnia
389 2807 528 2843 diligenter
541 2812 655 2839 volueris
671 2814 804 2850 inquirere
815 2837 821 2849 ,
837 2824 929 2852 magna
943 2818 1072 2853 sapientia

315 2852 324 2867 ⁸
342 2852 441 2881 Qutdem
454 2858 516 2888 uss,
529 2857 664 2883 clariorem.

1125 200 1203 226 etiam
1224 200 1353 234 agricolas
1376 209 1436 229 esse
1456 202 1590 237 praeditos.
1616 202 1673 230 1am
1699 211 1751 231 non
1777 205 1862 232 solum
1885 214 1910 232 tu

1123 248 1194 270 terra
1214 244 1265 272 hoc
1277 246 1368 274 videre
1383 247 1462 280 licet,
1477 247 1523 274 sed
1538 249 1617 275 etiam
1640 250 1665 275 in
1680 249 1757 276 mari.
1785 250 1855 277 Ecce
1871 251 1913 278 hic

1123 289 1202 316 aliam
1224 290 1405 319 admirabilem
1428 294 1583 328 sapientiam
1605 299 1728 328 spectare
1748 300 1833 329 potes.
1857 295 1913 324 Scit

1124 335 1193 361 enim
1210 336 1349 364 nauclerus
1363 338 1468 372 quando
1482 339 1637 366 deducenda
1651 339 1685 366 sit
1700 340 1774 367 navis
1785 362 1792 372 .
1807 342 1912 375 quando

1123 387 1137 406 a
1150 386 1226 415 portu
1240 382 1404 415 solvendum,
1418 383 1523 417 quando
1539 385 1696 411 transeunda
1709 386 1791 412 maria
1804 393 1810 418 ;
1826 387 1912 413 maxi-

1124 433 1219 462 meque
1245 427 1271 454 in
1296 428 1382 455 nantis
1407 429 1615 464 deprehenditur
1639 429 1809 463 intellectus,
1834 439 1912 466 quem

1123 471 1212 499 divina
1226 473 1353 509 sapientia
1368 474 1489 502 humana:
1504 480 1604 502 natura:
1619 475 1722 502 indidit.
1737 475 1828 511 Neque
1842 477 1911 504 enim

1123 519 1167 552 qui
1189 526 1236 553 per
1249 520 1305 546 vias
1321 519 1439 554 publicas
1454 525 1574 552 currunt.
1592 521 1626 548 ita
1640 521 1796 549 diverticula
1815 523 1913 554 sciunt,

1124 569 1152 592 ut
1167 565 1183 592 ii
1198 566 1242 600 qui
1258 566 1283 593 in
1296 566 1372 601 aquis
1383 570 1484 594 certum
1499 567 1548 594 iter
1563 566 1671 594 faciunt.
1698 567 1810 602 Propter
1825 569 1874 596 hoc
1888 573 1914 596 et

1123 610 1258 646 Scriptura
1275 611 1466 647 obstupesccns
1489 613 1651 641 eminentem
1674 612 1830 647 sapientiam
1855 613 1913 647 Dei,

1124 657 1189 684 dicit
1205 667 1211 684 :
1229 658 1277 690 Qui
1289 658 1357 685 dedit
1370 658 1395 684 in
1411 658 1475 684 mari
1498 659 1582 691 viam,
1606 663 1629 685 et
1648 659 1674 685 in
1695 667 1759 693 aqua
1780 659 1915 686 uehementi

1124 704 1239 730 semitam
1252 704 1328 739 (δαν.
1344 704 1386 732 Η.
1403 703 1441 740 3).
1466 704 1531 738 Qua:
1544 704 1659 732 humana
1674 704 1742 732 ratio
1757 709 1845 739 potest
1858 705 1913 732 haec

1126 750 1306 783 pernoscere?
1334 750 1460 778 Eamdem
1485 751 1615 778 rationem
1642 751 1758 778 inveniet
1785 751 1914 786 quispiam

1126 796 1205 822 ctiam
1228 796 1254 822 in
1268 795 1335 822 cibis
1347 803 1413 829 quos
1431 797 1571 824 sumimus.
1587 796 1652 823 Nam
1663 797 1775 831 singulis
1788 797 1915 831 tempori-

1126 841 1175 868 bus
1188 846 1215 869 et
1227 842 1288 868 anni
1313 843 1432 876 partibus
1447 843 1518 870 varia
1532 848 1559 870 et
1573 843 1678 871 diversa
1699 844 1775 871 nobis
1789 843 1913 870 alimenta

1127 886 1256 914 Dominus
1284 887 1394 922 largitur
1416 897 1423 915 :
1448 893 1518 915 terra
1544 889 1615 916 enim
1640 889 1714 923 quasi
1740 889 1839 923 optima
1866 897 1915 916 nu-

1126 933 1178 959 trix
1192 933 1261 960 dona
1272 940 1319 961 sua
1335 934 1411 961 nobis
1426 934 1544 969 profert,
1560 939 1693 969 prmcepto
1707 934 1840 962 Creatoris
1860 942 1917 962 scr-

1128 979 1214 1006 vicus.

1161 1024 1188 1050 2.
1204 1024 1302 1052 Verum
1316 1033 1350 1052 ne
1368 1025 1497 1060 prolixius
1512 1032 1662 1052 sertnoncm
1676 1024 1816 1052 extendam
1828 1045 1835 1055 .
1856 1025 1918 1052 licc-

1127 1069 1165 1097 bit
1177 1071 1251 1098 vobis
1270 1079 1319 1106 pro
1332 1075 1420 1098 vestra
1436 1071 1575 1106 prudentia
1591 1079 1733 1099 recensere
1747 1071 1798 1098 alia
1816 1071 1916 1098 omnia.

1127 1115 1168 1142 Da
1180 1116 1250 1143 enim
1264 1137 1270 1148 ,
1294 1117 1397 1151 inquit,
1417 1117 1526 1151 sapienti
1541 1117 1696 1143 occasionem
1708 1138 1715 1149 ,
1737 1122 1760 1143 et
1780 1117 1918 1151 sapientior

1127 1163 1172 1188 crit
1194 1162 1285 1196 (Prov.
1301 1163 1326 1190 9.
1342 1163 1382 1197 9).
1410 1162 1501 1197 Neque
1526 1163 1551 1189 in
1574 1162 1671 1188 nostris
1695 1161 1831 1188 dumtaxat
1851 1162 1918 1189 ciliis

1129 1207 1178 1234 hoc
1193 1207 1282 1235 ridere
1295 1213 1336 1235 est
1347 1227 1355 1240 ,
1379 1207 1426 1235 sed
1441 1213 1467 1234 et
1487 1208 1512 1234 in
1529 1208 1561 1234 iis
1573 1215 1632 1242 quae
1647 1208 1783 1234 brutorum
1798 1211 1867 1234 sunt.
1887 1207 1919 1234 Et

1128 1253 1257 1287 poteritis,
1271 1254 1292 1280 si
1305 1253 1393 1286 vultis,
1410 1253 1489 1281 etiam
1504 1253 1529 1280 in
1544 1254 1632 1280 multis
1646 1253 1706 1280 aliis
1721 1253 1855 1288 inquirere
1867 1273 1874 1285 ,
1892 1257 1918 1279 ct

1127 1299 1264 1327 addiscere
1283 1300 1376 1334 optimi
1399 1300 1511 1327 artificis
1524 1300 1571 1327 Dei
1586 1299 1746 1327 ineffabilem
1761 1300 1918 1334 sapientiam

1127 1352 1153 1373 et
1166 1346 1327 1373 eminentem
1343 1346 1489 1374 bonitatem
1500 1367 1507 1378 ,
1522 1345 1656 1381 quomodo
1668 1350 1797 1373 creatura:
1808 1346 1920 1380 singula:

1129 1393 1232 1420 ratione
1244 1393 1357 1427 quadam
1372 1392 1487 1419 condita:
1496 1391 1550 1420 sint
1567 1392 1586 1418 ¹.
1601 1392 1728 1419 Similiter
1736 1392 1814 1426 igitur
1826 1394 1854 1417 et
1868 1390 1918 1418 hn-

1125 1438 1168 1472 jus
1183 1445 1265 1465 sacrae
1280 1438 1496 1473 Quadragesimte
1511 1442 1631 1472 tempore
1645 1438 1818 1465 constitutum
1843 1438 1920 1466 nobis

1127 1484 1302 1511 inveniemus.
1317 1483 1382 1511 Nam
1397 1483 1619 1518 quemadmodum
1635 1484 1661 1513 in
1674 1484 1723 1511 viis
1735 1484 1847 1519 publicis
1857 1489 1920 1512 sunt

1127 1531 1256 1558 stationes
1279 1534 1306 1557 et
1324 1529 1498 1563 diverticula,
1524 1530 1550 1557 in
1570 1530 1666 1565 quibus
1689 1530 1752 1558 fessi
1767 1530 1884 1558 viatores
1893 1535 1920 1558 et

1128 1576 1260 1610 respirant
1279 1580 1305 1603 et
1324 1576 1473 1610 quiescunt,
1501 1580 1531 1604 ut
1553 1580 1644 1610 postea
1668 1576 1718 1603 iter
1743 1583 1820 1603 suum
1835 1577 1921 1604 confu-

1128 1621 1200 1648 ciant
1215 1630 1221 1648 :
1235 1625 1261 1648 et
1277 1622 1345 1648 sicut
1359 1621 1383 1648 in
1401 1621 1468 1648 mari
1484 1621 1570 1649 littora
1585 1627 1648 1649 sunt
1658 1642 1665 1654 ,
1679 1626 1706 1649 ct
1720 1626 1811 1657 portus
1821 1642 1828 1655 ,
1842 1627 1872 1649 ut
1886 1622 1922 1650 ibi

1129 1671 1216 1692 nauta:
1235 1671 1374 1700 postquam
1393 1667 1491 1694 multos
1507 1666 1604 1694 ﬂuctus
1618 1668 1780 1701 trajecerunt
1791 1687 1798 1700 ,
1815 1671 1842 1694 et
1857 1675 1922 1694 vcn-

1129 1716 1140 1738 t
1150 1719 1216 1739 trum
1231 1711 1339 1746 impetui
1354 1712 1519 1745 restiterunt,
1535 1713 1664 1747 tantisper
1677 1713 1823 1748 quiescant,
1841 1718 1869 1740 ct
1883 1713 1922 1740 sic

1130 1757 1225 1784 iterum
1240 1758 1366 1792 navigare
1381 1757 1508 1792 incipiant
1522 1767 1529 1785 :
1543 1758 1578 1785 ita
1592 1763 1619 1785 et.
1629 1766 1699 1786 nunc
1713 1759 1745 1786 iis
1755 1760 1799 1794 qui
1813 1760 1838 1786 in
1851 1759 1922 1792 Qua-

1129 1803 1278 1838 dragcsima
1291 1803 1384 1838 jejunii
1396 1811 1503 1832 eursum
1519 1812 1661 1839 suscepere
1674 1826 1681 1837 ,
1701 1806 1775 1840 quasi
1791 1806 1922 1834 stationes

1129 1852 1157 1876 et
1167 1848 1313 1875 diversoria
1325 1869 1332 1881 ,
1347 1854 1373 1876 ct
1387 1849 1476 1876 littora
1491 1854 1517 1877 et
1530 1855 1630 1885 portus,
1646 1851 1728 1878 hosce
1740 1851 1808 1878 duos
1821 1851 1922 1878 hebdo-

1130 1893 1214 1921 madas
1227 1893 1283 1922 dies
1294 1895 1332 1930 (α)
1349 1895 1478 1923 Dominus
1492 1896 1608 1930 quietem
1632 1895 1741 1931 largitus
1763 1901 1820 1929 est,
1843 1902 1872 1924 ut
1895 1902 1922 1924 et

1129 1939 1235 1974 corpori
1246 1939 1436 1975 aliquantulum
1455 1941 1549 1976 jejunii
1564 1942 1681 1968 laborem
1696 1943 1861 1970 remittentes
1872 1964 1879 1975 ,
1895 1947 1922 1970 et

1129 1985 1244 2012 animant
1261 1991 1423 2019 recreantes,
1444 1987 1544 2014 exactis
1559 1987 1663 2015 duobus
1687 1987 1738 2014 illis
1758 1987 1870 2020 diebus,
1894 1989 1921 2015 in

1129 2030 1242 2066 pulchre
1263 2037 1351 2066 ccepto
1369 2032 1464 2059 itinere
1485 2032 1608 2060 alacriter
1631 2037 1741 2067 pergant
1756 2033 1772 2060 ii
1786 2033 1831 2068 qui
1855 2033 1921 2061 illud

1129 2082 1313 2112 susceperunt.
1336 2078 1392 2113 Age
1407 2079 1486 2113 igitur
1498 2099 1505 2112 ,
1520 2079 1580 2114 quia
1592 2078 1670 2106 hodie
1689 2079 1854 2106 remissionis
1864 2079 1922 2107 dies

1129 2128 1170 2151 cst
1181 2143 1189 2156 ,
1209 2124 1407 2152 obsecrabimus
1421 2130 1536 2152 vestram
1549 2126 1698 2158 caritatem,
1713 2130 1742 2153 ut
1754 2134 1848 2161 magna
1860 2127 1921 2154 dili-

1128 2169 1216 2204 gentia
1229 2169 1329 2197 lucrum
1342 2178 1374 2198 ex
1386 2171 1488 2205 jejunio
1499 2171 1639 2198 collectutu
1652 2171 1807 2198 custodiatis
1819 2179 1826 2197 :
1838 2176 1865 2199 et
1875 2179 1920 2200 re-

1129 2219 1234 2250 sumpto
1248 2223 1389 2251 parumper
1409 2216 1503 2251 spiritu
1514 2237 1522 2249 ,
1545 2223 1607 2243 mox
1629 2215 1724 2243 iterum
1742 2216 1830 2251 priora
1844 2217 1921 2244 novis

1129 2262 1301 2290 incrementis
1324 2262 1482 2296 cttmulctis,
1504 2267 1531 2290 et
1544 2263 1583 2290 sic
1603 2262 1727 2297 paulatim
1743 2262 1775 2289 ad
1791 2263 1921 2297 majorem

1129 2309 1333 2344 negotiationem
1356 2310 1476 2337 instructi
1488 2331 1494 2342 ,
1518 2310 1544 2336 in
1561 2309 1726 2336 Dominicum
1741 2309 1811 2337 diem
1825 2317 1925 2336 occur-
1942 2330 1944 2332 τ

1128 2355 1202 2388 ratis,
1218 2360 1244 2382 ct
1258 2356 1423 2390 spiritualem
1438 2360 1552 2382 vestram
1563 2355 1649 2382 navim
1663 2355 1688 2381 in
1704 2360 1807 2390 portum
1821 2361 1923 2382 sancta:

1129 2401 1277 2429 festivitatis
1296 2402 1400 2436 plenam
1421 2401 1568 2428 adducatis.
1595 2400 1659 2428 Nam
1674 2401 1742 2428 sicut
1757 2401 1846 2427 omnia
1859 2409 1922 2434 qua:

1127 2454 1142 2474 a
1164 2447 1277 2474 Domino
1298 2451 1360 2474 sunt
1381 2447 1448 2474 facta
1460 2467 1468 2479 ,
1490 2447 1558 2474 sicut
1571 2451 1598 2474 et
1617 2454 1741 2474 sermone
1756 2446 1922 2474 declaratum

1127 2496 1169 2520 est
1180 2496 1207 2520 et
1221 2500 1263 2520 res
1277 2493 1340 2527 ipsa:
1353 2497 1492 2524 testantur,
1505 2492 1607 2519 ratione
1621 2496 1647 2518 ct
1661 2492 1788 2526 sapientia
1805 2492 1921 2526 quadam

1127 2537 1196 2565 facta
1211 2543 1284 2571 sunt,
1298 2546 1376 2566 usum
1390 2539 1570 2566 necessarium
1584 2538 1735 2566 exhibentia
1752 2547 1757 2565 :
1776 2539 1811 2565 ita
1823 2544 1850 2566 et
1860 2547 1923 2573 qua:

1127 2591 1142 2610 a
1155 2584 1232 2612 nobis
1245 2584 1311 2611 fiunt
1322 2605 1330 2617 ,
1352 2592 1385 2611 ne
1403 2585 1503 2619 absque
1514 2592 1594 2612 causa
1609 2588 1637 2611 et
1649 2583 1746 2611 frustra
1764 2583 1826 2611 fiant
1841 2592 1919 2619 opor-

1160 2651 1167 2666 '
1186 2650 1291 2682 Coislin.,
1302 2657 1348 2675 uno
1358 2650 1427 2682 verba
1439 2654 1459 2676 et
1467 2650 1547 2682 jussu.
1560 2657 1612 2681 pro.
1625 2650 1716 2674 ratione
1724 2650 1840 2680 quadam.

1159 2681 1195 2715 (tt)
1216 2689 1227 2703 α
1238 2681 1365 2715 sabbatum
1376 2681 1469 2715 scilicet
1487 2682 1603 2712 diemque
1623 2681 1776 2715 Dotuinicam,
1790 2682 1870 2715 inquit
1879 2684 1922 2705 Sa-

1127 2712 1210 2740 vilius;
1224 2713 1341 2736 Dominica
1357 2713 1470 2743 je'unare
1482 2719 1610 2742 numquam
1630 2712 1781 2741 permissum.
1797 2715 1820 2736 In
1833 2713 1922 2736 Orien-

1129 2742 1168 2766 tali
1179 2749 1239 2766 vero
1250 2742 1354 2766 Ecclesia
1365 2720 1421 2766 oiim
1440 2747 1487 2766 tam
1506 2746 1573 2766 neias
1588 2743 1689 2766 sabbato
1707 2742 1827 2766 ieiunare.
1846 2749 1921 2766 quam

1129 2742 1168 2768 tali
1179 2749 1239 2766 vero
1250 2742 1421 2767 Ecclesia'olim
1440 2747 1487 2767 tam
1506 2746 1573 2767 neias
1588 2743 1689 2767 sabbato
1704 2742 1827 2772 jejunarc,
1846 2749 1921 2773 quam

1127 2774 1166 2807 die
1178 2774 1306 2808 Dmniniea.
1330 2774 1443 2808 Ignatiﬂns,
1461 2780 1507 2798 seu
1519 2773 1627 2808 quisquis
1646 2773 1735 2807 estqui
1754 2772 1810 2798 illas
1824 2772 1922 2808 scripsit

1127 2803 1249 2839 epistolas.
1262 2810 1317 2839 qut}:
1330 2805 1383 2835 ejus
1401 2804 1512 2829 feruntur
1524 2803 1620 2839 nomine
1633 2810 1639 2828 :
1658 2803 1684 2839 si
1694 2803 1754 2839 quis.
1767 2805 1921 2839 potnimqam

1127 2833 1191 2858 diem
1203 2838 1243 2859 aut
1251 2833 1386 2866 sabbattim,
1397 2840 1442 2859 una
1450 2839 1550 2866 excepto
1555 2834 1682 2866 jejunat'it,
1693 2833 1714 2860 is
1724 2834 1816 2860 Christi
1827 2842 1862 2859 or.
1870 2833 1924 2859 isor

1127 2869 1171 2895 est.
1183 2867 1253 2896 Epist.
1266 2865 1281 2890 8
1292 2865 1323 2890 ad
1334 2865 1509 2897 Philippenses'.
1522 2873 1533 2888 ι
