2060 3122
128 133 159 161 9|
751 131 784 159 IN
808 130 884 158 CAP.
903 128 914 156 1
933 127 1055 156 GENES.
1079 127 1193 156 HOMIL.
1217 127 1261 153 XI.
1815 127 1849 155 92

128 191 209 218 ref/:0
233 189 365 225 βούλομαι
395 188 512 224 σήμεων
537 189 720 225 ἀφελεστέρσν
746 190 812 225 ὑμῖν
836 197 848 211 ιι
874 197 963 225 παρα-

131 233 218 259 θεῖναι
240 230 424 258 διδασκαλίαν.
453 229 586 266 Καθάπερ
612 230 667 266 γὰρ
689 231 720 257 τὸ
745 231 824 267 σῶμα
846 231 900 258 ὑπὸ
913 230 965 265 τῆς

131 276 259 311 νηστείας
274 274 459 308 κατεσκληκὸς
475 274 559 300 δεῖται
576 274 676 309 μικρᾶς
695 274 824 306 ἀνέσεως,
847 274 880 300 ἵν’
895 273 966 300 οὕτω

133 320 216 347 πάλιν
227 317 388 353 ἀκμαζούσῃ
410 318 443 352 τῇ
459 316 598 353 προθυμίᾳ
612 317 680 352 πρὸς
698 317 760 348 τοὺς
776 318 825 352 τῆς
840 316 965 352 νηστείας

135 363 244 397 ἀγῶνας
260 361 475 395 έπαποδύσηται*
494 360 565 387 οὕτω
577 361 623 387 καὶ
643 361 659 396 ἡ
675 359 748 396 ψυχὴ
761 360 855 396 χρῄζει
875 361 966 387 διανα-

136 405 270 432 παύεσθαι
285 403 333 430 καὶ
358 402 488 430 ἀνίεσθαι.
505 401 573 429 Οὔτε
593 402 647 437 γὰρ
661 402 705 428 ἀεὶ
720 403 888 429 κατατείνειν
900 401 965 437 χρὴ,

133 448 196 475 οὒτε
213 447 241 473 δὲ
263 446 377 477 ἀνιέναι,
392 445 459 472 ἀλλὰ
473 446 536 472 ποτὲ
554 446 603 480 μὲν
633 445 723 477 τοῦτο,
750 445 815 472 ποτὲ
831 445 859 472 δὲ
880 446 967 472 έκεῖνο

134 492 234 522 ποιεῖν,
249 491 296 516 καὶ
306 489 390 520 οὕτως
412 490 528 524 ἠνιοχεῖν
539 489 586 515 καὶ
598 490 648 525 τῆς
661 489 751 524 ψυχῆς
766 488 815 524 τὴν
830 489 966 516 κατάστα-

134 543 189 567 σιν,
205 534 311 569 καὶτῆς
325 532 424 567 σαρκὸς
431 532 466 559 τὰ
479 533 492 552 ιι
507 533 688 568 σκιρτήματα.
705 533 810 566 ’Ὠσπερ
825 532 878 568 γὰρ
888 532 917 558 τὸ
924 533 968 560 ἀεὶ

134 576 304 603 κατατείνειν
318 576 372 605 τοῖς
387 574 478 606 πόνοις
489 574 646 601 ἀποκναίειν
655 576 726 601 ποιεῖ
738 575 785 602 καὶ
795 574 966 602 ἀναπίπτειν*

133 618 207 644 οὕτω
221 617 251 643 τὸ
265 616 393 652 διηνεκῶς
415 615 517 642 ἀνιέναι
531 616 571 647 είς
586 616 721 651 ρᾳθυμίαν
733 617 803 650 ἀγει.
821 616 905 643 Τοῦτο
921 616 968 643 καὶ

135 659 181 685 ἐπὶ
193 659 244 694 τῆς
257 658 355 693 ψυχῆς,
371 658 418 684 καὶ
432 657 478 684 ἐπὶ
493 658 540 684 τοῦ
555 657 679 693 σώματος
694 660 840 693 συμϐαῖνον
856 658 904 684 ἴδοι
925 667 967 690 τις

133 700 177 727 ἀν.
197 699 333 726 Διὰτοῦτο
343 698 481 733 πανταχοῦ
503 698 519 733 ἡ
540 699 693 734 συμμετρία
716 699 806 726 καλόν.
825 699 879 725 Kal
890 698 968 725 τοῦτο

135 741 200 768 αὐτὸ
211 740 331 767 διδάσκει
344 740 418 774 ἡμᾶς
436 743 447 757 ε
472 740 487 765 ὁ
499 738 552 765 τῶν
568 739 636 766 ὅλων
660 739 737 772 Θεὸς,
752 739 799 766 καὶ
823 739 855 767 δι’
879 739 968 766 αὐτῶν

134 781 190 809 τῶν
208 780 467 816 δημιουργημάτων,
494 779 512 806 ἃ
527 779 594 816 πρὸς
608 779 657 815 τὴν
681 781 817 816 ἡμετέραν
839 780 968 806 σύστασιν

135 824 291 859 παρήγαγε.
320 823 374 848 Καὶ
390 822 432 848 ἴνα
451 821 564 857 μάθητε,
583 822 629 848 ἐπὶ
656 822 705 857 τῆς
732 822 839 857 ἡμέρας
855 822 901 848 καὶ
919 821 969 856 τῆς

135 865 243 896 νυκτὸς,
256 863 303 890 τοῦ
318 863 405 897 φωτὸς
417 862 489 895 λέγω
504 862 550 888 καὶ
563 862 610 888 τοῦ
622 862 745 894 σκότους,
761 862 807 889 τὸν
821 862 900 896 λόγον
923 870 969 896 γυ-

137 904 295 939 μνάσωμεν.
313 901 421 936 Ἐπειδὴ
436 901 489 936 γὰρ
504 901 554 936 τὴν
575 901 624 936 μὲν
636 901 741 937 ἡμέραν
759 901 896 937 ἀφώρισεν
925 901 969 927 ἐπ’

137 944 255 979 ἐργασίᾳ
273 944 306 978 τῇ
324 942 378 969 τῶν
395 941 545 978 ἀνθρώπων
555 941 644 976 φύσει,
659 942 689 969 τὸ
700 943 727 969 δὲ
739 942 788 978 τῆς
804 943 900 974 νυκτὸς
912 943 970 969 σκό‹

137 995 184 1018 τος
198 986 238 1017 είς
261 985 352 1012 ἄνεσιν
374 984 421 1010 καὶ
442 983 586 1020 ἀνακωχὴν
611 983 666 1010 τῶν
680 983 783 1017 πόνων,
808 984 894 1020 μέτρα
922 984 970 1011 καὶ

136 1028 216 1063 ὅρους
232 1026 371 1061 ἑκατέροις
394 1024 502 1060 ἔπηξεν,
522 1024 592 1051 ὥστε
617 1025 664 1051 καὶ
684 1025 806 1056 ἅπαντας
828 1025 902 1060 ἡμᾶς
920 1025 970 1059 τῆς

137 1066 242 1094 ἐκεῖθεν
272 1064 430 1100 εὐεργεσίας
451 1064 607 1092 ἀπολαύειν.
635 1064 697 1090 Ὀτι
715 1064 770 1099 γὰρ
794 1063 825 1090 τὸ
842 1065 900 1099 φῶς
922 1065 970 1099 τῆς

137 1107 270 1141 ἡμερινῆς
284 1105 411 1140 ἐργασίας
430 1105 489 1131 ἐστὶ
511 1104 616 1140 καιρὸς.
643 1104 726 1131 ἄκουε
752 1104 799 1131 τοῦ
823 1105 906 1132 Δαυῒδ
924 1105 969 1132 λέ-

137 1156 241 1183 γοντος.
250 1147 457 1178 Ἐξελεύσεται
471 1145 625 1180 ἄνθρωπος
651 1145 700 1172 ἐπὶ
718 1146 751 1173 τὸ
765 1146 853 1181 ἔργον
866 1146 969 1179 αὐτοῦ,

138 1190 186 1216 καὶ
203 1188 252 1214 ἐπὶ
268 1187 326 1221 τὴν
341 1187 485 1222 ἐργασίαι·
498 1187 601 1219 αὐτοῦ,
620 1186 675 1220 ἕως
688 1187 827 1222 ἑσπέρας.
843 1188 898 1214 Kal
920 1196 971 1214 κα-

138 1230 192 1262 λῶς
206 1227 292 1261 εἶπεν,
305 1228 381 1261 Ἕως
392 1227 532 1262 ἑσπέρας-ο
550 1227 754 1264 καταλαϐούσης
767 1228 821 1264 γὰρ
833 1228 881 1264 τῆς
895 1228 973 1255 ἑσπέ-

139 1280 200 1306 ρας,
214 1270 244 1296 τὸ
259 1268 317 1304 φῶς
329 1269 474 1305 ὑποχωρεῖ,
487 1269 534 1296 καὶ
547 1268 657 1295 ἐπελθὸν
668 1269 698 1295 τὸ
710 1269 802 1301 σκότος
812 1269 972 1304 κατακοιμί-

138 1312 181 1344 ζει
193 1312 244 1345 τὴν
261 1310 434 1346 ἀνθρωπίνην
449 1309 538 1344 φύσιν,
555 1310 601 1336 καὶ
622 1309 652 1336 τὸ
664 1309 744 1345 σῶμα
753 1310 904 1345 πεπονηκὸς
914 1310 973 1338 δια-

138 1351 267 1382 ναπαύει,
285 1350 392 1382 καὶτὰς
416 1351 556 1385 αἰσθήσεις
576 1350 685 1384 ἀπάσας
698 1350 798 1385 ἀνίησι,
822 1351 869 1378 καὶ
887 1351 973 1379 καθά-

138 1401 193 1429 περ
199 1391 299 1427 τροφὸς
309 1391 405 1426 ἀρίστη
415 1391 449 1418 τὰ
462 1391 625 1427 αἰσθητήρια
635 1391 742 1418 ἅπαντα
750 1393 783 1427 τῇ
799 1392 863 1428 παρ’
874 1393 973 1428 ἑαυτῆς

140 1433 285 1470 ὶπιμελείᾳ
307 1434 361 1460 τῶν
386 1433 474 1460 πόνων
493 1432 551 1469 [83]
575 1433 691 1460 καὶτῶν
712 1433 843 1468 καμάτων
857 1434 971 1462 ἀνιεῖσα.

146 1475 274 1502 Ἐπειδὰν
285 1475 312 1502 δὲ
326 1475 455 1510 πληρωθῇ
470 1475 519 1510 τῆς
535 1475 631 1506 νυκτὸς
647 1475 678 1502 τὸ
694 1475 802 1511 μέτρον,
823 1476 973 1512 ἐπιστάσης

139 1518 189 1552 τῆς
199 1517 247 1544 τοῦ
263 1517 350 1551 φωτὸς
366 1516 514 1552 παρουσίας
532 1516 579 1542 καὶ
597 1516 778 1552 διεγειράσης,
798 1517 974 1552 παρασκευά-

140 1558 184 1591 ζει
201 1557 389 1593 ἀκμαζούσαις
403 1559 462 1589 ταῖς
477 1558 619 1593 αἰσθήσεσι
648 1557 810 1593 προσϐαλεῖν
824 1560 883 1590 ταῖς
897 1559 975 1594 ἡλια-

140 1602 203 1631 καῖς
224 1600 326 1631 ἀκτῖσι,
348 1597 461 1626 καὶτῶν
479 1599 601 1633 συνήθων
630 1599 717 1635 ἔργων
732 1600 864 1628 ἅπτεσθαι
890 1602 974 1637 νεαρᾷ

140 1642 188 1669 καὶ
202 1640 300 1676 ζεούσῃ
316 1641 348 1676 τῇ
362 1640 601 1676 προθυμίᾳ.Τοῦτο
617 1642 664 1668 καὶ
678 1642 723 1668 ἐπὶ
740 1642 793 1669 τῶν
807 1643 915 1678 τροπῶν
927 1644 973 1670 τοῦ

141 1681 265 1709 ἐνιαυτοῦ
279 1681 352 1707 ἔστιν
367 1681 429 1707 ἰδεῖν
442 1682 634 1716 γεγενημένον.
650 1683 701 1709 Τὸν
717 1682 771 1718 γὰρ
785 1684 906 1719 χειμῶνα
919 1684 976 1711 δια-

141 1724 247 1759 δέχεται
268 1723 326 1759 ἔαρ,
343 1723 390 1749 καὶ
415 1722 500 1754 οὕτως
516 1723 676 1762 ἐπιστάντος
690 1723 701 1743 ἀ
714 1724 761 1751 τοῦ
777 1724 873 1760 θέρους
889 1734 974 1752 κατα-

141 1766 275 1800 λαμὸάνει
290 1765 320 1791 τὺ
332 1765 497 1801 μετόπωρον,
511 1765 554 1791 ἵνα
563 1766 595 1800 τῇ
614 1765 746 1801 ὲναλλαγῇ
760 1766 810 1801 τῆς
821 1766 876 1793 τῶν
886 1767 975 1802 ἀέρων

143 1807 268 1843 κράσεως
282 1805 479 1841 διαναπαύηται
493 1805 614 1841 ἡμῶντά
631 1806 754 1842 σώματα,
773 1808 820 1834 καὶ
841 1808 908 1843 μήτε
929 1808 976 1835 ἐπὶ

143 1849 224 1875 πλέον
237 1849 277 1883 τῷ
290 1847 387 1884 κρυμῷ
397 1847 555 1883 πηγνύμενα
562 1847 759 1883 διαφθείρηται,
775 1849 844 1884 μήτε
859 1849 911 1876 ὑπὸ
925 1850 976 1884 τῆς

141 1890 192 1917 τοῦ
208 1889 304 1925 θέρους
319 1889 497 1925 σφοδρότητος
511 1889 557 1915 ἐπὶ
572 1889 639 1916 πολὺ
655 1889 855 1925 θερμαινόμενα
869 1890 977 1926 διαλύη-

141 1939 206 1958 ται·
233 1931 278 1958 διὰ
299 1931 377 1958 τοῦτο
400 1930 616 1966 ἐγγυμνάζεσθαι
639 1931 842 1966 παρασκευάζει
857 1932 910 1967 πρὸ
928 1932 976 1967 μὲν

141 1971 190 1998 τοῦ
207 1972 340 2007 χειμῶνος
354 1971 392 2006 τῷ
406 1970 565 2006 μετοπώρῳ,
579 1970 632 2006 πρὸ
645 1971 673 1997 δὲ
683 1970 728 1997 τοῦ
744 1970 838 2007 θέρους
850 1972 890 2007 τῷ
902 1972 974 2008 ἔαρι.

143 2014 200 2040 Kal
216 2014 243 2039 εί
256 2022 297 2044 τις
311 2013 489 2048 εὐγνωμόνως
503 2013 610 2040 ἃπαντα
625 2013 734 2039 σκοπεῖν
748 2012 879 2048 βούλοιτο,
897 2014 977 2049 εὑρή-

144 2063 187 2081 σει
204 2056 233 2081 ὲν
247 2054 333 2081 ἅπασι
349 2056 404 2085 τοῖς
417 2054 639 2089 δημιουργηθεῖσι
655 2054 731 2087 τάξιν
750 2054 811 2081 τινά
825 2055 872 2081 καὶ
886 2054 975 2088 λόγον,

145 2095 192 2121 καὶ
207 2096 283 2122 οὐδὲν
306 2095 398 2126 ἁπλῶς
421 2095 468 2121 καὶ
490 2095 551 2130 είκῆ
565 2095 756 2131 γεγενημένον.
772 2095 857 2122 Τοῦτο
872 2097 918 2123 καὶ
930 2097 978 2124 ἐπὶ

144 2137 198 2162 τῶν
215 2137 379 2172 σπερμάτων
393 2136 448 2163 τῶν
466 2137 498 2162 ὲκ
513 2136 563 2171 τῆς
584 2136 637 2171 γῆς
660 2137 857 2172 ἀναδιδομένων
880 2138 913 2165 ἀν
937 2147 978 2171 τις

145 2177 259 2204 κατίδοι.
277 2176 344 2204 οὔτε
356 2177 411 2213 γὰρ
425 2177 496 2204 κατὰ
517 2178 562 2204 τὸν
583 2178 665 2205 αὑτὸν
677 2178 772 2213 καιρὸν
787 2179 894 2205 ἃπαντα
907 2180 978 2206 ἐκδί-

144 2218 227 2245 δωσιν
251 2220 267 2254 ἡ
290 2219 336 2254 γῆ,
351 2219 412 2245 οὔτε
426 2220 440 2246 ὀ
456 2219 537 2251 αὐτὸς
558 2219 653 2255 καιρὸς
669 2220 820 2255 ἐπιτήδειος
837 2220 905 2256 πρὸς
929 2222 979 2256 τὴν

145 2261 304 2295 ἐπιμέλειαν
320 2261 373 2287 τῶν
386 2261 414 2294 ἐξ
428 2261 512 2296 αὐτῆς
528 2261 744 2295 βλαστανόντων·
760 2261 817 2288 ἀλλ’
831 2267 842 2281 ε
857 2260 910 2288 οἵδε
934 2262 979 2288 τὸν

145 2302 300 2338 ἁρμόζοντα
318 2302 412 2337 καιρὸν
427 2303 441 2329 ό
455 2302 583 2337 γηπόνος,
597 2302 672 2337 παρὰ
688 2303 737 2337 τῆς
752 2302 798 2329 τοῦ
814 2303 881 2329 Θεοῦ
896 2303 981 2329 δοθεί-

146 2352 197 2377 σης
214 2343 307 2377 σοφίας
323 2343 400 2370 τοῦτο
422 2343 599 2378 μεμαθηκὼς,
614 2344 661 2370 καὶ
675 2343 818 2370 ἐπίσταται
842 2344 906 2370 πότε
932 2344 980 2379 μὲν

145 2385 187 2410 δεῖ
208 2384 242 2410 τὰ
267 2383 411 2419 σπέρματα
433 2383 607 2416 καταϐαλεῖν,
623 2384 688 2410 πότε
703 2384 730 2410 δὲ
746 2384 799 2410 τῶν
814 2384 929 2420 δένδρων
947 2384 980 2410 τὰ

147 2425 220 2460 φυτά
233 2425 279 2450 καὶ
297 2425 346 2458 τῆς
361 2424 483 2459 ἀμπέλου
497 2426 554 2455 τοῖς
565 2424 676 2456 κόλποις
689 2425 739 2460 τῆς
754 2424 806 2459 γῆς
820 2433 981 2460 παρακατα-

146 2465 254 2498 θέσθαι,
274 2466 321 2492 καὶ
345 2466 408 2492 πότε
428 2466 477 2500 μὲν
500 2466 594 2500 θήγειν
614 2466 664 2501 τὴν
684 2465 821 2501 δρεπάνην
846 2465 913 2500 πρὸς
935 2465 982 2491 τὸν

145 2507 264 2542 ἄμητον,
285 2508 350 2533 πότε
373 2507 401 2534 δὲ
420 2508 466 2534 τὸν
488 2508 595 2543 καρπὸν
619 2508 669 2543 τῆς
687 2507 810 2542 ἀμπέλου
823 2507 980 2542 δρέπεσθαι,

145 2549 194 2575 καὶ
211 2550 275 2580 τοὺς
291 2548 407 2583 βότρυας
419 2549 571 2584 ἐκτέμνειν,
585 2549 632 2576 καὶ
645 2549 716 2576 κατά
731 2550 805 2575 ποῖον
825 2549 919 2583 καιρὸν
933 2550 980 2574 έκ-

145 2590 237 2624 λέγειν
263 2591 312 2626 τῆς
334 2590 425 2622 ἐλαίας
441 2590 450 2610 ί
470 2591 514 2618 τὸν
529 2591 642 2626 καρπόν.
657 2591 711 2618 Kal
725 2591 860 2626 εὑρήσεις,
880 2592 904 2617 εί
922 2590 982 2626 βού-

180 2691 193 2723 ξ
206 2690 310 2723 Quidam
322 2697 377 2715 mss.
394 2691 496 2722 σήμερον
508 2692 653 2723 σαφεστέραν
661 2692 724 2723 ὑμῖν.

180 2721 194 2741 ι’
205 2721 306 2746 (ζοίδιιη.
327 2723 367 2744 καὶ
383 2723 426 2747 τοῦ
448 2721 559 2752 σώματος
578 2721 617 2746 τάξ
629 2721 682 2747 Μιηι
698 2722 843 2751 ἀποκναίειν,
855 2728 900 2746 vox
914 2725 984 2747 certe

148 2753 196 2779 hoc
208 2759 252 2775 usu
266 2752 366 2776 insolita
379 2751 501 2775 ἀποκναίει
513 2753 553 2775 καὶ
564 2753 625 2776 ποιεῖ
636 2753 779 2777 ἀναπίπτειν.

182 2785 192 2798 τ
205 2782 310 2815 Coisl'in;
321 2784 347 2805 el
359 2782 398 2805 alii
410 2783 449 2805 καὶ
461 2781 532 2815 τοῦτο
541 2783 598 2815 αὐτὸ
607 2785 724 2808 παιδεύων
735 2786 803 2815 ἡμᾶς.
818 2783 871 2808 Μοῐ
884 2783 984 2808 Coislin.

149 2814 180 2838 δι’
190 2813 270 2836 αὐτῶν
281 2812 329 2836 τῶν
344 2814 490 2842 πραγμάτων
506 2813 617 2843 ἀκριϐῶς.

181 2843 195 2863 δ
208 2843 272 2867 Fort.
284 2843 438 2870 ἀποστάντος.

183 2875 196 2889 ο
210 2875 287 2902 Αὐτῆς
295 2873 478 2902 ἀναδιδομένων,
490 2873 550 2899 ἀλλ’,
563 2873 598 2896 sic
612 2872 710 2898 Cuislin.

184 2907 193 2926 Ι
208 2904 308 2930 Coislin.
321 2906 347 2928 cl
360 2902 423 2927 alius
433 2905 475 2931 τῆς
485 2903 599 2934 ἀμπέλου.

368 2962 503 2992 ΡΔτιιοι,
521 2961 578 2990 Gn.
601 2960 677 2990 LIII.

1020 186 1078 212 λοιο
1105 185 1174 212 κατὰ
1203 185 1284 220 μέρος
1299 183 1485 219 διερευνᾶσθαι
1506 186 1591 211 ταῦτα
1617 184 1734 216 ἅπαντα,
1750 183 1849 221 πολλὴν

1020 225 1114 258 σοφίαν
1128 224 1175 251 καὶ
1188 223 1262 259 παρὰ
1279 223 1336 254 τοῖς
1359 223 1408 257 τὴν
1427 223 1479 258 γῆν
1493 223 1685 258 ἐργαζομένοις
1708 225 1844 252 ἐναποκει-

1020 263 1113 298 μένην.
1137 264 1190 289 Kal
1214 263 1262 289 οὐκ
1281 262 1326 288 ἐπὶ
1348 262 1398 296 τῆς
1416 262 1467 297 γῆς
1483 261 1561 288 τοῦτο
1577 262 1649 289 ἐστιν
1673 263 1736 290 ίδεῖν
1759 264 1850 298 μόνον,

1018 301 1087 329 ἀλλὰ
1109 302 1156 328 καὶ
1179 302 1225 328 ἐπὶ
1240 301 1288 336 τῆς
1303 301 1449 335 Θαλάσσης.
1473 302 1527 328 Καὶ
1551 301 1607 337 γάρ
1629 302 1746 329 ἐνταῦθα
1769 303 1851 330 πάλιν

1019 341 1116 376 ἑτέραν
1135 340 1295 376 θαυμαστὴν
1307 341 1402 375 σοφίαν
1414 341 1487 367 ἐστιν
1501 341 1573 368 ἰδεῖν,
1589 340 1650 368 οἶδε
1662 342 1716 377 γὰρ
1731 344 1745 369 ὁ
1757 344 1851 379 κυϐερ-

1019 382 1112 417 νήτης,
1127 381 1192 407 πότε
1205 381 1245 407 δεῖ
1259 380 1423 408 καθελκύσαι
1444 381 1475 407 τὸ
1496 381 1596 413 πλοῖον,
1612 382 1657 407 καὶ
1674 382 1705 408 ὲκ
1717 382 1764 408 τοῦ
1779 383 1851 418 λιμέ-

1019 429 1063 452 νος
1077 419 1211 452 ὲκὸαλεῖν,
1227 422 1274 447 καὶ
1290 421 1323 447 τὰ
1339 421 1442 456 πελάγη
1459 421 1663 457 περαιώσασθαι
1675 422 1698 448 ε.
1718 422 1773 448 Kal
1787 423 1851 449 πολ-

1019 460 1068 494 λὴν
1086 460 1201 494 μάλιστα
1219 459 1294 495 παρὰ
1308 459 1410 491 τούτοις
1427 460 1499 486 ἐστιν
1515 460 1578 486 ίδεῖν
1591 460 1639 495 τὴν
1655 459 1771 493 σύνεσιν,
1791 462 1824 496 ἣν
1834 460 1851 492 ἡ

1020 499 1065 526 τοῦ
1081 499 1146 525 Θεοῦ
1164 500 1244 534 σοφία
1265 499 1411 526 ἐναπέθετο
1436 501 1469 535 τῇ
1497 499 1654 535 ἀνθρωπίνῃ
1679 499 1769 529 φύσει.
1785 500 1853 526 οὐδὲ

1020 539 1074 574 γὰρ
1099 538 1184 570 οὓτως
1207 540 1230 565 οἱ
1254 538 1303 570 τὰς
1318 538 1472 574 λεωφόρους
1494 538 1680 573 διατρέχοντες
1695 537 1768 565 ῐσασι
1785 539 1854 572 μετὰ

1021 578 1161 613 ἀκριϐείας
1183 578 1233 610 τὰς
1256 579 1427 613 ἀτραποὺςιι,
1444 579 1481 610 ὡς
1504 575 1576 605 οὗτοι
1600 578 1624 605 οῖ
1649 579 1678 604 ὲν
1702 579 1756 609 τοῖς
1772 577 1851 604 ὕδασι

1023 617 1091 652 μετὰ
1104 617 1252 651 ἀσφαλείας
1268 619 1317 653 τὴν
1332 617 1443 652 πορείαν
1455 617 1602 644 ποιοῦνται.
1614 616 1659 643 Διὸ
1671 617 1717 643 καὶ
1727 618 1743 652 ἡ
1755 617 1852 652 Γραφὴ

1022 656 1224 692 ὲκπληττομένη
1240 657 1288 692 τὴν
1305 657 1526 692 ὑπερϐάλλουσαν
1543 656 1589 683 τοῦ
1603 656 1670 682 Θεοῦ
1688 656 1781 690 σοφίαν
1792 656 1852 682 ἔλε-

1022 704 1068 730 γεν
1078 704 1085 711 ·
1109 696 1140 722 '0
1156 696 1227 729 δοὺς
1238 697 1273 723 ἐν
1285 696 1424 730 θαλάσσῃ
1439 697 1520 729 ὁδὸν,
1536 696 1585 723 καὶ
1596 697 1631 723 ἐν
1641 696 1727 723 ὕδατι
1740 695 1854 730 ισχυρῷ

1022 735 1131 768 τρίϐον.
1151 736 1229 767 Ποίος
1243 734 1409 771 ἀνθρώπινος
1425 735 1552 771 λογισμὸς
1564 735 1674 762 δύναται
1690 735 1776 762 ταῦτα
1789 743 1853 761 κατ-

1023 774 1105 807 ιδεῖν;
1124 775 1201 800 Κατὰ
1225 774 1270 801 τὸν
1292 775 1371 801 αὑτὸν
1386 775 1463 809 λόγον
1479 774 1554 810 εὖροι
1576 784 1618 806 τις
1641 775 1674 802 ἂν
1699 775 1746 801 καὶ
1769 775 1796 800 ὲν
1821 774 1854 808 τῇ

1024 813 1172 848 μεταλήψει
1185 814 1234 848 τῆς
1250 814 1352 848 τροφῆς
1377 814 1425 849 τῆς
1449 813 1622 849 ἀνθρωπίνης
1635 813 1719 840 ταῦτα
1733 813 1853 839 διατετα-

1022 852 1119 887 γμένα.
1138 853 1192 879 Kal
1208 852 1262 888 γὰρ
1276 853 1336 879 καθ’
1348 853 1462 879 ἕκαστον
1480 852 1584 887 καιρὸν,
1601 852 1649 879 καὶ
1664 852 1725 879 καθ’
1737 851 1856 886 ἑκάστην

1022 892 1124 927 τροπὴν
1137 892 1183 918 τοῦ
1200 892 1331 921 ἐνιαυτοῦ.
1342 893 1485 928 διαφόρους
1498 893 1564 927 ἡμῖν
1574 891 1676 927 τροφὰς
1688 892 1702 917 ό
1714 891 1853 924 Δεσπότης

1023 931 1203 966 κεχάρισται·
1225 931 1272 957 καὶ
1288 931 1412 967 καθάπερ
1436 931 1532 966 ἀρίστη
1558 931 1666 966 τροφὸς,
1684 929 1769 962 οὕτως
1785 931 1802 966 ἡ
1818 930 1855 964 γῆ

1022 971 1056 997 τὰ
1069 970 1133 1006 παρ’
1145 970 1244 1006 ἑαυτῆς
1260 971 1325 1006 ἡμῖν
1342 971 1500 1007 δωροφορεῖ,
1513 970 1553 1006 τῷ
1565 969 1732 1005 ἑπιτάγματι
1745 969 1792 997 τοῦ
1809 970 1856 1006 δη-

1026 1019 1087 1045 μιου
1092 1010 1156 1045 ργοῦ
1175 1010 1229 1045 ὑπη
1234 1019 1309 1046 ρετου
1313 1011 1378 1046 μένη
1383 1030 1390 1038 .

1060 1049 1092 1084 β’.
1103 1049 1172 1076 Ἀλλ’
1190 1050 1233 1076 ἴνα
1247 1049 1283 1085 μὴ
1294 1050 1339 1075 ἐπὶ
1356 1048 1436 1076 πλέον
1451 1048 1544 1076 τοῦτον
1559 1048 1673 1076 ὲκτείνω
1687 1049 1695 1069 ἱ
1710 1049 1756 1076 τὸν
1766 1048 1854 1082 λόγον,

1022 1088 1126 1121 ἔξεστιν
1153 1089 1216 1124 ὑμῖν
1242 1089 1361 1119 συνετοῖς
1381 1086 1489 1114 οὖσιτά
1505 1088 1585 1115 λοιπὰ
1600 1088 1708 1115 ἅπαντα
1728 1088 1857 1121 ἀναλέγε-

1025 1128 1095 1154 σθαι.
1111 1127 1168 1164 [84]
1185 1127 1272 1154 Δίδου
1286 1127 1351 1163 γὰρ,
1372 1128 1447 1162 φησι,
1461 1127 1546 1162 σοφῷ
1564 1127 1713 1163 ἀφορμὴν,
1732 1127 1782 1154 καὶ
1804 1135 1856 1154 σο-

1023 1166 1153 1200 φώτερος
1174 1167 1270 1193 ἔσται.
1285 1166 1352 1193 οὐδὲ
1374 1166 1429 1200 γὰρ
1452 1166 1498 1192 ἐπὶ
1513 1166 1570 1201 ,τῆς
1593 1167 1729 1201 ἡμετέρας
1753 1166 1858 1201 τροφῆς

1024 1205 1102 1232 τοῦτο
1120 1205 1199 1240 μόνον
1213 1205 1285 1232 ἔστιν
1300 1205 1373 1237 ίδεῖν,
1386 1204 1454 1231 ἀλλά
1470 1205 1515 1232 καὶ
1536 1205 1583 1232 ἐπὶ
1604 1205 1654 1240 τῆς
1673 1205 1727 1232 τῶν
1741 1205 1855 1239 ἀλόγων.

1024 1244 1080 1271 Καὶ
1107 1244 1262 1280 δυνήσεσθε,
1283 1245 1307 1270 εί
1327 1243 1499 1279 βουληθείητε
1512 1263 1519 1275 ,
1540 1245 1587 1271 καὶ
1613 1245 1646 1271 ἐκ
1670 1244 1775 1271 πολλῶν
1801 1244 1859 1270 ἐτέ-

1026 1292 1080 1319 ρων
1098 1283 1304 1319 διερευνώμενοι
1323 1283 1491 1318 καταμαθεῖν
1509 1282 1557 1309 τοῦ
1576 1282 1768 1318 ἀριστοτέχνου
1789 1283 1857 1310 Θεοῦ

1025 1323 1074 1359 τὴν
1092 1324 1193 1357 ἄφατον
1213 1324 1306 1357 σοφίαν
1318 1344 1325 1355 ,
1345 1323 1392 1350 καὶ
1409 1324 1459 1359 τὴν
1479 1323 1700 1359 ὑπερὸἀλλουσαν
1719 1323 1854 1358 ἀγαθότη-

1026 1371 1076 1394 τα,
1097 1363 1144 1389 καὶ
1161 1362 1198 1394 ὡς
1216 1362 1330 1389 ἕκαστον
1348 1362 1403 1389 τῶν
1422 1363 1610 1398 γεγενημένων
1629 1362 1700 1398 λόγῳ
1718 1363 1771 1389 τινὶ
1790 1371 1858 1398 παρα

1026 1401 1096 1436 ήχθη
1105 1400 1112 1425 i
1122 1421 1128 1428 .
1141 1401 1218 1428 Κατὰ
1227 1401 1258 1428 τὸ
1268 1401 1333 1428 αὐτὸ
1342 1402 1431 1429 τοίνυν
1444 1402 1490 1428 καὶ
1498 1402 1543 1427 ἐπὶ
1551 1401 1597 1428 τοῦ
1608 1401 1705 1436 καιροῦ
1717 1402 1765 1437 τῆς
1776 1401 1858 1435 ἁγίας

1026 1440 1251 1476 Τεσσαρακοστῆς
1275 1440 1427 1476 εὑρήσομεν
1455 1440 1502 1468 νῦν
1522 1441 1586 1475 ἡμῖν
1611 1440 1858 1475 διατετυπωμένον.

1026 1479 1160 1515 Καθάπερ
1176 1479 1229 1515 γὰρ
1245 1480 1273 1506 ὲν
1287 1481 1347 1511 ταῖς
1356 1480 1500 1515 λεωφόροις
1514 1479 1568 1506 εἰσὶ
1582 1479 1697 1514 σταθμοὶ
1728 1479 1775 1506 καὶ
1791 1487 1860 1505 κατ-

1027 1518 1143 1552 αγώγια,
1157 1517 1227 1544 ὥστε
1245 1518 1307 1550 τοὺς
1323 1518 1412 1550 ὁδίτας
1436 1518 1609 1554 κεκμηκότας
1633 1518 1859 1550 διαναπαύεσθαι,

1027 1557 1074 1584 καὶ¹
1097 1557 1151 1583 τῶν
1178 1557 1267 1584 πόνων
1291 1558 1440 1593 λήγοντας,
1463 1556 1534 1584 οὕτω
1562 1557 1642 1584 πάλιν
1661 1556 1794 1583 ἅπτεσθαι
1811 1557 1860 1591 τῆς

1026 1596 1194 1632 ὁδοιπορίας,
1215 1597 1262 1623 καὶ
1280 1597 1308 1622 ὲν
1331 1598 1363 1632 τῇ
1383 1596 1505 1632 θαλάσσῃ
1526 1596 1554 1623 δὲ
1573 1597 1655 1623 ἀκταὶ
1679 1596 1726 1623 καὶ
1742 1596 1862 1630 αἰγιαλοὶ

1027 1635 1075 1662 καὶ
1088 1635 1197 1671 λιμένες
1213 1635 1291 1667 εἰσὶν,
1303 1635 1373 1662 ὥστε
1385 1636 1465 1662 κάκεῖ
1477 1635 1540 1667 τοὺς
1553 1635 1776 1670 ναυτιλλομένους
1792 1634 1862 1670 μετά

1027 1675 1057 1701 τὸ
1078 1675 1161 1701 πολλά
1174 1674 1283 1710 κύματα
1297 1675 1464 1710 διαδραμεῖν,
1476 1675 1523 1701 καὶ
1540 1674 1608 1710 πρὸς
1621 1674 1671 1705 τὰς
1688 1674 1742 1701 τῶν
1753 1675 1862 1709 ἀνέμων

1028 1713 1146 1750 ἐμϐολὰς
1165 1714 1331 1749 ἀντιστῆναι,
1345 1714 1441 1749 μικρὸν
1455 1713 1611 1745 ἀνεθέντας,
1631 1713 1703 1740 οὕτω
1717 1713 1799 1740 πάλιν
1813 1713 1861 1748 τῆς

1028 1752 1164 1784 ναυτιλίας
1179 1753 1326 1779 ἅπτεσθαι·
1343 1753 1388 1780 τὸν
1410 1753 1492 1779 αὐτὸν
1507 1753 1538 1787 δὴ
1555 1753 1654 1788 τρόπον
1675 1753 1723 1779 καὶ
1741 1752 1801 1785 νῦν,
1815 1752 1863 1778 ἐπὶ

1028 1792 1078 1826 τῆς
1093 1791 1172 1826 ἁγίας
1192 1792 1422 1828 Τεσσαρακοστῆς
1435 1792 1459 1822 lt.
1480 1793 1536 1823 τοῖς
1557 1792 1602 1818 τὸν
1623 1791 1722 1827 δρόμον
1743 1791 1792 1827 τῆς
1814 1800 1861 1827 νη-

1030 1831 1120 1862 στείας
1151 1829 1391 1865 καταδεξαμένοις,
1403 1830 1528 1865 καθάπερ
1550 1830 1702 1865 σταθμοὺς,
1725 1831 1772 1858 καὶ
1797 1839 1864 1857 κατ-

1030 1870 1148 1903 αγώγια,
1164 1871 1211 1896 καὶ
1222 1870 1317 1902 ἀκτὰς,
1330 1871 1377 1896 καὶ
1396 1870 1546 1904 αἰγιαλοὺς,
1559 1869 1606 1896 καὶ
1621 1869 1742 1904 λιμένας,
1755 1870 1804 1901 τὰς
1816 1869 1865 1896 δύο

1029 1908 1129 1941 ταύτας
1145 1909 1252 1944 ἡμέρας
1268 1909 1318 1943 τῆς
1338 1909 1483 1944 ὲὸδομάδος
1502 1909 1588 1944 βραχύ
1608 1917 1634 1935 τι
1649 1909 1863 1936 διαναπαύεσθαι

1030 1948 1188 1983 κεχάρισται
1207 1949 1220 1974 ό
1236 1948 1385 1983 Δεσπότης,
1404 1948 1446 1974 ἵνα
1465 1949 1511 1975 καὶ
1527 1948 1557 1974 τὸ
1577 1947 1657 1983 σῶμα
1678 1949 1775 1984 μικρὸν
1790 1949 1863 1975 ἀνέν-

1029 1996 1074 2019 τες
1089 1987 1142 2014 ἀπδ
1155 1987 1209 2014 τῶν
1225 1987 1312 2014 πόνων
1328 1988 1378 2022 τῆς
1396 1987 1532 2022 νηστείας,
1552 1988 1598 2014 καὶ
1610 1987 1659 2022 τὴν
1671 1988 1761 2023 ψυχὴν
1779 1996 1864 2022 παρα-

1031 2026 1229 2062 μυθησάμενοι,
1246 2026 1326 2053 πάλιν
1345 2025 1536 2062 παρελθουσῶν
1551 2025 1605 2052 τῶν
1624 2026 1670 2052 δύο
1684 2026 1785 2054 τούτων
1798 2028 1863 2062 ἡμε-

1031 2065 1095 2101 ρῶν,
1109 2065 1158 2101 τῆς
1177 2065 1261 2101 αὐτῆς
1279 2065 1339 2093 ὁδοῦ
1361 2065 1430 2101 μετὰ
1446 2064 1599 2100 προθυμίας
1621 2066 1760 2093 ἅπτωνται
1776 2067 1800 2092 οἱ
1815 2066 1864 2102 τὴν

1031 2106 1116 2141 καλὴν
1138 2105 1239 2140 ταύτην
1267 2105 1315 2131 καὶ
1347 2104 1475 2139 ὲπωιρελῆ
1507 2104 1661 2139 ὁδοιπορίαν
1689 2105 1860 2140 ποιούμενοι.

1030 2145 1098 2180 Φέρε
1116 2142 1163 2170 οὖν
1177 2145 1224 2170 καὶ
1239 2145 1330 2179 ἡμεῖς,
1346 2143 1439 2178 ἐπειδὴ
1461 2143 1511 2178 τῆς
1535 2142 1653 2175 ἀνέσεώς
1676 2144 1750 2170 ἐστιν
1773 2144 1865 2180 ἡμέρα

1032 2184 1160 2219 σήμερον,
1175 2183 1407 2217 παρακαλέσωμεν
1421 2181 1497 2218 ὑμῶν
1511 2181 1559 2216 τὴν
1574 2181 1694 2217 ἀγάπην,
1703 2182 1737 2208 τὰ
1749 2182 1803 2208 ἀπὸ
1816 2183 1865 2217 τῆς

1032 2222 1159 2258 νηστείας
1177 2221 1338 2256 συλλεγέντα
1357 2220 1441 2255 κέρδη
1464 2220 1534 2255 μετὰ
1547 2220 1696 2254 ἀσφαλείας
1711 2221 1865 2255 φυλάττειν,

1033 2261 1076 2288 ἵνα
1103 2261 1201 2296 μικρὸν
1220 2260 1491 2295 διαναπαυσάμενοι,
1512 2258 1593 2285 πάλιν
1609 2259 1767 2295 προσθήκην
1784 2260 1867 2295 ὲργά-

1033 2300 1116 2335 σησθε
1146 2301 1202 2332 τοῖς
1227 2299 1409 2335 προλαϐοῦσι,
1433 2298 1480 2325 καὶ⁸
1505 2297 1576 2324 οὕτω
1601 2297 1672 2325 κατὰ
1698 2298 1796 2333 μικρὸν
1816 2306 1864 2333 με-

1033 2340 1118 2374 γάλην
1138 2339 1188 2374 τὴν
1205 2339 1341 2374 ἐμπορίαν
1363 2338 1468 2376 έαιυτοῖς
1487 2338 1759 2369 κατασκευάσαντες,
1781 2337 1867 2368 οὕτως

1033 2379 1072 2410 εἰς
1086 2379 1135 2413 τὴν
1150 2378 1246 2413 κυρίαν
1267 2377 1372 2413 ἡμέραν
1392 2375 1567 2411 ἀπαντήσητε
1583 2375 1605 2408 ¹,
1621 2375 1668 2402 καὶ
1685 2376 1866 2410 πεπληρωμέ-

1033 2426 1082 2453 νην
1102 2417 1179 2452 ὐμῶν
1192 2417 1242 2451 τὴν
1263 2417 1362 2443 ὁλκάδα
1382 2416 1432 2451 τὴν
1447 2415 1636 2450 πνευματικὴν
1654 2415 1693 2446 είς
1709 2415 1755 2441 τὸν
1770 2415 1867 2449 λιμένα

1033 2456 1083 2490 τῆς
1107 2456 1187 2489 ἁγίας
1210 2455 1306 2490 ἑορτῆς
1333 2454 1508 2489 είσαγάγητε.
1530 2454 1635 2489 ’Ὠσπερ
1658 2453 1711 2488 γὰρ
1737 2453 1771 2479 τὰ
1792 2455 1867 2489 παρὰ

1034 2495 1081 2522 τοῦ
1105 2496 1240 2521 Δεσπότου
1267 2494 1441 2529 γεγενημένα
1463 2494 1588 2524 ἅπαντα,
1612 2493 1737 2528 καθάπερ
1760 2495 1774 2520 ὁ
1789 2494 1868 2527 λόγος

1034 2535 1169 2568 ἀπέδειξε,
1193 2535 1239 2561 καὶ
1256 2536 1273 2570 ἡ
1292 2534 1346 2561 τῶν
1374 2534 1543 2568 πραγμάτων
1568 2533 1688 2559 διδάσκει
1714 2534 1866 2568 μαρτυρία,

1035 2574 1105 2608 λόγῳ
1121 2574 1173 2601 τινὶ
1193 2573 1436 2609 δεδημιούργηται,
1461 2572 1552 2607 χρείαν
1571 2572 1724 2606 ἀναγκαίαν
1743 2573 1867 2608 ἀποπλη-

1037 2613 1134 2648 ροῦντα
1144 2619 1151 2627 ·
1165 2613 1236 2639 οὕτω
1252 2613 1298 2640 καὶ
1313 2613 1346 2639 τὰ
1360 2613 1422 2647 παρ’
1438 2612 1515 2647 ἡμῶν
1532 2611 1661 2646 γινόμενα
1678 2613 1811 2647 προσήκει
1831 2613 1869 2648 μὴ

1037 2653 1147 2685 ἁπλῶς,
1168 2652 1234 2688 μηδὲ
1261 2653 1348 2688 μάτην
1373 2651 1508 2686 γίνεσθαι,
1533 2651 1590 2678 ἀλλ’
1610 2651 1653 2678 ἐπ’
1678 2652 1796 2687 ὠφελείᾳ
1821 2654 1869 2679 καὶ

1070 2723 1082 2743 ε
1095 2722 1170 2747 Iidem
1181 2722 1300 2753 διαπερᾷν.

1069 2753 1081 2786 ξι
1095 2754 1230 2786 μσς-Αυιιιιε
1241 2751 1282 2779 τὰς
1291 2751 1409 2783 ἀτραποὺς
1419 2751 1495 2779 ὁδούς.

1073 2784 1080 2803 ὶ
1095 2785 1111 2807 Α
1117 2783 1141 2807 lii
1154 2783 1301 2812 ἐκτείνωμεν.

1073 2820 1080 2839 1
1097 2814 1195 2838 Coislin.
1208 2817 1234 2836 el
1244 2811 1306 2836 alius
1321 2812 1364 2835 τινὶ
1381 2812 1420 2835 καὶ
1432 2811 1571 2842 ἐπττὰγματι
1584 2819 1639 2843 παρ,

1073 2845 1086 2862 ιι
1099 2845 1159 2874 Ιιιις.
1178 2850 1241 2867 unus
1252 2843 1289 2866 ἐπὶ
1301 2845 1342 2870 τῆς
1351 2842 1423 2874 αὐτῆς
1441 2850 1519 2874 τιοσ..
1534 2846 1560 2874 (τι
1574 2842 1609 2866 sic
1632 2843 1726 2873 legerat
1737 2842 1867 2872 interpres.

1041 2875 1105 2900 Infra
1116 2873 1158 2901 τάς
1167 2874 1210 2897 δύο
1218 2873 1304 2900 ταύτας
1314 2873 1403 2903 ἡμέρας
1415 2875 1458 2901 τῆς
1468 2873 1528 2904 έϐδ.,
1541 2873 1615 2897 Ξεινίι.

1075 2905 1083 2924 ι
1098 2904 1168 2929 Tres.
1180 2911 1237 2928 mss.
1249 2903 1419 2932 καταντήσητε.

1659 2952 1676 2982 6
