2060 3122
191 99 230 127 93
764 92 796 121 ιρι
815 92 890 126 cap.
912 92 932 119 ι.
951 90 1073 119 oms.
1093 92 1206 122 nouit.
1228 94 1274 124 Xl.
1796 92 1831 121 et

191 159 242 189 tct,
263 155 312 183 sed
328 155 354 182 in
368 154 508 182 utilitatem
522 156 549 183 et
560 152 662 180 lucrum
677 155 776 179 nostrae
789 149 891 178 salutis.
916 147 982 176 Nam

192 201 215 230 si
229 201 246 228 ii
263 201 308 236 qui
325 199 497 228 sa-eularibus
510 197 623 233 negotiis
636 195 718 225 dediti
730 200 810 228 sunt,
829 194 923 223 adduci
937 201 985 221 ne-

192 250 311 281 queant.
333 250 362 273 ut
380 252 437 272 rem
452 244 567 278 aliquam
579 240 717 278 idcipianl.
731 241 784 269 nisi
799 239 872 277 prius
885 237 985 274 aliquid

195 294 261 321 lttcri
276 291 398 320 suboleat
411 299 418 317 :
432 290 516 317 multo
531 288 614 324 magis
633 288 734 323 justum
754 290 812 319 est,
828 290 857 313 ut
871 292 921 313 nos
936 285 986 312 hoc

196 339 341 370 faciamus,
363 343 451 372 neque
473 335 508 362 ita
530 334 686 369 simpliciter
698 332 859 368 jejuniorum
882 330 985 358 hebdo-

194 384 278 412 ntadze
287 386 451 418 pra-loream
465 401 472 413 .
493 379 539 408 sed
553 384 703 406 scrutemur
716 385 791 404 suain
806 377 904 412 quique
921 383 987 403 eun-

193 429 332 456 scientiam
345 447 352 459 ,
375 430 403 453 et
418 426 547 452 rationem
563 423 760 454 examinemus,
774 421 987 450 consideremus-

193 481 246 509 que
257 495 264 506 ,
278 472 403 508 quidnam
417 471 443 498 in
459 471 509 498 hac
521 469 687 496 ltebdomada
708 467 791 504 probe
804 471 892 495 actum
903 487 910 499 ,
922 465 986 501 quid

194 520 222 546 in
236 520 297 552 alia,
311 524 336 545 et
347 517 426 552 quale
433 520 605 551 augmentum
619 514 802 550 acceperimus
815 513 840 540 in
853 512 984 547 sequenti,

196 572 263 600 quas
282 566 307 592 in
327 563 402 591 nobis
422 562 578 590 affectiones
597 560 772 590 correximus.
798 558 853 586 Nisi
867 558 938 586 enim
952 557 986 584 ita

193 611 276 637 vitam
304 613 421 636 nostram
450 606 664 638 instituerimus.
692 610 868 641 magnamque
891 603 988 631 anima:

194 660 295 684 nostra:
309 660 402 682 curam
417 653 589 689 gesserimus,
613 651 678 678 nihil
693 650 770 678 nobis
782 649 840 676 usui
855 648 905 676 erit
919 647 989 683 jeju-

193 702 279 734 nium,
294 700 335 727 vel
350 699 437 727 inedia
449 706 528 735 quam
541 698 698 728 toleramus,
714 695 861 731 praesertim
877 694 898 721 si
913 701 988 722 com-

195 747 263 783 perti
291 746 420 774 fuerimus
445 744 585 772 inferiores
611 743 644 771 iis
669 744 715 779 qui
741 747 843 769 tantum
871 740 987 769 studittm

196 791 353 827 eulligendis
367 791 463 826 opibus
482 789 639 825 impendunt
659 797 666 815 :
687 785 788 815 nullum
808 788 878 815 enim
893 787 988 814 horum

195 838 327 871 invenies,
342 837 387 872 qui
400 844 452 864 non
466 843 568 863 summa
578 834 711 871 vigilantia
724 834 837 866 laboret,
852 841 905 868 quo
917 833 988 868 prio-

196 885 270 911 ribus
278 883 394 918 quotidie
407 881 505 917 aliquid
517 880 632 917 adjiciat,
643 880 719 915 etqui
729 887 853 914 umquam
863 878 988 906 satietur:

196 930 242 958 sed
262 933 362 965 quanto
381 928 534 956 facultatum
557 927 642 962 major
655 931 697 953 est
712 925 847 957 accessio,
870 929 945 952 tanto
964 929 990 952 et

196 983 290 1003 curam
305 978 332 1001 et
354 973 471 1001 studium
487 980 563 1000 suum
585 971 698 1006 amplius
720 970 843 998 intendit.
871 969 947 1004 Quod
968 970 990 999 si

197 1020 241 1047 ubi
256 1019 373 1047 studium
387 1024 428 1046 est
441 1018 533 1045 inutile
543 1038 551 1052 ,
567 1023 594 1045 et
607 1016 706 1044 divitia:
721 1023 920 1052 nonnumquam
934 1023 990 1042 ma-

196 1073 278 1101 gnam
293 1064 386 1091 salutis
399 1064 494 1090 anima:
512 1063 642 1098 iacturam
662 1061 792 1094 aferunt,
816 1065 889 1088 tanta
903 1065 990 1088 tamen

197 1111 333 1147 vigilantia
348 1118 392 1138 res
413 1114 543 1146 aguntur,
570 1107 703 1143 quomodo
727 1115 780 1134 non
804 1107 888 1134 multo
908 1106 991 1141 magis

198 1158 268 1185 istud
292 1162 334 1185 est
358 1156 525 1188 faciendum,
549 1155 593 1182 ubi
616 1154 759 1189 diligentia:
778 1153 859 1180 multa
874 1153 992 1180 succvdit

197 1204 299 1231 utilitas
312 1224 320 1236 ,
334 1202 526 1236 ineﬁ‘abilisquc
539 1207 642 1229 merces
655 1208 686 1228 ac
698 1200 800 1227 lucrum
815 1199 992 1227 immensum?

198 1249 266 1277 Nam
279 1249 333 1276 illic
353 1248 459 1283 quidem
473 1252 570 1285 praeter
585 1247 642 1274 haec
655 1246 744 1273 omnia
759 1244 836 1272 fluxa:
849 1244 992 1272 admodum

198 1300 226 1322 ct
240 1294 349 1322 incerta:
363 1293 462 1321 divitiae
472 1313 480 1326 ,
505 1291 636 1319 instabilis
654 1289 825 1325 pecuniarum
839 1289 991 1326 possessio:

199 1348 254 1367 tton
267 1339 354 1366 solum
369 1338 450 1374 quod,
465 1337 621 1365 imminente
635 1339 730 1368 morte,
748 1335 811 1370 ipsa:
824 1334 868 1362 ltic
883 1341 994 1362 manen-

200 1391 252 1418 tes,
265 1385 367 1413 nullam
378 1385 417 1412 eis
427 1384 471 1419 qtti
482 1384 540 1410 illas
548 1383 681 1418 collegere
691 1381 829 1409 utilitatem
840 1380 993 1408 cenferant:

199 1431 248 1458 sed
261 1431 341 1458 etiam
355 1428 426 1464 quod
440 1428 610 1456 manentibus
626 1427 668 1454 ltic
680 1426 798 1462 pecuniis
810 1447 817 1459 ,
833 1433 928 1460 magna
949 1433 992 1453 sc-

200 1477 313 1504 teritate
338 1479 468 1510 cogentur
487 1473 521 1501 de
545 1473 609 1508 ipsis
631 1472 693 1500 alibi
715 1472 848 1499 rationem
870 1470 992 1499 reddere.

200 1522 281 1556 Sarpe
300 1528 405 1557 quoque
425 1519 521 1548 accidit
545 1523 574 1546 ut
596 1523 659 1546 ante
680 1522 793 1545 mortem
815 1521 875 1552 post
897 1517 996 1544 multos

201 1568 307 1595 labores
319 1587 327 1600 ,
355 1571 383 1594 et
396 1565 522 1597 sudores,
545 1569 624 1599 atque
635 1570 779 1595 aerumnas,
793 1562 868 1597 quasi
882 1561 996 1596 procella

201 1612 317 1648 quadam
338 1612 476 1647 ingruente
497 1609 664 1645 negotiorum
686 1608 863 1642 difﬁcultate,
886 1611 997 1643 repente

201 1659 248 1694 qtti
274 1659 400 1694 plurimas
422 1656 578 1692 possidebat
605 1655 728 1688 divitias,
755 1654 796 1682 vel
820 1653 996 1689 pauperrimis

203 1707 288 1733 factus
310 1705 345 1732 sit
368 1703 518 1739 pauperior.
543 1701 636 1736 Qualia
659 1700 767 1736 singulis
790 1699 883 1727 diebus
907 1699 998 1727 videre

202 1751 342 1786 eontingit.
371 1749 449 1783 Atqui
473 1749 499 1776 itt
520 1747 649 1783 spirituali
665 1746 846 1782 negotiatione
860 1745 925 1772 niitil
946 1745 998 1772 tale

204 1797 401 1825 formidandum
416 1802 539 1830 ttmquam
555 1802 563 1821 :
578 1793 681 1821 stabilis
699 1793 770 1820 enim
792 1792 834 1819 illa
848 1796 875 1819 et
888 1791 997 1819 inunota

205 1848 313 1876 manet,
334 1847 361 1871 et
375 1842 419 1870 ubi
433 1849 464 1870 ea
478 1841 590 1869 multum
613 1845 743 1874 egemus,
765 1837 799 1865 ibi
824 1837 858 1864 ab
881 1837 925 1865 illa
941 1837 998 1874 ipsa

206 1889 318 1916 tnultutn
333 1886 521 1915 consolationis
534 1885 687 1921 accipimus.

243 1935 269 1962 5.
288 1933 361 1960 Nihil
378 1932 478 1968 prodest
495 1931 642 1968 jejunium,
659 1937 737 1964 neque
755 1929 842 1956 concio
861 1929 916 1956 sine
930 1928 1000 1955 bouis

207 1981 332 2017 operibus.
348 1994 384 2000 —
397 1979 478 2014 Igitur
492 1977 555 2004 dum
576 1981 683 2011 tempus
704 1975 850 2008 habemus,
874 1974 998 2008 obsecro,

208 2027 250 2054 vel
263 2026 357 2054 saltem
370 2025 396 2052 id
411 2023 489 2052 studii
504 2022 688 2058 impendamus
702 2020 882 2056 spiritualibus
904 2019 1000 2047 merci-

209 2073 259 2101 bus
273 2070 461 2107 conquirendis
471 2091 478 2102 ,
500 2068 570 2104 quod
586 2068 629 2095 alii
651 2069 677 2095 in
703 2067 834 2102 perituras
848 2066 1000 2098 collocant;

210 2125 296 2154 neque
309 2117 342 2145 ab
364 2117 415 2144 hac
437 2115 614 2144 sollicitudine
635 2119 787 2145 cessemus,
808 2112 830 2139 si
851 2115 923 2139 recte
938 2110 1002 2146 quid

210 2168 299 2192 acttun
321 2162 418 2194 fuerit,
435 2161 477 2188 vel
500 2160 522 2187 si
543 2160 657 2194 aliquam
672 2157 842 2185 affectionum
855 2157 932 2184 nobis
945 2164 1003 2183 mo.

212 2210 339 2237 lestarum
355 2215 449 2242 magna
463 2206 596 2241 vigilantia
614 2203 844 2240 proﬁigaverimus
855 2223 862 2234 ,
885 2207 915 2229 ut
937 2209 1003 2229 cou-

211 2255 330 2284 scientire
344 2255 415 2281 bono
430 2252 550 2281 instructi
570 2250 722 2279 testimonio
734 2271 741 2283 ,
758 2248 911 2284 multiplicis
930 2248 1005 2276 volu-

214 2304 293 2339 ptatis
307 2302 420 2330 fructum
435 2299 622 2336 percipiamus.
649 2297 739 2332 Neque
754 2296 825 2323 cnim
844 2295 895 2323 hoc
917 2294 1004 2323 solum

213 2349 359 2384 qumritur,
373 2352 401 2374 ut
414 2347 466 2374 ltuc
477 2345 595 2381 quotidie
605 2343 808 2373 conveniamus,
823 2346 850 2369 et
863 2341 896 2369 de
911 2341 1005 2368 iisdem

214 2397 342 2424 centinuo
366 2393 521 2424 audiamus,
544 2395 572 2419 et
593 2398 641 2426 per
663 2393 746 2417 totam
769 2387 1006 2422 Quadragesimam

212 2442 375 2477 jejunemus.
400 2438 619 2473 Quandoquidem
635 2437 657 2465 si
671 2436 737 2463 nihil
749 2444 780 2462 cx
797 2434 928 2469 frequenti
942 2441 1007 2461 eon—

215 2491 298 2513 ventu
323 2489 351 2512 et
377 2483 576 2515 admonitione,
604 2487 683 2517 atque
709 2488 743 2508 ex
766 2479 860 2515 jejunii
889 2484 1009 2514 tempore

216 2533 314 2559 anima:
327 2535 426 2558 nostra:
437 2530 531 2557 luerati
548 2528 686 2560 fuerimus,
705 2531 767 2554 tunc
780 2533 832 2553 non
844 2525 929 2553 solum
944 2522 1009 2552 nihil

217 2577 340 2604 utilitatis
353 2575 464 2602 afferent
476 2574 544 2606 haec,
559 2573 605 2600 sed
621 2577 647 2600 et
660 2572 770 2606 majoris
781 2569 1010 2598 condemnationis

218 2622 325 2650 occasio
337 2624 435 2655 erunt,
449 2620 470 2647 si
483 2619 589 2655 quidem
605 2623 676 2645 tanta
687 2617 771 2644 curati
783 2616 916 2651 diligentia
930 2615 1010 2642 iidem

218 2673 425 2704 permaneamtts
436 2685 445 2699 ,
460 2671 486 2693 et
500 2665 522 2692 si
537 2671 624 2699 neque
638 2662 782 2690 iracundus
796 2661 841 2689 ﬁat
854 2660 925 2688 mitis
937 2681 944 2694 ,
960 2668 1010 2688 ne-

220 2720 274 2748 qtte
287 2710 499 2746 indignabundus
512 2710 538 2736 in
547 2708 775 2736 mansuetudinem
785 2713 814 2734 se
821 2710 917 2738 vertat,
927 2713 1013 2740 neque

221 2757 329 2785 invidus
342 2757 368 2783 in
383 2755 594 2784 benevolentiam
610 2761 638 2782 se
651 2753 802 2785 transferat,
819 2759 905 2787 neque
918 2752 1013 2779 insano

222 2802 375 2831 divitiarum
398 2809 487 2830 amore
510 2806 648 2836 correptus
670 2799 781 2829 desistat
805 2798 839 2827 ab
860 2798 972 2831 aﬂ‘ectu,
987 2801 1014 2827 et

1041 149 1219 188 eleemosynis
1229 151 1416 187 dispertiendis
1424 157 1451 182 et
1463 152 1565 182 alendis
1575 151 1734 188 pauperibus
1742 157 1829 185 vacet.

1039 203 1126 232 neque
1137 197 1317 232 intemperans
1332 201 1422 226 castus
1435 198 1538 231 evadat,
1551 206 1638 234 neque
1648 205 1723 226 vana:
1735 198 1829 233 gloriae

1038 241 1173 270 studiosus
1186 242 1257 270 illam
1277 247 1467 276 contunnere,
1489 248 1517 270 et
1530 251 1620 271 veram
1630 243 1743 278 gloriam
1756 244 1829 272 desi-

1038 286 1133 315 derare
1146 287 1241 320 discat.
1255 296 1342 324 neqtte
1354 289 1472 317 caritatis
1487 289 1513 317 in
1524 289 1673 324 proximum
1682 291 1830 326 negligens,

1039 333 1155 367 seipsum
1169 334 1288 361 excitans
1300 334 1346 362 det
1359 341 1484 369 operam,
1500 340 1530 361 tit
1545 341 1597 362 non
1615 335 1701 362 solum
1718 343 1771 364 non
1786 335 1830 364 in»

1040 377 1120 405 [ω.οτ
1130 378 1163 404 sit
1177 378 1324 414 publicanis
1339 379 1421 414 (Nam
1433 379 1456 406 si
1471 379 1575 414 diligitis
1586 387 1627 407 eos
1638 400 1645 412 ,
1657 380 1701 414 qui
1713 388 1755 407 vos
1767 382 1829 408 diti-

1038 427 1099 458 guttt
1112 443 1118 453 ,
1134 423 1235 458 inquit,
1252 424 1313 457 quid
1326 425 1436 460 amplius
1446 425 1529 461 facilis
1541 424 1553 451 .’
1575 433 1657 452 nonne
1669 430 1692 452 et
1703 426 1830 460 publicani

1040 468 1086 495 hoc
1101 469 1196 504 faciunt
1209 468 1313 505 [Matt/1.
1325 469 1350 497 5.
1363 469 1408 506 46]
1419 469 1430 496 ?
1442 471 1450 503 )
1460 490 1468 503 ,
1482 469 1530 497 sed
1543 474 1569 497 et
1581 474 1610 497 ut
1623 469 1740 497 animum
1754 479 1830 499 suum

1041 514 1075 540 ita
1098 515 1236 548 instituat,
1260 519 1287 541 ut
1302 519 1329 542 ct
1352 515 1474 543 inimicos
1501 515 1653 543 immaniter
1675 516 1786 550 aspiciat
1805 520 1833 544 et

1041 567 1162 594 magnam
1175 561 1238 594 ipsis
1252 561 1388 589 caritatem
1403 561 1537 589 exhibeat.
1561 561 1638 594 Quod
1652 562 1675 589 si
1685 561 1832 590 ail‘ectioui-

1041 606 1090 634 ltus
1105 606 1172 639 istis,
1187 611 1214 635 et
1227 607 1286 634 aliis
1297 615 1355 643 qua:
1369 607 1394 635 in
1408 608 1485 635 nobis
1500 613 1664 641 nascuntur,
1679 608 1832 643 superiores

1041 659 1094 679 non
1110 652 1247 686 fuerimus,
1262 652 1324 680 licet
1336 653 1455 689 quotidie
1470 653 1513 680 hic
1524 653 1723 686 conveniamus,
1740 659 1767 681 et
1781 653 1833 682 fre-

1041 698 1183 732 quentibus
1198 698 1371 726 concionihus
1385 704 1465 735 atque
1478 699 1599 727 doctrina
1620 704 1693 727 tanta
1711 700 1833 728 institua-

1042 752 1119 776 tnur,
1144 745 1438 780 tantumqueajejunio
1459 745 1650 773 adminiculum
1673 745 1831 779 habeamus,

1042 790 1126 825 qualis
1147 791 1198 817 erit
1212 790 1289 819 nobis
1301 791 1396 818 venia?
1421 791 1507 825 qualis
1529 790 1669 818 defensio?
1692 791 1739 818 Dic
1761 790 1832 819 enim

1043 836 1106 863 tuilti
1120 856 1128 869 ,
1151 837 1262 864 obsecro
1274 856 1281 870 ,
1299 836 1320 864 si
1343 844 1454 871 puerttttt
1469 842 1542 864 tuutn
1555 836 1672 871 quotidie
1685 836 1791 864 videres
1803 837 1829 864 itt

1043 881 1133 909 ludum
1148 882 1198 915 ire,
1214 886 1240 909 et
1251 882 1335 909 multo
1347 882 1437 916 elapso
1448 886 1567 922 ympore
1579 882 1643 909 nihil
1658 882 1721 909 lucri
1735 882 1832 913 facere,

1042 927 1209 963 patientcrne
1223 928 1305 955 ferres
1317 928 1328 954 ?
1352 936 1441 955 nonne
1454 933 1479 955 et
1491 935 1601 963 puerum
1618 928 1774 955 verberares
1784 948 1791 959 .
1805 933 1834 956 et

1043 974 1198 1008 magistrum
1214 974 1360 1010 argueres?
1374 979 1400 1001 et
1411 974 1432 1001 si
1440 974 1538 1002 deinde
1550 974 1668 1001 disceres
1677 974 1832 1009 magistrum

1044 1027 1123 1048 Omne
1136 1019 1206 1055 quod
1219 1019 1299 1048 ofﬁcii
1313 1021 1353 1048 sui
1368 1025 1425 1047 erat
1439 1020 1533 1048 fecisse
1543 1041 1551 1053 ,
1567 1026 1594 1047 et
1613 1020 1690 1054 plane
1713 1020 1833 1049 intermi-

1044 1067 1110 1094 sisse
1121 1066 1195 1100 nihil,
1205 1066 1279 1102 pueri
1290 1070 1376 1094 autent
1387 1066 1516 1100 ignaviam
1523 1073 1628 1093 causam
1637 1073 1698 1093 esse
1704 1066 1832 1093 omnium:

1045 1120 1133 1140 ttontte
1147 1112 1356 1147 indignationem
1370 1119 1476 1139 omnem
1493 1111 1519 1138 in
1539 1119 1648 1147 puerttm
1665 1111 1834 1146 transferres,

1046 1165 1098 1186 non
1119 1158 1174 1193 jam
1198 1165 1326 1186 accusans
1348 1158 1525 1193 magistrum?
1549 1157 1664 1192 idipSttm
1677 1162 1705 1185 et
1720 1157 1762 1185 hic
1773 1157 1835 1192 jure

1046 1204 1194 1232 iaciendum
1211 1208 1260 1231 est.
1285 1203 1339 1231 Nos
1356 1203 1427 1231 ettim
1438 1223 1445 1236 ,
1459 1203 1518 1238 quia
1533 1210 1580 1237 per
1593 1203 1705 1238 gratiam
1718 1202 1835 1231 divinant

1045 1250 1078 1277 ad
1097 1250 1146 1277 hoc
1168 1249 1292 1278 destinati
1307 1255 1415 1282 sumus,
1437 1249 1511 1283 quasi
1536 1248 1689 1283 spirituales
1703 1249 1711 1264 ¹
1727 1249 1795 1276 ﬁlios
1811 1249 1837 1277 in

1048 1295 1127 1323 hasce
1141 1295 1246 1323 scholas
1261 1301 1307 1323 vos
1318 1294 1436 1329 quotidie
1452 1299 1588 1326 vocantes,
1604 1294 1748 1322 salutarem
1760 1293 1836 1322 vobis

1046 1341 1194 1368 doctrinam
1220 1340 1392 1376 proponimus
1414 1348 1420 1366 :
1444 1347 1530 1374 tteque
1550 1346 1580 1366 ea
1607 1347 1667 1374 qua:
1689 1347 1722 1367 ex
1745 1345 1837 1368 nostra

1048 1391 1137 1414 mente
1153 1385 1360 1421 excogitavimus
1371 1406 1379 1418 ,
1402 1385 1449 1412 sed
1463 1393 1494 1413 ea
1509 1392 1567 1420 qua:
1582 1393 1595 1412 a
1612 1385 1724 1412 Domino
1738 1392 1785 1421 per
1798 1385 1839 1411 di-

1049 1433 1124 1461 vinas
1135 1432 1285 1467 Scripturas
1301 1431 1376 1458 nobis
1394 1431 1490 1459 donata
1504 1435 1580 1462 sunt.
1604 1431 1630 1459 in
1645 1431 1760 1458 medium
1774 1431 1839 1458 aﬁ‘e—

1047 1479 1130 1507 rimus
1150 1478 1247 1513 illaque
1260 1477 1335 1504 vobis
1352 1476 1504 1512 frequenter
1519 1476 1692 1504 inculcamus.
1719 1475 1747 1504 Si
1762 1483 1837 1511 ergo,

1048 1532 1108 1552 cum
1131 1531 1180 1553 nos
1201 1531 1307 1551 omnem
1329 1523 1503 1550 adhibeamus
1521 1521 1683 1556 vigilantiam
1705 1529 1838 1557 omneque

1048 1570 1178 1602 studium,
1194 1573 1222 1596 et
1236 1576 1283 1597 vos
1297 1568 1416 1604 quotidie
1436 1568 1462 1595 in
1477 1567 1548 1594 viam
1567 1567 1686 1595 veritatis
1699 1566 1837 1600 ducamus,

1048 1624 1097 1644 vos
1110 1616 1135 1643 in
1147 1615 1240 1644 iisdem
1254 1615 1430 1650 perseveretis
1445 1614 1521 1642 malis
1534 1623 1540 1640 :
1555 1613 1670 1648 cogitate
1684 1617 1799 1649 quantus
1812 1617 1841 1641 et

1050 1665 1140 1691 noster
1150 1661 1183 1689 sit
1193 1661 1296 1690 futurus
1303 1660 1389 1695 dolor,
1400 1663 1427 1687 et
1438 1663 1536 1695 quanta
1544 1663 1630 1686 vestra
1640 1658 1840 1692 condemnatio.

1050 1714 1084 1735 ne
1106 1706 1168 1742 quid
1188 1706 1274 1733 dicam
1293 1706 1425 1734 acerbius.
1448 1704 1574 1738 Quamvis
1587 1704 1657 1731 enim
1673 1711 1722 1732 nos
1736 1703 1840 1737 crimini

1050 1759 1103 1780 non
1119 1751 1202 1779 simus
1211 1751 1329 1783 obnoxii,
1345 1755 1372 1778 ut
1385 1750 1429 1786 qui
1443 1750 1508 1777 nihil
1519 1750 1761 1786 prmtermittamus,
1771 1748 1842 1785 quod

1051 1797 1084 1824 ad
1098 1801 1213 1824 vestram
1229 1796 1360 1833 pertineat
1372 1795 1592 1828 mdiﬁcatiOnem;
1617 1799 1705 1822 tamett
1719 1794 1780 1829 quia
1796 1802 1842 1823 ve-

1051 1847 1114 1871 stra:
1128 1842 1218 1870 salutis
1232 1849 1324 1869 curam
1345 1840 1461 1876 gerimus
1473 1861 1481 1874 ,
1506 1839 1566 1868 ideo
1585 1847 1639 1867 non
1659 1847 1800 1875 possumus
1816 1839 1844 1866 il

1052 1897 1106 1916 non
1120 1888 1236 1924 graviter
1255 1887 1335 1916 ferre.
1360 1887 1426 1921 Quia
1450 1890 1478 1914 et
1495 1886 1590 1913 doctor
1601 1892 1661 1912 cum
1677 1885 1749 1912 videt
1763 1884 1845 1912 disci-

1053 1935 1143 1972 pulum
1156 1933 1258 1963 nullum
1270 1941 1302 1962 ex
1315 1940 1378 1961 cura
1398 1940 1445 1960 sua
1465 1932 1578 1959 fructum
1594 1931 1682 1958 facere
1692 1952 1699 1964 ,
1715 1938 1768 1958 non
1784 1930 1845 1958 vul-

1053 1982 1151 2018 gariter
1163 1980 1234 2009 dolet
1250 1984 1276 2008 et
1291 1979 1389 2015 gemit,
1412 1978 1507 2007 videns
1521 1985 1551 2006 se
1565 1985 1672 2007 omnem
1686 1977 1805 2006 laborem
1819 1981 1847 2007 ct

1054 2035 1162 2063 cperant
1178 2025 1300 2061 perdere.

1090 2075 1117 2102 4.
1138 2073 1200 2102 Haec
1212 2080 1283 2101 nunc
1292 2072 1353 2100 dico
1361 2073 1382 2105 ’,
1397 2079 1450 2099 non
1461 2075 1491 2098 ut
1501 2070 1639 2099 caritatem
1650 2073 1765 2099 vestram
1779 2076 1848 2098 mm-

1055 2128 1117 2148 rore
1131 2119 1256 2151 afﬁciam,
1271 2118 1317 2147 sed
1341 2123 1370 2146 ut
1382 2118 1496 2146 excitem
1518 2122 1545 2144 et
1561 2116 1690 2144 instruam
1700 2136 1707 2149 ,
1729 2123 1781 2152 quo
1796 2124 1849 2143 non

1057 2166 1154 2194 frustra
1167 2165 1274 2202 jejuttiis
1287 2172 1383 2200 corpus
1396 2163 1542 2198 castigetis,
1558 2169 1644 2199 neque
1662 2166 1762 2190 temere
1782 2166 1810 2189 et
1823 2161 1851 2188 in

1057 2219 1154 2239 vatmm
1179 2211 1235 2238 dies
1257 2209 1472 2244 Quadragesimtc
1496 2213 1595 2236 sanctae
1621 2207 1782 2242 transigatis.
1817 2206 1853 2235 Et

1058 2256 1120 2292 quid
1135 2256 1194 2283 dico
1216 2255 1273 2282 dies
1294 2254 1510 2290 Quadragcsimae
1530 2258 1647 2287 sancite,
1666 2260 1726 2280 cum
1743 2258 1853 2287 prorsus

1059 2303 1158 2330 nullam
1182 2309 1232 2329 nos
1242 2301 1312 2329 client
1338 2307 1465 2334 umquam
1489 2298 1639 2333 transigere
1663 2300 1804 2333 oporteat,
1830 2297 1854 2325 si

1060 2347 1185 2384 possibile
1198 2351 1249 2379 est,
1263 2353 1311 2383 per
1327 2349 1411 2374 totum
1428 2344 1490 2371 vitae
1502 2343 1663 2371 curriculum
1674 2363 1682 2377 ,
1695 2343 1721 2370 itt
1735 2349 1786 2378 qua
1800 2349 1854 2369 non

1060 2395 1163 2422 lucrum
1182 2393 1288 2428 aliquod
1308 2391 1446 2427 spirituale
1470 2390 1496 2418 in
1518 2388 1595 2418 nobis
1615 2395 1792 2423 reponamus,
1812 2386 1856 2414 vel

1060 2448 1108 2475 per
1121 2446 1226 2474 preces.
1241 2438 1283 2466 vel
1298 2445 1346 2473 per
1357 2436 1551 2465 confessionem
1562 2455 1570 2468 ,
1591 2434 1631 2462 vel
1647 2441 1694 2468 per
1703 2433 1856 2470 eleemosy-

1061 2493 1125 2519 nas,
1142 2485 1183 2512 vel
1197 2492 1245 2519 per
1258 2484 1345 2519 aliqua
1358 2483 1410 2511 alia
1428 2481 1575 2517 spiritualia
1589 2481 1658 2508 bona
1673 2479 1773 2515 opera?
1788 2478 1857 2506 Natu

1062 2531 1085 2559 si
1096 2531 1194 2558 Paulus
1209 2534 1297 2557 tantus
1311 2533 1338 2557 et
1352 2528 1422 2561 talis,
1434 2527 1478 2562 qui
1489 2534 1585 2554 arcana
1600 2526 1645 2552 illa
1655 2525 1735 2553 verba
1745 2524 1857 2558 audivit,

1063 2585 1122 2612 qua:
1138 2583 1222 2611 usque
1236 2576 1262 2602 itt
1276 2575 1434 2603 hodiernum
1453 2573 1524 2601 diem
1545 2572 1632 2600 nullus
1652 2571 1784 2606 cognovit,
1799 2569 1857 2599 cla.

1064 2621 1155 2650 mabat
1167 2621 1258 2649 dicens
1272 2629 1278 2647 ε
1297 2620 1415 2654 Quotidie
1425 2619 1529 2657 morior,
1547 2626 1591 2653 per
1605 2622 1713 2644 vestram
1725 2615 1858 2651 gloriatio-

1065 2675 1121 2694 nem
1131 2666 1168 2702 (t.
1183 2665 1242 2693 Cor.
1255 2665 1296 2693 i5.
1311 2664 1374 2700 3i):
1397 2663 1496 2692 docens
1511 2670 1570 2696 nos,
1586 2670 1616 2690 se
1630 2662 1669 2690 sie
1682 2661 1800 2696 seipsum
1812 2668 1861 2694 pro

1066 2712 1163 2747 pietate
1178 2710 1300 2746 periculis
1315 2709 1481 2744 exposuisse,
1494 2713 1523 2735 ιιι
1533 2707 1652 2743 quotidie
1661 2705 1741 2736 morti
1755 2705 1860 2736 vicinus

1100 2770 1108 2785 ¹
1127 2773 1172 2794 sex
1186 2772 1249 2796 Mss.
1263 2766 1436 2799 dilectasatro,
1446 2763 1594 2799 spirituum.

1099 2802 1109 2817 ¹
1120 2802 1183 2832 lteg.
1197 2806 1268 2831 unus,
1281 2800 1364 2824 Porro
1374 2796 1424 2822 lucc
1435 2796 1499 2821 dico.
