2060 3122
222 108 261 138 95
596 108 624 136 S.
645 108 784 137 JOANNlS
801 106 1039 136 CIlRYSOSTOMl
1060 108 1218 139 ARClllEP.
1240 111 1509 145 CONSTANTINOP.
1820 121 1860 150 '96

223 168 313 192 esset:
328 168 355 190 et
371 162 440 197 quod
462 168 554 190 natttra
571 171 622 191 non
639 164 689 192 fert
704 165 760 200 (uni
780 164 851 192 cnim
871 164 949 191 morti
965 163 1016 191 ob—

223 210 294 237 noxii
308 217 402 236 suntus
415 210 532 243 omnes),
549 209 598 237 hoc
618 210 675 245 ipse
691 210 818 245 pertinaci
834 218 883 238 suo
896 211 1017 238 instituto

223 255 328 290 agebat,
344 254 448 282 tametsi
465 254 594 290 benignus
606 256 677 283 Dens
691 256 764 283 illum
779 256 896 292 quotidie
910 257 936 284 in
950 257 1016 285 alio-

223 309 281 328 rum
311 300 425 328 salutem
449 306 643 329 conservaret:
662 303 775 336 proinde
798 303 820 330 si
843 303 889 331 ille
910 304 955 338 qui
978 307 1016 330 tot

221 347 356 381 pra-claris
376 348 502 382 operibus
516 348 734 381 excelsuserat,
759 354 786 376 et
810 349 884 384 quasi
906 349 1015 384 angelus

220 399 302 427 sttper
324 398 421 420 terram
443 393 607 429 apparebat,
631 394 751 428 quotidie
771 395 894 422 studebat
917 395 1014 429 aliquid

219 440 287 466 lucri
303 439 438 472 faccre,et
453 447 501 475 pro
512 439 621 467 veritate
635 444 706 467 stare
725 440 751 468 in
767 441 824 468 acie
838 444 930 468 contra
945 441 1016 475 peri-

221 487 281 513 cula
292 506 300 519 ,
323 486 525 522 spiritualcsque
543 486 593 513 sibi
614 486 739 521 colligere
753 493 872 519 merces,
888 494 920 514 ac
935 494 1015 513 num-

220 540 300 566 quam
313 532 423 567 gradum
437 533 532 560 sistere
548 541 554 559 :
571 533 676 568 qualem
690 532 847 560 habebimus
857 540 906 560 nos
920 532 1014 560 defen-

221 578 386 613 sionem,qui
395 586 447 606 non
461 579 546 606 solum
560 578 638 606 bonis
652 578 777 613 operibus
791 578 915 606 omnibus
929 578 1014 606 desti-

220 623 268 650 tuti
283 630 390 657 sumus,
408 624 454 652 sed
469 629 497 652 et
520 629 559 652 tot
578 625 654 652 malis
673 624 775 660 gravati
797 631 910 659 quorum
931 631 1014 651 unum

221 670 360 698 dumtaxat
372 671 398 699 in
421 671 505 706 ipsum
522 671 677 707 perditionis
701 670 859 706 profundunt
873 671 1015 698 detrudere

221 724 271 744 nos
286 718 370 752 possit
382 738 389 751 ,
412 718 566 753 nullumque
581 722 710 753 prmtcrea
726 717 841 745 studium
862 718 939 745 nobis
961 723 1012 751 est,

221 769 250 791 ut
261 765 301 792 vel
315 764 408 792 saltem
420 766 477 792 lucc
490 765 683 792 emendcmus?
696 772 756 792 cum
770 769 858 792 autem
874 764 942 792 idem
957 765 1014 799 ipse

220 817 292 844 turpe
306 810 454 844 reperiatur
469 817 521 837 non
538 809 581 837 uni
602 810 712 844 ﬂagitio,
736 809 917 845 sed'pluribus
928 810 1013 837 obno-

221 857 290 889 xius,
306 863 365 884 cum
380 864 477 891 nempe
489 862 515 884 et
525 857 668 884 iracundus
681 857 716 883 sit
732 861 759 884 et
771 856 963 891 intemperans,
986 861 1014 884 ct

219 909 326 935 avarus,
337 907 364 930 et
378 902 493 934 invidus,
507 906 534 929 et
545 902 618 929 ferox
629 922 637 935 ,
653 906 679 930 et
692 909 778 937 neque
794 902 850 929 lucc
866 902 1012 937 corrigere,

219 955 306 982 neque
318 948 422 975 virtutis
435 955 515 983 opera
530 949 660 982 attingere
673 947 746 982 velit,
760 947 846 983 qualis
862 953 953 982 postea
962 948 1013 975 erit

219 1000 281 1028 spes
293 993 406 1021 salutis?
428 994 490 1021 llaec
503 994 581 1027 dico,
598 998 624 1021 et
648 993 737 1022 dicere
752 1001 805 1021 non
826 993 957 1027 desinam,
985 998 1013 1021 nt

219 1039 355 1067 auditores
369 1047 446 1067 suum
470 1039 567 1074 quique
580 1039 726 1067 remedium
741 1039 874 1075 accipiant
888 1047 921 1067 cx
935 1040 1012 1068 dictis

217 1085 336 1117 nostris,
369 1089 396 1112 ct
423 1084 570 1118 studeant,
599 1089 628 1112 ιιι
652 1085 742 1112 statim
771 1085 804 1113 ab
828 1085 1012 1113 affectionibus

218 1134 335 1157 mentem
358 1130 524 1158 turbantibus
553 1130 718 1163 liberentur,
743 1131 1012 1166 convalescentesque

217 1175 343 1203 virtutum
359 1176 453 1204 studiis
465 1176 577 1211 posthac
591 1184 620 1205 se
632 1176 845 1204 accommodent.
857 1177 963 1204 Etenim
980 1177 1011 1204 iis

217 1221 261 1256 qui
282 1222 415 1257 corporali
435 1222 530 1249 morbo
555 1222 693 1256 laborant,
721 1223 840 1258 quamvis
862 1223 1011 1250 sexcenties

217 1267 336 1296 medicus
353 1268 470 1295 remedia
484 1272 616 1304 apponat,
639 1268 660 1295 si
681 1275 752 1303 a‘ger
769 1272 856 1295 autem
870 1268 1010 1295 medicina:

216 1314 397 1348 operationem
413 1321 464 1341 non
478 1313 610 1345 admittat,
626 1318 654 1340 et
666 1321 738 1348 sa‘pc
752 1320 923 1346 succensens,
938 1317 1011 1348 post-

217 1367 297 1395 quam
323 1359 443 1387 tnedicus
468 1359 624 1394 imposuerit
650 1359 844 1394 pharmacum,
870 1358 1011 1394 impatiens

217 1406 319 1441 doloris
334 1405 399 1433 illud
414 1406 533 1441 rcjiciat,
559 1406 631 1433 nulla
654 1405 716 1433 inde
739 1406 852 1434 utilitate
875 1410 1007 1440 suscepta,

219 1459 298 1479 nemo
323 1451 441 1486 prudens
463 1451 595 1479 medicum
620 1451 756 1487 arguerit,
780 1451 850 1487 quod
866 1459 918 1478 non
932 1459 1010 1478 suum

217 1498 301 1533 egerit
314 1498 430 1525 officium
446 1505 454 1525 :
469 1498 563 1525 eodem
580 1498 658 1526 modo
671 1502 698 1526 et
709 1497 751 1525 hic
762 1505 812 1525 nos
826 1498 1010 1526 medicamen-

217 1548 273 1572 tum
299 1552 331 1571 ex
358 1544 487 1580 spiritUali
513 1544 633 1571 doctrina
655 1544 803 1572 confectum
828 1544 1008 1580 impenimus;

217 1595 334 1617 vestrum
350 1594 438 1617 autem
451 1589 562 1623 posthac
577 1589 655 1617 fuerit
666 1589 737 1617 ferre
749 1589 866 1623 dolores,
880 1594 906 1617 et
918 1597 1009 1617 curam

215 1642 277 1662 cum
291 1635 403 1663 utilitate
417 1635 566 1668 admittere,
581 1640 609 1663 ut
621 1643 636 1663 a
649 1636 742 1662 morbo
753 1636 907 1669 liberati,ad
919 1644 1009 1663 veram

216 1681 404 1716 regrediamini
427 1680 579 1708 sanitatem.
605 1681 650 1709 Sic
671 1682 742 1708 enim
766 1686 793 1709 et
817 1682 866 1716 ipsi
888 1690 1009 1717 magnam

215 1727 366 1762 percipiatis
382 1726 531 1760 utilitatem,
548 1731 574 1753 ct
589 1734 636 1754 nos
647 1734 699 1754 non
715 1727 817 1754 modica
834 1727 895 1755 hinc
908 1736 1009 1755 conso-

218 1772 315 1799 latione
326 1772 481 1805 afiiciemur,
497 1773 517 1799 si
529 1772 677 1800 viderimus
691 1779 747 1806 eos,
763 1773 807 1808 qui
819 1773 891 1808 prius
905 1773 1009 1802 labora-

216 1817 290 1850 bant,
306 1822 359 1844 tam
374 1818 427 1844 cito
440 1818 535 1845 bonam
549 1817 727 1845 valetudinem
742 1826 925 1853 recuperasse.

251 1863 328 1890 Ratio
341 1863 453 1890 humana
468 1868 548 1899 potest
561 1863 645 1890 omnia
668 1864 728 1890 vilia
750 1864 883 1898 edomare;
899 1864 1009 1892 Paulum

215 1909 347 1944 prauiicat.
359 1909 589 1945 ~—‘llnusquisque
600 1917 663 1946 ergo
681 1914 817 1944 vestrum,
833 1910 962 1944 obsecro,
985 1911 1008 1939 si

215 1962 269 1981 non
284 1959 371 1988 antra,
383 1954 476 1981 saltem
492 1963 562 1983 nunc
574 1962 683 1990 operam
696 1955 760 1988 det,
780 1960 810 1983 ut
830 1955 922 1984 vitium
937 1956 1008 1991 quod

215 2000 265 2028 sibi
286 2001 370 2036 magis
390 2008 469 2035 quam
493 2005 589 2029 cmiera
610 2001 734 2029 infestum
759 2002 840 2029 sentit
864 2009 896 2029 ex
919 2003 1007 2029 anima

215 2051 332 2078 exsecet,
355 2050 382 2074 ct
401 2047 443 2081 pia
465 2047 624 2082 cogitatione
645 2048 719 2082 quasi
742 2048 872 2082 spirituali
893 2048 1008 2083 quodam

213 2093 302 2127 gladio
315 2097 404 2126 utens,
419 2093 534 2127 seipsnm
546 2093 580 2120 ab
592 2100 625 2120 eo
635 2093 741 2120 liberet.
757 2093 835 2121 Dedit
845 2093 916 2121 enim
930 2094 1008 2122 nobis

214 2138 285 2166 Deus
300 2139 429 2165 rationem
455 2146 514 2173 quae
538 2138 651 2165 sufficiat
673 2142 700 2166 et
719 2139 822 2173 possit,
847 2139 870 2166 si
895 2140 1008 2167 velimus

214 2191 307 2218 parum
322 2183 467 2218 respicere,
478 2183 566 2210 omnia
579 2191 637 2218 quae
656 2184 681 2210 in
693 2184 769 2211 nobis
784 2189 929 2212 nascuntur
944 2185 1005 2211 vitia

213 2229 333 2256 domare.
359 2228 501 2262 Propterea
515 2230 594 2256 etiam
615 2234 767 2256 sanctorum
789 2230 907 2256 omnium
926 2230 1006 2257 vitam

213 2279 241 2301 et
262 2274 384 2301 instituta
402 2274 428 2300 in
448 2273 543 2301 divinis
556 2274 699 2310 Scripturis
718 2274 849 2309 descripta
861 2295 869 2308 ,
892 2275 1006 2310 Spiritus

214 2319 298 2346 sancti
320 2320 404 2354 gratia
422 2320 543 2355 reliquit,
565 2325 594 2347 ut
615 2321 749 2348 discentes
770 2328 835 2354 eos,
859 2321 920 2349 licet
934 2322 1006 2357 l'jlls-

213 2365 275 2392 dem
299 2366 396 2392 fuerim
415 2371 516 2393 natura:
530 2386 538 2398 ,
559 2366 682 2393 virtutem
711 2371 798 2394 tamen
825 2368 1005 2396 ontnintodam

215 2411 384 2444 exhibuisse,
409 2419 443 2439 ne
467 2412 549 2439 simus
575 2419 625 2439 nos
647 2412 733 2446 ignavi
754 2417 782 2440 ct
805 2413 911 2442 desides
933 2415 958 2442 in
974 2415 1006 2443 iis

217 2457 384 2484 exercendis.

249 2502 276 2529 5.
297 2503 392 2529 Annon
412 2506 514 2530 natura:
537 2507 635 2530 nostra:
650 2502 698 2531 fuit
719 2508 745 2531 et
769 2504 861 2532 beatus
884 2505 1005 2533 Paulus?

214 2549 308 2583 Flagro
319 2549 389 2576 enim
403 2556 493 2576 amore
506 2549 586 2584 hujus
601 2549 666 2582 viri,
687 2554 715 2578 et
728 2556 867 2586 propterea
878 2553 1005 2580 continuo

214 2594 406 2629 versaturipse
428 2594 453 2620 in
476 2602 523 2622 ore
545 2602 620 2628 meo,
641 2600 668 2622 et
688 2597 762 2631 quasi
779 2597 808 2624 in
831 2597 1004 2634 archetypum

213 2639 321 2674 aliquod
335 2640 482 2675 exemplar,
495 2641 529 2667 ita
543 2645 570 2668 et
584 2641 609 2668 in
626 2641 696 2668 illius
709 2642 825 2669 animam
842 2644 1003 2679 respiciens,

212 2687 372 2721 obstupesco
386 2686 411 2713 in
426 2687 476 2714 hoc
483 2687 538 2714 viro
547 2687 640 2715 mirum
655 2688 795 2716 affectuum
809 2695 1002 2725 contemptum,

214 2731 375 2759 fortitudinis
387 2732 583 2766 excellentiam,
596 2734 694 2761 amoris
706 2735 734 2761 in
751 2735 833 2762 Deum
848 2735 980 2762 fervorem
995 2745 1002 2763 :

213 2782 242 2804 et
261 2784 365 2804 mecum
387 2783 499 2812 reputo,
523 2786 603 2806 unttm
623 2779 757 2807 hominem
779 2788 872 2809 omnes
892 2782 1003 2809 virtutes

211 2823 303 2851 Studlo
315 2829 364 2851 suo
378 2823 404 2852 in
415 2831 444 2853 se
458 2824 597 2861 collegisse
615 2829 643 2853 et
655 2825 823 2862 exhibuisse;
847 2834 948 2863 nosque
969 2835 1003 2856 nc

1073 166 1211 194 minimum
1227 169 1333 203 quidem
1348 170 1446 199 bonum
1461 180 1528 208 opus
1547 178 1673 208 praestare
1695 177 1773 206 velle.
1796 178 1861 213 Quis

1070 211 1149 247 igitur
1163 221 1211 240 nos
1222 214 1317 250 eripiet
1339 224 1354 244 a
1377 218 1506 255 supplicio
1529 220 1696 249 inevitabili?
1718 223 1783 250 Nam
1799 211 1861 252 eum

1070 258 1190 292 ejusdem
1213 259 1257 288 ille
1280 262 1419 290 nobiscum
1443 264 1522 292 fuerit
1534 272 1646 300 natura},
1661 273 1687 295 et
1699 268 1791 296 iisdem
1805 271 1865 297 iob-

1070 304 1165 331 noxius
1178 304 1372 341 all'ectionibus,
1394 313 1474 343 atque
1488 310 1514 337 in
1530 315 1601 339 tanta
1616 316 1765 348 temporum
1788 315 1861 342 difii-

1069 349 1176 382 cultate,
1191 352 1325 386 quotidie,
1341 358 1369 381 ut
1384 354 1419 381 ita
1435 355 1521 384 dicam
1533 378 1541 391 ,
1558 362 1671 392 tractus,
1686 359 1817 389 laceratus
1835 368 1863 390 et

1069 395 1174 443 publice
1197 403 1315 443 raptatus
1327 399 1361 426 ab
1376 400 1407 428 iis
1427 402 1471 436 qui
1485 403 1699 438 praedicationem
1722 414 1863 443 oppugna-

1069 440 1131 468 bant
1143 461 1150 473 ,
1167 442 1211 476 qui
1233 447 1260 470 et
1279 451 1349 479 smpe
1365 445 1449 480 ipsum
1470 453 1593 476 enectum
1606 440 1812 486 existimarunt:
1834 462 1862 481 et

1067 486 1142 520 quasi
1157 486 1316 516 destinatam
1328 490 1417 518 animo
1430 492 1531 520 eisdem
1547 500 1757 530 perpetrassent,
1772 498 1860 532 ipsum

1068 531 1234 566 reliquerunt
1253 542 1260 560 :
1282 534 1448 565 inveniturne
1468 539 1563 574 aliquis
1580 545 1701 571 nostrum
1712 563 1719 575 ,
1734 531 1859 577 desidia»,

1068 578 1242 614 segnitieique
1256 579 1418 616 deditorum,
1442 584 1488 618 qui
1507 590 1605 613 tantam
1619 588 1743 616 virtutum
1757 591 1860 624 magni-

1068 625 1186 653 tudinem
1209 634 1263 662 ιιι-ω
1285 634 1315 655 se
1338 628 1424 656 ferat?
1448 630 1545 658 Verum
1570 638 1669 667 quanta
1693 634 1787 663 beatus
1814 638 1861 665 ille

1067 672 1192 706 przcclara
1214 681 1295 709 opera
1317 675 1418 710 fecerit,
1436 681 1461 704 ct
1480 677 1678 714 fortitudinem,
1706 689 1784 716 quam
1812 691 1860 718 pro
1886 716 1888 718 τ

1067 717 1203 753 religionis
1226 720 1415 754 praedicatione
1437 723 1557 757 quotidie
1581 725 1748 761 exhibuerit,
1770 717 1822 755 non
1843 738 1859 757 ει

1067 768 1156 790 nostra
1172 764 1271 800 lingua,
1294 766 1341 794 sed
1363 767 1396 794 ab
1421 769 1479 803 ipso
1500 775 1606 805 oportet
1628 772 1721 800 audire
1742 774 1858 803 dicente.

1066 807 1178 842 Quando
1192 810 1262 837 enim
1276 811 1302 838 in
1317 819 1375 839 eam
1388 813 1495 841 devertit
1508 817 1702 851 necessitatem,
1714 823 1741 846 ut
1751 825 1860 855 proptr:

1066 853 1350 889 pseudoapostolorum
1375 857 1506 886 fallaciam
1527 868 1570 888 res
1584 869 1647 890 suas
1661 853 1788 892 enarrare
1801 853 1860 893 co-

1065 904 1174 934 geretur
1188 908 1195 926 :
1211 906 1264 928 tam
1275 909 1355 936 grave
1369 903 1440 931 enim
1454 904 1524 932 istud
1534 910 1561 933 et
1574 907 1715 936 molestum
1730 909 1778 944 ipsi
1790 916 1857 943 erat.

1066 949 1094 971 ut
1109 945 1300 981 reluctaretur,
1323 953 1350 976 et
1371 957 1514 985 numquam
1535 953 1562 979 in
1576 954 1691 982 medium
1712 963 1743 984 ea
1762 956 1858 985 afferre

1065 990 1155 1024 vellet,
1171 991 1224 1019 imo
1238 993 1354 1028 seipsum
1367 995 1478 1024 auderet
1492 1005 1589 1026 vocare
1604 999 1787 1036 blasphemum
1800 1022 1808 1036 ,
1831 1008 1859 1031 et

1066 1042 1283 1072 persequutorem
1297 1048 1304 1067 :
1318 1041 1442 1075 quoniam
1455 1047 1543 1071 autem
1558 1047 1784 1078 pernecessarium
1798 1056 1858 1077 esse

1066 1081 1180 1116 videret,
1197 1087 1225 1110 ut
1241 1083 1417 1119 impostorum
1433 1095 1479 1114 ora
1493 1088 1662 1124 Obstrueret,
1678 1096 1705 1119 et
1721 1092 1859 1128 discipulis

1066 1135 1172 1162 parvam
1193 1129 1269 1157 daret
1290 1132 1498 1160 consolationem
1522 1143 1529 1161 :
1556 1135 1595 1163 sic
1611 1135 1673 1164 fere
1694 1139 1775 1173 coepit
1791 1144 1859 1174 post

1065 1175 1147 1201 multa
1161 1175 1211 1202 alia
1223 1176 1312 1204 dicere
1325 1186 1330 1204 :
1343 1177 1377 1205 In
1389 1187 1438 1213 quo
1450 1179 1506 1214 quia
1521 1181 1597 1208 audet
1605 1203 1613 1215 ,
1621 1191 1673 1218 ,ρετ
1687 1183 1858 1219 insipientimu

1064 1219 1162 1255 loquor,
1179 1221 1260 1248 audeo
1271 1227 1296 1249 et
1311 1231 1357 1258 ego
1373 1223 1410 1259 (τὶ.
1426 1223 1485 1252 Cor.
1500 1226 1541 1253 ll.
1556 1226 1612 1262 ει).
1628 1228 1773 1257 Considera
1788 1231 1856 1265 piam

1063 1265 1178 1292 animam
1189 1286 1196 1298 ,
1220 1275 1274 1294 non
1294 1268 1379 1296 solum
1395 1270 1550 1305 audaciam,
1567 1273 1613 1300 scd
1633 1278 1659 1301 et
1678 1275 1857 1310 insipientiam

1063 1318 1120 1338 rem
1135 1319 1192 1339 eam
1207 1318 1301 1341 vocat:
1316 1314 1415 1343 dat-ens
1436 1324 1485 1344 nos
1499 1326 1533 1346 ne
1546 1327 1670 1355 umquam
1686 1322 1751 1349 citra
1765 1330 1857 1350 neces-

1064 1356 1170 1384 sitatem
1183 1379 1190 1390 ,
1214 1362 1241 1386 et
1262 1359 1337 1387 nullo
1359 1366 1479 1396 urgente,
1491 1371 1550 1398 quae
1564 1371 1578 1391 a
1591 1366 1668 1393 nobis
1687 1366 1754 1394 facta
1773 1373 1855 1400 sunt,

1062 1408 1238 1440 osientemus,
1253 1406 1275 1433 si
1289 1407 1396 1441 quidem
1404 1408 1484 1444 aliqui
1495 1417 1528 1437 ex
1540 1411 1617 1438 nobis
1630 1412 1797 1441 inveniantur
1809 1414 1856 1449 qui

1063 1449 1161 1477 bonum
1176 1451 1283 1487 aliquod
1290 1458 1351 1480 sunt
1364 1455 1476 1489 operati.
1487 1455 1520 1482 In
1528 1464 1577 1491 quo
1589 1458 1655 1492 quis,
1666 1458 1760 1493 inquit,
1769 1460 1855 1493 audet,

1062 1504 1107 1531 per
1120 1497 1291 1532 insipientiam
1304 1499 1403 1534 loquor,
1418 1501 1499 1529 audeo
1507 1507 1530 1529 et
1539 1511 1582 1538 ego
1591 1512 1600 1530 :
1613 1503 1662 1531 hoc
1671 1509 1721 1538 est,
1731 1506 1856 1541 quoniam

1062 1549 1112 1577 ego
1127 1544 1237 1570 multam
1250 1545 1327 1572 video
1341 1546 1538 1582 necessitatem,
1551 1548 1649 1577 audere
1660 1550 1729 1582 volo,
1746 1557 1772 1578 et
1792 1552 1857 1579 insi-

1063 1588 1168 1622 pientire
1185 1596 1251 1624 opus
1265 1590 1403 1618 exhibere.
1421 1592 1522 1620 Ilebrici
1533 1599 1602 1627 sunt,
1624 1600 1647 1622 et
1657 1604 1718 1631 ego;
1732 1595 1857 1624 Israelita:

1062 1639 1130 1665 sunt,
1146 1638 1169 1661 et
1182 1643 1245 1670 ego;
1260 1643 1343 1663 semen
1356 1637 1465 1665 Abraha!
1476 1644 1533 1666 sunt
1543 1659 1551 1673 ,
1575 1645 1599 1667 et
1621 1649 1666 1676 ego
1690 1641 1743 1676 (1b.
1759 1651 1781 1669 υ.
1796 1643 1854 1678 22).

1064 1678 1100 1705 De
1116 1678 1175 1711 hoc,
1193 1680 1298 1714 inquit,
1324 1682 1439 1710 sublime
1461 1684 1566 1718 sapiunt
1586 1690 1612 1712 et
1633 1685 1797 1720 gloriantur;
1822 1696 1855 1716 ne

1063 1728 1155 1758 putent
1169 1732 1200 1752 ea
1215 1726 1291 1753 nobis
1304 1726 1416 1760 deesse;
1429 1729 1509 1756 etiam
1532 1737 1581 1757 nos
1601 1732 1755 1760 eorumdem
1774 1734 1856 1768 parti-

1061 1769 1134 1803 cipes
1147 1777 1250 1798 suntus.
1274 1771 1375 1800 Deinde
1395 1773 1508 1808 subjecit
1524 1784 1531 1802 :
1547 1774 1660 1803 Minism'
1672 1777 1767 1805 Christi
1785 1785 1854 1813 cuni,

1062 1821 1088 1842 ut
1101 1816 1184 1843 minus
1198 1817 1298 1852 sapiens
1311 1818 1378 1852 dico,
1395 1819 1453 1854 plus
1465 1829 1511 1855 ego
1527 1821 1586 1856 (1b.
1601 1831 1625 1849 υ.
1640 1822 1698 1859 25).

1097 1861 1124 1890 6.
1148 1862 1212 1891 Vide
1226 1863 1278 1898 hic,
1292 1864 1401 1897 dilecte,
1422 1866 1506 1894 beata:
1520 1867 1597 1902 hujus
1609 1869 1704 1897 anim-.e
1717 1870 1855 1901 virtutem.

1060 1908 1126 1936 Nam
1142 1915 1282 1945 postquam
1296 1919 1352 1939 rem
1371 1919 1386 1938 a
1409 1920 1438 1940 se
1463 1913 1568 1947 faciant,
1591 1915 1728 1943 audaciam
1745 1921 1772 1944 et
1787 1918 1855 1944 insi-

1061 1954 1187 1989 pientiam
1201 1957 1314 1990 vocavit,
1329 1959 1451 1992 quamvis
1469 1959 1494 1986 in
1511 1964 1583 1987 tanta
1602 1966 1673 1988 esset
1694 1963 1854 1991 necessitate

1061 2001 1238 2035 constitutus,
1256 2010 1341 2037 neque
1362 2003 1401 2030 sic
1417 2008 1503 2031 tamen
1527 2005 1605 2032 dictis
1625 2012 1766 2034 contentus
1781 2007 1829 2034 fuit
1844 2017 1852 2035 :

1060 2046 1107 2073 sed
1123 2054 1182 2074 cum
1198 2048 1430 2077 demonstraturus
1442 2055 1514 2078 esset
1529 2059 1557 2079 se
1573 2052 1632 2080 illos
1646 2061 1741 2088 magno
1752 2061 1854 2088 pnece-

1060 2093 1125 2121 dcre
1139 2094 1290 2128 intervallo,
1305 2100 1333 2122 ut
1348 2103 1381 2123 ne
1391 2097 1449 2132 quis
1464 2105 1523 2124 eum
1541 2103 1614 2133 putet
1628 2107 1675 2133 per
1694 2101 1853 2128 ostentatio-

1060 2146 1121 2165 nem
1138 2138 1194 2167 htec
1207 2140 1304 2172 dicere,
1320 2141 1414 2169 iterum
1431 2143 1608 2177 insipientiam
1623 2149 1699 2172 vocat
1712 2146 1782 2181 quod
1795 2154 1809 2173 a
1823 2153 1853 2174 se

1060 2185 1205 2218 dicebatur,
1221 2187 1295 2220 qttasi
1315 2186 1415 2215 diceret
1438 2197 1445 2216 :
1467 2188 1524 2215 Non
1540 2196 1599 2216 sum
1615 2191 1719 2218 nescius
1734 2199 1777 2219 me
1791 2199 1847 2219 rem

1060 2229 1149 2258 facere
1161 2239 1220 2266 quae
1235 2232 1333 2259 multos
1346 2232 1472 2267 offendat,
1483 2239 1576 2270 etquo:
1590 2243 1675 2270 neque
1689 2244 1731 2263 me
1741 2237 1850 2264 deceat:

1060 2275 1106 2303 sed
1123 2284 1166 2304 me
1186 2278 1323 2312 compellit
1345 2285 1440 2313 magna
1456 2281 1618 2313 necessitas;
1643 2281 1703 2309 ideo
1725 2282 1853 2317 ignoscite

1060 2321 1124 2349 mihi
1136 2322 1298 2357 insipientia:
1314 2324 1392 2351 verba
1413 2325 1542 2360 loquenti.
1564 2326 1647 2361 Hujus
1665 2328 1708 2355 vel
1731 2329 1851 2357 umbram

1059 2368 1194 2396 imitemur
1205 2377 1263 2402 nos,
1278 2371 1320 2404 qui
1338 2372 1418 2398 tantis
1434 2373 1580 2406 premimur
1593 2374 1717 2407 peccatis,
1741 2379 1768 2401 et
1781 2383 1852 2410 saepe

1058 2415 1080 2441 si
1104 2422 1213 2449 parvum
1233 2416 1358 2450 quiddam
1380 2422 1453 2444 recte
1474 2417 1599 2450 facimus,
1624 2427 1709 2454 neque
1724 2420 1808 2454 ipsum
1826 2422 1852 2448 in

1059 2461 1240 2496 promptuario
1253 2462 1349 2488 mentis
1371 2467 1470 2489 nostra:
1491 2464 1637 2498 repositum
1659 2473 1768 2493 manere
1784 2467 1852 2501 pati-

1059 2515 1129 2539 mur,
1144 2507 1191 2534 sed
1205 2512 1232 2534 ιιι
1243 2507 1382 2542 gloriolam
1402 2509 1517 2544 aliquam
1541 2509 1575 2537 ab
1601 2510 1753 2538 hominibus
1767 2520 1851 2539 vene-

1059 2560 1127 2584 mur,
1144 2552 1324 2588 divulgamus,
1348 2558 1376 2582 et
1390 2554 1423 2582 ob
1446 2555 1658 2590 intempestivam
1674 2558 1851 2592 nugacitatem

1058 2598 1146 2625 divina
1160 2599 1334 2627 retributione
1352 2601 1531 2636 nosmetipsos
1545 2601 1707 2629 fraudamus.
1733 2603 1767 2630 At
1786 2603 1851 2630 nihil

1059 2643 1112 2670 tale
1126 2643 1202 2670 beato
1214 2644 1294 2671 Paulo
1309 2644 1455 2672 accidebat.
1482 2646 1534 2674 Sed
1554 2647 1617 2682 quid
1627 2647 1765 2675 Tillim'stri
1780 2648 1850 2675 Clari-

1057 2689 1090 2715 ui
1101 2694 1170 2722 sunt,
1185 2694 1210 2715 nt
1224 2689 1305 2717 minus
1320 2691 1419 2725 sapiens
1428 2691 1495 2725 dico,
1512 2693 1569 2726 plus
1581 2701 1646 2727 ego;
1668 2694 1729 2720 dein
1745 2694 1852 2721 adducit

1058 2735 1084 2761 in
1108 2735 1223 2762 medium
1247 2743 1278 2763 ea
1305 2744 1364 2771 quae
1381 2737 1596 2772 pscndoapostoli
1612 2746 1663 2765 non
1679 2740 1850 2767 exhibebant.

1058 2780 1198 2813 Quomodo
1215 2781 1285 2808 enim
1300 2781 1484 2809 exhibuisse-nt
1504 2783 1547 2817 qui
1562 2783 1700 2811 veritatem
1716 2791 1851 2819 oppugna-

1057 2828 1140 2863 hant,
1162 2831 1189 2856 et
1201 2827 1267 2856 nihil
1278 2835 1331 2856 non
1346 2828 1458 2863 agebant
1471 2833 1499 2856 ut
1512 2829 1691 2864 praedicationi
1716 2830 1852 2864 religionis
