2060 3122
219 157 256 186 97
785 146 819 175 IN
836 145 913 174 CAP.
928 144 959 172 Il.
974 143 1095 173 GENES.
1116 143 1229 171 llOBllL.
1251 143 1308 171 Xll.
1822 143 1858 169 98

221 214 400 246 obsisterent,
424 218 454 238 ac
478 213 583 238 mentes
605 206 798 242 simpliciorum
813 201 1019 231 subverterent?

222 261 309 294 luitur
323 264 353 286 ut
366 258 441 290 dixit,
456 255 519 282 Plus
533 263 589 290 ego,
603 256 742 282 enumerat
752 255 843 286 postea
856 247 1020 276 fortitudinis

225 293 282 334 suae
299 305 426 340 prazclura
440 309 533 337 opera,
547 305 575 328 et
585 299 670 334 inquit
683 306 691 324 :
705 297 738 324 In
751 296 880 324 laboribus
894 293 1019 330 plurimis,

228 353 255 378 in
271 337 353 385 plagis
366 356 445 383 supra
463 346 584 377 modum,
610 345 636 371 in
650 343 771 370 mortibus
782 341 933 376 frequenter.
954 337 1023 372 Quid

229 396 315 424 dicis?
330 393 496 429 Stupendum
510 396 537 419 et
547 389 703 418 admirabile
717 392 758 415 est
771 387 840 422 quod
853 393 868 413 0
880 390 904 413 10
918 385 1021 412 dicitur.

231 443 315 470 Estne
328 439 400 468 enim
415 437 551 474 possibile,
568 440 597 463 ut
611 435 670 470 quis
683 440 754 468 saepe
769 431 914 460 moriatur?
926 430 1023 460 Etiam,

233 486 339 522 inquit,
364 483 488 520 quamvis
506 489 560 509 non
582 481 676 508 ntortls
696 477 862 513 experientia
876 497 883 509 ,
907 480 1024 503 attamen

234 521 363 560 moriendi
384 528 540 565 proposito:
556 527 656 555 docens
671 531 730 558 nos,
745 522 858 551 subinde
870 529 899 549 se
911 521 946 548 ob
959 527 1026 554 prte-

238 578 395 606 dicationem
410 574 505 603 mortis
519 572 635 609 pericula
648 571 746 599 adiisse
755 588 763 602 ,
774 568 820 597 sed
842 568 887 595 Dei
900 567 983 602 gratia
999 565 1026 592 in

237 624 333 652 niediis
346 621 471 658 periculis
486 619 615 647 athletam
637 620 772 656 servatum
784 634 792 648 ,
813 620 868 649 quo
889 611 1026 646 discipulis

235 669 319 704 magis
332 654 481 703 prodesset.
503 664 536 692 111
555 663 675 690 mortibus
685 682 693 695 ,
714 654 819 695 11111011,⁴
834 659 996 693 frequenter:
1011 664 1027 683 α

234 702 339 743 Induis
348 713 479 750 quinquies
491 710 658 746 quadraginta
669 708 758 743 plagas
769 713 820 733 una
834 705 918 731 minus
929 702 1026 737 accepi,

235 767 274 788 ter
286 748 362 796 virgis
381 766 460 785 casus
473 765 540 789 sum,
552 754 631 782 actual
650 752 795 787 lapidatus,
815 755 852 777 ter
866 748 1029 784 naufragium

239 809 435 843 [eri,noctemac
449 805 517 831 diem
526 803 552 830 in
563 801 690 838 profundo
701 800 740 835 egi
749 807 759 831 ;
772 799 798 825 111
806 797 936 825 itineribus
949 803 1027 830 stupe,

239 840 359 889 periculis
380 850 511 886 ﬂuminum
525 867 534 882 ,
557 846 674 882 periculis
698 845 824 871 latronum
836 863 844 876 ,
868 840 986 877 periculis
1000 847 1031 866 ea;

240 885 340 934 periere,
355 885 474 932 periculis
488 902 520 921 ea:
534 892 657 928 gentibus,
673 889 790 925 periculis
808 896 840 915 ea:
855 887 927 922 falsis
945 885 1032 921 fratri-

241 932 287 971 bus
299 964 307 976 ,
330 941 446 978 periculis
462 941 490 967 in
510 937 650 965 ciuitatibus
664 956 672 969 ,
697 934 816 970 periculis
835 933 861 960 in
878 932 1031 963 solitudine,

243 989 362 1025 ,1111111115
374 988 400 1014 in
414 986 479 1014 mari
493 985 531 1022 (‘2.
546 985 606 1012 Cor.
626 983 670 1011 11.
684 981 805 1015 24.-9ι(1).
824 979 863 1007 Ne
878 978 1033 1012 simpliciter

243 1023 433 1072 praetereamus
459 1032 517 1060 11010
542 1031 612 1058 dicta
627 1048 636 1062 ,
662 1027 752 1056 dilecti
779 1035 787 1053 :
813 1033 873 1052 nam
897 1023 1034 1060 quodlibet

244 1068 339 1109 horum
362 1087 409 1114 per
432 1086 462 1106 se
486 1077 572 1104 solum
594 1074 705 1110 pelagus
728 1070 837 1107 aliquod
860 1068 1034 1097 tentationum

244 1127 323 1155 nobis
334 1124 463 1153 ostendit.
475 1123 534 1151 Non
548 1122 619 1149 enim
629 1118 786 1154 simpliciter
796 1117 846 1144 iter
856 1123 938 1143 unum
950 1114 1035 1142 dixit:

245 1173 306 1207 sed,
320 1172 353 1199 In
365 1171 499 1199 itineribus
517 1176 584 1204 stt-pe
609 1176 618 1195 :
642 1173 727 1201 neque
747 1172 828 1192 unum
842 1162 988 1198 periculum
1010 1161 1036 1187 in

247 1219 345 1251 fluviis,
360 1216 409 1245 sed
430 1216 510 1243 multa
525 1220 552 1241 et
563 1213 650 1245 varia;
663 1217 691 1240 et
709 1211 797 1238 omnia
819 1209 918 1244 ingenti
933 1207 1039 1234 fortitu-

246 1266 309 1292 dine
330 1264 399 1290 tulit.
425 1262 458 1290 Et
473 1265 533 1297 pOst
544 1260 601 1288 haec
615 1259 704 1287 omnia
722 1257 818 1285 iterum
832 1255 916 1290 inquit
931 1263 938 1281 :
955 1253 989 1281 In
1001 1253 1040 1280 la-

249 1313 307 1338 bore
316 1315 339 1337 et
352 1316 476 1342 rerunma,
490 1308 516 1335 in
529 1306 621 1343 uigiliis
628 1313 705 1340 stupe,
717 1305 743 1331 in
755 1304 823 1339 fame
834 1308 857 1330 et
871 1302 923 1335 siti,
935 1301 961 1328 in
969 1301 1041 1336 jeju-

249 1359 297 1385 niis
309 1365 385 1392 stupe,
396 1357 422 1383 in
436 1356 530 1391 frigore
539 1358 562 1381 et
575 1353 698 1385 nuditate,
711 1355 801 1386 prater
814 1349 860 1377 illa
869 1356 926 1384 ιιοω
940 1347 1038 1375 extrin-

249 1410 318 1430 secus
333 1406 390 1429 sunt
409 1400 463 1435 (Ib.
478 1407 502 1426 υ.
515 1400 560 1426 9.7.
573 1398 631 1434 28),

286 1450 312 1476 'l.
332 1447 408 1475 Pauli
420 1453 539 1474 (erumna!
553 1444 639 1472 varice.
654 1457 690 1463 ——
702 1441 768 1470 Vide
789 1441 884 1468 iterum
903 1438 974 1466 aliud
994 1445 1041 1473 pe-

250 1496 326 1530 lngus
341 1493 515 1521 tentationum
532 1491 609 1518 nobis
623 1489 729 1524 aperiri.
746 1487 780 1515 Ut
792 1487 863 1515 enim
877 1485 954 1518 dixit,
970 1484 1044 1512 Prte-

252 1546 289 1567 ter
303 1539 348 1567 illa
365 1546 422 1574 quae
440 1538 593 1565 extrinsecus
611 1539 681 1568 sunt,
699 1533 843 1561 insinuavit
864 1531 1044 1567 pnutermissa

253 1588 327 1623 plura
342 1593 413 1616 esse.
429 1591 508 1619 quam
528 1591 588 1618 qua:
600 1582 669 1610 dicta
683 1585 754 1608 sunt.
772 1580 863 1614 Neque
876 1578 918 1605 his
935 1581 1046 1604 conten-

253 1639 297 1660 tus
312 1632 371 1665 fuit,
384 1637 474 1658 verum
489 1637 537 1657 nos
552 1628 629 1656 docet
645 1633 781 1663 presseras
794 1629 821 1653 et
832 1623 1046 1659 conspirationes

253 1686 320 1714 quas
333 1676 468 1708 sustinuit,
485 1676 524 1703 sic
535 1674 627 1702 dicens
643 1682 649 1700 :
665 1671 791 1700 [instantia
815 1678 869 1697 mea
888 1669 1046 1704 quotidiana,

255 1723 398 1751 sollicitudo
408 1722 519 1749 omnium
532 1719 715 1747 Ecclesiarum.
728 1717 796 1745 Ecce
808 1716 860 1743 hoc
871 1715 970 1743 bonum
980 1721 1047 1748 opus

257 1770 298 1797 vel
308 1769 414 1797 unicum
422 1767 558 1795 sufﬁciens
565 1770 617 1798 est,
625 1770 653 1792 ut
661 1771 781 1792 suunnns
790 1762 839 1799 ipsi
848 1762 972 1789 virtutum
981 1767 1048 1795 apex

257 1816 408 1842 tribuatur:
431 1811 595 1845 Sollicitudo,
619 1809 716 1844 inquit,
735 1809 847 1835 omnium
864 1806 1051 1839 Ecclesiarum,

258 1869 310 1888 non
321 1858 463 1892 unius,ch
475 1857 599 1889 duarum,
614 1856 656 1883 vel
667 1856 759 1888 trium,
787 1853 833 1882 sed
851 1853 970 1880 omnium
991 1858 1050 1886 qua:

258 1908 286 1934 in
312 1911 367 1933 toto
389 1905 465 1933 orbe.
488 1903 557 1931 Nam
576 1906 702 1937 quantam
723 1905 820 1927 terram
837 1899 878 1926 501
898 1897 979 1925 radiis
996 1896 1051 1924 suis

260 1953 386 1985 illustrat,
401 1955 503 1978 tantam
517 1956 609 1977 eurum
622 1953 649 1976 et
663 1945 869 1974 sollicitudinem
880 1944 1051 1972 111111011Ρο0-

261 1998 312 2026 lus.
326 1997 420 2024 Vidisti
433 1995 598 2023 latitudinem
614 1993 717 2021 animi?
732 1991 820 2019 vidisti
833 1990 931 2018 mentis
951 1989 1053 2024 magni-

260 2043 402 2072 tudinem?
416 2042 474 2070 ,111111
496 2041 566 2076 quod
584 2038 769 2074 subsequitur,
787 2036 876 2064 Omnia
896 2035 1053 2070 superiora,

260 2091 338 2118 111110
357 2090 454 2122 dicam,
474 2087 601 2122 Contegit.
629 2085 692 2118 Quis
705 2085 775 2112 enim
789 2083 947 2116 inﬁrmatur,
957 2082 1052 2116 inquit,

259 2143 284 2165 et
297 2146 341 2172 ego
355 2145 405 2163 non
425 2134 564 2170 inﬁrmor?
592 2133 647 2167 quis
669 2129 870 2162 scandalizatur,
892 2132 915 2156 et
936 2136 981 2163 ego
1003 2135 1053 2154 non

261 2191 322 2210 uror
334 2182 343 2218 (
355 2183 383 2209 2.
395 2181 456 2209 Cor.
471 2181 514 2208 11.
527 2179 562 2207 99
585 2178 620 2214 Η
636 2178 725 2213 Papae,
738 2181 854 2212 quantus
863 2174 912 2202 viri
925 2174 1004 2209 hujus
1027 2173 1057 2200 in

262 2229 333 2256 ﬁlios
347 2236 422 2255 amor
436 2232 463 2254 et
478 2225 641 2260 indulgentia
658 2225 665 2252 1
681 2228 778 2259 quanta
799 2221 952 2257 vigilantia!
968 2227 1053 2255 quan-

263 2280 288 2301 ta
297 2281 361 2302 cura
379 2275 385 2300 l
402 2273 467 2306 Qum
486 2275 570 2298 mater
582 2271 620 2297 sic
641 2269 776 2297 cruciatur
788 2267 856 2294 intra
872 2267 975 2294 viscera
999 2265 1055 2292 ﬁlio

265 2320 341 2347 febre
353 2319 501 2350 laborante,
524 2321 557 2344 et-
574 2317 600 2343 in
618 2316 688 2343 lecto
709 2314 896 2345 deeumbente,
913 2316 942 2339 ut
962 2311 1056 2338 beatus

264 2367 310 2394 ille
332 2373 381 2400 pro
398 2364 493 2399 quovis
516 2363 631 2395 inlirmo,
654 2366 823 2396 quocumque
838 2359 881 2386 ille
892 2359 951 2385 loco
972 2362 1054 2390 esset,

265 2411 460 2443 inlirmabatur,
476 2414 503 2438 ct
518 2417 565 2445 pro
587 2406 772 2436 scandalizatis
791 2404 936 2433 urebatur?
960 2403 1055 2432 Consi-

265 2459 329 2486 dera
340 2457 420 2488 enim,
433 2462 537 2491 quaso,
546 2454 688 2482 verborum
700 2453 824 2480 latentem
838 2452 891 2478 vim
908 2455 935 2477 et
946 2449 1057 2484 empha-

265 2505 317 2531 sin.
334 2503 391 2530 Non
404 2502 484 2534 dixit,
498 2501 563 2539 Qui;
576 2499 780 2529 scandalizatur,
793 2501 821 2524 ct
832 2503 882 2531 ego
895 2502 947 2522 non
959 2494 1058 2522 doleo?

265 2550 324 2583 sed,
347 2549 423 2579 Uror,
452 2547 555 2580 inquit,
578 2546 711 2572 1111111150111
733 2543 809 2570 nobis
831 2542 950 2569 dolorem
969 2540 1058 2567 decla-

267 2603 339 2628 rans,
352 2594 428 2630 quasi
435 2593 635 2621 demonstraret
644 2599 673 2618 se
686 2590 846 2617 intrinsecus
861 2587 966 2615 incendi
979 2591 1007 2613 et
1018 2589 1058 2613 url

267 2650 316 2677 pro
328 2642 360 2668 iis
370 2640 414 2676 qui
427 2639 638 2667 oﬂ'endehantur.
652 2637 714 2664 Scio
728 2642 771 2663 me
790 2635 815 2662 in
831 2641 953 2669 magnam
979 2633 1060 2668 proli-

269 2689 381 2715 xitatem
406 2685 560 2714 extendisse
586 2684 744 2715 doctrinam,
767 2681 889 2716 quamvis
916 2684 1058 2707 statueram

271 2733 351 2760 hodie
364 2731 472 2760 brevior
485 2738 557 2763 esse,
576 2735 606 2756 ut
617 2728 751 2764 paululum
767 2735 781 2753 a
794 2726 885 2761 jejunii
896 2725 987 2752 labore
997 2731 1060 2759 pos-

268 2778 328 2805 sitis
342 2777 474 2812 respirare
485 2784 493 2803 :
506 2775 551 2803 sed
560 2774 649 2802 nescio
659 2772 803 2808 quomodo,
815 2776 842 2798 ut
857 2771 884 2798 111
898 2770 1003 2798 divitias
1014 2770 1061 2797 bo-

268 2830 363 2852 uorum
386 2829 497 2858 operum
525 2820 601 2856 hujus
624 2819 709 2848 sancti
731 2817 822 2852 incidi,
851 2817 966 2852 linguam
993 2815 1058 2844 mihi

1068 203 1143 238 quasi
1157 202 1241 237 rapidi
1256 201 1372 228 fluminis
1387 200 1426 228 vis
1439 200 1535 235 rapuit.
1552 200 1695 234 Propterea
1711 198 1753 226 hic
1776 199 1855 227 finem

1068 247 1172 274 dicendi
1194 247 1303 280 faciens,
1315 253 1362 272 oro
1380 246 1518 272 caritatem
1539 250 1663 278 vestram,
1687 249 1715 273 ut
1736 245 1861 273 continua

1070 293 1186 321 1110111111
1206 297 1296 320 mente
1320 291 1522 323 circumferatis,
1544 296 1571 319 et
1593 291 1704 320 subinde
1728 293 1860 327 cogitetis,

1069 348 1130 368 eum
1159 339 1280 374 ejusdem
1304 339 1443 366 nobiscum
1461 342 1563 365 natura:
1579 343 1741 371 consortem,
1766 338 1863 365 iisdem

1069 385 1255 413 affectionibus
1275 384 1430 417 obnoxium,
1451 383 1585 418 opificium
1605 383 1658 410 vile
1688 391 1720 410 ac
1742 388 1862 411 contem-

1071 438 1143 468 ptum
1159 436 1326 460 exercentem
1343 431 1449 465 pellium
1460 435 1589 461 sutorem,
1605 429 1667 456 etin
1683 428 1795 456 oflieinis
1807 430 1861 456 fre-

1071 483 1206 513 quentem,
1223 478 1283 512 quia
1294 477 1378 504 voluit
1391 481 1417 504 et
1438 476 1557 503 decrevit
1577 476 1703 502 virtutmn
1724 474 1811 502 studio
1833 482 1864 502 se

1071 525 1232 559 mancipare,
1244 528 1270 551 et
1288 523 1411 550 idoneum
1433 529 1462 549 se
1484 521 1646 549 constituere
1668 520 1864 554 receptaculum

1071 570 1184 605 Spiritus
1205 569 1300 600 sancti,
1328 568 1425 603 largius
1444 575 1549 603 quoque
1570 574 1683 601 superna
1709 566 1867 593 liberalitate

1071 617 1185 652 potitum
1198 624 1267 644 esse.
1287 616 1319 643 Et
1335 622 1385 643 nos
1405 615 1479 648 item,
1500 615 1522 642 si
1541 613 1705 641 voluerimus
1723 613 1792 648 quod
1815 619 1864 638 no-

1073 669 1156 691 strum
1181 668 1221 691 est
1242 661 1340 695 facere,
1363 662 1429 689 nihil
1450 661 1602 696 prohibebit
1622 660 1716 687 eadem
1729 666 1779 686 nos
1796 659 1864 685 bona

1073 709 1210 743 consequi.
1230 708 1360 735 Liberalis
1373 706 1444 734 enim
1458 711 1499 734 est
1514 705 1652 736 Dominus,
1673 709 1700 732 et
1725 703 1784 730 Vult
1808 711 1863 730 om-

1074 764 1117 782 nes
1131 755 1243 782 homines
1262 754 1343 780 salvos
1362 753 1427 787 fieri,
1443 756 1518 787 atque
1538 751 1572 777 ad
1586 751 1736 786 agnitionem
1758 749 1867 776 veritatis

1074 802 1207 837 cen're(l.
1225 800 1291 827 Tim.
1303 800 1330 828 2.
1347 800 1363 827 4
1374 800 1396 835 ).
1411 799 1508 834 Dignos
1523 799 1602 833 igitur
1624 805 1673 825 nos
1696 797 1766 832 iptos
1790 795 1866 822 exhi-

1076 849 1199 881 beamus,
1214 855 1244 874 ac
1258 846 1368 874 ferventi
1380 846 1515 873 alacritate
1528 845 1651 872 virtutem
1667 843 1707 870 vel
1721 850 1782 869 sero
1806 847 1866 869 tan-

1076 894 1135 921 dem
1151 892 1392 928 apprehendamus,
1405 895 1432 919 et
1445 890 1598 917 affectiones
1611 894 1716 916 nostras
1730 887 1867 922 corrigens

1078 945 1128 973 tes,
1140 940 1250 967 idoneos
1264 947 1311 966 nos
1327 938 1468 966 reddamus
1481 936 1513 963 ad
1527 935 1654 971 Spiritum
1680 937 1800 962 sanctum
1823 940 1865 960 rc-

1078 986 1229 1022 cipiendnm
1244 994 1251 1012 :
1267 984 1336 1020 quod
1349 987 1377 1011 111
1396 991 1556 1014 mercamur,
1579 980 1709 1008 concedat
1730 979 1814 1015 gratia
1841 982 1876 1005 et‘

1079 1033 1226 1068 benignitas
1248 1030 1352 1058 Domini
1374 1029 1455 1057 nostri
1470 1027 1531 1055 .lcsu
1545 1027 1653 1060 Christi,
1665 1026 1770 1061 quicum
1800 1025 1885 1052 Patri.

1080 1078 1170 1111 simul,
1185 1082 1211 1104 et
1223 1076 1323 1111 Spiritu
1346 1079 1439 1102 sancto
1449 1074 1482 1101 sit
1493 1071 1741 1108 gloria,imperium
1767 1073 1794 1097 et
1818 1068 1872 1096 ho-

1081 1131 1141 1157 nor,
1155 1130 1226 1150 nunc
1240 1128 1267 1150 et
1276 1127 1394 1156 semper,
1406 1120 1469 1148 etin
1483 1118 1580 1146 saecula
1593 1117 1760 1146 smeulormu.
1773 1115 1871 1142 Amen.

1365 1196 1503 1227 HOMlLlA
1531 1195 1588 1223 xn.

1084 1258 1164 1287 Deiis
1173 1264 1232 1293 qua:
1244 1259 1393 1291 sequuntur
1407 1253 1569 1281 creationem
1584 1259 1590 1277 ε
1608 1249 1658 1278 llic
1673 1253 1708 1276 est
1721 1249 1783 1275 liber
1798 1255 1875 1282 gene-

1119 1303 1224 1331 rationis
1237 1301 1292 1329 tteli
1305 1305 1329 1328 et
1350 1305 1423 1327 terra:
1437 1319 1444 1330 ,
1469 1297 1569 1333 quando
1580 1297 1647 1331 facta
1672 1299 1730 1322 sunt
1744 1301 1753 1322 :
1767 1302 1817 1328 quo
1831 1293 1874 1319 die

1123 1350 1178 1386 fecit
1194 1347 1261 1376 Deus
1274 1347 1363 1375 malum
1373 1350 1396 1373 et
1411 1350 1504 1372 terram
1522 1342 1596 1378 (Gen.
1612 1342 1640 1369 9..
1657 1340 1696 1377 ι).

1123 1417 1150 1444 1.
1165 1416 1221 1450 Age
1243 1412 1403 1449 promissum
1425 1414 1545 1437 nostrum
1561 1405 1641 1435 hodie
1654 1406 1829 1441 impleamus,
1851 1408 1881 1431 et

1087 1465 1241 1490 consuetam
1251 1458 1399 1487 doctrinam
1408 1459 1562 1486 tractantes,
1572 1452 1683 1480 dicenda
1697 1458 1767 1478 ntmc
1778 1450 1809 1477 iis
1820 1457 1880 1484 qua:

1088 1515 1169 1544 supra
1183 1506 1253 1534 dicta
1268 1508 1330 1532 sunt
1341 1507 1527 1532 0001011οη105.
1545 1500 1625 1528 Scitis
1636 1498 1718 1532 enim,
1734 1504 1783 1524 nos
1797 1496 1884 1523 semel

1089 1543 1171 1589 atque
1185 1553 1281 1580 iterum
1295 1550 1346 1578 hoc
1355 1550 1440 1576 facere
1453 1546 1612 1578 decrevisse,
1623 1549 1649 1572 et
1660 1543 1695 1571 ad
1714 1544 1764 1570 hoc
1776 1546 1883 1578 paratos

1090 1600 1184 1632 fuisse,
1199 1598 1245 1626 sed
1263 1604 1353 1625 curam
1367 1595 1488 1626 fratrum,
1504 1599 1582 1628 quam
1593 1591 1719 1626 gerimus,
1739 1590 1765 1616 in
1777 1589 1882 1616 illorum

1091 1644 1298 1672 admonitionem
1315 1641 1431 1676 linguam
1448 1642 1565 1666 nostram
1581 1636 1634 1663 alio
1645 1635 1776 1670 rapuisse.
1790 1633 1882 1667 Quan-

1091 1690 1234 1724 doquidem
1258 1686 1393 1714 interdum
1424 1683 1534 1711 inlirmis
1554 1681 1694 1713 fratribus,
1710 1679 1805 1714 quibus
1820 1686 1884 1706 con-

1093 1740 1196 1764 suetum
1205 1737 1263 1761 erat
1273 1735 1440 1766 sequestram
1451 1736 1480 1756 se
1490 1728 1522 1755 ab
1536 1727 1586 1754 hoc
1600 1725 1729 1760 spirituali
1740 1728 1886 1757 conventu,

1094 1787 1122 1811 et
1134 1781 1260 1810 mutilare
1283 1778 1359 1806 nobis
1372 1780 1471 1805 sanctae
1487 1775 1495 1791 ¹
1510 1773 1658 1801 festivitatis
1670 1771 1777 1807 gaudia,
1797 1769 1883 1798 suasi-

1095 1835 1154 1856 mus
1166 1824 1331 1855 consulendo
1351 1827 1378 1851 et
1392 1820 1560 1850 exhortando
1571 1840 1579 1853 ,
1596 1826 1630 1846 ne
1644 1818 1744 1845 diutius
1768 1817 1802 1843 ab
1821 1815 1884 1843 ovili

1095 1874 1194 1904 Christi
1207 1872 1304 1904 absint,
1318 1874 1345 1898 et
1358 1873 1432 1897 extra
1444 1867 1546 1895 caulam
1558 1866 1626 1892 hanc
1635 1863 1798 1899 spiritualem
1806 1862 1886 1889 aber—

1096 1925 1156 1949 rent
1173 1928 1180 1947 :
1194 1918 1301 1946 nomine
1315 1915 1422 1951 quidem
1439 1917 1466 1941 et
1484 1910 1665 1947 appellatione
1687 1908 1763 1936 nobis
1783 1906 1886 1942 juncti,

1096 1974 1190 1995 revera
1203 1969 1292 1993 autem
1304 1964 1409 1992 ,10111005
1419 1965 1561 1993 sectantes,
1570 1959 1615 1994 qui
1626 1957 1716 1985 adhuc
1729 1956 1831 1984 umbra:
1842 1961 1886 1981 as-

1098 2013 1195 2045 sident,
1209 2011 1378 2044 lacerumque
1397 2007 1494 2035 addicti
1517 2009 1590 2038 sunt,
1605 2008 1745 2039 postquam
1758 2000 1888 2035 501111511-

1099 2059 1142 2086 tia:
1157 2056 1262 2089 illuxit;
1277 2054 1410 2082 interdum
1425 2052 1504 2081 etiam
1516 2050 1632 2078 nondum
1648 2048 1765 2075 initiatos
1775 2047 1826 2081 (a),
1842 2045 1887 2079 qui

1100 2105 1126 2132 in
1147 2107 1218 2131 centu
1240 2101 1369 2132 aderant,
1384 2097 1482 2126 hortati
1501 2103 1595 2124 sumus
1607 2115 1615 2128 ,
1635 2098 1664 2122 ut
1675 2093 1709 2121 ad
1723 2091 1889 2126 spiritualem

1100 2149 1268 2177 vocationem
1301 2147 1457 2175 accurrant,
1482 2147 1649 2174 excussoque
1674 2137 1748 2165 omni
1779 2135 1891 2171 ignavia:

1101 2203 1205 2228 somno,
1221 2193 1333 2222 ferventi
1347 2190 1490 2223 desiderio,
1503 2194 1530 2216 et
1544 2187 1644 2223 ingenti
1664 2185 1800 2213 alacritate
1814 2190 1892 2219 para-

1101 2249 1144 2270 tos
1164 2249 1193 2269 se
1213 2240 1245 2268 ad
1263 2237 1431 2273 suscipienda
1454 2235 1527 2271 regia
1551 2239 1664 2261 munera
1689 2233 1837 2266 “restent,
1864 2232 1891 2256 et

1101 2290 1244 2323 properent
1257 2285 1290 2312 ad
1301 2291 1361 2312 eum
1371 2283 1416 2319 qui
1427 2281 1610 2309 remissionem
1621 2278 1703 2305 donat
1712 2279 1892 2311 peccatorum,

1102 2339 1129 2362 et
1139 2332 1284 2361 liberaliter
1297 2331 1435 2359 innumera
1449 2328 1518 2355 bona
1539 2324 1700 2360 suppeditat.
1718 2323 1808 2356 Itaque
1819 2324 1893 2355 post.

1102 2387 1181 2415 quam
1196 2385 1289 2406 eorum
1303 2376 1349 2411 qui
1361 2375 1432 2403 circa
1446 2372 1555 2401 l’aselne
1565 2371 1660 2398 festum
1675 2367 1814 2399 errabant,
1833 2365 1892 2400 qui-

1102 2412 1154 2461 que
1165 2432 1212 2459 per
1222 2425 1290 2450 hanc
1302 2421 1415 2452 minimi,
1429 2423 1459 2447 ut
1473 2418 1617 2454 putabant,
1632 2412 1760 2442 momenti
1770 2412 1895 2439 observa-

1104 2460 1215 2502 tionem,
1229 2475 1353 2504 magnum
1364 2466 1414 2494 sibi
1426 2465 1554 2492 damnum
1568 2460 1729 2492 inferebant,
1744 2464 1893 2492 congruen-

1105 2520 1158 2543 tem
1181 2500 1425 2548 curamvgessimus
1448 2509 1497 2545 (b),
1521 2507 1619 2535 idoneo
1640 2503 1761 2532 adhibito
1792 2500 1896 2528 vulneri

1104 2561 1311 2591 medicamento,
1325 2562 1353 2585 et
1378 2564 1432 2583 non
1451 2553 1561 2582 initiatis
1572 2559 1604 2579 ea
1630 2551 1664 2577 de
1687 2557 1716 2576 re
1736 2548 1897 2583 probecom-

1106 2606 1231 2639 monitis,
1259 2590 1342 2631 restat
1361 2606 1389 2629 ut
1409 2599 1533 2628 omnibus
1559 2595 1635 2624 vobis
1658 2593 1738 2622 hodie
1759 2590 1897 2628 spirituale

1139 2696 1146 2710 ι
1166 2698 1223 2724 neg.
1236 2687 1461 2724 111111510111111011115,
1474 2693 1527 2724 p_r0,
1539 2687 1637 2721 metra.

1138 2711 1603 2756 (“iniit-aulaiiitvdr'demcaiechu'menis
1620 2713 1796 2756 quos'ipitiarc
1813 2716 1838 2756 elt
1859 2711 1899 2736 ha.

1386 2751 1390 2756 ι
1467 2749 1493 2756 ἠν
1504 2755 1509 2756 γ
1534 2753 1585 2756 κλμμ
1599 2750 1648 2756 Α-,ιι
1694 2746 1708 2756 ξι
1721 2750 1733 2756 ιι
1757 2750 1782 2756 Λι-
1797 2750 1824 2756 nn
1834 2747 1899 2756 IAIL‘L‘IE

1108 2743 1520 2788 pthisic-Iexepiiteﬁuadi'agesima,
1534 2753 1587 2772 mos
1597 2743 1659 2771 erat.
1671 2744 1734 2770 Vide
1756 2743 1900 2768 catecbeses

1108 2781 1125 2813 1.
1139 2787 1162 2814 :2,
1176 2789 1201 2810 et
1211 2788 1227 2808 t.
1242 2784 1270 2808 15
1281 2783 1313 2807 de
1325 2781 1513 2814 catechumenis.

1140 2805 1372 2848 (-li)"cbrvsostotiius
1382 2805 1445 2837 circa
1455 2810 1520 2835 diem
1531 2808 1626 2840 paschae
1636 2806 1789 2833 conciouatus
1803 2805 1866 2828 erat.
