2060 3122
200 105 235 134 9ο
492 78 497 84 Α
572 104 600 134 S.
622 105 763 136 JOANNIS
779 106 1014 136 CHRYSOSTOSH
1036 108 1192 139 ARCIIIEP.
1214 113 1479 146 CONSTANTINOI".

200 164 306 194 paretur
322 158 484 187 convivium.
499 159 565 188 Nam
586 163 811 196 quemadmodum
835 164 858 191 si
882 163 992 192 fratrum

200 209 352 232 nostrorum
373 206 494 240 neglecta
515 214 597 241 cura,
624 209 855 245 prattermissaque
887 209 991 238 illorum

197 250 392 283 admonitione,
407 256 503 286 empta:
521 253 600 280 seriei
617 253 761 287 luerentes,
777 255 902 290 ipsosque
915 256 991 284 inﬁr-

198 299 301 322 mantes
316 297 581 332 contempsissemus,
606 298 666 333 jure
692 299 822 334 quispiam
839 308 887 328 nos
901 309 991 336 repre—

197 340 343 374 hendisset,
357 346 451 377 utpote
462 348 640 378 opportunum
652 349 757 379 tempus
779 351 990 380 prtetercurren‘

197 391 237 413 tes
250 395 256 413 :
272 387 307 414 ita
321 395 401 420 nunc,
417 389 478 423 quia
489 389 555 416 nihil
571 390 778 424 prartermissum
793 395 844 425 est,
862 397 989 426 quantum

196 437 295 460 nostra:
306 433 375 461 vires
385 435 484 466 sinunt,
497 435 544 462 sed
555 436 665 464 verbum
672 436 799 465 doctrinae
808 438 988 471 adhibuimus,

196 479 335 512 pecuniam
357 480 605 515 dinumeravimus,
631 482 786 517 seminaque
806 483 916 510 interra
938 483 988 511 hac

194 524 326 558 spirituali
355 525 486 559 jecimus,
501 531 707 554 consentaneum
722 532 773 561 est,
795 533 822 555 ut
842 528 937 556 iterum
961 529 986 556 in

195 569 309 596 medium
321 570 476 604 aderantur,
490 580 549 607 qua:
562 580 595 600 ex
610 574 688 601 beato
698 574 771 601 lliose
784 580 846 602 sunt
857 575 925 603 lecta
935 595 943 609 ,
958 581 987 604 ut

193 615 279 642 fructu
307 616 369 644 inde
388 617 501 645 collecto
513 639 521 652 ,
533 618 641 646 domum
656 620 744 647 redire
758 620 844 647 liceat.
857 620 985 654 Quaenam

194 661 272 693 Igitur
295 655 353 689 lucc
371 662 436 695 sint,
464 664 613 691 audiamus.
629 665 656 692 4.
677 664 728 692 llic
751 670 786 692 est
802 666 871 699 tiber,
888 667 982 702 inquit,

192 706 360 738 generationis
371 707 426 734 ειειί
436 713 459 735 et
472 713 545 736 terrea
555 709 657 744 quando
669 712 737 745 facta
746 716 804 738 sunt
815 719 825 738 :
834 720 883 746 quo
896 713 937 740 die
946 713 984 747 [e-

191 750 225 775 rit
237 749 305 777 Deus
319 751 408 778 uelum
422 757 445 779 et
459 757 562 786 terram,
576 754 602 781 5.
618 759 641 781 et
656 763 729 782 omne
743 756 879 791 virgultum
900 758 957 793 agri
972 779 980 792 ,

189 799 322 829 antequam
334 797 442 824 oriretur
452 806 528 833 super
537 804 639 833 terram,
651 808 797 836 onmemque
805 802 907 830 herbam
915 804 979 839 agri,

188 841 338 875 priusquam
350 843 468 870 oriretur.
483 843 545 871 Non
559 845 625 871 enim
639 846 738 879 pluerat
754 846 822 874 Deus
841 856 918 883 super
931 853 981 876 ter-

189 894 256 919 ram,
271 892 294 914 et
306 887 380 915 homo
400 897 449 915 non
465 894 518 916 erat
530 891 573 925 qui
589 891 681 918 coleret
695 897 797 919 terram.
811 893 837 920 6.
851 893 920 921 Fons
933 903 980 921 au-

185 936 233 957 tem
247 933 395 960 ascendebat
411 934 443 961 de
458 940 533 968 terra,
548 941 571 963 et
596 937 717 972 irrigabat
729 939 871 966 uniuersam
884 941 976 976 [aciem

184 980 257 1003 teme
274 977 349 1012 (Gen.
363 978 401 1014 2).
416 979 559 1008 Considera
575 982 639 1008 mihi
665 990 768 1016 rursus,
781 984 905 1017 obsecro,
927 986 975 1013 ad-

184 1022 312 1050 mirabilis
326 1023 404 1058 hujus
420 1025 555 1059 proplieta:
566 1027 735 1062 sapientiam,
749 1029 802 1056 imo
812 1031 896 1058 sancti
914 1030 975 1066 Spi-

182 1068 248 1095 ritus
273 1068 432 1097 doctrinam.
462 1070 527 1098 Nam
547 1078 685 1108 postquam
711 1075 788 1103 nobis
811 1083 860 1110 per
883 1083 975 1112 partes

181 1115 315 1141 enarravit
329 1120 465 1143 creaturas
480 1124 584 1151 omnes,
601 1123 628 1146 et
643 1127 690 1146 sex
712 1120 814 1148 dierum
828 1127 974 1157 pertracta-

181 1160 219 1187 vit
237 1168 329 1195 opera,
354 1167 381 1190 et
401 1163 586 1192 formationem
607 1165 740 1200 hominis,
765 1173 975 1205 potestatemque

181 1206 323 1235 visibilium
335 1209 454 1236 omnium
468 1210 505 1237 illi
519 1218 687 1245 concessam,
702 1220 772 1241 nunc
789 1214 884 1242 iterum
898 1223 974 1243 sum-

181 1252 272 1279 matim
297 1253 386 1281 omnia
401 1259 536 1289 repetens,
551 1256 636 1291 inquit
650 1265 657 1284 :
673 1257 723 1284 Hic
743 1263 779 1285 est
792 1260 854 1287 liber
867 1269 973 1296 genera-

178 1298 255 1324 tionis
266 1298 321 1325 ea'li
333 1304 357 1326 et
371 1304 451 1332 term,
464 1302 566 1336 quando
579 1304 647 1337 facta
658 1308 725 1331 sunt.
742 1305 837 1339 Opera:
858 1307 970 1340 pretium

178 1342 222 1370 hic
235 1344 313 1371 fuerit
326 1345 469 1380 inquirere,
484 1354 566 1382 quare
581 1347 718 1383 Scriptura
732 1349 828 1378 librum
842 1350 912 1379 hunc
921 1360 969 1379 vo-

178 1390 279 1416 caverit
289 1390 346 1417 cmli
360 1395 389 1418 et
403 1395 490 1424 terrae,
506 1394 626 1427 quamvis
639 1394 721 1422 multa
734 1395 783 1422 alia
799 1396 825 1423 in
839 1404 868 1425 se
881 1398 968 1425 conti-

175 1439 253 1469 neat,
267 1440 294 1463 et
304 1436 398 1464 doceat
411 1445 460 1465 nos
471 1439 521 1465 alia
534 1439 659 1474 plurima,
681 1448 780 1476 nempe
792 1441 826 1469 de
833 1442 966 1477 justorum

174 1481 316 1509 virtutibus
334 1487 459 1516 tractans,
474 1484 508 1512 de
522 1484 684 1519 benignitate
700 1486 756 1519 Dei,
771 1487 859 1522 deque
880 1488 968 1516 indul-

172 1526 271 1559 gentia,
286 1534 364 1561 quam
375 1535 438 1562 erga
450 1528 562 1562 primum
569 1534 687 1557 creatum
701 1531 835 1560 hominem
846 1538 873 1560 et
886 1542 965 1562 omne

175 1571 318 1599 humanum
331 1568 415 1607 genus
429 1575 552 1602 exhibuit
575 1581 622 1604 :et
634 1576 668 1604 de
692 1578 751 1605 aliis
771 1580 877 1613 multis,
905 1589 964 1616 qua:

173 1616 251 1650 hujus
266 1618 395 1652 temporis
409 1627 461 1646 non
483 1619 563 1648 fuerit
576 1621 722 1650 declarare.
739 1623 778 1652 Ne
793 1625 907 1660 mireris,
921 1627 963 1654 di-

171 1663 256 1690 lecte:
268 1671 325 1691 mos
339 1665 411 1692 enim
425 1666 468 1694 hic
480 1671 520 1694 est
532 1675 615 1695 sacra:
629 1669 783 1705 Scriptum,
798 1676 826 1698 ut
836 1680 888 1700 non
903 1673 962 1700 ubi-

169 1716 221 1743 que
245 1710 333 1737 omnia
358 1712 534 1746 particulatim
562 1721 684 1749 enarret;
701 1716 748 1744 sed
761 1724 821 1745 cum
846 1727 962 1755 ea,qu:e

169 1753 282 1788 plurima
294 1757 517 1791 complectuntur,
527 1758 618 1788 dicere
631 1762 753 1796 coeperit,
768 1764 960 1793 consideranda

172 1799 305 1835 relinquat
318 1802 454 1836 sequentia
479 1803 522 1837 iis,
545 1805 589 1839 qui
603 1806 730 1835 studiosis
753 1809 862 1837 auribus
882 1812 959 1839 exci-

169 1844 244 1877 piunt
256 1852 287 1872 ea
307 1854 366 1880 qua:
380 1847 512 1876 dicuntur.
526 1850 557 1877 Et
573 1856 600 1878 ut
613 1851 701 1879 discas
713 1861 768 1881 rem
783 1854 818 1882 ita
840 1863 899 1884 esse
911 1877 919 1891 ,
932 1857 958 1885 id

166 1891 253 1924 palam
264 1891 359 1920 faciam
372 1901 404 1921 ex
420 1894 462 1922 his
476 1903 536 1930 quae
550 1904 619 1924 nunc
635 1903 698 1926 sunt
712 1900 789 1928 lecta.
804 1902 872 1930 Ecce
885 1904 957 1932 enim

166 1935 193 1961 in
207 1937 401 1971 superioribus,
419 1944 559 1976 postquam
582 1950 633 1970 nos
643 1943 731 1972 divina
742 1945 878 1982 Scriptura
900 1948 956 1976 for-

164 1982 309 2009 mationem
324 1985 442 2012 omnium
458 1986 608 2014 minutatim
621 1988 722 2023 docuit,
740 1998 811 2019 nunc
830 2000 883 2020 non
898 2001 956 2021 om-

164 2027 237 2054 nium
253 2029 383 2064 meminit,
400 2031 447 2058 sed
463 2031 564 2067 inquit:
579 2033 628 2061 llic
651 2039 688 2062 est
705 2036 768 2063 liber
788 2040 955 2073 generationis

162 2073 218 2099 αιἸί
228 2078 251 2100 et
266 2078 339 2101 teme
349 2095 356 2108 ,
379 2077 480 2111 quando
493 2078 561 2112 facta
583 2085 641 2107 sunt
657 2088 665 2107 :
678 2090 727 2116 quo
742 2082 783 2110 die
806 2084 866 2118 fecit
887 2085 955 2113 Deus

163 2117 253 2145 (telum
264 2124 286 2145 et
300 2124 402 2153 terram,
415 2125 442 2148 et
454 2128 559 2151 caetera.

199 2162 226 2188 2.
242 2163 337 2191 Viden‘
350 2167 485 2200 quomodo
499 2173 585 2196 totum
601 2177 752 2200 sermonem
771 2173 805 2201 ad
818 2175 912 2202 cretum
926 2181 953 2204 et

162 2211 260 2235 terram
277 2211 420 2244 convertit,
432 2219 465 2238 ex
479 2212 530 2240 illis
543 2214 594 2241 alia
610 2217 698 2244 omnia
712 2218 789 2247 nobis
803 2222 951 2249 contuenda

162 2253 338 2288 relinquens?
352 2255 418 2284 Cum
433 2265 497 2293 ergo
511 2259 576 2287 dicit
587 2261 680 2289 caelum
695 2268 722 2290 et
737 2269 844 2299 terram,
857 2275 951 2296 omnes

162 2303 298 2327 creaturas
312 2300 392 2328 simul
405 2304 617 2339 comprehendit,
632 2311 684 2335 tam
695 2316 741 2336 eas
751 2318 810 2345 qua:
824 2312 848 2339 in
863 2313 930 2341 caelo
941 2335 949 2347 ,

159 2351 239 2377 quam
251 2352 310 2380 qua:
324 2346 350 2373 in
368 2352 447 2375 terra.
474 2349 549 2377 Sicut
562 2351 639 2386 igitur
652 2353 678 2380 in
693 2357 861 2385 enarratione
873 2366 949 2387 crea-

160 2393 278 2417 turarum
290 2399 342 2419 non
354 2394 443 2420 omnia
454 2394 580 2430 deinceps
591 2397 665 2431 dicit,
676 2400 723 2427 sed
742 2402 858 2430 maxime
867 2412 949 2438 gene-

158 2435 223 2462 ralia
239 2441 338 2464 tantum
366 2446 572 2475 commemorat,
598 2451 647 2471 nec
667 2446 800 2481 sigillatim
817 2457 924 2479 enarrat
941 2463 947 2480 :

158 2481 192 2507 ita
205 2485 232 2508 et
242 2482 337 2510 librum
352 2488 447 2519 totum,
459 2487 509 2514 etsi
524 2489 606 2516 multa
620 2490 669 2517 alia
681 2493 826 2528 contineat,
848 2495 946 2524 librum

155 2530 334 2560 generationis
353 2532 411 2558 caeli
424 2537 448 2559 et
465 2537 543 2562 teme
551 2536 701 2571 appellavit,
717 2540 792 2568 nobis
805 2549 836 2569 ex
851 2542 946 2571 horum

155 2577 408 2605 commemoratione
429 2580 499 2613 quod
525 2582 654 2617 reliquum
677 2590 717 2612 est
738 2589 944 2622 computandum

160 2619 324 2654 relinquens,
339 2629 450 2651 necesse
464 2632 523 2653 esse
542 2629 630 2655 omnia
645 2629 672 2656 in
687 2630 737 2659 hoc
752 2631 818 2660 libro
832 2634 945 2662 visibilia

156 2665 298 2698 contineri,
314 2670 366 2693 tam
386 2675 416 2695 ea
429 2676 488 2703 qum
508 2671 534 2698 in
549 2673 626 2707 caelo,
641 2682 718 2709 quam
733 2685 793 2711 qum
816 2678 841 2706 in
863 2683 942 2706 terra.

157 2710 214 2742 Quo
235 2710 285 2742 die,
299 2711 390 2746 inquit,
403 2713 461 2748 fecit
472 2716 540 2744 Deus
554 2720 644 2746 sartum
654 2726 677 2747 et
693 2710 783 2749 terram
795 2744 802 2756 ,
826 2729 849 2750 et
872 2733 945 2753 autne

154 2754 287 2788 virgultum
301 2757 365 2791 agri,
379 2764 512 2794 antequam
527 2764 596 2797 ﬁeret
609 2773 684 2800 super
698 2771 798 2802 terram,
813 2775 834 2796 et
846 2779 944 2799 omnem

154 2799 254 2828 herbam
275 2803 348 2838 agri,
363 2810 497 2842 antequam
522 2809 638 2838 oriretur.
665 2811 725 2840 Non
757 2815 822 2841 enim
845 2817 943 2851 pluerat

1789 126 1839 154 ιοο

1051 164 1120 194 Deus
1134 176 1210 203 super
1223 175 1324 205 terram,
1339 182 1417 208 neque
1429 176 1503 203 homo
1515 182 1569 204 erat
1591 179 1634 213 qui
1652 181 1744 209 coleret
1755 182 1836 212 illaut.

1046 211 1100 239 Sed
1110 215 1167 248 fons
1180 217 1329 245 ascendebat
1341 228 1354 246 e
1368 225 1444 254 terra,
1457 227 1480 248 et
1494 223 1617 258 irrigalzat
1636 227 1777 254 uniuersam
1792 231 1834 263 [a-

1045 258 1107 284 ciem
1122 263 1206 287 terra»
1218 260 1332 291 Grandis
1355 265 1495 294 thesaurus
1511 268 1536 295 in
1552 271 1671 304 pauculis
1683 273 1770 301 verbis
1784 275 1836 303 illis

1044 304 1197 333 reconditus
1210 312 1251 335 est
1263 317 1269 335 :
1283 309 1352 337 unde
1361 318 1455 346 magna
1469 314 1618 349 prudentia,
1629 325 1688 350 qua:
1700 318 1834 354 dicuntur,

1041 349 1151 384 juvaute
1174 359 1223 380 nos
1251 354 1298 382 Dei
1309 357 1393 390 gratia
1408 379 1416 390 ,
1431 360 1554 395 congruit
1576 349 1719 397 explicare,
1733 374 1835 402 vosque

1042 396 1218 429 spiritualium
1231 400 1323 428 harum
1334 402 1487 432 divitiarum
1503 413 1642 441 consortes
1655 410 1753 440 facere.
1774 413 1833 449 Spi-

1042 441 1107 468 ritus
1120 443 1191 470 cnim
1205 450 1312 475 sanctus
1322 447 1469 478 futurorum
1483 453 1620 487 praescius,
1637 460 1665 482 ut
1680 457 1744 484 nulli
1758 441 1832 492 post-

1041 484 1091 513 hac
1117 489 1297 524 contendere,
1321 497 1348 520 et
1370 484 1558 526 ecclesiasticis
1587 484 1774 536 dogmatibus:
1797 512 1830 532 ex

1039 531 1156 566 propriis
1176 535 1323 565 ratiociniis
1333 558 1341 570 ,
1352 539 1463 568 adversa
1479 541 1574 571 divinis
1588 544 1732 580 Scripturis
1745 548 1831 576 immi-

1038 578 1208 614 scereliceat,
1220 581 1300 609 etiam
1312 590 1382 611 nunc
1394 585 1491 619 denuo,
1502 593 1640 624 postquam
1647 597 1828 622 creaturarum

1037 622 1159 651 ordinem
1179 625 1289 661 docuit,
1314 633 1342 656 et
1367 631 1430 665 quid
1447 622 1578 668 primum,
1604 637 1667 671 quid
1682 640 1828 668 secundant

1038 668 1193 701 productum
1204 672 1247 705 sit,
1264 678 1289 701 et
1305 675 1376 709 quod
1391 678 1492 705 semina
1504 686 1550 707 sua
1564 681 1643 709 tellus
1655 683 1737 711 verbo
1752 693 1828 712 man-

1035 713 1151 750 datoque
1167 717 1271 746 Domini
1293 721 1447 751 ministrans
1472 725 1596 760 ediderit,
1618 735 1650 756 ac
1664 730 1826 764 producendi

1035 761 1088 788 vim
1103 764 1246 798 acet-perit,
1261 773 1321 794 cum
1337 775 1424 803 neque
1437 771 1502 798 solis
1514 775 1702 808 cooperatione
1712 782 1802 812 egeret
1816 799 1824 812 ,

1033 807 1079 841 qui
1094 809 1211 838 nondum
1225 817 1282 839 erat
1293 833 1301 845 ,
1318 821 1406 849 neque
1420 807 1570 850 pluviaran
1592 807 1758 856 huniiditate,
1776 832 1825 851 ne—

1033 861 1085 888 que
1097 853 1213 884 hominis
1224 859 1327 886 cultura
1340 868 1347 893 ;
1362 869 1423 888 nam
1438 867 1466 889 et
1478 863 1524 892 ille
1537 866 1653 894 nondum
1668 868 1693 895 in
1708 869 1823 898 medium

1032 899 1185 933 prodierat:
1200 902 1260 930 ideo
1273 904 1368 933 iterum
1380 909 1476 942 repetit
1489 911 1665 944 particulatim
1680 915 1779 949 omnia,
1795 922 1823 943 nt

1032 944 1169 974 indomita:
1191 948 1360 983 impudenter
1377 952 1563 983 blaterantium
1590 957 1688 993 lingute
1713 967 1822 996 compe-

1030 996 1149 1019 scantur.
1159 992 1227 1026 Quid
1243 996 1313 1022 enim
1327 996 1385 1024 ait?
1403 998 1451 1026 Die
1462 1008 1511 1035 quo
1524 1002 1582 1036 fecit
1606 992 1674 1031 Deus
1687 992 1781 1033 ett-lunt.
1797 1014 1822 1034 et

1030 1041 1132 1071 terram,
1146 1044 1169 1066 et
1184 1048 1257 1067 omne
1270 1042 1404 1077 virgultum
1417 1045 1483 1080 agri,
1501 1047 1646 1083 priusquam
1666 1051 1736 1084 ﬁeret
1745 1060 1821 1087 super

1029 1086 1136 1116 terram,
1158 1093 1304 1121 omnemque
1318 1088 1420 1115 herbam
1435 1091 1508 1124 agri,
1533 1093 1678 1128 priusquam
1700 1097 1816 1125 oriretur.

1028 1126 1088 1154 Non
1101 1128 1168 1156 enim
1190 1130 1290 1164 pluerat
1305 1131 1373 1160 Deus
1385 1142 1461 1169 super
1474 1126 1568 1164 terram
1577 1159 1585 1172 ,
1613 1147 1658 1166 nec
1670 1146 1721 1167 erat
1744 1142 1818 1170 Inoino

1028 1173 1070 1206 qui
1085 1175 1176 1202 toleret
1188 1176 1270 1204 illam.
1285 1177 1357 1206 Fons
1370 1185 1453 1208 autent
1465 1183 1614 1212 ascendebat
1637 1186 1669 1213 de
1689 1192 1766 1221 terra,
1793 1195 1817 1216 et

1025 1219 1123 1254 rigabat
1144 1222 1286 1250 universam
1298 1226 1389 1259 facient
1408 1231 1489 1255 terrae.
1505 1229 1561 1257 Hoc
1576 1231 1631 1259 vult
1645 1233 1744 1268 dicere,
1757 1219 1815 1262 ser-

1024 1273 1103 1293 mone
1114 1272 1140 1294 et
1151 1275 1285 1304 praecepto
1310 1271 1392 1306 illius,
1403 1280 1462 1308 qua:
1476 1275 1548 1310 prius
1571 1284 1625 1305 non
1639 1284 1730 1313 erant,
1751 1288 1814 1315 pro.

1022 1310 1101 1338 ducta
1116 1312 1210 1347 luisse,
1221 1320 1249 1342 et
1271 1324 1330 1351 qua:
1344 1325 1396 1345 non
1418 1320 1592 1355 exsistebant,
1607 1324 1694 1352 subito
1705 1310 1812 1361 compa-

1022 1356 1116 1384 ruisse.
1134 1357 1222 1386 Hcrba
1246 1366 1296 1394 est,
1313 1370 1373 1397 qua:
1385 1371 1418 1391 ex
1432 1370 1502 1392 term
1516 1368 1637 1400 provenit
1651 1378 1657 1395 :
1671 1369 1713 1397 hic
1725 1377 1813 1399 autem

1021 1401 1131 1431 herbam
1143 1404 1244 1440 dicens,
1259 1408 1359 1435 sentina
1376 1410 1463 1438 omnia
1476 1411 1547 1439 dicit.
1563 1413 1597 1440 Et
1608 1414 1642 1442 de
1657 1416 1751 1450 pluviis
1765 1417 1812 1445 do-

1019 1456 1083 1476 cens
1101 1458 1149 1478 nos
1167 1451 1261 1479 iterum
1281 1453 1369 1482 divina
1384 1456 1518 1491 Scriptura
1538 1459 1648 1487 subdit:
1665 1461 1725 1489 Non
1744 1465 1810 1490 enim

1018 1496 1116 1531 pluerat
1131 1496 1199 1525 Deus
1218 1507 1295 1534 suprr
1314 1506 1406 1528 terram
1420 1511 1430 1530 :
1445 1503 1495 1531 hoc
1509 1509 1560 1538 est,
1576 1507 1693 1535 nondum
1715 1509 1810 1543 pluria:

1017 1542 1131 1578 desuper
1143 1543 1292 1578 cadebant;
1305 1546 1454 1584 deindeque
1466 1551 1598 1584 ostendit,
1619 1561 1705 1589 neque
1717 1542 1807 1583 horni-

1016 1589 1056 1616 uis
1078 1590 1232 1624 operatione
1254 1592 1379 1621 habuisse
1391 1602 1458 1630 opus
1474 1605 1480 1623 :
1497 1596 1556 1625 Non
1577 1599 1658 1633 cnim,
1681 1601 1734 1634 ait,
1754 1609 1808 1630 erat

1015 1635 1089 1662 homo
1102 1638 1144 1672 qui
1156 1644 1303 1672 operaretur
1324 1645 1416 1668 terram
1431 1643 1527 1678 :quasi
1539 1645 1658 1674 clamans
1670 1651 1697 1674 et
1715 1648 1807 1677 dicens

1015 1681 1128 1715 posteris
1145 1683 1287 1712 omnibus:
1309 1685 1406 1714 Audite
1420 1687 1489 1721 lucc,
1509 1693 1536 1717 et
1548 1689 1658 1724 discite,
1673 1694 1808 1727 quomodo

1013 1728 1046 1754 ab
1059 1727 1133 1756 initio
1147 1737 1241 1758 omnes
1252 1736 1329 1759 terra:
1351 1738 1495 1767 proventus
1507 1735 1561 1763 sint
1582 1737 1714 1771 producti,
1732 1743 1760 1766 et
1773 1748 1806 1768 ne

1013 1778 1109 1802 terram
1124 1775 1267 1804 colentium
1281 1777 1423 1814 diligentias
1435 1781 1524 1808 omnia
1538 1782 1654 1816 tribuite,
1666 1792 1752 1820 neque
1765 1786 1804 1813 eis

1012 1820 1061 1848 hos
1078 1821 1136 1856 ejus
1151 1827 1241 1857 partus
1260 1824 1404 1854 adscribite
1418 1835 1424 1854 :
1441 1827 1488 1855 sed
1502 1829 1585 1856 verbo
1605 1835 1632 1857 et
1650 1838 1803 1866 pratcepto,

1010 1868 1080 1902 quod
1095 1876 1109 1895 a
1124 1868 1267 1898 Conditore
1278 1879 1327 1899 suo
1341 1872 1374 1900 ad
1389 1881 1448 1901 eam
1463 1875 1594 1909 prolatum
1609 1882 1660 1904 est.
1680 1878 1740 1905 Ha-c
1753 1886 1802 1906 au-

1010 1918 1062 1941 tem
1083 1915 1171 1943 omnia
1192 1916 1267 1951 fiunt,
1283 1922 1312 1946 ut
1323 1919 1457 1948 discamus
1471 1925 1568 1950 terram
1583 1923 1617 1950 ad
1637 1924 1739 1952 edenda
1759 1933 1801 1954 sc-

1009 1961 1079 1988 ntina
1104 1969 1151 1989 sua
1175 1963 1286 1991 aliorum
1312 1965 1504 1996 elementorum
1533 1972 1722 2005 cooperalione
1747 1981 1799 2000 non

1007 2014 1102 2042 egere,
1118 2008 1164 2036 sed
1180 2010 1329 2039 Conditoris
1343 2013 1468 2041 mandato
1487 2019 1638 2043 contentam
1659 2017 1751 2046 fuisse.
1766 2018 1800 2046 Et

1006 2053 1076 2087 quod
1099 2055 1247 2083 mirandum
1262 2059 1478 2095 stupendumque
1492 2067 1544 2094 est,
1559 2063 1581 2089 is
1601 2064 1644 2098 qui
1660 2072 1729 2093 nunc
1743 2069 1797 2092 ter—

1007 2105 1063 2125 ram
1078 2099 1159 2127 verbo
1172 2100 1204 2127 ad
1216 2106 1254 2128 tot
1267 2103 1368 2130 semina
1382 2105 1549 2140 producenda
1562 2109 1696 2143 excitavit,
1711 2116 1737 2137 et
1750 2119 1797 2146 po-

1006 2147 1115 2172 tentiam
1136 2154 1211 2174 suam
1233 2147 1355 2177 humanm
1366 2151 1476 2179 rationis
1500 2161 1605 2189 captum
1628 2162 1795 2191 superantem

1004 2191 1132 2224 exhibuit,
1149 2193 1217 2221 hanc
1232 2195 1315 2230 ipsam
1331 2201 1382 2224 tam
1396 2205 1502 2232 gravem
1516 2205 1542 2228 et
1556 2205 1655 2229 tantum
1668 2204 1795 2231 mundum

1004 2244 1082 2270 supra
1096 2237 1203 2267 dorsum
1218 2248 1295 2268 suum
1319 2242 1448 2271 ferentem
1463 2253 1544 2281 super
1561 2255 1643 2282 aquas
1664 2249 1793 2284 fundavit,

1003 2283 1071 2310 sicut
1092 2290 1119 2312 et
1138 2286 1264 2321 propheta
1285 2288 1350 2316 dicit
1367 2299 1373 2316 :
1392 2290 1442 2324 Qui
1467 2293 1582 2327 fundauit
1605 2299 1697 2322 terram
1719 2283 1794 2332 super

1002 2337 1080 2362 aquas
1095 2330 1179 2366 (Psal.
1194 2333 1255 2360 155.
1267 2333 1304 2368 6).
1321 2335 1386 2367 Quae
1405 2336 1518 2365 humana
1533 2339 1599 2366 ratio
1611 2340 1644 2367 ad
1659 2341 1716 2369 lucc
1731 2330 1792 2377 per-

1003 2375 1104 2410 tingere
1124 2377 1225 2411 possit?
1236 2378 1302 2406 Nam
1317 2387 1377 2408 cum
1393 2381 1515 2411 homines
1533 2384 1629 2412 domus
1642 2386 1773 2415 aedificant
1784 2410 1791 2420 ,

1000 2425 1027 2447 et
1038 2420 1306 2457 fundamentajacere
1320 2426 1421 2460 volunt,
1435 2429 1511 2463 prius
1524 2429 1644 2464 fodiunt;
1659 2437 1686 2459 et
1699 2433 1742 2460 ubi
1758 2434 1791 2461 ad

1000 2465 1129 2498 profunda
1143 2470 1322 2504 pervenerint,
1336 2471 1358 2499 si
1371 2473 1412 2500 vel
1426 2481 1536 2515 parvpm
1558 2476 1695 2506 humorem
1716 2481 1790 2508 vide-

1000 2511 1065 2544 rint,
1079 2512 1144 2539 nihil
1162 2521 1214 2541 non
1227 2521 1306 2550 agunt
1323 2521 1351 2544 ut
1370 2521 1452 2546 totum
1475 2511 1561 2555 ipsum
1574 2523 1741 2559 exhauriant,
1764 2532 1791 2554 et

999 2556 1038 2583 sic
1061 2556 1230 2586 fundamenta
1254 2560 1342 2589 loceut
1362 2572 1369 2590 :
1395 2570 1534 2600 propterea
1556 2569 1674 2596 omnium
1697 2556 1789 2605 Opifex

998 2602 1086 2629 omnia
1100 2610 1177 2631 secus
1198 2612 1277 2640 quam
1292 2606 1413 2636 homines
1434 2610 1506 2645 facit,
1529 2617 1559 2640 ut
1576 2620 1609 2641 ex
1630 2614 1680 2642 hoc
1702 2616 1791 2645 discas

998 2647 1158 2677 ineffabilem
1172 2650 1231 2686 ejus
1244 2654 1400 2688 potentiam,
1416 2660 1453 2690 et,
1469 2658 1575 2692 quando
1588 2659 1643 2695 ipse
1658 2661 1787 2695 voluerit.

997 2693 1128 2722 elementa
1143 2696 1200 2724 haec
1214 2698 1291 2732 plane
1305 2702 1478 2736 contrarium,
1492 2711 1571 2738 quam
1597 2693 1697 2741 solent,
1723 2709 1782 2737 effe-

997 2744 1067 2765 ctum
1081 2747 1113 2767 ex
1127 2739 1277 2770 Conditoris
1289 2750 1421 2780 prteccpto
1434 2749 1583 2777 ostendere.

1033 2784 1167 2813 Elemeula
1183 2787 1236 2815 Deo
1251 2791 1353 2817 omnino
1372 2792 1471 2819 subdita
1490 2801 1566 2827 sinit;
1581 2804 1665 2824 servos
1678 2797 1727 2826 Dei
1747 2807 1786 2825 re-

999 2837 1125 2860 t'crctttur.
1135 2849 1169 2854 υ
1179 2835 1204 2863 5.
1223 2835 1254 2864 Et
1268 2841 1296 2866 ut
1309 2837 1334 2866 id
1348 2840 1418 2874 quod
1433 2840 1539 2877 dicitur,
1555 2843 1694 2873 dilucidius
1711 2846 1787 2874 vobis
