2060 3122
40 157 74 181 99
667 159 703 187 IN
721 160 798 189 CAP.
819 159 840 187 ll
858 159 981 188 GENES.
995 160 1112 188 "OMIL.
1137 161 1192 189 ΧΠ.

45 214 102 249 φῶν
118 214 176 242 τῶν
191 216 348 255 ἡμετέρων
367 219 416 255 τὴν
438 217 598 253 ἐπιμέλειαν
614 218 789 254 ποιήσασθαι,
807 219 832 244 εί
848 217 896 253 τὴν

48 256 117 293 πρὸς
132 259 263 293 ἐκείνους
279 262 444 298 παραίνεσιν
458 261 663 293 καταλιπόντες,
678 261 727 296 τῆς
738 260 899 293 ἀκολουθίας

51 302 187 337 ἐχόμενοι,
206 306 379 341 παρείδομεν
394 306 547 341 κάμνοντας
561 305 670 336 αὐτοὺς,
686 304 800 336 εἰκότως
812 305 844 331 ἄν
857 313 900 336 τις

53 347 120 381 ἡμῖν
135 347 279 383 μέμψαιτο
307 350 347 381 ὡς
371 349 416 376 τὸν
431 348 584 383 ἐπιτήδειον
599 348 693 383 καιρὸν
703 347 900 382 παραδραμοῦ-

56 398 116 417 σιν·
135 390 210 418 οὕτω
222 392 283 424 νῦν,
300 393 395 428 ἐπειδὴ
408 392 490 428 μηδὲν
506 391 720 427 παραλέλειπται
733 390 787 417 τῶν
802 392 841 422 εἰς
856 390 899 416 δύ-

55 442 142 469 ναμιν
157 435 311 472 ἡμετέραν,
325 437 392 464 ἀλλὰ
405 436 451 463 τὸν
465 436 515 472 τῆς
528 435 703 467 διδασκαλίας
713 435 791 469 λόγον
807 435 901 469 ἐποιη-

58 478 180 513 σάμεθα,
192 480 240 506 καὶ
251 479 284 506 τὺ
298 480 429 516 ἀργύριον
443 479 640 515 κατεϐάλομεν,
653 479 743 506 καὶτὰ
755 479 902 514 σπέρματα

57 524 92 557 τῇ
181 525 218 559 γῇ
230 523 318 560 ταύτῃ
327 526 360 560 τῇ
374 525 547 559 πνευματικῇ
564 522 821 559 παρακατεθέμεθα,
837 522 902 548 ἀκό-

58 566 158 593 λουθόν
174 568 234 594 ἐστι
245 568 326 594 πάλιν
340 569 373 595 τὰ
386 568 463 604 παρὰ
475 568 521 594 τοῦ
535 567 671 603 μακαρίου
687 566 826 598 Μωῦσέως
835 566 902 593 ἀνα-

59 609 230 649 γνωσθέντα
240 613 280 643 εἰς
293 611 374 646 μέσον
391 611 543 647 προθεῖναι,
558 611 600 637 ἵνα
615 610 645 637 τὸ
658 611 688 643 ἐξ
702 609 792 637 αὐτῶν
808 609 903 645 κέρδος

61 655 291 690 καρπωσάμενοι,
309 655 396 687 οὕτως
415 655 505 682 οἴκαδε
524 655 756 690 άναχωρήσωμεν.
774 654 842 680 Τίνα
856 651 903 680 οὖν

61 698 148 730 ἐστιν,
168 698 342 734 ἀκούσωμεν.
359 699 440 733 Αὕτη
458 699 477 732 ἡ
498 699 620 732 βίϐλος,
646 699 729 733 φησὶ,
758 697 904 732 γενέσεως

63 742 197 776 οἰερηνοῦ
211 751 244 770 τε
255 744 304 770 καί
320 743 387 778 γῆς,
403 744 451 770 ὅτε
464 743 596 778 ἐγένετο·
614 740 634 778 ᾗ
651 741 745 777 ἡμέρᾳ
760 742 904 774 ἐποίησεν

64 787 80 812 ό
104 787 179 820 Θεὸς
197 787 252 814 τὸν
265 788 397 821 οὐρανὸν
416 787 466 814 καί
479 787 538 821 τὴν
553 786 622 822 γῆν,
643 785 693 813 καί
712 784 773 813 πᾶν
786 785 904 820 χλωρὸν

64 830 169 863 ἀκοοῦ,
186 830 243 864 πρὸ
259 830 314 858 τοῦ
334 831 474 865 γενέσθαι
495 831 543 857 ἐπὶ
568 829 623 864 τῆς
645 829 712 865 γῆς,
738 829 786 856 καὶ
806 828 904 855 πάντα

64 875 177 908 χῴτον
188 874 292 909 ἀγροῦ,
308 875 365 909 πρὸ
381 875 433 902 τοῦ
453 874 615 902 ἀνατεῖλαε.
631 875 673 900 Οὐ
684 873 739 909 γὰρ
754 873 875 907 ἔϐρεξεν
888 874 904 900 ό

66 918 140 951 Θεὸς
154 918 206 944 έπί
223 918 281 952 τὴν
293 918 362 954 γῆν,
378 918 428 945 καί
439 918 594 953 ἄνθρωπος
611 918 667 946 οὐκ
678 916 718 953 ἦν
733 916 905 952 ἐργάζεσθαι

64 961 123 994 τὴν
134 961 205 996 γῆν.
218 962 304 997 Πηγὴ
314 961 348 989 δὲ
359 962 516 990 ἀνέϐαινεν
531 961 565 988 ἐκ
579 961 633 996 τῆς
649 961 714 997 γῆς,
732 960 780 988 καί
794 958 906 990 ὲπότιζε

65 1004 128 1031 πᾶν
144 1006 178 1032 τὸ
191 1007 354 1040 πρόσωπον
362 1006 417 1041 τῆς
424 1006 490 1041 γῆς.
506 1007 605 1033 Σκόπει
622 1015 667 1041 μοι
682 1006 762 1032 πάλιν
777 1004 824 1031 τοῦ
841 1004 908 1031 θαυ-

68 1049 173 1084 μαστοῦ
190 1049 287 1076 τούτου
303 1051 444 1085 προφήτου
468 1050 517 1085 τὴν
541 1049 658 1082 σύνεσιν,
684 1049 782 1084 μᾶλλον
806 1048 833 1074 δὲ
858 1046 905 1074 τοῦ

67 1091 146 1126 ἁγίου
161 1093 321 1128 Πνεύματος
333 1093 382 1128 τὴν
397 1092 580 1120 διδασκαλίαν.
593 1091 673 1119 Μετὰ
693 1091 748 1127 γὰρ
763 1091 793 1117 τὸ
811 1090 907 1126 διηγή-

68 1136 168 1163 σασθαι
183 1138 250 1173 ἡμῖν
267 1137 337 1164 κατὰ
360 1137 441 1173 μέρος
455 1137 489 1163 τὰ
510 1139 559 1173 τῆς
583 1137 764 1172 δημιουργίας
788 1135 906 1169 ἅπαντα,

68 1182 116 1207 καὶ
131 1180 167 1207 τὰ
182 1182 251 1216 ἔργα
262 1181 317 1208 τῶν
341 1181 371 1214 ἒξ
385 1181 497 1208 διελθεῖν
510 1188 522 1201 ι
536 1181 658 1216 ἡμερῶν,
675 1181 722 1208 καὶ
738 1180 786 1216 τὴν
799 1180 845 1206 τοῦ
861 1180 908 1206 ἀν-

69 1224 181 1259 θρώπου
196 1225 387 1260 δημιουργίαν,
404 1225 450 1251 καὶ
464 1225 512 1260 τὴν
524 1225 648 1258 ἐξουσίαν
664 1225 713 1260 τὴν
729 1223 909 1260 παρασχεθεῖ-

70 1277 119 1295 σιν
132 1268 211 1304 αὐτῷ
233 1269 343 1298 πάντων
357 1268 411 1296 τῶν
426 1268 583 1305 ὁρωμένων,
603 1268 650 1295 νῦν
666 1268 748 1295 πάλιν
772 1269 908 1302 ἀνακεφα-

69 1312 235 1347 λαιούμενος
245 1313 280 1340 τὰ
297 1313 398 1346 πάντα,
413 1313 510 1348 φησίν·
520 1313 599 1346 Αὕτη
611 1313 631 1346 ἠ
640 1312 750 1345 ,βίϐλος
764 1312 908 1347 γενέσεως

71 1357 205 1391 oiparoﬁ
219 1365 252 1384 τε
268 1357 317 1384 καὶ
333 1356 400 1392 γῆς,
417 1357 466 1384 ὅτε
479 1356 607 1391 ἐγένετο.
627 1357 719 1390 ’Ἄξιον
734 1356 851 1383 ἐνταῦθα
863 1355 912 1391 ζη-

70 1402 164 1436 τῆσαι,
182 1401 256 1433 τίνος
273 1402 368 1428 ἕνεκεν
385 1401 475 1436 βίϐλον
491 1401 575 1436 αὐτὴν
590 1400 668 1427 καλεί
687 1400 803 1436 οὐρανοῦ
817 1409 847 1426 τε
865 1400 912 1426 καὶ

71 1445 133 1478 γῆς,
153 1445 246 1471 καίτοι
263 1445 350 1472 πολλὰ
364 1445 445 1479 ἔτερα
468 1446 518 1480 τῆς
535 1443 627 1478 βίϐλου
647 1443 840 1479 περιεχούσης,
866 1443 913 1469 καὶ

71 1487 256 1524 διδασκούσης
270 1489 357 1524 ἡμᾶς,
371 1489 418 1516 καὶ
433 1489 497 1524 περὶ
514 1488 616 1524 ἐτέρων
633 1487 776 1518 πλειόνων,
794 1486 840 1514 καὶ
849 1487 914 1522 περὶ

71 1533 122 1566 τῆς
138 1531 195 1558 τῶν
208 1532 324 1559 δικαίων
338 1533 447 1568 ἀρετῆς,
466 1532 513 1558 καὶ
527 1531 590 1567 περὶ
609 1531 660 1565 τῆς
675 1530 722 1557 τοῦ
739 1529 806 1557 Θεοῦ
821 1529 914 1565 φιλαν-

73 1575 211 1611 θρωπίας,
234 1576 282 1602 καὶ
301 1576 353 1611 τῆς
368 1575 606 1610 συγκαταϐάσεως,
628 1575 662 1610 ἢν
679 1574 835 1607 ἐπεδείξατο
850 1574 915 1609 περί

74 1628 103 1646 τε
117 1620 164 1646 τὸν
184 1619 410 1656 πρωτόπλαστον,
424 1620 472 1646 καὶ¹
489 1619 554 1655 περὶ
568 1618 641 1646 άπαν
651 1618 684 1645 τὸ
696 1618 751 1645 τῶν
763 1617 915 1654 ἀνθρώπων

74 1664 164 1697 γένος,
184 1665 234 1690 καὶ
252 1664 317 1699 περὶ
331 1664 431 1700 ἐτέρων
445 1663 474 1690 δὲ
490 1662 606 1694 πολλῶν,
617 1662 690 1698 άπερ
705 1663 755 1689 οὐκ
768 1662 801 1689 ἃν
811 1663 853 1698 εἴη
865 1662 913 1689 τοῦ

76 1708 214 1742 παρόντος
235 1707 331 1743 καιροῦ
346 1703 528 1742 καταλέγειν.
548 1707 594 1743 Μὴ
618 1707 754 1742 ξενισθῇς,
771 1706 895 1741 άγαπητέ
906 1714 914 1722 ο

77 1752 139 1783 ἐθος
148 1752 205 1787 γὰρ
215 1751 296 1778 τοῦτο
304 1753 337 1788 τῇ
350 1752 411 1787 θείᾳ
427 1752 533 1787 Γραφῇ,
549 1751 587 1787 μὴ
599 1751 739 1786 πανταχοῦ
752 1750 823 1778 κατὰ
835 1750 918 1787 μέρος

77 1797 146 1831 ἡμῖν
161 1796 273 1823 ᾶπαντα
284 1795 449 1831 διηγεῖσθαι,
464 1796 521 1822 ἀλλ’
537 1795 591 1822 ἀπὸ
604 1794 659 1821 τῶν
678 1794 918 1821 συνεκτικωτάτων

77 1840 238 1875 ἀρχομένην
254 1838 472 1875 καταλιμπάνειν
488 1838 522 1865 τὰ
541 1838 604 1874 ἑξῆς
618 1839 730 1865 σκοπεῖν
745 1839 800 1869 τοῖς
814 1837 918 1872 εὐγνώ-

81 1892 161 1918 μοσιν
174 1885 272 1916 ἀκοαῖς
291 1883 447 1919 δεχομένοις
463 1883 497 1910 τὰ
515 1883 662 1918 λεγόμενα.
680 1883 735 1910 Καὶ
754 1882 797 1910 ἵνα
817 1883 917 1919 μάθῃς,

79 1928 122 1954 ὃτι
136 1927 218 1954 τοῦτο
234 1927 321 1960 οὓτως
331 1928 417 1959 ἐστὶν,
431 1927 461 1960 ἐξ
478 1926 567 1954 αὐτῶν
581 1926 636 1953 τῶν
646 1926 694 1953 νῦν
707 1927 920 1962 ἀνεγνωσμένων

80 1972 162 1998 τοῦτο
179 1972 260 2007 δῆλον
276 1972 340 2007 ὑμῖν
363 1971 523 2007 καθίστημι.
546 1971 611 1998 Ἰδοὺ
631 1971 686 2006 γὰρ
704 1972 733 1997 ἐν
747 1972 804 2002 τοῖς
821 1971 922 2006 προλα-

82 2015 162 2042 ϐοῦσι
186 2016 317 2048 διδάξασα
341 2016 415 2050 ἡμᾶς
436 2016 453 2051 ὴ
467 2015 527 2042 θεία
551 2014 647 2051 Γραφὴ
669 2014 718 2049 τὴν
744 2014 814 2041 κατὰ
839 2014 921 2049 μέρος

82 2060 215 2087 ἁπάντων
238 2059 429 2095 δημιουργίαν,
444 2059 492 2086 νῦν
516 2059 547 2086 οὐ
564 2060 672 2086 πάντων
690 2059 837 2094 μέμνηται,
855 2058 923 2085 ἀλλά

84 2113 169 2140 φησιν
178 2113 185 2119 ’
196 2105 277 2138 Αὕτη
293 2105 311 2138 ἠ
323 2104 434 2137 βίϐλος
447 2103 593 2139 γενέσεως
605 2103 734 2137 οὐρανοῦ
746 2112 777 2130 τε
788 2103 837 2130 καί
855 2102 921 2138 γῆς,

84 2148 134 2174 ὅτε
147 2147 281 2182 ἐγένετο·
295 2145 315 2184 ᾗ
327 2147 424 2182 ἡμέρᾳ
435 2148 581 2183 ἐποίησεν
597 2149 613 2175 ὀ
637 2147 708 2180 Θεὸς
724 2146 778 2174 τὸν
793 2147 924 2180 οὐρανὸν

84 2192 134 2219 καί
149 2191 208 2226 τὴν
223 2191 293 2226 γῆν,
314 2192 363 2218 καὶ
376 2191 412 2218 τὰ
427 2191 500 2226 ἐξῆς.

121 2236 154 2271 β’.
164 2236 246 2272 Ὀρᾷς
261 2235 319 2267 πῶς
334 2236 423 2262 πάντα
435 2235 480 2263 τὸν
489 2235 568 2269 λόγον
580 2234 619 2266 εἰς
632 2234 676 2261 τὸν
687 2234 800 2270 οὐρανὸν
813 2233 860 2261 καὶ
875 2233 924 2268 τὴν

85 2281 138 2315 γῆν
150 2281 340 2316 περιστρέφει,
350 2281 417 2315 ἡμῖν
429 2279 670 2314 καταλιμπάνουσα
680 2280 712 2306 ἐκ
723 2278 824 2305 τούτων
837 2278 924 2305 πάντα

84 2324 120 2350 τὰ
142 2323 214 2350 ἄλλα
233 2324 366 2356 συνιδεῖνς
386 2324 470 2350 Ὅταν
491 2323 544 2358 γὰρ
569 2323 634 2359 είπῃ
658 2322 772 2358 οὐρανὸν
793 2322 841 2348 καὶ
860 2321 924 2356 γῆν,

85 2368 179 2394 πάντα
192 2366 261 2402 όμοῦ
278 2366 426 2394 συνελοῦσα
438 2365 510 2399 εἶπε,
523 2366 558 2394 τά
571 2375 601 2393 τε
616 2368 645 2393 ἐν
651 2367 685 2402 τῇ
698 2367 745 2401 γῇ,
756 2365 791 2392 τά
804 2374 833 2392 τε
845 2366 873 2392 ἐν
887 2364 926 2400 τῷ

85 2411 206 2446 οὐρανῷ.
226 2411 334 2446 Ὠσπερ
350 2408 397 2437 οὖν
416 2410 462 2436 ἐπὶ
475 2411 525 2445 τῆς
536 2410 590 2436 τῶν
607 2410 855 2445 δημιουργημάτων
868 2409 926 2444 διη-

85 2456 198 2490 γήσεως
215 2455 246 2481 ού
261 2455 349 2481 πάντα
370 2453 487 2489 καθεξῆς
499 2454 583 2488 λέγει,
605 2453 672 2480 ἀλλὰ
688 2453 742 2480 τῶν
761 2461 926 2479 συνεκτικω-

85 2499 180 2525 τάτων
193 2497 417 2533 μνημονεύουσα,
430 2497 522 2524 οὐκέτι
536 2497 597 2524 καθ’
619 2498 648 2523 ἓν
664 2498 730 2532 ἡμῖν
745 2496 854 2524 ἅπαντα
867 2497 927 2531 διη-

86 2542 196 2576 γεῖται’
209 2541 282 2567 οὕτω
295 2541 343 2567 καὶ
356 2541 405 2576 τὴν
422 2541 512 2576 βίϐλον
528 2542 629 2573 πᾶσαν,
644 2541 668 2567 εί
684 2541 731 2568 καὶ
745 2540 829 2567 πολλὰ
846 2540 928 2576 ἕτερα

89 2585 229 2620 περιέχει,
260 2584 351 2620 βίϐλον
372 2585 505 2619 γενέσεως
523 2584 638 2620 οὐρανοῦ
654 2592 683 2610 τε
698 2584 745 2610 καὶ
755 2584 808 2619 γῆς
822 2584 930 2619 ὠνόμα-

89 2637 146 2659 σεν,
161 2630 230 2664 ἡμῖν
248 2628 496 2664 καταλιμπάνουσα
510 2628 604 2655 λοιπὸν
617 2628 661 2654 διὰ
673 2629 724 2664 τῆς
734 2629 837 2655 τούτων
859 2628 928 2663 μνή-

91 2681 145 2707 μης
153 2671 376 2706 ἀναλογίζεσθαι,
392 2673 432 2699 ὃτι
444 2672 533 2700 πάντα
547 2673 652 2708 ἀνάγκη
663 2673 691 2699 ἐν
701 2672 788 2709 ταύτῃ
799 2673 832 2708 τῇ
847 2672 930 2707 βίϐλῳ

90 2716 268 2751 περιέχεσθαι
284 2716 319 2742 τὰ
333 2715 470 2751 ὁρώμενα,
489 2717 523 2743 τά
537 2725 568 2743 τε
585 2718 614 2744 ἐν
628 2716 667 2752 τῷ
677 2716 795 2751 οὐρανῷ,
811 2717 847 2742 τά
859 2725 888 2742 τε
901 2717 930 2742 ἐν

90 2761 122 2795 τῇ
143 2761 191 2795 γῇ.
209 2756 252 2795 Τῌ
267 2759 374 2793 ἡμέρᾳ,
388 2759 480 2795 φησὶν,
496 2760 640 2794 ἐποίησεν
656 2762 672 2787 ὁ
691 2759 763 2792 Θεὸς
777 2760 830 2787 τὸν
841 2760 930 2793 οὐρα-

91 2805 146 2831 νὸν
165 2804 214 2830 καὶ
229 2804 290 2838 τὴν
305 2803 374 2838 γῆν,
389 2804 438 2832 καὶ
453 2803 514 2831 πᾶν
537 2804 654 2838 χλωρὸν
675 2803 778 2838 ἀγροῦ,
795 2804 852 2837 πρὸ
877 2803 931 2830 τοῦ

92 2847 231 2882 γενέσθαι
245 2848 296 2874 ἐπὶ
313 2847 368 2881 τῆς
382 2847 449 2882 γῆς,
460 2848 508 2874 καί
524 2847 623 2874 πάντα
636 2848 744 2882 χόρτον
756 2847 860 2882 ἀγροῦ,
875 2847 932 2881 πρὸ

92 2891 145 2918 τοῦ
157 2891 327 2919 ἀνατεῖλαι.
343 2893 384 2919 οὐ
403 2893 460 2926 γὰρ
473 2891 596 2925 ἔϐρεξεν
610 2893 626 2918 ό
645 2891 716 2924 Θεὸς
732 2891 780 2917 ἐπὶ
794 2890 851 2925 τὴν
863 2890 930 2925 γῆν,

94 2935 148 2971 [95]
161 2935 211 2963 καί
219 2935 379 2969 ἅνθρωπος
388 2935 444 2963 οὐκ
456 2934 496 2971 ἦν
509 2934 678 2971 ἐργάζεσθαι
692 2934 749 2970 τὴν
767 2934 833 2970 γῆν.
846 2935 930 2971 Πηγὴ

119 2991 132 3005 ¹
143 2990 228 3016 Codex
241 2996 308 3015 unus
319 2989 468 3016 διελθουσῶν.

1733 165 1786 194 τοο

950 217 985 244 δὲ
998 217 1156 246 ἀνέϐαινεν
1168 219 1202 246 ἐκ
1223 219 1278 253 τῆς
1298 219 1366 255 γῆς,
1387 221 1438 248 καί
1450 221 1562 253 ἐπότιζε
1574 223 1635 251 πᾶν
1648 225 1682 252 τὸ
1693 226 1785 259 πρόσ-

950 267 1034 303 ωπον
1046 260 1101 294 τῆς
1119 260 1184 303 γῆς.
1204 261 1292 293 Πολὺς
1304 263 1319 289 6
1339 263 1561 299 ἐγκεκρυμμένος
1578 265 1713 303 θησαυρδς
1729 268 1786 299 τοῖς

952 300 1064 344 βραχέσι
1079 302 1184 334 τούτοις
1199 303 1302 338 ῥήμασι
1313 313 1319 319 ι
1336 304 1376 330 διὸ
1395 306 1527 341 προσήκει
1546 307 1613 341 μετὰ
1627 300 1726 343 πολλῆς
1735 309 1785 344 τῆς

952 343 1094 385 συνέσεως,
1107 344 1159 371 ὑπὸ
1173 345 1224 379 τῆς
1234 345 1280 372 τοῦ
1294 345 1361 372 Θεοῦ
1378 346 1487 382 χάριτος
1503 348 1698 383 όδηγουμένους
1712 343 1785 385 ἡμᾶς

951 383 1103 418 ἀναπτύξαι
1135 386 1169 412 τὰ
1188 387 1330 422 εἰρημένα,
1358 388 1404 414 καὶ
1430 389 1574 420 κοινωνοὺς
1598 391 1669 424 ὑμᾶς
1694 383 1785 418 λαϐεῖν

951 424 998 451 τοῦ
1015 426 1130 453 πλούτου
1149 427 1243 454 τούτου
1256 428 1302 454 τοῦ
1316 429 1512 464 πνευματικοῦ.
1525 430 1561 456 Τὸ
1570 430 1622 465 γὰρ
1635 431 1747 466 Πνεῦμα
1756 432 1787 458 τὸ

953 466 1030 500 ἆγιον
1046 468 1079 494 τά
1102 468 1232 504 μέλλοντα
1253 470 1450 505 προγινῶσκον,
1467 472 1509 498 ἴνα
1524 472 1618 507 μηδενὶ
1638 472 1693 499 τῶν
1719 473 1788 508 μετὰ

951 507 1039 535 ταῦτα
1050 509 1096 545 ἐξῇ
1108 510 1281 544 φιλονεικεῖν,
1301 512 1350 538 καὶ
1360 513 1524 545 ἁπεναντίας
1534 515 1566 548 τῇ
1578 513 1638 549 θείᾳ
1648 514 1743 549 Γραφῇ
1754 513 1788 540 τά

952 549 1007 575 ἀπὸ
1017 550 1071 578 τῶν
1081 552 1189 579 οἰκείων
1197 553 1334 588 λογισμῶν
1348 555 1489 590 ἐπιφέρειν
1495 556 1551 586 τοῖς
1562 555 1611 589 τῆς
1625 555 1789 590 Ἐκκλησίας

953 590 1079 633 δόγμασι,
1097 593 1145 619 καί
1155 594 1202 621 νῦν
1215 595 1306 626 πάλιν,
1319 596 1387 630 μετὰ
1403 597 1432 622 τὸ
1446 597 1549 629 διδάξαι
1559 597 1613 623 τῶν
1621 597 1789 633 δημιουργη-

954 632 1053 660 θέντων
1064 634 1112 670 τὴν
1126 635 1211 668 τάξιν,
1222 637 1268 663 καὶ
1281 637 1308 664 τί
1324 638 1372 673 μὲν
1384 637 1490 674 πρῶτον
1500 639 1639 674 παρήχθη,
1653 639 1715 666 τίδὲ
1729 638 1790 665 δεύ-

954 682 1044 709 τερον,
1062 677 1109 702 καὶ
1123 677 1164 703 ὅτι
1180 677 1215 703 τὰ
1229 678 1284 704 ἀπὸ
1299 679 1349 714 τῆς
1365 679 1416 714 γῆς
1431 679 1577 716 σπέρματα
1593 680 1631 715 τῷ
1648 680 1719 714 λόγῳ
1742 680 1790 707 καὶ

954 717 992 752 τῷ
1007 718 1197 754 προστάγματι
1212 720 1420 757 ὑπηρετουμένη
1438 721 1485 748 τοῦ
1507 723 1642 750 Δεσπότου
1658 723 1790 755 ἐξέδωκεν

954 762 970 796 ή
992 762 1039 797 γῆ,
1062 762 1109 788 καὶ
1133 763 1201 799 πρὸς
1213 764 1262 796 τὰς
1280 765 1377 797 ὠδῖνας
1396 766 1536 802 διηγέρθη,
1558 767 1620 794 οὔτε
1644 767 1689 794 τοῦ
1714 767 1789 802 ἡλίου

956 803 1026 838 πρὸς
1049 803 1209 841 συνέργειαν
1231 806 1368 841 δεηθεῖσα,
1389 807 1460 842 (πῶς
1475 808 1528 843 γὰρ
1551 808 1598 835 τοῦ
1615 809 1729 844 μηδέπω
1748 809 1791 844 δη-

957 845 1168 886 μνιουργηθέντος
1180 847 1225 881 l1;)
1242 847 1302 874 οὔτε
1315 849 1365 882 τῆς
1381 849 1435 875 τῶν
1450 850 1535 876 ὑετῶν
1551 850 1713 886 ἐπομϐρίας,
1727 850 1790 877 οὔτε

956 885 1005 920 τῆς
1020 887 1067 912 τοῦ
1081 887 1225 922 ἀνθρώπου
1241 888 1373 924 ἐργασίας
1383 898 1389 905 ·
1408 891 1469 917 οὑδέ
1489 890 1544 926 γὰρ
1557 889 1633 923 οὗτος
1643 885 1682 927 γῆν
1702 900 1792 926 παρα-

956 927 1032 962 χθεὶς
1043 929 1081 959 εἰς
1097 929 1126 955 τὸ
1142 929 1224 964 μέσον
1233 938 1240 945 ·
1252 930 1297 957 διὰ
1312 931 1392 958 τοῦτο
1408 932 1491 958 πάλιν
1503 933 1574 959 κατὰ
1588 933 1670 968 μέρος
1683 933 1792 960 πάντων

959 970 1132 1005 μνημονεύει,
1146 972 1188 998 ἵνα
1199 972 1252 999 τῶν
1265 973 1453 1008 ἀναισχυντεῖν
1464 974 1674 1010 ἐπιχειρούντων
1685 975 1793 1001 ἐπιστο-

959 1010 1027 1048 μίσῃ
1042 1012 1093 1047 τὴν
1109 1013 1259 1041 ἀκόλαστον
1275 1014 1407 1049 γλῶτταν.
1422 1015 1455 1041 Τί
1465 1016 1519 1051 γάρ
1534 1024 1633 1051 (gmw;
1646 1013 1687 1051 ⁷ῌ
1699 1015 1798 1050 ἡμέρᾳ

957 1053 1103 1087 ἐποίησεν
1119 1057 1136 1082 ό
1153 1056 1225 1089 Θεὸς
1239 1056 1292 1083 τὸν
1305 1057 1436 1090 οὐρανὸν
1451 1058 1499 1084 καὶ
1514 1058 1571 1091 τὴν
1587 1057 1656 1092 γῆν,
1672 1057 1721 1084 καὶ
1732 1056 1794 1084 πᾶν

958 1095 1076 1129 χλωρὸν
1092 1096 1194 1130 ἀπροῦ,
1213 1098 1269 1130 πρὸ
1289 1098 1342 1125 τοῦ
1359 1099 1498 1132 γενέσθαι
1515 1099 1563 1126 ἐπὶ
1581 1099 1636 1134 τῆς
1654 1098 1721 1134 Τῆς,
1744 1098 1794 1125 καὶ

960 1136 1056 1162 πάντα
1079 1137 1189 1171 χόρτον
1205 1139 1308 1172 ἀγροῦ,
1327 1140 1382 1173 πρὸ
1412 1140 1465 1167 τοῦ
1488 1140 1652 1168 ἀνατεῖλαι.
1674 1141 1715 1167 Οὑ
1739 1139 1794 1175 γὰρ

959 1178 1081 1212 ἔϐρεξεν
1097 1181 1114 1207 ὁ
1124 1181 1195 1214 Θεὸς
1211 1181 1260 1208 ἐπὶ
1280 1181 1338 1215 τὴν
1356 1182 1426 1217 γῆν,
1443 1184 1491 1210 καὶ
1509 1183 1663 1217 ἄνθρωπος
1682 1184 1737 1210 οὐκ
1755 1181 1796 1216 ἦν

959 1219 1131 1255 ἐργάζεσθαι
1145 1222 1201 1257 τὴν
1213 1222 1282 1257 γῆν.
1298 1223 1382 1258 Πηγὴ
1394 1224 1428 1250 δὲ
1441 1224 1599 1251 ἀνέϐαινεν
1611 1224 1645 1250 ἐκ
1659 1223 1715 1258 τῆς
1728 1224 1796 1259 γῆς,

961 1262 1009 1289 καὶ
1020 1263 1100 1290 ἐπότι
1107 1262 1140 1293 ζε
1151 1263 1212 1291 πᾶν
1221 1264 1254 1291 τὸ
1262 1266 1424 1299 πρόσωπον
1437 1265 1493 1300 τῆς
1501 1265 1567 1300 γῆς.
1580 1265 1665 1292 Τοῦτο
1673 1265 1797 1300 βούλεται

961 1304 1059 1337 εἰπεῖν,
1074 1305 1115 1332 ὅτι
1126 1305 1165 1340 τῷ
1178 1305 1249 1342 λόγῳ
1261 1306 1343 1334 αὐτοῦ
1358 1308 1405 1334 καὶ
1414 1307 1453 1343 τῷ
1470 1308 1662 1344 προστάγματι
1677 1308 1710 1334 τὰ
1728 1307 1797 1342 πρὸ·

961 1352 1039 1381 τερον
1069 1347 1107 1383 μὴ
1125 1347 1189 1374 ὅντα
1208 1348 1248 1379 εἰς
1263 1348 1293 1374 το
1310 1346 1378 1375 εἶναι
1396 1348 1513 1384 ὑπέστη,
1534 1350 1580 1376 καὶ
1596 1350 1668 1384 άπερ
1682 1349 1732 1375 οὑκ
1750 1347 1797 1385 ἦν,

961 1387 1047 1414 ταῦτα
1061 1388 1158 1424 ἀθρόον
1187 1389 1334 1416 ἐδείκνυτο.
1368 1390 1396 1416 '0
1414 1390 1520 1426 χόρτος,
1533 1391 1548 1417 6
1562 1391 1594 1417 ἐκ
1604 1390 1652 1426 τῆς
1665 1390 1718 1426 γῆς
1731 1391 1798 1417 ἀνα-

962 1428 1100 1464 διδόμενος
1108 1438 1115 1444 ·
1130 1429 1225 1465 χόρτον
1235 1430 1262 1457 δὲ
1273 1431 1336 1458 ὅταν
1349 1431 1424 1467 εἴπῃ,
1433 1431 1467 1458 τὰ
1482 1432 1629 1467 σπέρματα
1637 1432 1744 1459 ἅπαντα
1753 1432 1798 1458 λέ-

964 1478 1017 1504 γει.
1034 1471 1089 1498 Καὶ
1100 1472 1163 1507 περὶ
1178 1472 1232 1499 τῶν
1247 1472 1332 1499 ὑετῶν
1346 1472 1508 1500 διδάσκουσα
1517 1474 1601 1508 ἡμᾶς,
1618 1474 1698 1500 πάλιν
1709 1475 1726 1508 ὴ
1740 1473 1800 1500 θεία

964 1512 1059 1547 Γραφὴ
1071 1513 1224 1548 ἐπήγαγεν·
1234 1515 1275 1540 οὺ
1288 1514 1344 1548 γὰρ
1355 1514 1477 1548 ἔϐρεξεν
1487 1516 1503 1541 ὀ
1519 1514 1589 1548 θεὸς
1601 1515 1648 1542 ἐπὶ
1657 1514 1714 1548 τήν
1724 1515 1783 1549 γῆν
1791 1523 1798 1530 ·

965 1553 1037 1580 τοῦτ’
1053 1554 1136 1586 ἐστιν,
1154 1555 1260 1582 οὐδέπω
1271 1555 1332 1582 οὺδέ
1342 1555 1416 1583 ὑετοί
1428 1555 1530 1583 ἄνωθεν
1541 1556 1734 1591 κατεφέροντο”
1752 1557 1800 1583 καὶ

967 1597 1035 1631 μετὰ
1050 1596 1128 1623 τοῦτο
1140 1596 1233 1624 λοιπὸν
1250 1597 1385 1624 δείκνυσιν
1399 1599 1474 1633 ἡμῖν,
1496 1598 1537 1625 ὅτι
1553 1598 1614 1625 οὺδέ
1630 1599 1679 1633 τῆς
1693 1597 1740 1625 τοῦ
1755 1598 1802 1625 άν-

967 1638 1075 1673 θρὼπου
1089 1639 1221 1674 ἐργασίας
1237 1639 1334 1675 ἐδεήθη
1345 1648 1352 1655 ·
1370 1639 1538 1673 Ἀνθρωπος
1554 1640 1619 1675 γὰρ,
1639 1641 1732 1675 φησιν,
1745 1641 1803 1667 οὐκ

966 1678 1006 1715 ἦν
1020 1680 1257 1715 ἐργάζεσθαιτὴν
1265 1680 1323 1716 γῆν
1333 1690 1340 1696 ·
1357 1682 1498 1717 μονονουχὶ
1512 1681 1611 1716 βοῶσα,
1624 1682 1670 1708 καὶ
1686 1681 1802 1715 λέγουσα

967 1722 1023 1752 τοῖς
1041 1721 1111 1756 μετὰ
1132 1721 1219 1748 ταῦτα
1234 1722 1346 1754 ἅπασιν,
1364 1723 1403 1750 ὅτι
1417 1723 1502 1749 ταῦτα
1524 1722 1666 1755 ἀκούοντες
1690 1723 1802 1758 μάθετε,

969 1762 1027 1793 πῶς
1042 1762 1072 1794 ἐξ
1085 1763 1174 1798 ἀρχῆς
1191 1763 1299 1791 ἅπαντα
1317 1764 1444 1800 παρήχθη
1459 1764 1493 1790 τὰ
1512 1764 1565 1791 ἀπὸ
1580 1764 1629 1799 τῆς
1644 1764 1696 1799 γῆς
1715 1765 1805 1791 ἀναδι-

968 1804 1079 1839 δόμενα,
1095 1805 1143 1831 καὶ
1156 1805 1193 1840 μὴ
1206 1807 1238 1840 τῇ
1251 1806 1395 1841 ἐπιμελείᾳ.
1408 1806 1461 1833 τῶν
1472 1806 1520 1842 τὴν
1536 1807 1588 1842 γῆν
1600 1807 1805 1843 θεραπευόντων

969 1847 1000 1873 τὸ
1016 1847 1071 1874 πᾶν
1087 1847 1238 1882 λογίζεσθε,
1261 1849 1327 1883 μηδὲ
1346 1848 1459 1881 ἐκείνοις
1481 1849 1531 1881 τὰς
1555 1849 1652 1881 ὠδῖνας
1676 1849 1776 1880 ταύτας
1791 1855 1804 1869 ⁸

970 1890 1149 1925 ἐπιγράφετε,
1172 1889 1240 1917 ἀλλὰ
1256 1890 1295 1926 τῷ
1312 1890 1385 1925 λόγῳ
1409 1891 1456 1917 καὶ
1474 1891 1514 1925 τῷ
1530 1891 1697 1926 ἐπιτάγματι
1717 1890 1756 1926 τῷ
1776 1891 1806 1923 ἐξ

970 1932 1058 1968 ἀρχῆς
1071 1931 1139 1967 πρὸς
1154 1931 1240 1967 αὐτὴν
1254 1932 1330 1966 παρὰ
1337 1932 1384 1958 τοῦ
1399 1932 1649 1968 δημιουργήσαντος
1660 1932 1743 1967 αὐτὴν
1758 1941 1806 1966 γε-

971 1974 1086 2009 νομένῳ.
1103 1973 1195 2000 Ταῦτα
1205 1973 1234 1999 δὲ
1248 1973 1357 2000 ἅπαντα
1365 1974 1480 2007 γίνεται,
1497 1975 1540 2000 ἶνα
1554 1974 1694 2010 μάθωμεν,
1704 1975 1745 2001 ὃτι
1757 1975 1807 2001 οὐκ

972 2016 1069 2051 ἐδεήθη
1094 2016 1143 2051 τῆς
1156 2015 1211 2042 τῶν
1233 2015 1320 2042 ἄλλων
1337 2015 1476 2050 στοιχείων
1494 2016 1654 2051 συνεργείας
1670 2016 1737 2051 πρὸς
1757 2016 1807 2051 τὴν

972 2058 1026 2084 τῶν
1041 2057 1146 2084 οἰκείων
1162 2057 1326 2092 σπερμάτων
1338 2057 1473 2084 ἀνάδοσιν.
1490 2057 1548 2084 ἀλλ’
1559 2057 1681 2093 ὴρκέσθη
1698 2058 1737 2092 τῷ
1748 2059 1809 2084 ἐπι-

973 2101 1093 2135 τάγματι
1107 2099 1154 2126 τοῦ
1173 2099 1350 2135 δημιουργοῦ.
1368 2099 1423 2125 Καὶ
1438 2099 1466 2125 τὺ
1480 2099 1511 2135 δὴ
1529 2099 1686 2135 θαυμαστὸν
1700 2100 1747 2126 καὶ
1759 2108 1809 2126 πα-

975 2141 1097 2177 ράδοξον,
1113 2139 1189 2172 οὗτος
1200 2142 1214 2167 ὁ
1226 2141 1272 2167 νῦν
1283 2141 1322 2176 τῷ
1336 2141 1428 2175 οἰκείῳ
1437 2140 1510 2175 λόγῳ
1521 2140 1588 2176 πρὸς
1600 2140 1712 2176 τὴντῶν
1719 2141 1811 2168 τοσού-

973 2191 1027 2209 των
1037 2182 1202 2217 σπερμάτων
1215 2181 1332 2216 βλάστην
1341 2181 1425 2217 αὐτὴν
1435 2181 1580 2217 διεγείρας,
1591 2182 1638 2208 καὶ
1645 2183 1695 2218 τὴν
1706 2182 1810 2208 οἰκείαν

974 2223 1088 2258 δύναμιν
1104 2222 1318 2257 ἐπιδειξάμενος,
1341 2222 1557 2258 ύπερϐαἱνουσαν
1577 2223 1622 2250 τὸν
1640 2223 1810 2258 ἀνθρώπινον

974 2265 1115 2301 λογισμὸν,
1134 2265 1236 2300 ταύτην
1259 2265 1344 2300 αὐτὴν
1357 2265 1406 2299 τὴν
1422 2265 1544 2300 βαρεῖαν,
1560 2265 1607 2292 καὶ
1628 2265 1673 2292 τὸν
1685 2265 1811 2292 τοσοῦτον

976 2308 1077 2342 κόσμον
1091 2307 1137 2333 ἐπὶ
1148 2307 1202 2333 τῶν
1215 2306 1323 2333 οἰκείων
1333 2306 1425 2333 νώτων
1436 2307 1571 2342 ῳέρουσαν
1582 2307 1628 2333 ἐπὶ
1640 2307 1694 2333 τῶν
1707 2307 1811 2334 ὑδάτων

977 2349 1149 2385 ἐθεμελίωσε,
1166 2348 1258 2380 καθὼς
1270 2349 1284 2375 6
1305 2349 1446 2384 προφήτης
1470 2349 1562 2384 φησὶν,
1584 2349 1615 2375 '0
1629 2348 1812 2383 θεμελιώσας

976 2391 1025 2418 ἐπὶ
1039 2391 1099 2417 τῶν
1112 2390 1230 2418 ὑδάτων
1243 2390 1301 2424 τὴν
1313 2390 1381 2425 γῆν.
1395 2391 1474 2422 Ποῖος
1490 2389 1618 2425 λογισμὸς
1635 2389 1692 2425 [94]
1709 2390 1812 2425 ἀνθρώο

978 2441 1054 2464 πινος
1070 2431 1082 2451 ἀ
1099 2431 1241 2466 ἐφικέσθαι
1263 2431 1366 2458 τούτων
1386 2431 1550 2467 δυνήσεται;
1575 2430 1683 2465 Ἐπειδὴ
1709 2431 1762 2466 γὰρ
1787 2432 1812 2457 οί

978 2474 1117 2509 ἄνθρωποι
1132 2473 1221 2505 οἰκίας
1244 2472 1477 2508 οἰκοδομούμενοι,
1498 2473 1545 2499 καὶ
1564 2473 1706 2508 θεμελίους
1729 2481 1812 2500 κατα-

981 2516 1089 2543 ϐάλλειν
1104 2515 1272 2550 βουλόμενοι,
1291 2515 1424 2550 πρότερον
1435 2514 1653 2545 διασκάπτοντες,
1668 2513 1715 2540 καὶ
1729 2515 1769 2545 εἰς
1782 2515 1813 2541 τὺ

980 2558 1060 2593 βάθος
1075 2557 1225 2589 κατιόντες,
1233 2557 1286 2584 κᾶν
1300 2556 1401 2592 μικράν
1416 2556 1505 2582 νοτίδα
1517 2555 1601 2586 ἴδωσι,
1617 2555 1705 2582 πάντα
1721 2555 1814 2582 ποιοῦ-

980 2607 1032 2630 σιν,
1050 2598 1120 2625 ὥστε
1141 2599 1230 2624 πᾶσαν
1247 2597 1331 2633 αὐτὴν
1344 2597 1518 2631 ἐξαντλῆσαι,
1536 2596 1583 2624 καὶ
1595 2596 1667 2622 οὕτω
1682 2598 1746 2628 τοὺς
1766 2597 1813 2624 θε-

982 2640 1087 2675 μελίους
1103 2640 1266 2666 καταϐαλεῖν
1276 2648 1283 2654 ·
1300 2639 1344 2666 διὰ
1360 2638 1440 2665 τοῦτο
1455 2638 1502 2664 καὶ
1521 2639 1535 2664 6
1551 2637 1605 2665 τῶν
1621 2639 1749 2667 ἁπάντων
1763 2641 1814 2677 δη-

982 2682 1111 2717 μιουργὸς
1128 2682 1293 2713 ἀπεναντίας
1315 2682 1348 2716 τῇ
1367 2680 1526 2717 ἀνθρωπίνῃ
1546 2681 1626 2715 φύσει
1642 2682 1750 2710 ἅπαντα
1767 2683 1815 2718 δη.

983 2724 1118 2758 μιουργεϊ,
1136 2723 1180 2750 ἵνα
1204 2722 1292 2758 μάθῃς
1316 2723 1364 2748 καὶ
1379 2722 1411 2748 ἐκ
1425 2721 1528 2748 τούτων
1543 2722 1624 2748 αὑτοῦ
1639 2723 1690 2758 τὴν
1711 2723 1814 2758 ἄφατον

981 2765 1105 2801 δύναμιν,
1121 2766 1168 2792 καὶ
1177 2766 1228 2797 ὅτι,
1242 2764 1351 2791 ἐπειδὰν
1365 2763 1493 2800 βουληθῇ,
1509 2764 1556 2790 καὶ
1567 2763 1636 2791 αὐτὰ
1646 2764 1680 2791 τὰ
1696 2767 1811 2800 στοιχεῖα

984 2810 1019 2836 τὰ
1038 2809 1147 2837 ἐναντία
1169 2811 1203 2844 τῇ
1219 2808 1307 2844 οἰκεία
1323 2807 1449 2844 ἐνεργείᾳ
1492 2808 1685 2842 ἐπιδείκνυται,
1701 2808 1740 2844 τῷ
1757 2810 1818 2836 ἐπι-

983 2851 1103 2886 τάγματι
1118 2850 1164 2877 τοῦ
1178 2850 1429 2886 δημιουργήσαντος
1446 2850 1663 2886 ὑπηρετούμενα.

1009 2894 1033 2928 γ’
1036 2895 1322 2931 ,Καὶῐνασαφέστερον
1330 2895 1394 2929 ὑμῖν
1408 2894 1521 2930 γένηται
1534 2894 1565 2921 τὸ
1580 2894 1735 2929 λεγόμενον,
1749 2893 1818 2926 τέως

1011 2955 1026 2975 δ
1046 2953 1143 2979 Coislin.
1165 2952 1265 2983 μηδέπω
1286 2951 1413 2983 δεηθέντος.
1449 2952 1460 2967 '~‘
1476 2951 1586 2981 Quatuor
1601 2950 1711 2978 ωειτᾶς
1731 2949 1818 2978 ὠδῖνας

986 2995 1079 3015 ταύτης.
1113 2984 1126 3004 ἰ
1139 2985 1238 3010 Cuian.
1251 2983 1327 3011 ,ποῖος
1353 2982 1435 3013 λόγου
1445 2983 1460 3012 ἡ
1471 2982 1524 3011 νοῦς
1536 2983 1686 3013 ἀνθρώπινος.
