  <div class='ocr_page' id='page_1' title='image "/cluster/home/n/w/nwhite01/storage/ocr_20150623/53-54/njp.32101077772638/104.png"; bbox 0 0 2060 3122; ppageno 0'>
   <div class='ocr_carea' id='block_1_1' title="bbox 136 185 185 213">
    <p class='ocr_par' dir='ltr' id='par_1_1' title="bbox 136 185 185 213">
     <span class='ocr_line' id='line_1_1' title="bbox 136 185 185 213; baseline -0.02 0"><span class='ocrx_word' id='word_1_1' title='bbox 136 185 185 213; x_wconf 71' lang='grc'><strong>101</strong></span> 
     </span>
    </p>
   </div>
   <div class='ocr_carea' id='block_1_2' title="bbox 135 237 931 278">
    <p class='ocr_par' dir='ltr' id='par_1_2' title="bbox 135 237 931 278">
     <span class='ocr_line' id='line_1_2' title="bbox 135 237 931 278; baseline -0.008 -8"><span class='ocrx_word' id='word_1_2' title='bbox 135 244 190 275; x_wconf 80' lang='lat' dir='ltr'><strong>fiat,</strong></span> <span class='ocrx_word' id='word_1_3' title='bbox 203 242 261 278; x_wconf 76' lang='lat' dir='ltr'><strong>jam</strong></span> <span class='ocrx_word' id='word_1_4' title='bbox 272 241 308 269; x_wconf 84' lang='lat' dir='ltr'><strong>de</strong></span> <span class='ocrx_word' id='word_1_5' title='bbox 317 241 369 268; x_wconf 84' lang='lat' dir='ltr'><strong>hnc</strong></span> <span class='ocrx_word' id='word_1_6' title='bbox 379 242 535 274; x_wconf 82' lang='lat' dir='ltr'><strong>argumento</strong></span> <span class='ocrx_word' id='word_1_7' title='bbox 544 237 642 273; x_wconf 85' lang='lat' dir='ltr'><strong>aliquid</strong></span> <span class='ocrx_word' id='word_1_8' title='bbox 655 238 827 270; x_wconf 83' lang='lat' dir='ltr'><strong>disseramus,</strong></span> <span class='ocrx_word' id='word_1_9' title='bbox 839 242 931 272; x_wconf 84' lang='lat' dir='ltr'><strong>postea</strong></span> 
     </span>
    </p>
   </div>
   <div class='ocr_carea' id='block_1_3' title="bbox 132 284 934 318">
    <p class='ocr_par' dir='ltr' id='par_1_3' title="bbox 132 284 934 318">
     <span class='ocr_line' id='line_1_3' title="bbox 132 284 934 318; baseline -0.002 -4"><span class='ocrx_word' id='word_1_10' title='bbox 132 289 168 316; x_wconf 86' lang='lat' dir='ltr'><strong>ad</strong></span> <span class='ocrx_word' id='word_1_11' title='bbox 180 288 255 315; x_wconf 81' lang='lat' dir='ltr'><strong>aliud</strong></span> <span class='ocrx_word' id='word_1_12' title='bbox 279 286 426 314; x_wconf 70' lang='lat' dir='ltr'><strong>transituri.</strong></span> <span class='ocrx_word' id='word_1_13' title='bbox 443 285 498 311; x_wconf 91' lang='lat' dir='ltr'><strong>lloc</strong></span> <span class='ocrx_word' id='word_1_14' title='bbox 510 284 580 311; x_wconf 88' lang='lat' dir='ltr'><strong>enim</strong></span> <span class='ocrx_word' id='word_1_15' title='bbox 594 287 686 310; x_wconf 88' lang='lat' dir='ltr'><strong>contra</strong></span> <span class='ocrx_word' id='word_1_16' title='bbox 705 290 832 318; x_wconf 83' lang='lat' dir='ltr'><strong>aquarum</strong></span> <span class='ocrx_word' id='word_1_17' title='bbox 856 289 934 312; x_wconf 83' lang='lat' dir='ltr'><strong>natu-</strong></span> 
     </span>
    </p>
   </div>
   <div class='ocr_carea' id='block_1_4' title="bbox 135 330 933 366">
    <p class='ocr_par' dir='ltr' id='par_1_4' title="bbox 135 330 933 366">
     <span class='ocr_line' id='line_1_4' title="bbox 135 330 933 366; baseline -0.004 -4"><span class='ocrx_word' id='word_1_18' title='bbox 135 341 194 362; x_wconf 82' lang='lat' dir='ltr'><strong>ram</strong></span> <span class='ocrx_word' id='word_1_19' title='bbox 209 337 262 366; x_wconf 84' lang='lat' dir='ltr'><strong>est,</strong></span> <span class='ocrx_word' id='word_1_20' title='bbox 279 333 350 360; x_wconf 87' lang='lat' dir='ltr'><strong>ferre</strong></span> <span class='ocrx_word' id='word_1_21' title='bbox 364 338 461 365; x_wconf 88' lang='lat' dir='ltr'><strong>corpus</strong></span> <span class='ocrx_word' id='word_1_22' title='bbox 483 335 536 357; x_wconf 94' lang='lat' dir='ltr'><strong>tam</strong></span> <span class='ocrx_word' id='word_1_23' title='bbox 557 337 637 365; x_wconf 79' lang='lat' dir='ltr'><strong>grave</strong></span> <span class='ocrx_word' id='word_1_24' title='bbox 654 338 661 356; x_wconf 85' lang='lat'>:</span> <span class='ocrx_word' id='word_1_25' title='bbox 677 334 705 357; x_wconf 92' lang='lat' dir='ltr'><strong>et</strong></span> <span class='ocrx_word' id='word_1_26' title='bbox 724 330 818 357; x_wconf 86' lang='lat' dir='ltr'><strong>iterum</strong></span> <span class='ocrx_word' id='word_1_27' title='bbox 841 336 933 359; x_wconf 86' lang='lat' dir='ltr'><strong>contra</strong></span> 
     </span>
    </p>
   </div>
   <div class='ocr_carea' id='block_1_5' title="bbox 137 375 933 411">
    <p class='ocr_par' dir='ltr' id='par_1_5' title="bbox 137 375 933 411">
     <span class='ocr_line' id='line_1_5' title="bbox 137 375 933 411; baseline -0.003 -4"><span class='ocrx_word' id='word_1_28' title='bbox 137 385 261 408; x_wconf 82' lang='lat' dir='ltr'><strong>naturam</strong></span> <span class='ocrx_word' id='word_1_29' title='bbox 277 384 365 411; x_wconf 73' lang='lat' dir='ltr'><strong>terrae,</strong></span> <span class='ocrx_word' id='word_1_30' title='bbox 381 377 472 405; x_wconf 87' lang='lat' dir='ltr'><strong>sedem</strong></span> <span class='ocrx_word' id='word_1_31' title='bbox 497 384 572 403; x_wconf 87' lang='lat' dir='ltr'><strong>suam</strong></span> <span class='ocrx_word' id='word_1_32' title='bbox 594 376 620 403; x_wconf 94' lang='lat' dir='ltr'><strong>in</strong></span> <span class='ocrx_word' id='word_1_33' title='bbox 636 376 681 403; x_wconf 83' lang='lat' dir='ltr'><strong>tali</strong></span> <span class='ocrx_word' id='word_1_34' title='bbox 694 375 865 405; x_wconf 85' lang='lat' dir='ltr'><strong>fundamento</strong></span> <span class='ocrx_word' id='word_1_35' title='bbox 885 378 933 405; x_wconf 88' lang='lat' dir='ltr'><strong>ha-</strong></span> 
     </span>
    </p>
   </div>
   <div class='ocr_carea' id='block_1_6' title="bbox 138 423 935 460">
    <p class='ocr_par' dir='ltr' id='par_1_6' title="bbox 138 423 935 460">
     <span class='ocr_line' id='line_1_6' title="bbox 138 423 935 460; baseline -0.004 -6"><span class='ocrx_word' id='word_1_36' title='bbox 138 427 214 454; x_wconf 80' lang='lat' dir='ltr'><strong>bere.</strong></span> <span class='ocrx_word' id='word_1_37' title='bbox 232 427 265 454; x_wconf 86' lang='lat' dir='ltr'><strong>Et</strong></span> <span class='ocrx_word' id='word_1_38' title='bbox 278 425 342 460; x_wconf 86' lang='lat' dir='ltr'><strong>quid</strong></span> <span class='ocrx_word' id='word_1_39' title='bbox 357 423 483 451; x_wconf 85' lang='lat' dir='ltr'><strong>miraris?</strong></span> <span class='ocrx_word' id='word_1_40' title='bbox 494 423 523 450; x_wconf 92' lang='lat' dir='ltr'><strong>ln</strong></span> <span class='ocrx_word' id='word_1_41' title='bbox 538 429 705 458; x_wconf 87' lang='lat' dir='ltr'><strong>quacumque</strong></span> <span class='ocrx_word' id='word_1_42' title='bbox 722 430 812 451; x_wconf 87' lang='lat' dir='ltr'><strong>rerum</strong></span> <span class='ocrx_word' id='word_1_43' title='bbox 833 430 935 452; x_wconf 84' lang='lat' dir='ltr'><strong>creata-</strong></span> 
     </span>
    </p>
   </div>
   <div class='ocr_carea' id='block_1_7' title="bbox 138 468 935 504">
    <p class='ocr_par' dir='ltr' id='par_1_7' title="bbox 138 468 935 504">
     <span class='ocr_line' id='line_1_7' title="bbox 138 468 935 504; baseline -0.001 -5"><span class='ocrx_word' id='word_1_44' title='bbox 138 479 200 499; x_wconf 83' lang='lat' dir='ltr'><strong>rum</strong></span> <span class='ocrx_word' id='word_1_45' title='bbox 220 471 334 498; x_wconf 87' lang='lat' dir='ltr'><strong>scrutari</strong></span> <span class='ocrx_word' id='word_1_46' title='bbox 348 468 480 501; x_wconf 87' lang='lat' dir='ltr'><strong>volueris,</strong></span> <span class='ocrx_word' id='word_1_47' title='bbox 504 468 626 496; x_wconf 80' lang='lat' dir='ltr'><strong>invenies</strong></span> <span class='ocrx_word' id='word_1_48' title='bbox 649 469 806 497; x_wconf 86' lang='lat' dir='ltr'><strong>immensam</strong></span> <span class='ocrx_word' id='word_1_49' title='bbox 828 470 935 504; x_wconf 89' lang='lat' dir='ltr'><strong>Opificis</strong></span> 
     </span>
    </p>
   </div>
   <div class='ocr_carea' id='block_1_8' title="bbox 139 515 936 553">
    <p class='ocr_par' dir='ltr' id='par_1_8' title="bbox 139 515 936 553">
     <span class='ocr_line' id='line_1_8' title="bbox 139 515 936 553; baseline -0.004 -8"><span class='ocrx_word' id='word_1_50' title='bbox 139 517 299 553; x_wconf 81' lang='lat' dir='ltr'><strong>potentiam,</strong></span> <span class='ocrx_word' id='word_1_51' title='bbox 324 523 439 550; x_wconf 86' lang='lat' dir='ltr'><strong>eumque</strong></span> <span class='ocrx_word' id='word_1_52' title='bbox 459 521 507 542; x_wconf 87' lang='lat' dir='ltr'><strong>sua</strong></span> <span class='ocrx_word' id='word_1_53' title='bbox 528 515 667 542; x_wconf 79' lang='lat' dir='ltr'><strong>voluntate</strong></span> <span class='ocrx_word' id='word_1_54' title='bbox 685 515 833 550; x_wconf 75' lang='lat' dir='ltr'><strong>gubernare</strong></span> <span class='ocrx_word' id='word_1_55' title='bbox 848 517 936 543; x_wconf 83' lang='lat' dir='ltr'><strong>omnia</strong></span> 
     </span>
    </p>
   </div>
   <div class='ocr_carea' id='block_1_9' title="bbox 138 561 938 597">
    <p class='ocr_par' dir='ltr' id='par_1_9' title="bbox 138 561 938 597">
     <span class='ocr_line' id='line_1_9' title="bbox 138 561 938 597; baseline -0.004 -6"><span class='ocrx_word' id='word_1_56' title='bbox 138 563 337 597; x_wconf 69' lang='lat' dir='ltr'><strong>deprehendes.</strong></span> <span class='ocrx_word' id='word_1_57' title='bbox 350 562 446 589; x_wconf 86' lang='lat' dir='ltr'><strong>Videre</strong></span> <span class='ocrx_word' id='word_1_58' title='bbox 455 561 526 588; x_wconf 87' lang='lat' dir='ltr'><strong>enim</strong></span> <span class='ocrx_word' id='word_1_59' title='bbox 542 561 592 588; x_wconf 86' lang='lat' dir='ltr'><strong>hoc</strong></span> <span class='ocrx_word' id='word_1_60' title='bbox 608 561 670 588; x_wconf 90' lang='lat' dir='ltr'><strong>licet</strong></span> <span class='ocrx_word' id='word_1_61' title='bbox 682 561 707 588; x_wconf 91' lang='lat' dir='ltr'><strong>in</strong></span> <span class='ocrx_word' id='word_1_62' title='bbox 723 561 795 596; x_wconf 84' lang='lat' dir='ltr'><strong>igne,</strong></span> <span class='ocrx_word' id='word_1_63' title='bbox 805 561 847 589; x_wconf 88' lang='lat' dir='ltr'><strong>cui</strong></span> <span class='ocrx_word' id='word_1_64' title='bbox 859 562 938 589; x_wconf 89' lang='lat' dir='ltr'><strong>absu-</strong></span> 
     </span>
    </p>
   </div>
   <div class='ocr_carea' id='block_1_10' title="bbox 139 607 936 640">
    <p class='ocr_par' dir='ltr' id='par_1_10' title="bbox 139 607 936 640">
     <span class='ocr_line' id='line_1_10' title="bbox 139 607 936 640; baseline -0.003 -4"><span class='ocrx_word' id='word_1_65' title='bbox 139 610 234 637; x_wconf 88' lang='lat' dir='ltr'><strong>mendi</strong></span> <span class='ocrx_word' id='word_1_66' title='bbox 248 614 336 636; x_wconf 87' lang='lat' dir='ltr'><strong>natura</strong></span> <span class='ocrx_word' id='word_1_67' title='bbox 347 612 387 634; x_wconf 80' lang='lat' dir='ltr'><strong>est</strong></span> <span class='ocrx_word' id='word_1_68' title='bbox 399 616 406 634; x_wconf 89' lang='lat'><strong>:</strong></span> <span class='ocrx_word' id='word_1_69' title='bbox 420 607 509 634; x_wconf 81' lang='lat' dir='ltr'><strong>omnia</strong></span> <span class='ocrx_word' id='word_1_70' title='bbox 520 607 591 635; x_wconf 92' lang='lat' dir='ltr'><strong>enim</strong></span> <span class='ocrx_word' id='word_1_71' title='bbox 600 607 676 634; x_wconf 81' lang='lat' dir='ltr'><strong>facile</strong></span> <span class='ocrx_word' id='word_1_72' title='bbox 687 607 788 640; x_wconf 89' lang='lat' dir='ltr'><strong>domat,</strong></span> <span class='ocrx_word' id='word_1_73' title='bbox 799 608 936 635; x_wconf 86' lang='lat' dir='ltr'><strong>materiam</strong></span> 
     </span>
    </p>
   </div>
   <div class='ocr_carea' id='block_1_11' title="bbox 138 652 937 688">
    <p class='ocr_par' dir='ltr' id='par_1_11' title="bbox 138 652 937 688">
     <span class='ocr_line' id='line_1_11' title="bbox 138 652 937 688; baseline -0.003 -7"><span class='ocrx_word' id='word_1_74' title='bbox 138 653 287 686; x_wconf 74' lang='lat' dir='ltr'><strong>lignorum,</strong></span> <span class='ocrx_word' id='word_1_75' title='bbox 305 653 432 688; x_wconf 75' lang='lat' dir='ltr'><strong>lapidum,</strong></span> <span class='ocrx_word' id='word_1_76' title='bbox 447 659 599 687; x_wconf 81' lang='lat' dir='ltr'><strong>corporum,</strong></span> <span class='ocrx_word' id='word_1_77' title='bbox 616 657 643 679; x_wconf 91' lang='lat' dir='ltr'><strong>et</strong></span> <span class='ocrx_word' id='word_1_78' title='bbox 659 652 720 680; x_wconf 85' lang='lat' dir='ltr'><strong>ferri</strong></span> <span class='ocrx_word' id='word_1_79' title='bbox 735 661 742 679; x_wconf 85' lang='lat'><strong>:</strong></span> <span class='ocrx_word' id='word_1_80' title='bbox 757 658 784 680; x_wconf 90' lang='lat' dir='ltr'><strong>at</strong></span> <span class='ocrx_word' id='word_1_81' title='bbox 799 658 937 688; x_wconf 88' lang='lat' dir='ltr'><strong>postquam</strong></span> 
     </span>
    </p>
   </div>
   <div class='ocr_carea' id='block_1_12' title="bbox 143 698 937 733">
    <p class='ocr_par' dir='ltr' id='par_1_12' title="bbox 143 698 937 733">
     <span class='ocr_line' id='line_1_12' title="bbox 143 698 937 733; baseline 0.001 -9"><span class='ocrx_word' id='word_1_82' title='bbox 143 698 285 733; x_wconf 74' lang='lat' dir='ltr'><strong>imperavit</strong></span> <span class='ocrx_word' id='word_1_83' title='bbox 307 698 445 731; x_wconf 86' lang='lat' dir='ltr'><strong>Dominus,</strong></span> <span class='ocrx_word' id='word_1_84' title='bbox 468 704 579 732; x_wconf 83' lang='lat' dir='ltr'><strong>corpora</strong></span> <span class='ocrx_word' id='word_1_85' title='bbox 602 702 691 724; x_wconf 86' lang='lat' dir='ltr'><strong>tenera</strong></span> <span class='ocrx_word' id='word_1_86' title='bbox 712 702 739 725; x_wconf 92' lang='lat' dir='ltr'><strong>et</strong></span> <span class='ocrx_word' id='word_1_87' title='bbox 757 698 937 733; x_wconf 87' lang='lat' dir='ltr'><strong>corruptibilia</strong></span> 
     </span>
    </p>
   </div>
   <div class='ocr_carea' id='block_1_13' title="bbox 141 743 938 778">
    <p class='ocr_par' dir='ltr' id='par_1_13' title="bbox 141 743 938 778">
     <span class='ocr_line' id='line_1_13' title="bbox 141 743 938 778; baseline -0.001 -6"><span class='ocrx_word' id='word_1_88' title='bbox 141 752 199 772; x_wconf 76' lang='lat' dir='ltr'><strong>non</strong></span> <span class='ocrx_word' id='word_1_89' title='bbox 215 744 310 778; x_wconf 85' lang='lat' dir='ltr'><strong>tetigit,</strong></span> <span class='ocrx_word' id='word_1_90' title='bbox 328 743 376 770; x_wconf 85' lang='lat' dir='ltr'><strong>sed</strong></span> <span class='ocrx_word' id='word_1_91' title='bbox 391 743 489 770; x_wconf 71' lang='lat' dir='ltr'><strong>illaasos</strong></span> <span class='ocrx_word' id='word_1_92' title='bbox 504 749 601 778; x_wconf 84' lang='lat' dir='ltr'><strong>pueros</strong></span> <span class='ocrx_word' id='word_1_93' title='bbox 613 744 729 770; x_wconf 77' lang='lat' dir='ltr'><strong>servavit</strong></span> <span class='ocrx_word' id='word_1_94' title='bbox 750 744 775 771; x_wconf 92' lang='lat' dir='ltr'><strong>in</strong></span> <span class='ocrx_word' id='word_1_95' title='bbox 789 744 877 772; x_wconf 90' lang='lat' dir='ltr'><strong>medio</strong></span> <span class='ocrx_word' id='word_1_96' title='bbox 891 752 938 771; x_wconf 90' lang='lat' dir='ltr'><strong>ca-</strong></span> 
     </span>
    </p>
   </div>
   <div class='ocr_carea' id='block_1_14' title="bbox 142 789 938 825">
    <p class='ocr_par' dir='ltr' id='par_1_14' title="bbox 142 789 938 825">
     <span class='ocr_line' id='line_1_14' title="bbox 142 789 938 825; baseline 0 -7"><span class='ocrx_word' id='word_1_97' title='bbox 142 791 220 818; x_wconf 85' lang='lat' dir='ltr'><strong>mino</strong></span> <span class='ocrx_word' id='word_1_98' title='bbox 234 789 315 825; x_wconf 84' lang='lat' dir='ltr'><strong>(Dan.</strong></span> <span class='ocrx_word' id='word_1_99' title='bbox 331 790 371 824; x_wconf 81' lang='lat'><strong>5).</strong></span> <span class='ocrx_word' id='word_1_100' title='bbox 388 790 421 817; x_wconf 85' lang='lat' dir='ltr'><strong>Et</strong></span> <span class='ocrx_word' id='word_1_101' title='bbox 434 797 467 816; x_wconf 90' lang='lat' dir='ltr'><strong>ne</strong></span> <span class='ocrx_word' id='word_1_102' title='bbox 482 790 586 817; x_wconf 82' lang='lat' dir='ltr'><strong>mireris</strong></span> <span class='ocrx_word' id='word_1_103' title='bbox 598 791 620 817; x_wconf 96' lang='lat' dir='ltr'><strong>si</strong></span> <span class='ocrx_word' id='word_1_104' title='bbox 637 797 747 825; x_wconf 84' lang='lat' dir='ltr'><strong>corpora</strong></span> <span class='ocrx_word' id='word_1_105' title='bbox 765 791 869 818; x_wconf 84' lang='lat' dir='ltr'><strong>illorum</strong></span> <span class='ocrx_word' id='word_1_106' title='bbox 886 799 938 818; x_wconf 92' lang='lat' dir='ltr'><strong>non</strong></span> 
     </span>
    </p>
   </div>
   <div class='ocr_carea' id='block_1_15' title="bbox 142 835 941 872">
    <p class='ocr_par' dir='ltr' id='par_1_15' title="bbox 142 835 941 872">
     <span class='ocr_line' id='line_1_15' title="bbox 142 835 941 872; baseline 0.001 -8"><span class='ocrx_word' id='word_1_107' title='bbox 142 837 244 872; x_wconf 82' lang='lat' dir='ltr'><strong>tetigit,</strong></span> <span class='ocrx_word' id='word_1_108' title='bbox 257 836 305 863; x_wconf 80' lang='lat' dir='ltr'><strong>sed</strong></span> <span class='ocrx_word' id='word_1_109' title='bbox 319 835 473 864; x_wconf 88' lang='lat' dir='ltr'><strong>irrationale</strong></span> <span class='ocrx_word' id='word_1_110' title='bbox 488 836 649 864; x_wconf 86' lang='lat' dir='ltr'><strong>elementum</strong></span> <span class='ocrx_word' id='word_1_111' title='bbox 671 840 742 863; x_wconf 78' lang='lat' dir='ltr'><strong>tanta</strong></span> <span class='ocrx_word' id='word_1_112' title='bbox 758 837 941 866; x_wconf 78' lang='lat' dir='ltr'><strong>moderatione</strong></span> 
     </span>
    </p>
   </div>
   <div class='ocr_carea' id='block_1_16' title="bbox 144 881 940 917">
    <p class='ocr_par' dir='ltr' id='par_1_16' title="bbox 144 881 940 917">
     <span class='ocr_line' id='line_1_16' title="bbox 144 881 940 917; baseline 0.001 -8"><span class='ocrx_word' id='word_1_113' title='bbox 144 882 324 916; x_wconf 76' lang='lat' dir='ltr'><strong>obloquutum</strong></span> <span class='ocrx_word' id='word_1_114' title='bbox 345 885 396 913; x_wconf 85' lang='lat' dir='ltr'><strong>est,</strong></span> <span class='ocrx_word' id='word_1_115' title='bbox 412 885 538 916; x_wconf 87' lang='lat' dir='ltr'><strong>quantum</strong></span> <span class='ocrx_word' id='word_1_116' title='bbox 561 881 649 909; x_wconf 87' lang='lat' dir='ltr'><strong>nullus</strong></span> <span class='ocrx_word' id='word_1_117' title='bbox 667 887 746 917; x_wconf 82' lang='lat' dir='ltr'><strong>queat</strong></span> <span class='ocrx_word' id='word_1_118' title='bbox 767 882 851 910; x_wconf 81' lang='lat' dir='ltr'><strong>effari.</strong></span> <span class='ocrx_word' id='word_1_119' title='bbox 874 882 940 910; x_wconf 87' lang='lat' dir='ltr'><strong>Nam</strong></span> 
     </span>
    </p>
   </div>
   <div class='ocr_carea' id='block_1_17' title="bbox 144 927 942 962">
    <p class='ocr_par' dir='ltr' id='par_1_17' title="bbox 144 927 942 962">
     <span class='ocr_line' id='line_1_17' title="bbox 144 927 942 962; baseline 0.001 -8"><span class='ocrx_word' id='word_1_120' title='bbox 144 935 182 955; x_wconf 88' lang='lat' dir='ltr'><strong>ne</strong></span> <span class='ocrx_word' id='word_1_121' title='bbox 197 927 300 962; x_wconf 85' lang='lat' dir='ltr'><strong>capillis</strong></span> <span class='ocrx_word' id='word_1_122' title='bbox 321 927 429 962; x_wconf 86' lang='lat' dir='ltr'><strong>quidem</strong></span> <span class='ocrx_word' id='word_1_123' title='bbox 446 927 551 954; x_wconf 87' lang='lat' dir='ltr'><strong>illorttm</strong></span> <span class='ocrx_word' id='word_1_124' title='bbox 571 927 693 960; x_wconf 85' lang='lat' dir='ltr'><strong>nocebat,</strong></span> <span class='ocrx_word' id='word_1_125' title='bbox 716 927 763 955; x_wconf 91' lang='lat' dir='ltr'><strong>sed</strong></span> <span class='ocrx_word' id='word_1_126' title='bbox 785 928 942 956; x_wconf 85' lang='lat' dir='ltr'><strong>circumibat</strong></span> 
     </span>
    </p>
   </div>
   <div class='ocr_carea' id='block_1_18' title="bbox 147 972 941 1008">
    <p class='ocr_par' dir='ltr' id='par_1_18' title="bbox 147 972 941 1008">
     <span class='ocr_line' id='line_1_18' title="bbox 147 972 941 1008; baseline 0.001 -8"><span class='ocrx_word' id='word_1_127' title='bbox 147 972 220 1006; x_wconf 82' lang='lat' dir='ltr'><strong>illos,</strong></span> <span class='ocrx_word' id='word_1_128' title='bbox 237 977 263 999; x_wconf 88' lang='lat' dir='ltr'><strong>et</strong></span> <span class='ocrx_word' id='word_1_129' title='bbox 284 973 352 1000; x_wconf 82' lang='lat' dir='ltr'><strong>intra</strong></span> <span class='ocrx_word' id='word_1_130' title='bbox 374 979 404 1000; x_wconf 85' lang='lat' dir='ltr'><strong>se</strong></span> <span class='ocrx_word' id='word_1_131' title='bbox 421 972 591 1000; x_wconf 80' lang='lat' dir='ltr'><strong>continebat:</strong></span> <span class='ocrx_word' id='word_1_132' title='bbox 605 973 673 1008; x_wconf 82' lang='lat' dir='ltr'><strong>ignis</strong></span> <span class='ocrx_word' id='word_1_133' title='bbox 692 977 780 1000; x_wconf 87' lang='lat' dir='ltr'><strong>autem</strong></span> <span class='ocrx_word' id='word_1_134' title='bbox 795 973 941 1001; x_wconf 78' lang='lat' dir='ltr'><strong>substantia</strong></span> 
     </span>
    </p>
   </div>
   <div class='ocr_carea' id='block_1_19' title="bbox 146 1018 942 1054">
    <p class='ocr_par' dir='ltr' id='par_1_19' title="bbox 146 1018 942 1054">
     <span class='ocr_line' id='line_1_19' title="bbox 146 1018 942 1054; baseline 0.003 -9"><span class='ocrx_word' id='word_1_135' title='bbox 146 1023 284 1053; x_wconf 79' lang='lat' dir='ltr'><strong>tamquam</strong></span> <span class='ocrx_word' id='word_1_136' title='bbox 298 1018 480 1054; x_wconf 80' lang='lat' dir='ltr'><strong>obedientiam</strong></span> <span class='ocrx_word' id='word_1_137' title='bbox 495 1019 634 1051; x_wconf 78' lang='lat' dir='ltr'><strong>exhibens,</strong></span> <span class='ocrx_word' id='word_1_138' title='bbox 650 1024 677 1046; x_wconf 89' lang='lat' dir='ltr'><strong>ct</strong></span> <span class='ocrx_word' id='word_1_139' title='bbox 693 1019 796 1046; x_wconf 77' lang='lat' dir='ltr'><strong>Domitii</strong></span> <span class='ocrx_word' id='word_1_140' title='bbox 818 1020 942 1047; x_wconf 84' lang='lat' dir='ltr'><strong>mandato</strong></span> 
     </span>
    </p>
   </div>
   <div class='ocr_carea' id='block_1_20' title="bbox 145 1064 943 1096">
    <p class='ocr_par' dir='ltr' id='par_1_20' title="bbox 145 1064 943 1096">
     <span class='ocr_line' id='line_1_20' title="bbox 145 1064 943 1096; baseline 0.003 -5"><span class='ocrx_word' id='word_1_141' title='bbox 145 1064 279 1096; x_wconf 85' lang='lat' dir='ltr'><strong>serviens,</strong></span> <span class='ocrx_word' id='word_1_142' title='bbox 307 1064 406 1092; x_wconf 70' lang='lat' dir='ltr'><strong>illtesos</strong></span> <span class='ocrx_word' id='word_1_143' title='bbox 429 1069 456 1092; x_wconf 91' lang='lat' dir='ltr'><strong>et</strong></span> <span class='ocrx_word' id='word_1_144' title='bbox 479 1064 593 1092; x_wconf 87' lang='lat' dir='ltr'><strong>intactos</strong></span> <span class='ocrx_word' id='word_1_145' title='bbox 622 1065 744 1092; x_wconf 73' lang='lat' dir='ltr'><strong>servabat</strong></span> <span class='ocrx_word' id='word_1_146' title='bbox 775 1065 943 1094; x_wconf 80' lang='lat' dir='ltr'><strong>admirabiles</strong></span> 
     </span>
    </p>
   </div>
   <div class='ocr_carea' id='block_1_21' title="bbox 146 1110 941 1145">
    <p class='ocr_par' dir='ltr' id='par_1_21' title="bbox 146 1110 941 1145">
     <span class='ocr_line' id='line_1_21' title="bbox 146 1110 941 1145; baseline 0.004 -9"><span class='ocrx_word' id='word_1_147' title='bbox 146 1110 209 1137; x_wconf 88' lang='lat' dir='ltr'><strong>illos</strong></span> <span class='ocrx_word' id='word_1_148' title='bbox 224 1117 331 1145; x_wconf 88' lang='lat' dir='ltr'><strong>pueros,</strong></span> <span class='ocrx_word' id='word_1_149' title='bbox 346 1110 390 1145; x_wconf 88' lang='lat' dir='ltr'><strong>qui</strong></span> <span class='ocrx_word' id='word_1_150' title='bbox 404 1110 479 1144; x_wconf 87' lang='lat' dir='ltr'><strong>quasi</strong></span> <span class='ocrx_word' id='word_1_151' title='bbox 494 1110 518 1137; x_wconf 89' lang='lat' dir='ltr'><strong>in</strong></span> <span class='ocrx_word' id='word_1_152' title='bbox 535 1115 611 1144; x_wconf 83' lang='lat' dir='ltr'><strong>prato</strong></span> <span class='ocrx_word' id='word_1_153' title='bbox 625 1115 651 1138; x_wconf 86' lang='lat' dir='ltr'><strong>et</strong></span> <span class='ocrx_word' id='word_1_154' title='bbox 666 1111 743 1138; x_wconf 87' lang='lat' dir='ltr'><strong>horto</strong></span> <span class='ocrx_word' id='word_1_155' title='bbox 757 1111 923 1139; x_wconf 85' lang='lat' dir='ltr'><strong>ambulantes</strong></span> <span class='ocrx_word' id='word_1_156' title='bbox 934 1133 941 1145; x_wconf 94' lang='lat'><strong>,</strong></span> 
     </span>
    </p>
   </div>
   <div class='ocr_carea' id='block_1_22' title="bbox 148 1156 944 1193">
    <p class='ocr_par' dir='ltr' id='par_1_22' title="bbox 148 1156 944 1193">
     <span class='ocr_line' id='line_1_22' title="bbox 148 1156 944 1193; baseline 0.001 -9"><span class='ocrx_word' id='word_1_157' title='bbox 148 1161 223 1184; x_wconf 88' lang='lat' dir='ltr'><strong>tanta</strong></span> <span class='ocrx_word' id='word_1_158' title='bbox 247 1157 387 1184; x_wconf 82' lang='lat' dir='ltr'><strong>securitate</strong></span> <span class='ocrx_word' id='word_1_159' title='bbox 407 1157 435 1183; x_wconf 93' lang='lat' dir='ltr'><strong>in</strong></span> <span class='ocrx_word' id='word_1_160' title='bbox 457 1156 562 1184; x_wconf 84' lang='lat' dir='ltr'><strong>camino</strong></span> <span class='ocrx_word' id='word_1_161' title='bbox 581 1156 762 1185; x_wconf 79' lang='lat' dir='ltr'><strong>versabantur.</strong></span> <span class='ocrx_word' id='word_1_162' title='bbox 779 1156 813 1184; x_wconf 88' lang='lat' dir='ltr'><strong>Et</strong></span> <span class='ocrx_word' id='word_1_163' title='bbox 833 1165 866 1184; x_wconf 90' lang='lat' dir='ltr'><strong>ne</strong></span> <span class='ocrx_word' id='word_1_164' title='bbox 885 1157 944 1193; x_wconf 90' lang='lat' dir='ltr'><strong>quis</strong></span> 
     </span>
    </p>
   </div>
   <div class='ocr_carea' id='block_1_23' title="bbox 148 1201 944 1236">
    <p class='ocr_par' dir='ltr' id='par_1_23' title="bbox 148 1201 944 1236">
     <span class='ocr_line' id='line_1_23' title="bbox 148 1201 944 1236; baseline 0.003 -8"><span class='ocrx_word' id='word_1_165' title='bbox 148 1206 257 1236; x_wconf 82' lang='lat' dir='ltr'><strong>putaret</strong></span> <span class='ocrx_word' id='word_1_166' title='bbox 272 1201 400 1229; x_wconf 81' lang='lat' dir='ltr'><strong>visibilem</strong></span> <span class='ocrx_word' id='word_1_167' title='bbox 417 1201 491 1229; x_wconf 92' lang='lat' dir='ltr'><strong>illum</strong></span> <span class='ocrx_word' id='word_1_168' title='bbox 507 1202 593 1236; x_wconf 81' lang='lat' dir='ltr'><strong>ignem</strong></span> <span class='ocrx_word' id='word_1_169' title='bbox 609 1202 763 1236; x_wconf 79' lang='lat' dir='ltr'><strong>operatione</strong></span> <span class='ocrx_word' id='word_1_170' title='bbox 775 1209 868 1230; x_wconf 86' lang='lat' dir='ltr'><strong>carere</strong></span> <span class='ocrx_word' id='word_1_171' title='bbox 880 1224 887 1236; x_wconf 90' lang='lat'><strong>,</strong></span> <span class='ocrx_word' id='word_1_172' title='bbox 902 1203 944 1230; x_wconf 87' lang='lat' dir='ltr'><strong>id-</strong></span> 
     </span>
    </p>
   </div>
   <div class='ocr_carea' id='block_1_24' title="bbox 147 1247 944 1282">
    <p class='ocr_par' dir='ltr' id='par_1_24' title="bbox 147 1247 944 1282">
     <span class='ocr_line' id='line_1_24' title="bbox 147 1247 944 1282; baseline 0.003 -9"><span class='ocrx_word' id='word_1_173' title='bbox 147 1247 224 1275; x_wconf 88' lang='lat' dir='ltr'><strong>circo</strong></span> <span class='ocrx_word' id='word_1_174' title='bbox 238 1247 366 1282; x_wconf 80' lang='lat' dir='ltr'><strong>benignus</strong></span> <span class='ocrx_word' id='word_1_175' title='bbox 387 1247 514 1274; x_wconf 86' lang='lat' dir='ltr'><strong>Dominus</strong></span> <span class='ocrx_word' id='word_1_176' title='bbox 528 1247 596 1274; x_wconf 89' lang='lat' dir='ltr'><strong>illius</strong></span> <span class='ocrx_word' id='word_1_177' title='bbox 607 1247 752 1275; x_wconf 86' lang='lat' dir='ltr'><strong>efﬁcaciam</strong></span> <span class='ocrx_word' id='word_1_178' title='bbox 765 1254 818 1275; x_wconf 90' lang='lat' dir='ltr'><strong>non</strong></span> <span class='ocrx_word' id='word_1_179' title='bbox 832 1247 944 1282; x_wconf 87' lang='lat' dir='ltr'><strong>impedi-</strong></span> 
     </span>
    </p>
   </div>
   <div class='ocr_carea' id='block_1_25' title="bbox 148 1292 945 1326">
    <p class='ocr_par' dir='ltr' id='par_1_25' title="bbox 148 1292 945 1326">
     <span class='ocr_line' id='line_1_25' title="bbox 148 1292 945 1326; baseline 0.001 -6"><span class='ocrx_word' id='word_1_180' title='bbox 148 1293 188 1320; x_wconf 91' lang='lat' dir='ltr'><strong>vit</strong></span> <span class='ocrx_word' id='word_1_181' title='bbox 202 1302 209 1320; x_wconf 90' lang='lat'>:</span> <span class='ocrx_word' id='word_1_182' title='bbox 225 1292 272 1320; x_wconf 87' lang='lat' dir='ltr'><strong>sed</strong></span> <span class='ocrx_word' id='word_1_183' title='bbox 287 1293 338 1320; x_wconf 89' lang='lat' dir='ltr'><strong>vim</strong></span> <span class='ocrx_word' id='word_1_184' title='bbox 351 1293 422 1320; x_wconf 90' lang='lat' dir='ltr'><strong>illam</strong></span> <span class='ocrx_word' id='word_1_185' title='bbox 438 1293 532 1320; x_wconf 87' lang='lat' dir='ltr'><strong>urendi</strong></span> <span class='ocrx_word' id='word_1_186' title='bbox 548 1293 656 1320; x_wconf 69' lang='lat' dir='ltr'><strong>illaesam</strong></span> <span class='ocrx_word' id='word_1_187' title='bbox 672 1294 797 1326; x_wconf 81' lang='lat' dir='ltr'><strong>servavit,</strong></span> <span class='ocrx_word' id='word_1_188' title='bbox 812 1298 839 1321; x_wconf 87' lang='lat' dir='ltr'><strong>et</strong></span> <span class='ocrx_word' id='word_1_189' title='bbox 853 1301 945 1321; x_wconf 84' lang='lat' dir='ltr'><strong>servus</strong></span> 
     </span>
    </p>
   </div>
   <div class='ocr_carea' id='block_1_26' title="bbox 147 1337 944 1372">
    <p class='ocr_par' dir='ltr' id='par_1_26' title="bbox 147 1337 944 1372">
     <span class='ocr_line' id='line_1_26' title="bbox 147 1337 944 1372; baseline 0.003 -8"><span class='ocrx_word' id='word_1_190' title='bbox 147 1345 215 1366; x_wconf 84' lang='lat' dir='ltr'><strong>suos</strong></span> <span class='ocrx_word' id='word_1_191' title='bbox 230 1338 274 1365; x_wconf 87' lang='lat' dir='ltr'><strong>illa</strong></span> <span class='ocrx_word' id='word_1_192' title='bbox 296 1340 447 1372; x_wconf 82' lang='lat' dir='ltr'><strong>superiores</strong></span> <span class='ocrx_word' id='word_1_193' title='bbox 458 1337 531 1371; x_wconf 85' lang='lat' dir='ltr'><strong>fecit,</strong></span> <span class='ocrx_word' id='word_1_194' title='bbox 544 1342 572 1365; x_wconf 93' lang='lat' dir='ltr'><strong>ut</strong></span> <span class='ocrx_word' id='word_1_195' title='bbox 587 1338 659 1365; x_wconf 91' lang='lat' dir='ltr'><strong>nullo</strong></span> <span class='ocrx_word' id='word_1_196' title='bbox 671 1338 751 1365; x_wconf 89' lang='lat' dir='ltr'><strong>modo</strong></span> <span class='ocrx_word' id='word_1_197' title='bbox 773 1338 944 1367; x_wconf 64' lang='lat' dir='ltr'><strong>laederentur.</strong></span> 
     </span>
    </p>
   </div>
   <div class='ocr_carea' id='block_1_27' title="bbox 148 1384 943 1419">
    <p class='ocr_par' dir='ltr' id='par_1_27' title="bbox 148 1384 943 1419">
     <span class='ocr_line' id='line_1_27' title="bbox 148 1384 943 1419; baseline 0.001 -8"><span class='ocrx_word' id='word_1_198' title='bbox 148 1384 284 1411; x_wconf 78' lang='lat' dir='ltr'><strong>Caeterum</strong></span> <span class='ocrx_word' id='word_1_199' title='bbox 298 1390 327 1411; x_wconf 89' lang='lat' dir='ltr'><strong>ut</strong></span> <span class='ocrx_word' id='word_1_200' title='bbox 341 1384 441 1412; x_wconf 80' lang='lat' dir='ltr'><strong>scirent</strong></span> <span class='ocrx_word' id='word_1_201' title='bbox 452 1384 496 1419; x_wconf 90' lang='lat' dir='ltr'><strong>qui</strong></span> <span class='ocrx_word' id='word_1_202' title='bbox 511 1392 607 1419; x_wconf 87' lang='lat' dir='ltr'><strong>pueros</strong></span> <span class='ocrx_word' id='word_1_203' title='bbox 621 1384 777 1419; x_wconf 86' lang='lat' dir='ltr'><strong>injecerant,</strong></span> <span class='ocrx_word' id='word_1_204' title='bbox 792 1389 889 1419; x_wconf 85' lang='lat' dir='ltr'><strong>quanta</strong></span> <span class='ocrx_word' id='word_1_205' title='bbox 900 1391 943 1412; x_wconf 77' lang='lat' dir='ltr'><strong>cs-</strong></span> 
     </span>
    </p>
   </div>
   <div class='ocr_carea' id='block_1_28' title="bbox 148 1430 945 1466">
    <p class='ocr_par' dir='ltr' id='par_1_28' title="bbox 148 1430 945 1466">
     <span class='ocr_line' id='line_1_28' title="bbox 148 1430 945 1466; baseline -0.001 -8"><span class='ocrx_word' id='word_1_206' title='bbox 148 1435 192 1458; x_wconf 85' lang='lat' dir='ltr'><strong>set</strong></span> <span class='ocrx_word' id='word_1_207' title='bbox 205 1431 325 1458; x_wconf 91' lang='lat' dir='ltr'><strong>omnium</strong></span> <span class='ocrx_word' id='word_1_208' title='bbox 340 1431 386 1458; x_wconf 92' lang='lat' dir='ltr'><strong>Dei</strong></span> <span class='ocrx_word' id='word_1_209' title='bbox 409 1431 536 1465; x_wconf 87' lang='lat' dir='ltr'><strong>potentia,</strong></span> <span class='ocrx_word' id='word_1_210' title='bbox 552 1431 577 1458; x_wconf 91' lang='lat' dir='ltr'><strong>in</strong></span> <span class='ocrx_word' id='word_1_211' title='bbox 592 1430 651 1458; x_wconf 88' lang='lat' dir='ltr'><strong>illos</strong></span> <span class='ocrx_word' id='word_1_212' title='bbox 673 1431 741 1465; x_wconf 83' lang='lat' dir='ltr'><strong>ignis</strong></span> <span class='ocrx_word' id='word_1_213' title='bbox 754 1438 828 1458; x_wconf 84' lang='lat' dir='ltr'><strong>suam</strong></span> <span class='ocrx_word' id='word_1_214' title='bbox 849 1438 945 1466; x_wconf 87' lang='lat' dir='ltr'><strong>opera-</strong></span> 
     </span>
    </p>
   </div>
   <div class='ocr_carea' id='block_1_29' title="bbox 149 1476 947 1511">
    <p class='ocr_par' dir='ltr' id='par_1_29' title="bbox 149 1476 947 1511">
     <span class='ocr_line' id='line_1_29' title="bbox 149 1476 947 1511; baseline 0 -8"><span class='ocrx_word' id='word_1_215' title='bbox 149 1476 252 1503; x_wconf 88' lang='lat' dir='ltr'><strong>tionem</strong></span> <span class='ocrx_word' id='word_1_216' title='bbox 273 1476 409 1508; x_wconf 84' lang='lat' dir='ltr'><strong>cxercuit,</strong></span> <span class='ocrx_word' id='word_1_217' title='bbox 424 1476 459 1503; x_wconf 90' lang='lat' dir='ltr'><strong>ita</strong></span> <span class='ocrx_word' id='word_1_218' title='bbox 477 1476 561 1503; x_wconf 84' lang='lat' dir='ltr'><strong>utille</strong></span> <span class='ocrx_word' id='word_1_219' title='bbox 575 1476 631 1509; x_wconf 89' lang='lat' dir='ltr'><strong>ipse</strong></span> <span class='ocrx_word' id='word_1_220' title='bbox 654 1476 721 1511; x_wconf 94' lang='lat' dir='ltr'><strong>ignis</strong></span> <span class='ocrx_word' id='word_1_221' title='bbox 738 1483 785 1503; x_wconf 89' lang='lat' dir='ltr'><strong>eos</strong></span> <span class='ocrx_word' id='word_1_222' title='bbox 806 1477 876 1503; x_wconf 87' lang='lat' dir='ltr'><strong>intus</strong></span> <span class='ocrx_word' id='word_1_223' title='bbox 896 1476 947 1503; x_wconf 91' lang='lat' dir='ltr'><strong>cir-</strong></span> 
     </span>
    </p>
   </div>
   <div class='ocr_carea' id='block_1_30' title="bbox 149 1521 948 1556">
    <p class='ocr_par' dir='ltr' id='par_1_30' title="bbox 149 1521 948 1556">
     <span class='ocr_line' id='line_1_30' title="bbox 149 1521 948 1556; baseline 0.001 -8"><span class='ocrx_word' id='word_1_224' title='bbox 149 1521 340 1554; x_wconf 82' lang='lat' dir='ltr'><strong>cummuniret,</strong></span> <span class='ocrx_word' id='word_1_225' title='bbox 355 1529 402 1549; x_wconf 87' lang='lat' dir='ltr'><strong>eos</strong></span> <span class='ocrx_word' id='word_1_226' title='bbox 417 1526 505 1548; x_wconf 90' lang='lat' dir='ltr'><strong>autem</strong></span> <span class='ocrx_word' id='word_1_227' title='bbox 515 1521 559 1556; x_wconf 89' lang='lat' dir='ltr'><strong>qui</strong></span> <span class='ocrx_word' id='word_1_228' title='bbox 574 1521 639 1548; x_wconf 84' lang='lat' dir='ltr'><strong>foris</strong></span> <span class='ocrx_word' id='word_1_229' title='bbox 652 1525 728 1548; x_wconf 88' lang='lat' dir='ltr'><strong>erant</strong></span> <span class='ocrx_word' id='word_1_230' title='bbox 741 1525 831 1549; x_wconf 87' lang='lat' dir='ltr'><strong>ureret</strong></span> <span class='ocrx_word' id='word_1_231' title='bbox 842 1526 869 1549; x_wconf 88' lang='lat' dir='ltr'><strong>et</strong></span> <span class='ocrx_word' id='word_1_232' title='bbox 883 1529 948 1549; x_wconf 82' lang='lat' dir='ltr'><strong>cott-</strong></span> 
     </span>
    </p>
   </div>
   <div class='ocr_carea' id='block_1_31' title="bbox 150 1567 946 1602">
    <p class='ocr_par' dir='ltr' id='par_1_31' title="bbox 150 1567 946 1602">
     <span class='ocr_line' id='line_1_31' title="bbox 150 1567 946 1602; baseline -0.001 -7"><span class='ocrx_word' id='word_1_233' title='bbox 150 1572 283 1595; x_wconf 86' lang='lat' dir='ltr'><strong>sumeret.</strong></span> <span class='ocrx_word' id='word_1_234' title='bbox 309 1567 404 1594; x_wconf 83' lang='lat' dir='ltr'><strong>Vidisti</strong></span> <span class='ocrx_word' id='word_1_235' title='bbox 423 1575 477 1602; x_wconf 91' lang='lat' dir='ltr'><strong>qno</strong></span> <span class='ocrx_word' id='word_1_236' title='bbox 500 1571 576 1602; x_wconf 81' lang='lat' dir='ltr'><strong>pacto</strong></span> <span class='ocrx_word' id='word_1_237' title='bbox 598 1567 726 1594; x_wconf 77' lang='lat' dir='ltr'><strong>Dominus</strong></span> <span class='ocrx_word' id='word_1_238' title='bbox 749 1567 856 1602; x_wconf 85' lang='lat' dir='ltr'><strong>quando</strong></span> <span class='ocrx_word' id='word_1_239' title='bbox 879 1569 946 1600; x_wconf 88' lang='lat' dir='ltr'><strong>vult,</strong></span> 
     </span>
    </p>
   </div>
   <div class='ocr_carea' id='block_1_32' title="bbox 149 1614 947 1650">
    <p class='ocr_par' dir='ltr' id='par_1_32' title="bbox 149 1614 947 1650">
     <span class='ocr_line' id='line_1_32' title="bbox 149 1614 947 1650; baseline 0.001 -9"><span class='ocrx_word' id='word_1_240' title='bbox 149 1614 284 1642; x_wconf 87' lang='lat' dir='ltr'><strong>elementa</strong></span> <span class='ocrx_word' id='word_1_241' title='bbox 297 1614 386 1642; x_wconf 88' lang='lat' dir='ltr'><strong>omnia</strong></span> <span class='ocrx_word' id='word_1_242' title='bbox 402 1614 427 1640; x_wconf 92' lang='lat' dir='ltr'><strong>in</strong></span> <span class='ocrx_word' id='word_1_243' title='bbox 441 1614 602 1641; x_wconf 87' lang='lat' dir='ltr'><strong>contrariam</strong></span> <span class='ocrx_word' id='word_1_244' title='bbox 613 1618 696 1641; x_wconf 86' lang='lat' dir='ltr'><strong>mutet</strong></span> <span class='ocrx_word' id='word_1_245' title='bbox 709 1614 852 1641; x_wconf 82' lang='lat' dir='ltr'><strong>essentiam</strong></span> <span class='ocrx_word' id='word_1_246' title='bbox 863 1614 874 1641; x_wconf 72' lang='grc' dir='ltr'><strong><em>τ</em></strong></span> <span class='ocrx_word' id='word_1_247' title='bbox 885 1615 947 1650; x_wconf 91' lang='lat' dir='ltr'><strong>Opi—</strong></span> 
     </span>
    </p>
   </div>
   <div class='ocr_carea' id='block_1_33' title="bbox 152 1659 946 1694">
    <p class='ocr_par' dir='ltr' id='par_1_33' title="bbox 152 1659 946 1694">
     <span class='ocr_line' id='line_1_33' title="bbox 152 1659 946 1694; baseline -0.001 -7"><span class='ocrx_word' id='word_1_248' title='bbox 152 1659 197 1688; x_wconf 80' lang='lat' dir='ltr'><strong>fex</strong></span> <span class='ocrx_word' id='word_1_249' title='bbox 213 1660 284 1687; x_wconf 90' lang='lat' dir='ltr'><strong>enim</strong></span> <span class='ocrx_word' id='word_1_250' title='bbox 297 1665 338 1687; x_wconf 88' lang='lat' dir='ltr'><strong>est</strong></span> <span class='ocrx_word' id='word_1_251' title='bbox 351 1664 378 1687; x_wconf 88' lang='lat' dir='ltr'><strong>et</strong></span> <span class='ocrx_word' id='word_1_252' title='bbox 392 1660 530 1693; x_wconf 86' lang='lat' dir='ltr'><strong>Dominus,</strong></span> <span class='ocrx_word' id='word_1_253' title='bbox 542 1665 567 1687; x_wconf 88' lang='lat' dir='ltr'><strong>et</strong></span> <span class='ocrx_word' id='word_1_254' title='bbox 582 1667 630 1694; x_wconf 90' lang='lat' dir='ltr'><strong>pro</strong></span> <span class='ocrx_word' id='word_1_255' title='bbox 645 1667 692 1687; x_wconf 85' lang='lat' dir='ltr'><strong>sua</strong></span> <span class='ocrx_word' id='word_1_256' title='bbox 705 1660 843 1688; x_wconf 84' lang='lat' dir='ltr'><strong>voluntate</strong></span> <span class='ocrx_word' id='word_1_257' title='bbox 859 1661 946 1687; x_wconf 80' lang='lat' dir='ltr'><strong>omnia</strong></span> 
     </span>
    </p>
   </div>
   <div class='ocr_carea' id='block_1_34' title="bbox 151 1705 948 1740">
    <p class='ocr_par' dir='ltr' id='par_1_34' title="bbox 151 1705 948 1740">
     <span class='ocr_line' id='line_1_34' title="bbox 151 1705 948 1740; baseline 0.001 -8"><span class='ocrx_word' id='word_1_258' title='bbox 151 1705 301 1740; x_wconf 87' lang='lat' dir='ltr'><strong>dispensat.</strong></span> <span class='ocrx_word' id='word_1_259' title='bbox 316 1705 400 1733; x_wconf 81' lang='lat' dir='ltr'><strong>Vultis</strong></span> <span class='ocrx_word' id='word_1_260' title='bbox 414 1710 440 1733; x_wconf 92' lang='lat' dir='ltr'><strong>et</strong></span> <span class='ocrx_word' id='word_1_261' title='bbox 459 1706 485 1732; x_wconf 94' lang='lat' dir='ltr'><strong>in</strong></span> <span class='ocrx_word' id='word_1_262' title='bbox 500 1706 575 1740; x_wconf 84' lang='lat' dir='ltr'><strong>aquis</strong></span> <span class='ocrx_word' id='word_1_263' title='bbox 589 1706 703 1740; x_wconf 86' lang='lat' dir='ltr'><strong>idipsum</strong></span> <span class='ocrx_word' id='word_1_264' title='bbox 718 1706 808 1733; x_wconf 88' lang='lat' dir='ltr'><strong>videre</strong></span> <span class='ocrx_word' id='word_1_265' title='bbox 829 1706 948 1733; x_wconf 88' lang='lat' dir='ltr'><strong>factum?</strong></span> 
     </span>
    </p>
   </div>
   <div class='ocr_carea' id='block_1_35' title="bbox 153 1751 946 1787">
    <p class='ocr_par' dir='ltr' id='par_1_35' title="bbox 153 1751 946 1787">
     <span class='ocr_line' id='line_1_35' title="bbox 153 1751 946 1787; baseline 0.001 -9"><span class='ocrx_word' id='word_1_266' title='bbox 153 1751 222 1778; x_wconf 77' lang='lat' dir='ltr'><strong>Nam</strong></span> <span class='ocrx_word' id='word_1_267' title='bbox 232 1752 301 1778; x_wconf 87' lang='lat' dir='ltr'><strong>sicut</strong></span> <span class='ocrx_word' id='word_1_268' title='bbox 313 1751 380 1787; x_wconf 79' lang='lat' dir='ltr'><strong>ignis</strong></span> <span class='ocrx_word' id='word_1_269' title='bbox 394 1751 437 1779; x_wconf 90' lang='lat' dir='ltr'><strong>hic</strong></span> <span class='ocrx_word' id='word_1_270' title='bbox 451 1751 484 1778; x_wconf 92' lang='lat' dir='ltr'><strong>iis</strong></span> <span class='ocrx_word' id='word_1_271' title='bbox 497 1752 541 1786; x_wconf 88' lang='lat' dir='ltr'><strong>qui</strong></span> <span class='ocrx_word' id='word_1_272' title='bbox 552 1752 622 1779; x_wconf 89' lang='lat' dir='ltr'><strong>intus</strong></span> <span class='ocrx_word' id='word_1_273' title='bbox 635 1757 711 1779; x_wconf 84' lang='lat' dir='ltr'><strong>erant</strong></span> <span class='ocrx_word' id='word_1_274' title='bbox 731 1751 798 1779; x_wconf 85' lang='lat' dir='ltr'><strong>nihil</strong></span> <span class='ocrx_word' id='word_1_275' title='bbox 818 1752 946 1785; x_wconf 85' lang='lat' dir='ltr'><strong>nocebat,</strong></span> 
     </span>
    </p>
   </div>
   <div class='ocr_carea' id='block_1_36' title="bbox 152 1797 948 1833">
    <p class='ocr_par' dir='ltr' id='par_1_36' title="bbox 152 1797 948 1833">
     <span class='ocr_line' id='line_1_36' title="bbox 152 1797 948 1833; baseline 0.001 -8"><span class='ocrx_word' id='word_1_276' title='bbox 152 1797 202 1825; x_wconf 82' lang='lat' dir='ltr'><strong>sed</strong></span> <span class='ocrx_word' id='word_1_277' title='bbox 213 1797 266 1824; x_wconf 85' lang='lat' dir='ltr'><strong>illis</strong></span> <span class='ocrx_word' id='word_1_278' title='bbox 277 1798 412 1832; x_wconf 85' lang='lat' dir='ltr'><strong>parcebat,</strong></span> <span class='ocrx_word' id='word_1_279' title='bbox 426 1797 523 1825; x_wconf 90' lang='lat' dir='ltr'><strong>oblitus</strong></span> <span class='ocrx_word' id='word_1_280' title='bbox 536 1806 592 1825; x_wconf 78' lang='lat' dir='ltr'><strong>su:e</strong></span> <span class='ocrx_word' id='word_1_281' title='bbox 606 1798 785 1833; x_wconf 83' lang='lat' dir='ltr'><strong>operationis;</strong></span> <span class='ocrx_word' id='word_1_282' title='bbox 801 1798 826 1826; x_wconf 93' lang='lat' dir='ltr'><strong>in</strong></span> <span class='ocrx_word' id='word_1_283' title='bbox 840 1804 887 1826; x_wconf 72' lang='lat' dir='ltr'><strong>e03</strong></span> <span class='ocrx_word' id='word_1_284' title='bbox 900 1805 948 1826; x_wconf 78' lang='lat' dir='ltr'><strong>atr-</strong></span> 
     </span>
    </p>
   </div>
   <div class='ocr_carea' id='block_1_37' title="bbox 155 1844 949 1880">
    <p class='ocr_par' dir='ltr' id='par_1_37' title="bbox 155 1844 949 1880">
     <span class='ocr_line' id='line_1_37' title="bbox 155 1844 949 1880; baseline 0 -8"><span class='ocrx_word' id='word_1_285' title='bbox 155 1849 210 1872; x_wconf 92' lang='lat' dir='ltr'><strong>tem</strong></span> <span class='ocrx_word' id='word_1_286' title='bbox 224 1845 268 1879; x_wconf 87' lang='lat' dir='ltr'><strong>qui</strong></span> <span class='ocrx_word' id='word_1_287' title='bbox 283 1844 347 1871; x_wconf 90' lang='lat' dir='ltr'><strong>foris</strong></span> <span class='ocrx_word' id='word_1_288' title='bbox 360 1849 436 1871; x_wconf 87' lang='lat' dir='ltr'><strong>erant</strong></span> <span class='ocrx_word' id='word_1_289' title='bbox 450 1844 576 1871; x_wconf 74' lang='lat' dir='ltr'><strong>smviebat</strong></span> <span class='ocrx_word' id='word_1_290' title='bbox 596 1852 672 1871; x_wconf 90' lang='lat' dir='ltr'><strong>more</strong></span> <span class='ocrx_word' id='word_1_291' title='bbox 686 1851 734 1871; x_wconf 86' lang='lat' dir='ltr'><strong>suo</strong></span> <span class='ocrx_word' id='word_1_292' title='bbox 746 1852 753 1871; x_wconf 91' lang='lat'><strong>:</strong></span> <span class='ocrx_word' id='word_1_293' title='bbox 767 1844 807 1872; x_wconf 89' lang='lat' dir='ltr'><strong>sic</strong></span> <span class='ocrx_word' id='word_1_294' title='bbox 825 1849 853 1872; x_wconf 90' lang='lat' dir='ltr'><strong>et</strong></span> <span class='ocrx_word' id='word_1_295' title='bbox 867 1851 949 1880; x_wconf 87' lang='lat' dir='ltr'><strong>aquas</strong></span> 
     </span>
    </p>
   </div>
   <div class='ocr_carea' id='block_1_38' title="bbox 153 1889 948 1924">
    <p class='ocr_par' dir='ltr' id='par_1_38' title="bbox 153 1889 948 1924">
     <span class='ocr_line' id='line_1_38' title="bbox 153 1889 948 1924; baseline 0 -7"><span class='ocrx_word' id='word_1_296' title='bbox 153 1890 304 1917; x_wconf 84' lang='lat' dir='ltr'><strong>videbimus</strong></span> <span class='ocrx_word' id='word_1_297' title='bbox 319 1890 385 1917; x_wconf 87' lang='lat' dir='ltr'><strong>alios</strong></span> <span class='ocrx_word' id='word_1_298' title='bbox 397 1889 504 1924; x_wconf 87' lang='lat' dir='ltr'><strong>quidem</strong></span> <span class='ocrx_word' id='word_1_299' title='bbox 523 1890 704 1924; x_wconf 76' lang='lat' dir='ltr'><strong>submergere,</strong></span> <span class='ocrx_word' id='word_1_300' title='bbox 718 1889 779 1917; x_wconf 89' lang='lat' dir='ltr'><strong>aliis</strong></span> <span class='ocrx_word' id='word_1_301' title='bbox 793 1894 881 1918; x_wconf 87' lang='lat' dir='ltr'><strong>autem</strong></span> <span class='ocrx_word' id='word_1_302' title='bbox 902 1898 948 1917; x_wconf 90' lang='lat' dir='ltr'><strong>ce-</strong></span> 
     </span>
    </p>
   </div>
   <div class='ocr_carea' id='block_1_39' title="bbox 153 1935 950 1970">
    <p class='ocr_par' dir='ltr' id='par_1_39' title="bbox 153 1935 950 1970">
     <span class='ocr_line' id='line_1_39' title="bbox 153 1935 950 1970; baseline 0.001 -7"><span class='ocrx_word' id='word_1_303' title='bbox 153 1936 230 1968; x_wconf 85' lang='lat' dir='ltr'><strong>dere,</strong></span> <span class='ocrx_word' id='word_1_304' title='bbox 242 1936 277 1966; x_wconf 81' lang='lat' dir='ltr'><strong>ita</strong></span> <span class='ocrx_word' id='word_1_305' title='bbox 288 1940 317 1963; x_wconf 85' lang='lat' dir='ltr'><strong>ut</strong></span> <span class='ocrx_word' id='word_1_306' title='bbox 328 1936 428 1970; x_wconf 86' lang='lat' dir='ltr'><strong>absque</strong></span> <span class='ocrx_word' id='word_1_307' title='bbox 437 1935 534 1963; x_wconf 86' lang='lat' dir='ltr'><strong>damno</strong></span> <span class='ocrx_word' id='word_1_308' title='bbox 549 1939 694 1963; x_wconf 83' lang='lat' dir='ltr'><strong>transeant.</strong></span> <span class='ocrx_word' id='word_1_309' title='bbox 708 1935 894 1964; x_wconf 73' lang='lat' dir='ltr'><strong>Recordamini</strong></span> <span class='ocrx_word' id='word_1_310' title='bbox 906 1937 950 1964; x_wconf 83' lang='lat' dir='ltr'><strong>hic</strong></span> 
     </span>
    </p>
   </div>
   <div class='ocr_carea' id='block_1_40' title="bbox 155 1981 947 2018">
    <p class='ocr_par' dir='ltr' id='par_1_40' title="bbox 155 1981 947 2018">
     <span class='ocr_line' id='line_1_40' title="bbox 155 1981 947 2018; baseline 0 -8"><span class='ocrx_word' id='word_1_311' title='bbox 155 1982 304 2010; x_wconf 84' lang='lat' dir='ltr'><strong>Pharaonis</strong></span> <span class='ocrx_word' id='word_1_312' title='bbox 317 1986 344 2010; x_wconf 88' lang='lat' dir='ltr'><strong>et</strong></span> <span class='ocrx_word' id='word_1_313' title='bbox 357 1981 553 2018; x_wconf 66' lang='lat' dir='ltr'><strong>Egyptiorum,</strong></span> <span class='ocrx_word' id='word_1_314' title='bbox 566 1988 646 2017; x_wconf 86' lang='lat' dir='ltr'><strong>atque</strong></span> <span class='ocrx_word' id='word_1_315' title='bbox 661 1983 749 2017; x_wconf 87' lang='lat' dir='ltr'><strong>populi</strong></span> <span class='ocrx_word' id='word_1_316' title='bbox 764 1983 947 2017; x_wconf 80' lang='lat' dir='ltr'><strong>Hebraeorum,</strong></span> 
     </span>
    </p>
   </div>
   <div class='ocr_carea' id='block_1_41' title="bbox 154 2027 948 2064">
    <p class='ocr_par' dir='ltr' id='par_1_41' title="bbox 154 2027 948 2064">
     <span class='ocr_line' id='line_1_41' title="bbox 154 2027 948 2064; baseline 0 -9"><span class='ocrx_word' id='word_1_317' title='bbox 154 2028 292 2063; x_wconf 89' lang='lat' dir='ltr'><strong>quomodo</strong></span> <span class='ocrx_word' id='word_1_318' title='bbox 304 2027 330 2055; x_wconf 89' lang='lat' dir='ltr'><strong>hi</strong></span> <span class='ocrx_word' id='word_1_319' title='bbox 340 2028 374 2055; x_wconf 87' lang='lat' dir='ltr'><strong>ad</strong></span> <span class='ocrx_word' id='word_1_320' title='bbox 385 2027 537 2055; x_wconf 79' lang='lat' dir='ltr'><strong>mandatum</strong></span> <span class='ocrx_word' id='word_1_321' title='bbox 551 2028 665 2061; x_wconf 85' lang='lat' dir='ltr'><strong>Domini,</strong></span> <span class='ocrx_word' id='word_1_322' title='bbox 679 2035 774 2064; x_wconf 87' lang='lat' dir='ltr'><strong>magno</strong></span> <span class='ocrx_word' id='word_1_323' title='bbox 784 2028 857 2056; x_wconf 74' lang='lat' dir='ltr'><strong>Mose</strong></span> <span class='ocrx_word' id='word_1_324' title='bbox 870 2028 948 2062; x_wconf 86' lang='lat' dir='ltr'><strong>duce,</strong></span> 
     </span>
    </p>
   </div>
   <div class='ocr_carea' id='block_1_42' title="bbox 156 2073 951 2109">
    <p class='ocr_par' dir='ltr' id='par_1_42' title="bbox 156 2073 951 2109">
     <span class='ocr_line' id='line_1_42' title="bbox 156 2073 951 2109; baseline 0.001 -8"><span class='ocrx_word' id='word_1_325' title='bbox 156 2081 206 2108; x_wconf 91' lang='lat' dir='ltr'><strong>per</strong></span> <span class='ocrx_word' id='word_1_326' title='bbox 230 2082 304 2101; x_wconf 88' lang='lat' dir='ltr'><strong>mare</strong></span> <span class='ocrx_word' id='word_1_327' title='bbox 332 2073 451 2101; x_wconf 75' lang='lat' dir='ltr'><strong>Rubrum</strong></span> <span class='ocrx_word' id='word_1_328' title='bbox 476 2074 552 2109; x_wconf 77' lang='lat' dir='ltr'><strong>quasi</strong></span> <span class='ocrx_word' id='word_1_329' title='bbox 580 2081 628 2108; x_wconf 84' lang='lat' dir='ltr'><strong>per</strong></span> <span class='ocrx_word' id='word_1_330' title='bbox 657 2073 759 2100; x_wconf 87' lang='lat' dir='ltr'><strong>aridam</strong></span> <span class='ocrx_word' id='word_1_331' title='bbox 789 2074 951 2102; x_wconf 90' lang='lat' dir='ltr'><strong>transierunt</strong></span> 
     </span>
    </p>
   </div>
   <div class='ocr_carea' id='block_1_43' title="bbox 156 2119 950 2155">
    <p class='ocr_par' dir='ltr' id='par_1_43' title="bbox 156 2119 950 2155">
     <span class='ocr_line' id='line_1_43' title="bbox 156 2119 950 2155; baseline 0.001 -9"><span class='ocrx_word' id='word_1_332' title='bbox 156 2119 256 2153; x_wconf 76' lang='lat' dir='ltr'><strong>(Ezod.</strong></span> <span class='ocrx_word' id='word_1_333' title='bbox 279 2119 321 2155; x_wconf 73' lang='grc' dir='ltr'><strong>Μ)</strong></span> <span class='ocrx_word' id='word_1_334' title='bbox 334 2119 465 2154; x_wconf 64' lang='lat' dir='ltr'><strong>:zEgyptii</strong></span> <span class='ocrx_word' id='word_1_335' title='bbox 487 2123 587 2152; x_wconf 88' lang='lat' dir='ltr'><strong>autem,</strong></span> <span class='ocrx_word' id='word_1_336' title='bbox 603 2120 646 2154; x_wconf 88' lang='lat' dir='ltr'><strong>qui</strong></span> <span class='ocrx_word' id='word_1_337' title='bbox 662 2119 783 2147; x_wconf 83' lang='lat' dir='ltr'><strong>eamdem</strong></span> <span class='ocrx_word' id='word_1_338' title='bbox 807 2120 876 2147; x_wconf 85' lang='lat' dir='ltr'><strong>viam</strong></span> <span class='ocrx_word' id='word_1_339' title='bbox 890 2127 950 2148; x_wconf 91' lang='lat' dir='ltr'><strong>cum</strong></span> 
     </span>
    </p>
   </div>
   <div class='ocr_carea' id='block_1_44' title="bbox 157 2165 950 2200">
    <p class='ocr_par' dir='ltr' id='par_1_44' title="bbox 157 2165 950 2200">
     <span class='ocr_line' id='line_1_44' title="bbox 157 2165 950 2200; baseline 0.001 -8"><span class='ocrx_word' id='word_1_340' title='bbox 157 2165 297 2192; x_wconf 73' lang='lat' dir='ltr'><strong>Pharaone</strong></span> <span class='ocrx_word' id='word_1_341' title='bbox 310 2165 349 2192; x_wconf 84' lang='lat' dir='ltr'><strong>ire</strong></span> <span class='ocrx_word' id='word_1_342' title='bbox 367 2165 500 2198; x_wconf 86' lang='lat' dir='ltr'><strong>volebant,</strong></span> <span class='ocrx_word' id='word_1_343' title='bbox 517 2165 592 2200; x_wconf 86' lang='lat' dir='ltr'><strong>aquis</strong></span> <span class='ocrx_word' id='word_1_344' title='bbox 614 2165 701 2192; x_wconf 87' lang='lat' dir='ltr'><strong>obruti</strong></span> <span class='ocrx_word' id='word_1_345' title='bbox 723 2165 854 2193; x_wconf 80' lang='lat' dir='ltr'><strong>submersi</strong></span> <span class='ocrx_word' id='word_1_346' title='bbox 879 2169 950 2193; x_wconf 86' lang='lat' dir='ltr'><strong>sunt.</strong></span> 
     </span>
    </p>
   </div>
   <div class='ocr_carea' id='block_1_45' title="bbox 156 2211 952 2245">
    <p class='ocr_par' dir='ltr' id='par_1_45' title="bbox 156 2211 952 2245">
     <span class='ocr_line' id='line_1_45' title="bbox 156 2211 952 2245; baseline 0.001 -7"><span class='ocrx_word' id='word_1_347' title='bbox 156 2211 195 2238; x_wconf 78' lang='lat' dir='ltr'><strong>Ita</strong></span> <span class='ocrx_word' id='word_1_348' title='bbox 210 2211 295 2238; x_wconf 75' lang='lat' dir='ltr'><strong>Solent</strong></span> <span class='ocrx_word' id='word_1_349' title='bbox 310 2211 441 2239; x_wconf 86' lang='lat' dir='ltr'><strong>elementa</strong></span> <span class='ocrx_word' id='word_1_350' title='bbox 462 2211 576 2238; x_wconf 88' lang='lat' dir='ltr'><strong>revereri</strong></span> <span class='ocrx_word' id='word_1_351' title='bbox 590 2217 682 2238; x_wconf 79' lang='lat' dir='ltr'><strong>servos</strong></span> <span class='ocrx_word' id='word_1_352' title='bbox 704 2211 819 2245; x_wconf 87' lang='lat' dir='ltr'><strong>Domini,</strong></span> <span class='ocrx_word' id='word_1_353' title='bbox 833 2217 860 2239; x_wconf 87' lang='lat' dir='ltr'><strong>et</strong></span> <span class='ocrx_word' id='word_1_354' title='bbox 874 2219 889 2238; x_wconf 87' lang='lat' dir='ltr'><strong>a</strong></span> <span class='ocrx_word' id='word_1_355' title='bbox 903 2219 952 2239; x_wconf 90' lang='lat' dir='ltr'><strong>suo</strong></span> 
     </span>
    </p>
   </div>
   <div class='ocr_carea' id='block_1_46' title="bbox 155 2256 953 2292">
    <p class='ocr_par' dir='ltr' id='par_1_46' title="bbox 155 2256 953 2292">
     <span class='ocr_line' id='line_1_46' title="bbox 155 2256 953 2292; baseline 0 -8"><span class='ocrx_word' id='word_1_356' title='bbox 155 2263 186 2284; x_wconf 93' lang='lat' dir='ltr'><strong>se</strong></span> <span class='ocrx_word' id='word_1_357' title='bbox 198 2256 337 2284; x_wconf 83' lang='lat' dir='ltr'><strong>continere</strong></span> <span class='ocrx_word' id='word_1_358' title='bbox 351 2256 460 2291; x_wconf 85' lang='lat' dir='ltr'><strong>impetu.</strong></span> <span class='ocrx_word' id='word_1_359' title='bbox 475 2257 620 2283; x_wconf 77' lang='lat' dir='ltr'><strong>Audiamus</strong></span> <span class='ocrx_word' id='word_1_360' title='bbox 633 2264 692 2289; x_wconf 90' lang='lat' dir='ltr'><strong>nos,</strong></span> <span class='ocrx_word' id='word_1_361' title='bbox 707 2261 837 2292; x_wconf 85' lang='lat' dir='ltr'><strong>quotquot</strong></span> <span class='ocrx_word' id='word_1_362' title='bbox 851 2257 953 2285; x_wconf 87' lang='lat' dir='ltr'><strong>feroces</strong></span> 
     </span>
    </p>
   </div>
   <div class='ocr_carea' id='block_1_47' title="bbox 154 2303 951 2339">
    <p class='ocr_par' dir='ltr' id='par_1_47' title="bbox 154 2303 951 2339">
     <span class='ocr_line' id='line_1_47' title="bbox 154 2303 951 2339; baseline 0.003 -9"><span class='ocrx_word' id='word_1_363' title='bbox 154 2308 183 2330; x_wconf 86' lang='lat' dir='ltr'><strong>et.</strong></span> <span class='ocrx_word' id='word_1_364' title='bbox 199 2303 328 2334; x_wconf 85' lang='lat' dir='ltr'><strong>iracundi,</strong></span> <span class='ocrx_word' id='word_1_365' title='bbox 341 2307 369 2331; x_wconf 87' lang='lat' dir='ltr'><strong>et</strong></span> <span class='ocrx_word' id='word_1_366' title='bbox 381 2303 439 2331; x_wconf 87' lang='lat' dir='ltr'><strong>aliis</strong></span> <span class='ocrx_word' id='word_1_367' title='bbox 451 2303 633 2331; x_wconf 79' lang='lat' dir='ltr'><strong>affectionibus</strong></span> <span class='ocrx_word' id='word_1_368' title='bbox 646 2303 681 2331; x_wconf 87' lang='lat' dir='ltr'><strong>ob</strong></span> <span class='ocrx_word' id='word_1_369' title='bbox 693 2308 809 2331; x_wconf 83' lang='lat' dir='ltr'><strong>nostram</strong></span> <span class='ocrx_word' id='word_1_370' title='bbox 821 2304 951 2339; x_wconf 80' lang='lat' dir='ltr'><strong>ignaviam</strong></span> 
     </span>
    </p>
   </div>
   <div class='ocr_carea' id='block_1_48' title="bbox 157 2349 953 2384">
    <p class='ocr_par' dir='ltr' id='par_1_48' title="bbox 157 2349 953 2384">
     <span class='ocr_line' id='line_1_48' title="bbox 157 2349 953 2384; baseline 0.003 -8"><span class='ocrx_word' id='word_1_371' title='bbox 157 2349 277 2384; x_wconf 85' lang='lat' dir='ltr'><strong>impliciti</strong></span> <span class='ocrx_word' id='word_1_372' title='bbox 292 2355 409 2376; x_wconf 85' lang='lat' dir='ltr'><strong>nostram</strong></span> <span class='ocrx_word' id='word_1_373' title='bbox 423 2349 536 2377; x_wconf 85' lang='lat' dir='ltr'><strong>salutem</strong></span> <span class='ocrx_word' id='word_1_374' title='bbox 550 2349 763 2383; x_wconf 80' lang='lat' dir='ltr'><strong>pessumdamus,</strong></span> <span class='ocrx_word' id='word_1_375' title='bbox 779 2354 806 2377; x_wconf 85' lang='lat' dir='ltr'><strong>et</strong></span> <span class='ocrx_word' id='word_1_376' title='bbox 820 2351 953 2378; x_wconf 89' lang='lat' dir='ltr'><strong>imitemur</strong></span> 
     </span>
    </p>
   </div>
   <div class='ocr_carea' id='block_1_49' title="bbox 157 2395 954 2426">
    <p class='ocr_par' dir='ltr' id='par_1_49' title="bbox 157 2395 954 2426">
     <span class='ocr_line' id='line_1_49' title="bbox 157 2395 954 2426; baseline 0.005 -4"><span class='ocrx_word' id='word_1_377' title='bbox 157 2401 259 2422; x_wconf 87' lang='lat' dir='ltr'><strong>tantam</strong></span> <span class='ocrx_word' id='word_1_378' title='bbox 282 2395 377 2423; x_wconf 88' lang='lat' dir='ltr'><strong>horum</strong></span> <span class='ocrx_word' id='word_1_379' title='bbox 393 2396 584 2423; x_wconf 87' lang='lat' dir='ltr'><strong>elementorum</strong></span> <span class='ocrx_word' id='word_1_380' title='bbox 607 2397 710 2424; x_wconf 87' lang='lat' dir='ltr'><strong>ratione</strong></span> <span class='ocrx_word' id='word_1_381' title='bbox 728 2398 875 2425; x_wconf 84' lang='lat' dir='ltr'><strong>carentium</strong></span> <span class='ocrx_word' id='word_1_382' title='bbox 890 2398 954 2426; x_wconf 89' lang='lat' dir='ltr'><strong>obe-</strong></span> 
     </span>
    </p>
   </div>
   <div class='ocr_carea' id='block_1_50' title="bbox 155 2441 953 2478">
    <p class='ocr_par' dir='ltr' id='par_1_50' title="bbox 155 2441 953 2478">
     <span class='ocr_line' id='line_1_50' title="bbox 155 2441 953 2478; baseline 0.004 -10"><span class='ocrx_word' id='word_1_383' title='bbox 155 2441 296 2473; x_wconf 87' lang='lat' dir='ltr'><strong>dientiam,</strong></span> <span class='ocrx_word' id='word_1_384' title='bbox 324 2449 372 2469; x_wconf 89' lang='lat' dir='ltr'><strong>nos</strong></span> <span class='ocrx_word' id='word_1_385' title='bbox 392 2442 437 2476; x_wconf 89' lang='lat' dir='ltr'><strong>qui</strong></span> <span class='ocrx_word' id='word_1_386' title='bbox 457 2442 559 2470; x_wconf 87' lang='lat' dir='ltr'><strong>ratione</strong></span> <span class='ocrx_word' id='word_1_387' title='bbox 582 2442 699 2478; x_wconf 84' lang='lat' dir='ltr'><strong>insigniti</strong></span> <span class='ocrx_word' id='word_1_388' title='bbox 715 2450 816 2471; x_wconf 88' lang='lat' dir='ltr'><strong>sumus.</strong></span> <span class='ocrx_word' id='word_1_389' title='bbox 841 2443 913 2471; x_wconf 62' lang='lat' dir='ltr'><strong>Nam”</strong></span> <span class='ocrx_word' id='word_1_390' title='bbox 931 2444 953 2471; x_wconf 90' lang='lat' dir='ltr'><strong>si</strong></span> 
     </span>
    </p>
   </div>
   <div class='ocr_carea' id='block_1_51' title="bbox 157 2486 955 2523">
    <p class='ocr_par' dir='ltr' id='par_1_51' title="bbox 157 2486 955 2523">
     <span class='ocr_line' id='line_1_51' title="bbox 157 2486 955 2523; baseline 0.001 -10"><span class='ocrx_word' id='word_1_391' title='bbox 157 2486 237 2522; x_wconf 82' lang='lat' dir='ltr'><strong>ignis,</strong></span> <span class='ocrx_word' id='word_1_392' title='bbox 253 2486 298 2521; x_wconf 90' lang='lat' dir='ltr'><strong>qui</strong></span> <span class='ocrx_word' id='word_1_393' title='bbox 309 2487 343 2514; x_wconf 87' lang='lat' dir='ltr'><strong>ita</strong></span> <span class='ocrx_word' id='word_1_394' title='bbox 357 2486 436 2520; x_wconf 86' lang='lat' dir='ltr'><strong>edax,</strong></span> <span class='ocrx_word' id='word_1_395' title='bbox 457 2487 493 2514; x_wconf 86' lang='lat' dir='ltr'><strong>ita</strong></span> <span class='ocrx_word' id='word_1_396' title='bbox 509 2487 668 2519; x_wconf 87' lang='lat' dir='ltr'><strong>vehemens,</strong></span> <span class='ocrx_word' id='word_1_397' title='bbox 683 2488 840 2523; x_wconf 88' lang='lat' dir='ltr'><strong>corporibus</strong></span> <span class='ocrx_word' id='word_1_398' title='bbox 862 2496 955 2516; x_wconf 88' lang='lat' dir='ltr'><strong>corru-</strong></span> 
     </span>
    </p>
   </div>
   <div class='ocr_carea' id='block_1_52' title="bbox 156 2531 956 2568">
    <p class='ocr_par' dir='ltr' id='par_1_52' title="bbox 156 2531 956 2568">
     <span class='ocr_line' id='line_1_52' title="bbox 156 2531 956 2568; baseline 0.005 -10"><span class='ocrx_word' id='word_1_399' title='bbox 156 2531 295 2567; x_wconf 87' lang='lat' dir='ltr'><strong>ptibilibus</strong></span> <span class='ocrx_word' id='word_1_400' title='bbox 308 2537 334 2560; x_wconf 88' lang='lat' dir='ltr'><strong>et</strong></span> <span class='ocrx_word' id='word_1_401' title='bbox 358 2537 410 2559; x_wconf 89' lang='lat' dir='ltr'><strong>tam</strong></span> <span class='ocrx_word' id='word_1_402' title='bbox 426 2532 524 2560; x_wconf 89' lang='lat' dir='ltr'><strong>teneris</strong></span> <span class='ocrx_word' id='word_1_403' title='bbox 537 2533 665 2568; x_wconf 82' lang='lat' dir='ltr'><strong>pepercit,</strong></span> <span class='ocrx_word' id='word_1_404' title='bbox 687 2541 765 2568; x_wconf 90' lang='lat' dir='ltr'><strong>quam</strong></span> <span class='ocrx_word' id='word_1_405' title='bbox 779 2539 897 2562; x_wconf 87' lang='lat' dir='ltr'><strong>meretur</strong></span> <span class='ocrx_word' id='word_1_406' title='bbox 910 2542 956 2561; x_wconf 88' lang='lat' dir='ltr'><strong>ve-</strong></span> 
     </span>
    </p>
   </div>
   <div class='ocr_carea' id='block_1_53' title="bbox 157 2578 957 2614">
    <p class='ocr_par' dir='ltr' id='par_1_53' title="bbox 157 2578 957 2614">
     <span class='ocr_line' id='line_1_53' title="bbox 157 2578 957 2614; baseline 0 -9"><span class='ocrx_word' id='word_1_407' title='bbox 157 2579 229 2606; x_wconf 86' lang='lat' dir='ltr'><strong>niam</strong></span> <span class='ocrx_word' id='word_1_408' title='bbox 245 2578 336 2610; x_wconf 85' lang='lat' dir='ltr'><strong>homo.</strong></span> <span class='ocrx_word' id='word_1_409' title='bbox 349 2585 425 2605; x_wconf 92' lang='lat' dir='ltr'><strong>suum</strong></span> <span class='ocrx_word' id='word_1_410' title='bbox 438 2579 573 2607; x_wconf 84' lang='lat' dir='ltr'><strong>refrenare</strong></span> <span class='ocrx_word' id='word_1_411' title='bbox 586 2578 702 2606; x_wconf 87' lang='lat' dir='ltr'><strong>furorem</strong></span> <span class='ocrx_word' id='word_1_412' title='bbox 726 2585 835 2614; x_wconf 87' lang='lat' dir='ltr'><strong>propter</strong></span> <span class='ocrx_word' id='word_1_413' title='bbox 848 2580 957 2607; x_wconf 75' lang='lat' dir='ltr'><strong>manda.</strong></span> 
     </span>
    </p>
   </div>
   <div class='ocr_carea' id='block_1_54' title="bbox 158 2624 955 2661">
    <p class='ocr_par' dir='ltr' id='par_1_54' title="bbox 158 2624 955 2661">
     <span class='ocr_line' id='line_1_54' title="bbox 158 2624 955 2661; baseline 0.004 -10"><span class='ocrx_word' id='word_1_414' title='bbox 158 2629 214 2651; x_wconf 89' lang='lat' dir='ltr'><strong>tttm</strong></span> <span class='ocrx_word' id='word_1_415' title='bbox 231 2624 347 2657; x_wconf 89' lang='lat' dir='ltr'><strong>Domini,</strong></span> <span class='ocrx_word' id='word_1_416' title='bbox 364 2629 392 2652; x_wconf 87' lang='lat' dir='ltr'><strong>et</strong></span> <span class='ocrx_word' id='word_1_417' title='bbox 401 2625 467 2652; x_wconf 88' lang='lat' dir='ltr'><strong>iram</strong></span> <span class='ocrx_word' id='word_1_418' title='bbox 482 2632 544 2660; x_wconf 80' lang='lat' dir='ltr'><strong>erga</strong></span> <span class='ocrx_word' id='word_1_419' title='bbox 565 2625 715 2660; x_wconf 78' lang='lat' dir='ltr'><strong>proximum</strong></span> <span class='ocrx_word' id='word_1_420' title='bbox 736 2634 753 2654; x_wconf 88' lang='lat' dir='ltr'><strong>e</strong></span> <span class='ocrx_word' id='word_1_421' title='bbox 777 2631 885 2661; x_wconf 86' lang='lat' dir='ltr'><strong>pectore</strong></span> <span class='ocrx_word' id='word_1_422' title='bbox 906 2634 955 2654; x_wconf 89' lang='lat' dir='ltr'><strong>suo</strong></span> 
     </span>
    </p>
   </div>
   <div class='ocr_carea' id='block_1_55' title="bbox 155 2670 954 2707">
    <p class='ocr_par' dir='ltr' id='par_1_55' title="bbox 155 2670 954 2707">
     <span class='ocr_line' id='line_1_55' title="bbox 155 2670 954 2707; baseline 0.003 -10"><span class='ocrx_word' id='word_1_423' title='bbox 155 2670 298 2698; x_wconf 86' lang='lat' dir='ltr'><strong>eliminare</strong></span> <span class='ocrx_word' id='word_1_424' title='bbox 319 2670 432 2698; x_wconf 87' lang='lat' dir='ltr'><strong>nolens?</strong></span> <span class='ocrx_word' id='word_1_425' title='bbox 445 2671 480 2698; x_wconf 84' lang='lat' dir='ltr'><strong>Et</strong></span> <span class='ocrx_word' id='word_1_426' title='bbox 491 2671 561 2705; x_wconf 89' lang='lat' dir='ltr'><strong>quod</strong></span> <span class='ocrx_word' id='word_1_427' title='bbox 579 2671 665 2706; x_wconf 83' lang='lat' dir='ltr'><strong>majus</strong></span> <span class='ocrx_word' id='word_1_428' title='bbox 687 2675 748 2705; x_wconf 87' lang='lat' dir='ltr'><strong>est,</strong></span> <span class='ocrx_word' id='word_1_429' title='bbox 770 2671 839 2707; x_wconf 83' lang='lat' dir='ltr'><strong>ignis</strong></span> <span class='ocrx_word' id='word_1_430' title='bbox 854 2677 954 2700; x_wconf 86' lang='lat' dir='ltr'><strong>tantam</strong></span> 
     </span>
    </p>
   </div>
   <div class='ocr_carea' id='block_1_56' title="bbox 158 2715 953 2750">
    <p class='ocr_par' dir='ltr' id='par_1_56' title="bbox 158 2715 953 2750">
     <span class='ocr_line' id='line_1_56' title="bbox 158 2715 953 2750; baseline 0.004 -9"><span class='ocrx_word' id='word_1_431' title='bbox 158 2715 252 2742; x_wconf 84' lang='lat' dir='ltr'><strong>urendi</strong></span> <span class='ocrx_word' id='word_1_432' title='bbox 266 2715 318 2742; x_wconf 87' lang='lat' dir='ltr'><strong>vim</strong></span> <span class='ocrx_word' id='word_1_433' title='bbox 333 2715 449 2748; x_wconf 82' lang='lat' dir='ltr'><strong>habens,</strong></span> <span class='ocrx_word' id='word_1_434' title='bbox 465 2723 539 2742; x_wconf 86' lang='lat' dir='ltr'><strong>suam</strong></span> <span class='ocrx_word' id='word_1_435' title='bbox 555 2716 735 2750; x_wconf 81' lang='lat' dir='ltr'><strong>operationem</strong></span> <span class='ocrx_word' id='word_1_436' title='bbox 752 2724 805 2744; x_wconf 91' lang='lat' dir='ltr'><strong>non</strong></span> <span class='ocrx_word' id='word_1_437' title='bbox 819 2717 953 2750; x_wconf 86' lang='lat' dir='ltr'><strong>ostendit;</strong></span> 
     </span>
    </p>
   </div>
   <div class='ocr_carea' id='block_1_57' title="bbox 158 2762 955 2795">
    <p class='ocr_par' dir='ltr' id='par_1_57' title="bbox 158 2762 955 2795">
     <span class='ocr_line' id='line_1_57' title="bbox 158 2762 955 2795; baseline 0.004 -7"><span class='ocrx_word' id='word_1_438' title='bbox 158 2762 240 2789; x_wconf 89' lang='lat' dir='ltr'><strong>ltomo</strong></span> <span class='ocrx_word' id='word_1_439' title='bbox 252 2765 352 2792; x_wconf 87' lang='lat' dir='ltr'><strong>autem,</strong></span> <span class='ocrx_word' id='word_1_440' title='bbox 369 2766 538 2789; x_wconf 89' lang='lat' dir='ltr'><strong>mansuetum</strong></span> <span class='ocrx_word' id='word_1_441' title='bbox 561 2763 669 2795; x_wconf 83' lang='lat' dir='ltr'><strong>animal,</strong></span> <span class='ocrx_word' id='word_1_442' title='bbox 685 2764 816 2791; x_wconf 85' lang='lat' dir='ltr'><strong>rationale</strong></span> <span class='ocrx_word' id='word_1_443' title='bbox 837 2768 865 2791; x_wconf 87' lang='lat' dir='ltr'><strong>et</strong></span> <span class='ocrx_word' id='word_1_444' title='bbox 878 2764 955 2791; x_wconf 74' lang='lat' dir='ltr'><strong>beni~</strong></span> 
     </span>
    </p>
   </div>
   <div class='ocr_carea' id='block_1_58' title="bbox 157 2807 957 2844">
    <p class='ocr_par' dir='ltr' id='par_1_58' title="bbox 157 2807 957 2844">
     <span class='ocr_line' id='line_1_58' title="bbox 157 2807 957 2844; baseline 0.004 -10"><span class='ocrx_word' id='word_1_445' title='bbox 157 2808 394 2842; x_wconf 79' lang='lat' dir='ltr'><strong>gnum,contraria</strong></span> <span class='ocrx_word' id='word_1_446' title='bbox 404 2814 461 2834; x_wconf 64' lang='lat' dir='ltr'><strong>suae</strong></span> <span class='ocrx_word' id='word_1_447' title='bbox 475 2811 576 2834; x_wconf 69' lang='lat' dir='ltr'><strong>naturae</strong></span> <span class='ocrx_word' id='word_1_448' title='bbox 585 2807 655 2841; x_wconf 87' lang='lat' dir='ltr'><strong>facit,</strong></span> <span class='ocrx_word' id='word_1_449' title='bbox 667 2809 858 2844; x_wconf 85' lang='lat' dir='ltr'><strong>etncgligentia</strong></span> <span class='ocrx_word' id='word_1_450' title='bbox 868 2817 957 2837; x_wconf 84' lang='lat' dir='ltr'><strong>mores</strong></span> 
     </span>
    </p>
   </div>
   <div class='ocr_carea' id='block_1_59' title="bbox 156 2851 967 2889">
    <p class='ocr_par' dir='ltr' id='par_1_59' title="bbox 156 2851 967 2889">
     <span class='ocr_line' id='line_1_59' title="bbox 156 2851 967 2889; baseline 0.002 -9"><span class='ocrx_word' id='word_1_451' title='bbox 156 2859 222 2880; x_wconf 72' lang='lat' dir='ltr'><strong>suos</strong></span> <span class='ocrx_word' id='word_1_452' title='bbox 245 2853 271 2880; x_wconf 90' lang='lat' dir='ltr'><strong>in</strong></span> <span class='ocrx_word' id='word_1_453' title='bbox 295 2852 396 2880; x_wconf 85' lang='lat' dir='ltr'><strong>ferinos</strong></span> <span class='ocrx_word' id='word_1_454' title='bbox 419 2853 510 2879; x_wconf 88' lang='lat' dir='ltr'><strong>vertit.</strong></span> <span class='ocrx_word' id='word_1_455' title='bbox 536 2852 638 2880; x_wconf 84' lang='lat' dir='ltr'><strong>Idcirco</strong></span> <span class='ocrx_word' id='word_1_456' title='bbox 651 2858 678 2881; x_wconf 90' lang='lat' dir='ltr'><strong>et</strong></span> <span class='ocrx_word' id='word_1_457' title='bbox 699 2853 787 2881; x_wconf 88' lang='lat' dir='ltr'><strong>divina</strong></span> <span class='ocrx_word' id='word_1_458' title='bbox 809 2851 967 2889; x_wconf 79' lang='lat' dir='ltr'><strong>Scriptura,&#39;</strong></span> 
     </span>
    </p>
   </div>
   <div class='ocr_carea' id='block_1_60' title="bbox 157 2898 953 2935">
    <p class='ocr_par' dir='ltr' id='par_1_60' title="bbox 157 2898 953 2935">
     <span class='ocr_line' id='line_1_60' title="bbox 157 2898 953 2935; baseline 0.005 -11"><span class='ocrx_word' id='word_1_459' title='bbox 157 2902 267 2935; x_wconf 85' lang='lat' dir='ltr'><strong>propter</strong></span> <span class='ocrx_word' id='word_1_460' title='bbox 273 2898 430 2928; x_wconf 81' lang='lat' dir='ltr'><strong>affectiones</strong></span> <span class='ocrx_word' id='word_1_461' title='bbox 441 2898 499 2926; x_wconf 86' lang='lat' dir='ltr'><strong>illas</strong></span> <span class='ocrx_word' id='word_1_462' title='bbox 508 2898 722 2933; x_wconf 82' lang='lat' dir='ltr'><strong>interturbantcs,</strong></span> <span class='ocrx_word' id='word_1_463' title='bbox 734 2899 953 2928; x_wconf 86' lang='lat' dir='ltr'><strong>irrationabilium</strong></span> 
     </span>
    </p>
   </div>
   <div class='ocr_carea' id='block_1_61' title="bbox 694 174 1226 209">
    <p class='ocr_par' dir='ltr' id='par_1_61' title="bbox 694 174 1226 209">
     <span class='ocr_line' id='line_1_61' title="bbox 694 174 1226 209; baseline -0.008 0"><span class='ocrx_word' id='word_1_464' title='bbox 694 180 728 209; x_wconf 77' lang='lat' dir='ltr'><strong>IN</strong></span> <span class='ocrx_word' id='word_1_465' title='bbox 747 178 867 209; x_wconf 71' lang='lat' dir='ltr'><strong>CAPJI.</strong></span> <span class='ocrx_word' id='word_1_466' title='bbox 888 176 1011 208; x_wconf 79' lang='lat' dir='ltr'><strong>GENES.</strong></span> <span class='ocrx_word' id='word_1_467' title='bbox 1031 175 1144 206; x_wconf 79' lang='lat' dir='ltr'><strong>HOMIL.</strong></span> <span class='ocrx_word' id='word_1_468' title='bbox 1166 174 1226 206; x_wconf 78' lang='lat' dir='ltr'><strong>Xll.</strong></span> 
     </span>
    </p>
   </div>
   <div class='ocr_carea' id='block_1_62' title="bbox 1725 184 1779 212">
    <p class='ocr_par' dir='ltr' id='par_1_62' title="bbox 1725 184 1779 212">
     <span class='ocr_line' id='line_1_62' title="bbox 1725 184 1779 212; baseline 0.019 -1"><span class='ocrx_word' id='word_1_469' title='bbox 1725 184 1779 212; x_wconf 56' lang='lat'><strong>{9‘2</strong></span> 
     </span>
    </p>
   </div>
   <div class='ocr_carea' id='block_1_63' title="bbox 985 234 1771 274">
    <p class='ocr_par' dir='ltr' id='par_1_63' title="bbox 985 234 1771 274">
     <span class='ocr_line' id='line_1_63' title="bbox 985 234 1771 274; baseline 0.011 -14"><span class='ocrx_word' id='word_1_470' title='bbox 985 238 1012 261; x_wconf 74' lang='lat' dir='ltr'><strong>et</strong></span> <span class='ocrx_word' id='word_1_471' title='bbox 1026 234 1140 261; x_wconf 84' lang='lat' dir='ltr'><strong>ferarum</strong></span> <span class='ocrx_word' id='word_1_472' title='bbox 1162 235 1269 261; x_wconf 81' lang='lat' dir='ltr'><strong>nomina</strong></span> <span class='ocrx_word' id='word_1_473' title='bbox 1285 234 1317 262; x_wconf 86' lang='lat' dir='ltr'><strong>iis</strong></span> <span class='ocrx_word' id='word_1_474' title='bbox 1337 235 1383 270; x_wconf 88' lang='lat' dir='ltr'><strong>qui</strong></span> <span class='ocrx_word' id='word_1_475' title='bbox 1396 235 1497 264; x_wconf 83' lang='lat' dir='ltr'><strong>ratione</strong></span> <span class='ocrx_word' id='word_1_476' title='bbox 1511 237 1625 274; x_wconf 80' lang='lat' dir='ltr'><strong>insigniti</strong></span> <span class='ocrx_word' id='word_1_477' title='bbox 1647 246 1709 268; x_wconf 88' lang='lat' dir='ltr'><strong>sunt</strong></span> <span class='ocrx_word' id='word_1_478' title='bbox 1725 244 1771 268; x_wconf 89' lang='lat' dir='ltr'><strong>&#39;nu-</strong></span> 
     </span>
    </p>
   </div>
   <div class='ocr_carea' id='block_1_64' title="bbox 986 281 1774 322">
    <p class='ocr_par' dir='ltr' id='par_1_64' title="bbox 986 281 1774 322">
     <span class='ocr_line' id='line_1_64' title="bbox 986 281 1774 322; baseline 0.014 -17"><span class='ocrx_word' id='word_1_479' title='bbox 986 281 1078 315; x_wconf 85' lang='lat' dir='ltr'><strong>pouit;</strong></span> <span class='ocrx_word' id='word_1_480' title='bbox 1100 281 1230 308; x_wconf 87' lang='lat' dir='ltr'><strong>interdum</strong></span> <span class='ocrx_word' id='word_1_481' title='bbox 1246 288 1326 309; x_wconf 85' lang='lat' dir='ltr'><strong>canes</strong></span> <span class='ocrx_word' id='word_1_482' title='bbox 1338 282 1373 309; x_wconf 91' lang='lat' dir='ltr'><strong>ob</strong></span> <span class='ocrx_word' id='word_1_483' title='bbox 1393 283 1581 318; x_wconf 85' lang='lat' dir='ltr'><strong>impudentiam</strong></span> <span class='ocrx_word' id='word_1_484' title='bbox 1602 293 1628 314; x_wconf 89' lang='lat' dir='ltr'><strong>et</strong></span> <span class='ocrx_word' id='word_1_485' title='bbox 1649 288 1774 322; x_wconf 75' lang='lat' dir='ltr'><strong>imprium</strong></span> 
     </span>
    </p>
   </div>
   <div class='ocr_carea' id='block_1_65' title="bbox 986 327 1776 371">
    <p class='ocr_par' dir='ltr' id='par_1_65' title="bbox 986 327 1776 371">
     <span class='ocr_line' id='line_1_65' title="bbox 986 327 1776 371; baseline 0.01 -17"><span class='ocrx_word' id='word_1_486' title='bbox 986 333 1072 355; x_wconf 72' lang='lat' dir='ltr'><strong>vocat.</strong></span> <span class='ocrx_word' id='word_1_487' title='bbox 1088 327 1198 354; x_wconf 77' lang='lat' dir='ltr'><strong>dicens:</strong></span> <span class='ocrx_word' id='word_1_488' title='bbox 1212 327 1293 355; x_wconf 82' lang='lat' dir='ltr'><strong>Carm</strong></span> <span class='ocrx_word' id='word_1_489' title='bbox 1306 329 1377 361; x_wconf 84' lang='lat' dir='ltr'><strong>muti,</strong></span> <span class='ocrx_word' id='word_1_490' title='bbox 1395 338 1445 356; x_wconf 86' lang='lat' dir='ltr'><strong>non</strong></span> <span class='ocrx_word' id='word_1_491' title='bbox 1465 331 1574 359; x_wconf 78' lang='lat' dir='ltr'><strong>valentes</strong></span> <span class='ocrx_word' id='word_1_492' title='bbox 1595 333 1688 360; x_wconf 80' lang='lat' dir='ltr'><strong>latrare</strong></span> <span class='ocrx_word' id='word_1_493' title='bbox 1700 335 1776 371; x_wconf 80' lang='lat' dir='ltr'><strong>(lsoi.</strong></span> 
     </span>
    </p>
   </div>
   <div class='ocr_carea' id='block_1_66' title="bbox 986 372 1777 415">
    <p class='ocr_par' dir='ltr' id='par_1_66' title="bbox 986 372 1777 415">
     <span class='ocr_line' id='line_1_66' title="bbox 986 372 1777 415; baseline 0.011 -16"><span class='ocrx_word' id='word_1_494' title='bbox 986 372 1030 400; x_wconf 70' lang='lat'><strong>56.</strong></span> <span class='ocrx_word' id='word_1_495' title='bbox 1047 373 1107 407; x_wconf 72' lang='lat'><strong>10);</strong></span> <span class='ocrx_word' id='word_1_496' title='bbox 1128 373 1259 401; x_wconf 86' lang='lat' dir='ltr'><strong>interdum</strong></span> <span class='ocrx_word' id='word_1_497' title='bbox 1286 375 1320 401; x_wconf 89' lang='lat' dir='ltr'><strong>ob</strong></span> <span class='ocrx_word' id='word_1_498' title='bbox 1342 375 1478 403; x_wconf 80' lang='lat' dir='ltr'><strong>iihidincm</strong></span> <span class='ocrx_word' id='word_1_499' title='bbox 1502 385 1603 412; x_wconf 84' lang='lat' dir='ltr'><strong>equos:</strong></span> <span class='ocrx_word' id='word_1_500' title='bbox 1633 378 1701 406; x_wconf 80' lang='lat' dir='ltr'><strong>Nam</strong></span> <span class='ocrx_word' id='word_1_501' title='bbox 1723 382 1777 415; x_wconf 78' lang='lat' dir='ltr'><strong>equi</strong></span> 
     </span>
    </p>
   </div>
   <div class='ocr_carea' id='block_1_67' title="bbox 987 418 1778 458">
    <p class='ocr_par' dir='ltr' id='par_1_67' title="bbox 987 418 1778 458">
     <span class='ocr_line' id='line_1_67' title="bbox 987 418 1778 458; baseline 0.011 -15"><span class='ocrx_word' id='word_1_502' title='bbox 987 418 1110 444; x_wconf 72' lang='lat' dir='ltr'><strong>entissarii</strong></span> <span class='ocrx_word' id='word_1_503' title='bbox 1122 419 1183 453; x_wconf 78' lang='grc' dir='ltr'><em>[αι-ιὶ</em></span> <span class='ocrx_word' id='word_1_504' title='bbox 1193 423 1261 451; x_wconf 81' lang='lat' dir='ltr'><strong>sunt,</strong></span> <span class='ocrx_word' id='word_1_505' title='bbox 1275 420 1443 455; x_wconf 72' lang='lat' dir='ltr'><strong>unusquisque</strong></span> <span class='ocrx_word' id='word_1_506' title='bbox 1455 421 1489 448; x_wconf 83' lang='lat' dir='ltr'><strong>ad</strong></span> <span class='ocrx_word' id='word_1_507' title='bbox 1500 430 1605 449; x_wconf 72' lang='lat' dir='ltr'><strong>uxorem</strong></span> <span class='ocrx_word' id='word_1_508' title='bbox 1619 425 1727 458; x_wconf 70' lang='lat' dir='ltr'><strong>proximi</strong></span> <span class='ocrx_word' id='word_1_509' title='bbox 1740 427 1778 453; x_wconf 78' lang='lat' dir='ltr'><strong>sui</strong></span> 
     </span>
    </p>
   </div>
   <div class='ocr_carea' id='block_1_68' title="bbox 987 462 1779 503">
    <p class='ocr_par' dir='ltr' id='par_1_68' title="bbox 987 462 1779 503">
     <span class='ocr_line' id='line_1_68' title="bbox 987 462 1779 503; baseline 0.014 -15"><span class='ocrx_word' id='word_1_510' title='bbox 987 462 1114 490; x_wconf 77' lang='lat' dir='ltr'><strong>hinnich</strong></span> <span class='ocrx_word' id='word_1_511' title='bbox 1138 463 1204 498; x_wconf 84' lang='lat' dir='ltr'><strong>(Jer.</strong></span> <span class='ocrx_word' id='word_1_512' title='bbox 1221 464 1247 491; x_wconf 87' lang='lat'><strong>5.</strong></span> <span class='ocrx_word' id='word_1_513' title='bbox 1268 465 1313 499; x_wconf 86' lang='lat'><strong>8);</strong></span> <span class='ocrx_word' id='word_1_514' title='bbox 1331 465 1462 494; x_wconf 86' lang='lat' dir='ltr'><strong>interdum</strong></span> <span class='ocrx_word' id='word_1_515' title='bbox 1477 475 1539 495; x_wconf 90' lang='lat' dir='ltr'><strong>vero</strong></span> <span class='ocrx_word' id='word_1_516' title='bbox 1553 470 1652 503; x_wconf 86' lang='lat' dir='ltr'><strong>asinos,</strong></span> <span class='ocrx_word' id='word_1_517' title='bbox 1669 471 1703 498; x_wconf 88' lang='lat' dir='ltr'><strong>ob</strong></span> <span class='ocrx_word' id='word_1_518' title='bbox 1725 477 1779 499; x_wconf 78' lang='lat' dir='ltr'><strong>stu-</strong></span> 
     </span>
    </p>
   </div>
   <div class='ocr_carea' id='block_1_69' title="bbox 989 508 1780 553">
    <p class='ocr_par' dir='ltr' id='par_1_69' title="bbox 989 508 1780 553">
     <span class='ocr_line' id='line_1_69' title="bbox 989 508 1780 553; baseline 0.014 -19"><span class='ocrx_word' id='word_1_519' title='bbox 989 508 1123 541; x_wconf 85' lang='lat' dir='ltr'><strong>piditatetn</strong></span> <span class='ocrx_word' id='word_1_520' title='bbox 1147 514 1173 536; x_wconf 87' lang='lat' dir='ltr'><strong>et</strong></span> <span class='ocrx_word' id='word_1_521' title='bbox 1188 510 1330 538; x_wconf 80' lang='lat' dir='ltr'><strong>ruditolcm</strong></span> <span class='ocrx_word' id='word_1_522' title='bbox 1343 520 1350 537; x_wconf 85' lang='lat'><strong>:</strong></span> <span class='ocrx_word' id='word_1_523' title='bbox 1364 512 1531 547; x_wconf 81' lang='lat' dir='ltr'><strong>Comparaltts</strong></span> <span class='ocrx_word' id='word_1_524' title='bbox 1542 520 1578 542; x_wconf 70' lang='lat' dir='ltr'><strong>est</strong></span> <span class='ocrx_word' id='word_1_525' title='bbox 1593 516 1663 543; x_wconf 89' lang='lat' dir='ltr'><strong>enim</strong></span> <span class='ocrx_word' id='word_1_526' title='bbox 1674 537 1682 549; x_wconf 89' lang='lat'><strong>,</strong></span> <span class='ocrx_word' id='word_1_527' title='bbox 1698 517 1780 553; x_wconf 87' lang='lat' dir='ltr'><strong>inquit</strong></span> 
     </span>
    </p>
   </div>
   <div class='ocr_carea' id='block_1_70' title="bbox 988 553 1782 599">
    <p class='ocr_par' dir='ltr' id='par_1_70' title="bbox 988 553 1782 599">
     <span class='ocr_line' id='line_1_70' title="bbox 988 553 1782 599; baseline 0.016 -20"><span class='ocrx_word' id='word_1_528' title='bbox 988 553 1134 588; x_wconf 79' lang='lat' dir='ltr'><strong>Scriptura,</strong></span> <span class='ocrx_word' id='word_1_529' title='bbox 1151 557 1274 590; x_wconf 76' lang='lat' dir='ltr'><strong>jumeutis</strong></span> <span class='ocrx_word' id='word_1_530' title='bbox 1293 558 1476 593; x_wconf 75' lang='lat' dir='ltr'><strong>insipientibus,</strong></span> <span class='ocrx_word' id='word_1_531' title='bbox 1492 565 1516 587; x_wconf 76' lang='lat' dir='ltr'><strong>et</strong></span> <span class='ocrx_word' id='word_1_532' title='bbox 1535 562 1625 589; x_wconf 71' lang='lat' dir='ltr'><strong>similis</strong></span> <span class='ocrx_word' id='word_1_533' title='bbox 1644 564 1726 599; x_wconf 79' lang='lat' dir='ltr'><strong>[actus</strong></span> <span class='ocrx_word' id='word_1_534' title='bbox 1747 569 1782 593; x_wconf 70' lang='grc' dir='ltr'><strong>ωι</strong></span> 
     </span>
    </p>
   </div>
   <div class='ocr_carea' id='block_1_71' title="bbox 988 599 1783 642">
    <p class='ocr_par' dir='ltr' id='par_1_71' title="bbox 988 599 1783 642">
     <span class='ocr_line' id='line_1_71' title="bbox 988 599 1783 642; baseline 0.015 -17"><span class='ocrx_word' id='word_1_535' title='bbox 988 599 1040 626; x_wconf 76' lang='lat' dir='ltr'><strong>illis</strong></span> <span class='ocrx_word' id='word_1_536' title='bbox 1053 599 1139 634; x_wconf 71' lang='lat' dir='ltr'><strong>(Psal.</strong></span> <span class='ocrx_word' id='word_1_537' title='bbox 1155 601 1200 629; x_wconf 73' lang='lat'><strong>48.</strong></span> <span class='ocrx_word' id='word_1_538' title='bbox 1219 603 1280 637; x_wconf 76' lang='lat' dir='ltr'><strong>l3);</strong></span> <span class='ocrx_word' id='word_1_539' title='bbox 1294 604 1437 639; x_wconf 87' lang='lat' dir='ltr'><strong>aliquando</strong></span> <span class='ocrx_word' id='word_1_540' title='bbox 1450 606 1529 633; x_wconf 87' lang='lat' dir='ltr'><strong>etiam</strong></span> <span class='ocrx_word' id='word_1_541' title='bbox 1543 607 1633 635; x_wconf 89' lang='lat' dir='ltr'><strong>leones</strong></span> <span class='ocrx_word' id='word_1_542' title='bbox 1648 613 1675 636; x_wconf 88' lang='lat' dir='ltr'><strong>et</strong></span> <span class='ocrx_word' id='word_1_543' title='bbox 1687 611 1783 642; x_wconf 81' lang='lat' dir='ltr'><strong>pardus</strong></span> 
     </span>
    </p>
   </div>
   <div class='ocr_carea' id='block_1_72' title="bbox 990 647 1783 690">
    <p class='ocr_par' dir='ltr' id='par_1_72' title="bbox 990 647 1783 690">
     <span class='ocr_line' id='line_1_72' title="bbox 990 647 1783 690; baseline 0.019 -19"><span class='ocrx_word' id='word_1_544' title='bbox 990 651 1076 678; x_wconf 79' lang='lat' dir='ltr'><strong>vocat,</strong></span> <span class='ocrx_word' id='word_1_545' title='bbox 1093 647 1127 674; x_wconf 88' lang='lat' dir='ltr'><strong>ob</strong></span> <span class='ocrx_word' id='word_1_546' title='bbox 1139 649 1309 682; x_wconf 85' lang='lat' dir='ltr'><strong>rapacitatem</strong></span> <span class='ocrx_word' id='word_1_547' title='bbox 1322 656 1349 677; x_wconf 93' lang='lat' dir='ltr'><strong>et</strong></span> <span class='ocrx_word' id='word_1_548' title='bbox 1362 652 1513 681; x_wconf 86' lang='lat' dir='ltr'><strong>aviditatem</strong></span> <span class='ocrx_word' id='word_1_549' title='bbox 1525 663 1532 687; x_wconf 89' lang='lat'><strong>;</strong></span> <span class='ocrx_word' id='word_1_550' title='bbox 1555 655 1696 690; x_wconf 87' lang='lat' dir='ltr'><strong>aliquando</strong></span> <span class='ocrx_word' id='word_1_551' title='bbox 1721 658 1783 685; x_wconf 87' lang='lat' dir='ltr'><strong>item</strong></span> 
     </span>
    </p>
   </div>
   <div class='ocr_carea' id='block_1_73' title="bbox 990 691 1784 738">
    <p class='ocr_par' dir='ltr' id='par_1_73' title="bbox 990 691 1784 738">
     <span class='ocr_line' id='line_1_73' title="bbox 990 691 1784 738; baseline 0.018 -21"><span class='ocrx_word' id='word_1_552' title='bbox 990 691 1104 726; x_wconf 87' lang='lat' dir='ltr'><strong>aspides,</strong></span> <span class='ocrx_word' id='word_1_553' title='bbox 1120 693 1154 720; x_wconf 89' lang='lat' dir='ltr'><strong>ob</strong></span> <span class='ocrx_word' id='word_1_554' title='bbox 1165 693 1367 723; x_wconf 84' lang='lat' dir='ltr'><strong>fraudulentiam</strong></span> <span class='ocrx_word' id='word_1_555' title='bbox 1381 706 1387 724; x_wconf 93' lang='lat'><strong>:</strong></span> <span class='ocrx_word' id='word_1_556' title='bbox 1404 697 1540 732; x_wconf 78' lang='lat' dir='ltr'><strong>Venenum,</strong></span> <span class='ocrx_word' id='word_1_557' title='bbox 1554 701 1646 737; x_wconf 83' lang='lat' dir='ltr'><strong>inquit,</strong></span> <span class='ocrx_word' id='word_1_558' title='bbox 1667 705 1784 738; x_wconf 81' lang='lat' dir='ltr'><strong>aspidnm</strong></span> 
     </span>
    </p>
   </div>
   <div class='ocr_carea' id='block_1_74' title="bbox 991 737 1784 784">
    <p class='ocr_par' dir='ltr' id='par_1_74' title="bbox 991 737 1784 784">
     <span class='ocr_line' id='line_1_74' title="bbox 991 737 1784 784; baseline 0.018 -21"><span class='ocrx_word' id='word_1_559' title='bbox 991 737 1035 764; x_wconf 79' lang='lat' dir='ltr'><strong>sub</strong></span> <span class='ocrx_word' id='word_1_560' title='bbox 1048 737 1120 765; x_wconf 70' lang='lat' dir='ltr'><strong>labiis</strong></span> <span class='ocrx_word' id='word_1_561' title='bbox 1132 747 1218 766; x_wconf 73' lang='lat' dir='ltr'><strong>eorum</strong></span> <span class='ocrx_word' id='word_1_562' title='bbox 1229 740 1314 776; x_wconf 74' lang='lat' dir='ltr'><strong>(Paul.</strong></span> <span class='ocrx_word' id='word_1_563' title='bbox 1329 742 1387 770; x_wconf 82' lang='grc'><strong>159.</strong></span> <span class='ocrx_word' id='word_1_564' title='bbox 1404 743 1431 780; x_wconf 78' lang='grc'><strong>4)</strong></span> <span class='ocrx_word' id='word_1_565' title='bbox 1443 753 1449 776; x_wconf 92' lang='grc'><strong>;</strong></span> <span class='ocrx_word' id='word_1_566' title='bbox 1463 753 1661 782; x_wconf 88' lang='lat' dir='ltr'><strong>nonnumquam</strong></span> <span class='ocrx_word' id='word_1_567' title='bbox 1675 737 1784 784; x_wconf 82' lang='lat' dir='ltr'><strong>serpen-</strong></span> 
     </span>
    </p>
   </div>
   <div class='ocr_carea' id='block_1_75' title="bbox 993 784 1786 826">
    <p class='ocr_par' dir='ltr' id='par_1_75' title="bbox 993 784 1786 826">
     <span class='ocr_line' id='line_1_75' title="bbox 993 784 1786 826; baseline 0.019 -17"><span class='ocrx_word' id='word_1_568' title='bbox 993 787 1033 810; x_wconf 80' lang='lat' dir='ltr'><strong>tes</strong></span> <span class='ocrx_word' id='word_1_569' title='bbox 1043 789 1069 810; x_wconf 88' lang='lat' dir='ltr'><strong>et</strong></span> <span class='ocrx_word' id='word_1_570' title='bbox 1080 784 1195 819; x_wconf 83' lang='lat' dir='ltr'><strong>viperas,</strong></span> <span class='ocrx_word' id='word_1_571' title='bbox 1207 786 1242 813; x_wconf 90' lang='lat' dir='ltr'><strong>ob</strong></span> <span class='ocrx_word' id='word_1_572' title='bbox 1256 787 1342 814; x_wconf 85' lang='lat' dir='ltr'><strong>latens</strong></span> <span class='ocrx_word' id='word_1_573' title='bbox 1353 796 1482 817; x_wconf 87' lang='lat' dir='ltr'><strong>venenum</strong></span> <span class='ocrx_word' id='word_1_574' title='bbox 1494 796 1521 818; x_wconf 89' lang='lat' dir='ltr'><strong>et</strong></span> <span class='ocrx_word' id='word_1_575' title='bbox 1533 793 1669 826; x_wconf 85' lang='lat' dir='ltr'><strong>malitiam,</strong></span> <span class='ocrx_word' id='word_1_576' title='bbox 1682 796 1750 823; x_wconf 91' lang='lat' dir='ltr'><strong>sicut</strong></span> <span class='ocrx_word' id='word_1_577' title='bbox 1759 801 1786 824; x_wconf 86' lang='lat' dir='ltr'><strong>et</strong></span> 
     </span>
    </p>
   </div>
   <div class='ocr_carea' id='block_1_76' title="bbox 993 828 1786 876">
    <p class='ocr_par' dir='ltr' id='par_1_76' title="bbox 993 828 1786 876">
     <span class='ocr_line' id='line_1_76' title="bbox 993 828 1786 876; baseline 0.019 -22"><span class='ocrx_word' id='word_1_578' title='bbox 993 828 1086 876; x_wconf 79' lang='lat' dir='ltr'><strong>beatus</strong></span> <span class='ocrx_word' id='word_1_579' title='bbox 1098 829 1213 858; x_wconf 77' lang='lat' dir='ltr'><strong>Joannes</strong></span> <span class='ocrx_word' id='word_1_580' title='bbox 1221 832 1362 867; x_wconf 85' lang='lat' dir='ltr'><strong>clamabat,</strong></span> <span class='ocrx_word' id='word_1_581' title='bbox 1377 835 1467 863; x_wconf 84' lang='lat' dir='ltr'><strong>dicens</strong></span> <span class='ocrx_word' id='word_1_582' title='bbox 1480 845 1486 863; x_wconf 90' lang='lat'><strong>:</strong></span> <span class='ocrx_word' id='word_1_583' title='bbox 1500 837 1644 873; x_wconf 72' lang='lat' dir='ltr'><strong>Serpentes,</strong></span> <span class='ocrx_word' id='word_1_584' title='bbox 1656 843 1786 876; x_wconf 76' lang='lat' dir='ltr'><strong>progenies</strong></span> 
     </span>
    </p>
   </div>
   <div class='ocr_carea' id='block_1_77' title="bbox 993 873 1787 918">
    <p class='ocr_par' dir='ltr' id='par_1_77' title="bbox 993 873 1787 918">
     <span class='ocr_line' id='line_1_77' title="bbox 993 873 1787 918; baseline 0.021 -20"><span class='ocrx_word' id='word_1_585' title='bbox 993 873 1145 908; x_wconf 71' lang='lat' dir='ltr'><strong>viperarum,</strong></span> <span class='ocrx_word' id='word_1_586' title='bbox 1162 876 1218 910; x_wconf 80' lang='lat' dir='ltr'><strong>quis</strong></span> <span class='ocrx_word' id='word_1_587' title='bbox 1231 876 1300 904; x_wconf 79' lang='lat' dir='ltr'><strong>vobis</strong></span> <span class='ocrx_word' id='word_1_588' title='bbox 1314 879 1492 908; x_wconf 80' lang='lat' dir='ltr'><strong>demonstravit</strong></span> <span class='ocrx_word' id='word_1_589' title='bbox 1505 884 1591 918; x_wconf 77' lang='lat' dir='ltr'><strong>fugere</strong></span> <span class='ocrx_word' id='word_1_590' title='bbox 1602 892 1618 911; x_wconf 80' lang='grc' dir='ltr'><em>α</em></span> <span class='ocrx_word' id='word_1_591' title='bbox 1631 873 1734 913; x_wconf 68' lang='lat' dir='ltr'><strong>ventura</strong></span> <span class='ocrx_word' id='word_1_592' title='bbox 1749 889 1787 915; x_wconf 87' lang='lat' dir='ltr'><strong>ira</strong></span> 
     </span>
    </p>
   </div>
   <div class='ocr_carea' id='block_1_78' title="bbox 994 919 1789 966">
    <p class='ocr_par' dir='ltr' id='par_1_78' title="bbox 994 919 1789 966">
     <span class='ocr_line' id='line_1_78' title="bbox 994 919 1789 966; baseline 0.02 -21"><span class='ocrx_word' id='word_1_593' title='bbox 994 919 1100 955; x_wconf 71' lang='lat' dir='ltr'><strong>(Matth.</strong></span> <span class='ocrx_word' id='word_1_594' title='bbox 1115 922 1142 948; x_wconf 76' lang='grc' dir='ltr'><strong>ὅ.</strong></span> <span class='ocrx_word' id='word_1_595' title='bbox 1157 922 1203 957; x_wconf 81' lang='lat'><strong>7)?</strong></span> <span class='ocrx_word' id='word_1_596' title='bbox 1214 923 1322 958; x_wconf 87' lang='lat' dir='ltr'><strong>insuper</strong></span> <span class='ocrx_word' id='word_1_597' title='bbox 1332 931 1358 952; x_wconf 88' lang='lat' dir='ltr'><strong>et</strong></span> <span class='ocrx_word' id='word_1_598' title='bbox 1368 925 1418 953; x_wconf 84' lang='lat' dir='ltr'><strong>alia</strong></span> <span class='ocrx_word' id='word_1_599' title='bbox 1429 927 1613 957; x_wconf 82' lang='lat' dir='ltr'><strong>affectionibus</strong></span> <span class='ocrx_word' id='word_1_600' title='bbox 1624 933 1789 966; x_wconf 86' lang='lat' dir='ltr'><strong>responden-</strong></span> 
     </span>
    </p>
   </div>
   <div class='ocr_carea' id='block_1_79' title="bbox 996 967 1787 1008">
    <p class='ocr_par' dir='ltr' id='par_1_79' title="bbox 996 967 1787 1008">
     <span class='ocr_line' id='line_1_79' title="bbox 996 967 1787 1008; baseline 0.019 -16"><span class='ocrx_word' id='word_1_601' title='bbox 996 967 1030 993; x_wconf 86' lang='lat' dir='ltr'><strong>tia</strong></span> <span class='ocrx_word' id='word_1_602' title='bbox 1045 967 1152 994; x_wconf 91' lang='lat' dir='ltr'><strong>nomina</strong></span> <span class='ocrx_word' id='word_1_603' title='bbox 1164 968 1285 1003; x_wconf 80' lang='lat' dir='ltr'><strong>imponit,</strong></span> <span class='ocrx_word' id='word_1_604' title='bbox 1298 972 1374 999; x_wconf 89' lang='lat' dir='ltr'><strong>utsic</strong></span> <span class='ocrx_word' id='word_1_605' title='bbox 1385 973 1426 1000; x_wconf 78' lang='lat' dir='ltr'><strong>vel</strong></span> <span class='ocrx_word' id='word_1_606' title='bbox 1439 974 1542 1002; x_wconf 87' lang='lat' dir='ltr'><strong>tandem</strong></span> <span class='ocrx_word' id='word_1_607' title='bbox 1555 976 1656 1004; x_wconf 89' lang='lat' dir='ltr'><strong>confusi</strong></span> <span class='ocrx_word' id='word_1_608' title='bbox 1666 978 1698 1006; x_wconf 87' lang='lat' dir='ltr'><strong>ad</strong></span> <span class='ocrx_word' id='word_1_609' title='bbox 1712 987 1787 1008; x_wconf 86' lang='lat' dir='ltr'><strong>suam</strong></span> 
     </span>
    </p>
   </div>
   <div class='ocr_carea' id='block_1_80' title="bbox 995 1012 1789 1056">
    <p class='ocr_par' dir='ltr' id='par_1_80' title="bbox 995 1012 1789 1056">
     <span class='ocr_line' id='line_1_80' title="bbox 995 1012 1789 1056; baseline 0.023 -19"><span class='ocrx_word' id='word_1_610' title='bbox 995 1012 1137 1046; x_wconf 85' lang='lat' dir='ltr'><strong>aliquando</strong></span> <span class='ocrx_word' id='word_1_611' title='bbox 1158 1015 1269 1042; x_wconf 82' lang='lat' dir='ltr'><strong>redeant</strong></span> <span class='ocrx_word' id='word_1_612' title='bbox 1285 1017 1459 1052; x_wconf 87' lang='lat' dir='ltr'><strong>nobilitatem,</strong></span> <span class='ocrx_word' id='word_1_613' title='bbox 1475 1025 1501 1046; x_wconf 91' lang='lat' dir='ltr'><strong>et</strong></span> <span class='ocrx_word' id='word_1_614' title='bbox 1516 1028 1565 1048; x_wconf 88' lang='lat' dir='ltr'><strong>suo</strong></span> <span class='ocrx_word' id='word_1_615' title='bbox 1577 1024 1667 1056; x_wconf 79' lang='lat' dir='ltr'><strong>generi</strong></span> <span class='ocrx_word' id='word_1_616' title='bbox 1689 1027 1789 1054; x_wconf 72' lang='lat' dir='ltr'><strong>coufoe-</strong></span> 
     </span>
    </p>
   </div>
   <div class='ocr_carea' id='block_1_81' title="bbox 998 1057 1790 1105">
    <p class='ocr_par' dir='ltr' id='par_1_81' title="bbox 998 1057 1790 1105">
     <span class='ocr_line' id='line_1_81' title="bbox 998 1057 1790 1105; baseline 0.019 -21"><span class='ocrx_word' id='word_1_617' title='bbox 998 1057 1136 1092; x_wconf 86' lang='lat' dir='ltr'><strong>dereutnr,</strong></span> <span class='ocrx_word' id='word_1_618' title='bbox 1160 1059 1397 1098; x_wconf 64' lang='lat' dir='ltr'><strong>affectionibusth</strong></span> <span class='ocrx_word' id='word_1_619' title='bbox 1417 1065 1472 1092; x_wconf 88' lang='lat' dir='ltr'><strong>suis</strong></span> <span class='ocrx_word' id='word_1_620' title='bbox 1492 1065 1595 1095; x_wconf 88' lang='lat' dir='ltr'><strong>divinas</strong></span> <span class='ocrx_word' id='word_1_621' title='bbox 1609 1069 1680 1104; x_wconf 83' lang='lat' dir='ltr'><strong>leges</strong></span> <span class='ocrx_word' id='word_1_622' title='bbox 1694 1072 1790 1105; x_wconf 83' lang='lat' dir='ltr'><strong>pra-fe-</strong></span> 
     </span>
    </p>
   </div>
   <div class='ocr_carea' id='block_1_82' title="bbox 996 1105 1644 1145">
    <p class='ocr_par' dir='ltr' id='par_1_82' title="bbox 996 1105 1644 1145">
     <span class='ocr_line' id='line_1_82' title="bbox 996 1105 1644 1145; baseline 0.017 -15"><span class='ocrx_word' id='word_1_623' title='bbox 996 1108 1065 1136; x_wconf 82' lang='lat' dir='ltr'><strong>rant,</strong></span> <span class='ocrx_word' id='word_1_624' title='bbox 1079 1105 1175 1140; x_wconf 88' lang='lat' dir='ltr'><strong>quibus</strong></span> <span class='ocrx_word' id='word_1_625' title='bbox 1187 1114 1246 1134; x_wconf 89' lang='lat' dir='ltr'><strong>sese</strong></span> <span class='ocrx_word' id='word_1_626' title='bbox 1260 1107 1440 1143; x_wconf 84' lang='lat' dir='ltr'><strong>deiinqncndo</strong></span> <span class='ocrx_word' id='word_1_627' title='bbox 1456 1113 1644 1145; x_wconf 86' lang='lat' dir='ltr'><strong>permiserunt.</strong></span> 
     </span>
    </p>
   </div>
   <div class='ocr_carea' id='block_1_83' title="bbox 1032 1150 1790 1194">
    <p class='ocr_par' dir='ltr' id='par_1_83' title="bbox 1032 1150 1790 1194">
     <span class='ocr_line' id='line_1_83' title="bbox 1032 1150 1790 1194; baseline 0.018 -18"><span class='ocrx_word' id='word_1_628' title='bbox 1032 1150 1059 1176; x_wconf 78' lang='grc'><strong>4.</strong></span> <span class='ocrx_word' id='word_1_629' title='bbox 1080 1150 1132 1178; x_wconf 88' lang='lat' dir='ltr'><strong>Sed</strong></span> <span class='ocrx_word' id='word_1_630' title='bbox 1153 1152 1245 1179; x_wconf 85' lang='lat' dir='ltr'><strong>nescio</strong></span> <span class='ocrx_word' id='word_1_631' title='bbox 1262 1155 1395 1187; x_wconf 90' lang='lat' dir='ltr'><strong>quomodo</strong></span> <span class='ocrx_word' id='word_1_632' title='bbox 1408 1162 1423 1182; x_wconf 90' lang='lat' dir='ltr'><strong>a</strong></span> <span class='ocrx_word' id='word_1_633' title='bbox 1437 1158 1568 1186; x_wconf 87' lang='lat' dir='ltr'><strong>sermonis</strong></span> <span class='ocrx_word' id='word_1_634' title='bbox 1590 1159 1690 1194; x_wconf 84' lang='lat' dir='ltr'><strong>impetu</strong></span> <span class='ocrx_word' id='word_1_635' title='bbox 1710 1162 1790 1191; x_wconf 85' lang='lat' dir='ltr'><strong>abre-</strong></span> 
     </span>
    </p>
   </div>
   <div class='ocr_carea' id='block_1_84' title="bbox 997 1196 1790 1237">
    <p class='ocr_par' dir='ltr' id='par_1_84' title="bbox 997 1196 1790 1237">
     <span class='ocr_line' id='line_1_84' title="bbox 997 1196 1790 1237; baseline 0.019 -16"><span class='ocrx_word' id='word_1_636' title='bbox 997 1199 1058 1230; x_wconf 77' lang='lat' dir='ltr'><strong>ptus</strong></span> <span class='ocrx_word' id='word_1_637' title='bbox 1076 1196 1110 1223; x_wconf 86' lang='lat' dir='ltr'><strong>ad</strong></span> <span class='ocrx_word' id='word_1_638' title='bbox 1126 1196 1184 1224; x_wconf 76' lang='lat' dir='ltr'><strong>htec</strong></span> <span class='ocrx_word' id='word_1_639' title='bbox 1198 1198 1310 1233; x_wconf 64' lang='lat' dir='ltr'><strong>digressi</strong></span> <span class='ocrx_word' id='word_1_640' title='bbox 1325 1200 1417 1227; x_wconf 88' lang='lat' dir='ltr'><strong>simus.</strong></span> <span class='ocrx_word' id='word_1_641' title='bbox 1433 1202 1488 1236; x_wconf 82' lang='lat' dir='ltr'><strong>Age</strong></span> <span class='ocrx_word' id='word_1_642' title='bbox 1500 1212 1569 1232; x_wconf 93' lang='lat' dir='ltr'><strong>nunc</strong></span> <span class='ocrx_word' id='word_1_643' title='bbox 1588 1206 1621 1232; x_wconf 90' lang='lat' dir='ltr'><strong>ad</strong></span> <span class='ocrx_word' id='word_1_644' title='bbox 1643 1206 1790 1237; x_wconf 89' lang='lat' dir='ltr'><strong>institutum</strong></span> 
     </span>
    </p>
   </div>
   <div class='ocr_carea' id='block_1_85' title="bbox 997 1241 1790 1282">
    <p class='ocr_par' dir='ltr' id='par_1_85' title="bbox 997 1241 1790 1282">
     <span class='ocr_line' id='line_1_85' title="bbox 997 1241 1790 1282; baseline 0.018 -14"><span class='ocrx_word' id='word_1_645' title='bbox 997 1241 1156 1276; x_wconf 81' lang='lat' dir='ltr'><strong>redeamus;</strong></span> <span class='ocrx_word' id='word_1_646' title='bbox 1171 1248 1197 1271; x_wconf 89' lang='lat' dir='ltr'><strong>et</strong></span> <span class='ocrx_word' id='word_1_647' title='bbox 1211 1244 1348 1273; x_wconf 85' lang='lat' dir='ltr'><strong>videamus</strong></span> <span class='ocrx_word' id='word_1_648' title='bbox 1360 1247 1484 1282; x_wconf 89' lang='lat' dir='ltr'><strong>quidnam</strong></span> <span class='ocrx_word' id='word_1_649' title='bbox 1497 1249 1576 1277; x_wconf 85' lang='lat' dir='ltr'><strong>etiam</strong></span> <span class='ocrx_word' id='word_1_650' title='bbox 1591 1251 1662 1279; x_wconf 86' lang='lat' dir='ltr'><strong>aliud</strong></span> <span class='ocrx_word' id='word_1_651' title='bbox 1678 1261 1725 1280; x_wconf 92' lang='lat' dir='ltr'><strong>nos</strong></span> <span class='ocrx_word' id='word_1_652' title='bbox 1740 1255 1790 1282; x_wconf 92' lang='lat' dir='ltr'><strong>do-</strong></span> 
     </span>
    </p>
   </div>
   <div class='ocr_carea' id='block_1_86' title="bbox 997 1288 1792 1332">
    <p class='ocr_par' dir='ltr' id='par_1_86' title="bbox 997 1288 1792 1332">
     <span class='ocr_line' id='line_1_86' title="bbox 997 1288 1792 1332; baseline 0.018 -18"><span class='ocrx_word' id='word_1_653' title='bbox 997 1294 1060 1316; x_wconf 85' lang='lat' dir='ltr'><strong>cere</strong></span> <span class='ocrx_word' id='word_1_654' title='bbox 1083 1288 1145 1316; x_wconf 86' lang='lat' dir='ltr'><strong>velit</strong></span> <span class='ocrx_word' id='word_1_655' title='bbox 1161 1289 1252 1317; x_wconf 89' lang='lat' dir='ltr'><strong>beatus</strong></span> <span class='ocrx_word' id='word_1_656' title='bbox 1265 1291 1310 1318; x_wconf 91' lang='lat' dir='ltr'><strong>ille</strong></span> <span class='ocrx_word' id='word_1_657' title='bbox 1325 1292 1463 1327; x_wconf 89' lang='lat' dir='ltr'><strong>propheta.</strong></span> <span class='ocrx_word' id='word_1_658' title='bbox 1479 1294 1544 1322; x_wconf 83' lang='lat' dir='ltr'><strong>Nunt</strong></span> <span class='ocrx_word' id='word_1_659' title='bbox 1561 1301 1588 1323; x_wconf 96' lang='lat' dir='ltr'><strong>ut</strong></span> <span class='ocrx_word' id='word_1_660' title='bbox 1602 1297 1742 1332; x_wconf 72' lang='lat' dir='ltr'><strong>dixit,,llic</strong></span> <span class='ocrx_word' id='word_1_661' title='bbox 1756 1306 1792 1328; x_wconf 74' lang='lat' dir='ltr'><strong>est</strong></span> 
     </span>
    </p>
   </div>
   <div class='ocr_carea' id='block_1_87' title="bbox 998 1334 1792 1378">
    <p class='ocr_par' dir='ltr' id='par_1_87' title="bbox 998 1334 1792 1378">
     <span class='ocr_line' id='line_1_87' title="bbox 998 1334 1792 1378; baseline 0.018 -19"><span class='ocrx_word' id='word_1_662' title='bbox 998 1334 1060 1360; x_wconf 77' lang='lat' dir='ltr'><strong>liber</strong></span> <span class='ocrx_word' id='word_1_663' title='bbox 1078 1335 1245 1369; x_wconf 73' lang='lat' dir='ltr'><strong>generationis</strong></span> <span class='ocrx_word' id='word_1_664' title='bbox 1258 1337 1313 1363; x_wconf 70' lang='lat' dir='ltr'><strong>(mli</strong></span> <span class='ocrx_word' id='word_1_665' title='bbox 1328 1342 1350 1364; x_wconf 88' lang='lat' dir='ltr'><strong>et</strong></span> <span class='ocrx_word' id='word_1_666' title='bbox 1367 1343 1449 1372; x_wconf 79' lang='lat' dir='ltr'><strong>terr-te,</strong></span> <span class='ocrx_word' id='word_1_667' title='bbox 1465 1347 1621 1375; x_wconf 80' lang='lat' dir='ltr'><strong>progressus</strong></span> <span class='ocrx_word' id='word_1_668' title='bbox 1635 1343 1714 1378; x_wconf 89' lang='lat' dir='ltr'><strong>ultra,</strong></span> <span class='ocrx_word' id='word_1_669' title='bbox 1729 1354 1792 1373; x_wconf 88' lang='lat' dir='ltr'><strong>nar-</strong></span> 
     </span>
    </p>
   </div>
   <div class='ocr_carea' id='block_1_88' title="bbox 999 1379 1792 1426">
    <p class='ocr_par' dir='ltr' id='par_1_88' title="bbox 999 1379 1792 1426">
     <span class='ocr_line' id='line_1_88' title="bbox 999 1379 1792 1426; baseline 0.016 -21"><span class='ocrx_word' id='word_1_670' title='bbox 999 1384 1039 1406; x_wconf 87' lang='lat' dir='ltr'><strong>rat</strong></span> <span class='ocrx_word' id='word_1_671' title='bbox 1062 1379 1157 1406; x_wconf 86' lang='lat' dir='ltr'><strong>iterum</strong></span> <span class='ocrx_word' id='word_1_672' title='bbox 1171 1380 1323 1416; x_wconf 85' lang='lat' dir='ltr'><strong>diligentius</strong></span> <span class='ocrx_word' id='word_1_673' title='bbox 1344 1383 1459 1412; x_wconf 86' lang='lat' dir='ltr'><strong>hominis</strong></span> <span class='ocrx_word' id='word_1_674' title='bbox 1474 1385 1671 1416; x_wconf 81' lang='lat' dir='ltr'><strong>fortnatiouem.</strong></span> <span class='ocrx_word' id='word_1_675' title='bbox 1687 1389 1718 1418; x_wconf 79' lang='lat' dir='ltr'><strong>Et</strong></span> <span class='ocrx_word' id='word_1_676' title='bbox 1733 1391 1792 1426; x_wconf 87' lang='lat' dir='ltr'><strong>quia</strong></span> 
     </span>
    </p>
   </div>
   <div class='ocr_carea' id='block_1_89' title="bbox 999 1426 1794 1469">
    <p class='ocr_par' dir='ltr' id='par_1_89' title="bbox 999 1426 1794 1469">
     <span class='ocr_line' id='line_1_89' title="bbox 999 1426 1794 1469; baseline 0.016 -18"><span class='ocrx_word' id='word_1_677' title='bbox 999 1426 1120 1460; x_wconf 83' lang='lat' dir='ltr'><strong>superius</strong></span> <span class='ocrx_word' id='word_1_678' title='bbox 1132 1426 1248 1454; x_wconf 84' lang='lat' dir='ltr'><strong>breviter</strong></span> <span class='ocrx_word' id='word_1_679' title='bbox 1259 1427 1362 1456; x_wconf 78' lang='lat' dir='ltr'><strong>dixerat</strong></span> <span class='ocrx_word' id='word_1_680' title='bbox 1376 1437 1383 1456; x_wconf 88' lang='lat'><strong>:</strong></span> <span class='ocrx_word' id='word_1_681' title='bbox 1397 1429 1430 1456; x_wconf 89' lang='lat' dir='ltr'><strong>Et</strong></span> <span class='ocrx_word' id='word_1_682' title='bbox 1448 1431 1506 1466; x_wconf 71' lang='lat' dir='ltr'><strong>[erit</strong></span> <span class='ocrx_word' id='word_1_683' title='bbox 1529 1431 1597 1460; x_wconf 83' lang='lat' dir='ltr'><strong>Deus</strong></span> <span class='ocrx_word' id='word_1_684' title='bbox 1612 1435 1746 1469; x_wconf 82' lang='lat' dir='ltr'><strong>hominem,</strong></span> <span class='ocrx_word' id='word_1_685' title='bbox 1760 1438 1794 1464; x_wconf 80' lang='lat' dir='ltr'><strong>ad</strong></span> 
     </span>
    </p>
   </div>
   <div class='ocr_carea' id='block_1_90' title="bbox 999 1471 1794 1516">
    <p class='ocr_par' dir='ltr' id='par_1_90' title="bbox 999 1471 1794 1516">
     <span class='ocr_line' id='line_1_90' title="bbox 999 1471 1794 1516; baseline 0.016 -19"><span class='ocrx_word' id='word_1_686' title='bbox 999 1471 1133 1506; x_wconf 79' lang='lat' dir='ltr'><strong>imaginem</strong></span> <span class='ocrx_word' id='word_1_687' title='bbox 1148 1472 1195 1499; x_wconf 86' lang='lat' dir='ltr'><strong>Dei</strong></span> <span class='ocrx_word' id='word_1_688' title='bbox 1210 1475 1269 1509; x_wconf 69' lang='grc' dir='ltr'><strong>[ειη</strong></span> <span class='ocrx_word' id='word_1_689' title='bbox 1290 1475 1378 1508; x_wconf 85' lang='lat' dir='ltr'><strong>illum,</strong></span> <span class='ocrx_word' id='word_1_690' title='bbox 1399 1483 1470 1504; x_wconf 90' lang='lat' dir='ltr'><strong>nunc</strong></span> <span class='ocrx_word' id='word_1_691' title='bbox 1485 1476 1556 1506; x_wconf 76' lang='lat' dir='ltr'><strong>dicit</strong></span> <span class='ocrx_word' id='word_1_692' title='bbox 1569 1488 1575 1507; x_wconf 92' lang='lat'>:</span> <span class='ocrx_word' id='word_1_693' title='bbox 1589 1480 1615 1507; x_wconf 84' lang='lat'><strong>7.</strong></span> <span class='ocrx_word' id='word_1_694' title='bbox 1629 1481 1661 1508; x_wconf 86' lang='lat' dir='ltr'><strong>Et</strong></span> <span class='ocrx_word' id='word_1_695' title='bbox 1676 1482 1794 1516; x_wconf 80' lang='lat' dir='ltr'><strong>formavit</strong></span> 
     </span>
    </p>
   </div>
   <div class='ocr_carea' id='block_1_91' title="bbox 1002 1517 1794 1564">
    <p class='ocr_par' dir='ltr' id='par_1_91' title="bbox 1002 1517 1794 1564">
     <span class='ocr_line' id='line_1_91' title="bbox 1002 1517 1794 1564; baseline 0.015 -21"><span class='ocrx_word' id='word_1_696' title='bbox 1002 1517 1068 1545; x_wconf 70' lang='lat' dir='ltr'><strong>Dem</strong></span> <span class='ocrx_word' id='word_1_697' title='bbox 1081 1518 1224 1552; x_wconf 78' lang='lat' dir='ltr'><strong>hominem,</strong></span> <span class='ocrx_word' id='word_1_698' title='bbox 1237 1520 1365 1555; x_wconf 79' lang='lat' dir='ltr'><strong>pulverem</strong></span> <span class='ocrx_word' id='word_1_699' title='bbox 1378 1522 1410 1548; x_wconf 84' lang='lat' dir='ltr'><strong>de</strong></span> <span class='ocrx_word' id='word_1_700' title='bbox 1424 1527 1490 1550; x_wconf 81' lang='lat' dir='ltr'><strong>terra</strong></span> <span class='ocrx_word' id='word_1_701' title='bbox 1500 1545 1507 1557; x_wconf 91' lang='lat'><strong>,</strong></span> <span class='ocrx_word' id='word_1_702' title='bbox 1524 1529 1547 1551; x_wconf 81' lang='lat' dir='ltr'><strong>et</strong></span> <span class='ocrx_word' id='word_1_703' title='bbox 1567 1526 1700 1561; x_wconf 79' lang='lat' dir='ltr'><strong>inspiravit</strong></span> <span class='ocrx_word' id='word_1_704' title='bbox 1715 1528 1740 1555; x_wconf 86' lang='lat' dir='ltr'><strong>in</strong></span> <span class='ocrx_word' id='word_1_705' title='bbox 1754 1530 1794 1564; x_wconf 80' lang='lat' dir='ltr'><strong>fu-</strong></span> 
     </span>
    </p>
   </div>
   <div class='ocr_carea' id='block_1_92' title="bbox 1000 1563 1794 1603">
    <p class='ocr_par' dir='ltr' id='par_1_92' title="bbox 1000 1563 1794 1603">
     <span class='ocr_line' id='line_1_92' title="bbox 1000 1563 1794 1603; baseline 0.015 -14"><span class='ocrx_word' id='word_1_706' title='bbox 1000 1563 1062 1590; x_wconf 76' lang='lat' dir='ltr'><strong>ciem</strong></span> <span class='ocrx_word' id='word_1_707' title='bbox 1077 1564 1132 1595; x_wconf 65' lang='lat' dir='ltr'><strong>eius</strong></span> <span class='ocrx_word' id='word_1_708' title='bbox 1151 1565 1308 1598; x_wconf 71' lang='lat' dir='ltr'><strong>spiraculum</strong></span> <span class='ocrx_word' id='word_1_709' title='bbox 1329 1567 1402 1600; x_wconf 76' lang='lat' dir='ltr'><strong>vitw,</strong></span> <span class='ocrx_word' id='word_1_710' title='bbox 1418 1572 1442 1594; x_wconf 83' lang='lat' dir='ltr'><strong>cl</strong></span> <span class='ocrx_word' id='word_1_711' title='bbox 1457 1568 1538 1603; x_wconf 78' lang='lat' dir='ltr'><strong>factus</strong></span> <span class='ocrx_word' id='word_1_712' title='bbox 1555 1577 1591 1598; x_wconf 83' lang='lat' dir='ltr'><strong>est</strong></span> <span class='ocrx_word' id='word_1_713' title='bbox 1606 1572 1679 1600; x_wconf 83' lang='lat' dir='ltr'><strong>homo</strong></span> <span class='ocrx_word' id='word_1_714' title='bbox 1695 1574 1720 1600; x_wconf 85' lang='lat' dir='ltr'><strong>in</strong></span> <span class='ocrx_word' id='word_1_715' title='bbox 1737 1563 1794 1601; x_wconf 80' lang='lat' dir='ltr'><strong>ani-</strong></span> 
     </span>
    </p>
   </div>
   <div class='ocr_carea' id='block_1_93' title="bbox 1000 1610 1796 1654">
    <p class='ocr_par' dir='ltr' id='par_1_93' title="bbox 1000 1610 1796 1654">
     <span class='ocr_line' id='line_1_93' title="bbox 1000 1610 1796 1654; baseline 0.016 -19"><span class='ocrx_word' id='word_1_716' title='bbox 1000 1618 1068 1636; x_wconf 86' lang='lat' dir='ltr'><strong>mam</strong></span> <span class='ocrx_word' id='word_1_717' title='bbox 1083 1610 1214 1638; x_wconf 80' lang='lat' dir='ltr'><strong>viventem.</strong></span> <span class='ocrx_word' id='word_1_718' title='bbox 1230 1612 1351 1647; x_wconf 82' lang='lat' dir='ltr'><strong>Magnum</strong></span> <span class='ocrx_word' id='word_1_719' title='bbox 1366 1618 1406 1641; x_wconf 88' lang='lat' dir='ltr'><strong>est</strong></span> <span class='ocrx_word' id='word_1_720' title='bbox 1419 1615 1488 1649; x_wconf 87' lang='lat' dir='ltr'><strong>quod</strong></span> <span class='ocrx_word' id='word_1_721' title='bbox 1505 1616 1547 1643; x_wconf 88' lang='lat' dir='ltr'><strong>hic</strong></span> <span class='ocrx_word' id='word_1_722' title='bbox 1561 1617 1635 1650; x_wconf 88' lang='lat' dir='ltr'><strong>dicit,</strong></span> <span class='ocrx_word' id='word_1_723' title='bbox 1647 1623 1673 1646; x_wconf 87' lang='lat' dir='ltr'><strong>et</strong></span> <span class='ocrx_word' id='word_1_724' title='bbox 1686 1625 1796 1654; x_wconf 83' lang='lat' dir='ltr'><strong>stupore</strong></span> 
     </span>
    </p>
   </div>
   <div class='ocr_carea' id='block_1_94' title="bbox 1001 1655 1795 1700">
    <p class='ocr_par' dir='ltr' id='par_1_94' title="bbox 1001 1655 1795 1700">
     <span class='ocr_line' id='line_1_94' title="bbox 1001 1655 1795 1700; baseline 0.014 -19"><span class='ocrx_word' id='word_1_725' title='bbox 1001 1655 1107 1689; x_wconf 88' lang='lat' dir='ltr'><strong>plenum</strong></span> <span class='ocrx_word' id='word_1_726' title='bbox 1122 1656 1318 1693; x_wconf 86' lang='lat' dir='ltr'><strong>humanamque</strong></span> <span class='ocrx_word' id='word_1_727' title='bbox 1339 1661 1527 1688; x_wconf 73' lang='lat' dir='ltr'><strong>transcenderis</strong></span> <span class='ocrx_word' id='word_1_728' title='bbox 1540 1667 1656 1690; x_wconf 88' lang='lat' dir='ltr'><strong>mentem</strong></span> <span class='ocrx_word' id='word_1_729' title='bbox 1671 1672 1678 1690; x_wconf 90' lang='lat'><strong>:</strong></span> <span class='ocrx_word' id='word_1_730' title='bbox 1693 1663 1727 1691; x_wconf 82' lang='lat' dir='ltr'><strong>Et</strong></span> <span class='ocrx_word' id='word_1_731' title='bbox 1740 1667 1795 1700; x_wconf 82' lang='lat' dir='ltr'><strong>[or-</strong></span> 
     </span>
    </p>
   </div>
   <div class='ocr_carea' id='block_1_95' title="bbox 1001 1701 1796 1748">
    <p class='ocr_par' dir='ltr' id='par_1_95' title="bbox 1001 1701 1796 1748">
     <span class='ocr_line' id='line_1_95' title="bbox 1001 1701 1796 1748; baseline 0.014 -21"><span class='ocrx_word' id='word_1_732' title='bbox 1001 1702 1077 1728; x_wconf 71' lang='lat' dir='ltr'><strong>rnaoit</strong></span> <span class='ocrx_word' id='word_1_733' title='bbox 1088 1722 1095 1735; x_wconf 95' lang='lat'><strong>,</strong></span> <span class='ocrx_word' id='word_1_734' title='bbox 1109 1702 1211 1737; x_wconf 80' lang='lat' dir='ltr'><strong>inquit,</strong></span> <span class='ocrx_word' id='word_1_735' title='bbox 1222 1701 1294 1730; x_wconf 79' lang='lat' dir='ltr'><strong>Deus</strong></span> <span class='ocrx_word' id='word_1_736' title='bbox 1310 1704 1451 1738; x_wconf 77' lang='lat' dir='ltr'><strong>hominem,</strong></span> <span class='ocrx_word' id='word_1_737' title='bbox 1467 1707 1594 1741; x_wconf 74' lang='lat' dir='ltr'><strong>pulverem</strong></span> <span class='ocrx_word' id='word_1_738' title='bbox 1614 1710 1746 1744; x_wconf 88' lang='lat' dir='ltr'><strong>accipiens</strong></span> <span class='ocrx_word' id='word_1_739' title='bbox 1758 1713 1796 1748; x_wconf 82' lang='grc' dir='ltr'><strong>(ιι)</strong></span> 
     </span>
    </p>
   </div>
   <div class='ocr_carea' id='block_1_96' title="bbox 1001 1748 1795 1785">
    <p class='ocr_par' dir='ltr' id='par_1_96' title="bbox 1001 1748 1795 1785">
     <span class='ocr_line' id='line_1_96' title="bbox 1001 1748 1795 1785; baseline 0.014 -11"><span class='ocrx_word' id='word_1_740' title='bbox 1001 1748 1033 1775; x_wconf 71' lang='lat' dir='ltr'><strong>die</strong></span> <span class='ocrx_word' id='word_1_741' title='bbox 1047 1753 1124 1776; x_wconf 83' lang='lat' dir='ltr'><strong>terra.</strong></span> <span class='ocrx_word' id='word_1_742' title='bbox 1142 1749 1217 1776; x_wconf 82' lang='lat' dir='ltr'><strong>Sicut</strong></span> <span class='ocrx_word' id='word_1_743' title='bbox 1231 1749 1264 1777; x_wconf 88' lang='lat' dir='ltr'><strong>de</strong></span> <span class='ocrx_word' id='word_1_744' title='bbox 1281 1751 1405 1778; x_wconf 88' lang='lat' dir='ltr'><strong>omnibus</strong></span> <span class='ocrx_word' id='word_1_745' title='bbox 1418 1753 1547 1780; x_wconf 90' lang='lat' dir='ltr'><strong>creaturis</strong></span> <span class='ocrx_word' id='word_1_746' title='bbox 1561 1754 1707 1783; x_wconf 80' lang='lat' dir='ltr'><strong>visibiiibus</strong></span> <span class='ocrx_word' id='word_1_747' title='bbox 1720 1757 1795 1785; x_wconf 88' lang='lat' dir='ltr'><strong>dice-</strong></span> 
     </span>
    </p>
   </div>
   <div class='ocr_carea' id='block_1_97' title="bbox 1001 1795 1796 1835">
    <p class='ocr_par' dir='ltr' id='par_1_97' title="bbox 1001 1795 1796 1835">
     <span class='ocr_line' id='line_1_97' title="bbox 1001 1795 1796 1835; baseline 0.011 -14"><span class='ocrx_word' id='word_1_748' title='bbox 1001 1795 1063 1822; x_wconf 85' lang='lat' dir='ltr'><strong>bam</strong></span> <span class='ocrx_word' id='word_1_749' title='bbox 1087 1795 1271 1823; x_wconf 79' lang='lat' dir='ltr'><strong>universorum</strong></span> <span class='ocrx_word' id='word_1_750' title='bbox 1294 1796 1421 1832; x_wconf 88' lang='lat' dir='ltr'><strong>Opificem</strong></span> <span class='ocrx_word' id='word_1_751' title='bbox 1441 1800 1531 1827; x_wconf 86' lang='lat' dir='ltr'><strong>omnia</strong></span> <span class='ocrx_word' id='word_1_752' title='bbox 1552 1806 1649 1835; x_wconf 66' lang='lat' dir='ltr'><strong>printer</strong></span> <span class='ocrx_word' id='word_1_753' title='bbox 1672 1802 1796 1831; x_wconf 75' lang='lat' dir='ltr'><strong>humana:</strong></span> 
     </span>
    </p>
   </div>
   <div class='ocr_carea' id='block_1_98' title="bbox 1002 1845 1797 1885">
    <p class='ocr_par' dir='ltr' id='par_1_98' title="bbox 1002 1845 1797 1885">
     <span class='ocr_line' id='line_1_98' title="bbox 1002 1845 1797 1885; baseline 0.014 -18"><span class='ocrx_word' id='word_1_754' title='bbox 1002 1845 1104 1869; x_wconf 60' lang='lat' dir='ltr'><strong>natura}</strong></span> <span class='ocrx_word' id='word_1_755' title='bbox 1126 1848 1227 1870; x_wconf 88' lang='lat' dir='ltr'><strong>morem</strong></span> <span class='ocrx_word' id='word_1_756' title='bbox 1250 1850 1348 1878; x_wconf 81' lang='lat' dir='ltr'><strong>agere,</strong></span> <span class='ocrx_word' id='word_1_757' title='bbox 1365 1848 1393 1871; x_wconf 86' lang='lat' dir='ltr'><strong>ut</strong></span> <span class='ocrx_word' id='word_1_758' title='bbox 1419 1852 1466 1880; x_wconf 78' lang='lat' dir='ltr'><strong>per</strong></span> <span class='ocrx_word' id='word_1_759' title='bbox 1481 1845 1532 1873; x_wconf 90' lang='lat' dir='ltr'><strong>hoc</strong></span> <span class='ocrx_word' id='word_1_760' title='bbox 1551 1847 1690 1877; x_wconf 83' lang='lat' dir='ltr'><strong>ineffabilis</strong></span> <span class='ocrx_word' id='word_1_761' title='bbox 1714 1850 1797 1885; x_wconf 90' lang='lat' dir='ltr'><strong>ipsius</strong></span> 
     </span>
    </p>
   </div>
   <div class='ocr_carea' id='block_1_99' title="bbox 1003 1889 1795 1924">
    <p class='ocr_par' dir='ltr' id='par_1_99' title="bbox 1003 1889 1795 1924">
     <span class='ocr_line' id='line_1_99' title="bbox 1003 1889 1795 1924; baseline 0.015 -11"><span class='ocrx_word' id='word_1_762' title='bbox 1003 1892 1166 1915; x_wconf 85' lang='lat' dir='ltr'><strong>monstretur</strong></span> <span class='ocrx_word' id='word_1_763' title='bbox 1180 1889 1282 1916; x_wconf 86' lang='lat' dir='ltr'><strong>virtus:</strong></span> <span class='ocrx_word' id='word_1_764' title='bbox 1299 1890 1333 1917; x_wconf 89' lang='lat' dir='ltr'><strong>ita</strong></span> <span class='ocrx_word' id='word_1_765' title='bbox 1354 1895 1381 1918; x_wconf 92' lang='lat' dir='ltr'><strong>et</strong></span> <span class='ocrx_word' id='word_1_766' title='bbox 1402 1891 1426 1918; x_wconf 90' lang='lat' dir='ltr'><strong>in</strong></span> <span class='ocrx_word' id='word_1_767' title='bbox 1447 1892 1562 1920; x_wconf 88' lang='lat' dir='ltr'><strong>hominis</strong></span> <span class='ocrx_word' id='word_1_768' title='bbox 1577 1894 1734 1924; x_wconf 81' lang='lat' dir='ltr'><strong>formatione</strong></span> <span class='ocrx_word' id='word_1_769' title='bbox 1753 1897 1795 1924; x_wconf 86' lang='lat' dir='ltr'><strong>in-</strong></span> 
     </span>
    </p>
   </div>
   <div class='ocr_carea' id='block_1_100' title="bbox 1003 1933 1797 1977">
    <p class='ocr_par' dir='ltr' id='par_1_100' title="bbox 1003 1933 1797 1977">
     <span class='ocr_line' id='line_1_100' title="bbox 1003 1933 1797 1977; baseline 0.014 -18"><span class='ocrx_word' id='word_1_770' title='bbox 1003 1933 1140 1961; x_wconf 88' lang='lat' dir='ltr'><strong>veniemus</strong></span> <span class='ocrx_word' id='word_1_771' title='bbox 1165 1941 1234 1961; x_wconf 87' lang='lat' dir='ltr'><strong>nunc</strong></span> <span class='ocrx_word' id='word_1_772' title='bbox 1258 1935 1366 1964; x_wconf 84' lang='lat' dir='ltr'><strong>factum.</strong></span> <span class='ocrx_word' id='word_1_773' title='bbox 1382 1935 1448 1964; x_wconf 83' lang='lat' dir='ltr'><strong>Vide</strong></span> <span class='ocrx_word' id='word_1_774' title='bbox 1467 1938 1537 1965; x_wconf 87' lang='lat' dir='ltr'><strong>enim</strong></span> <span class='ocrx_word' id='word_1_775' title='bbox 1561 1941 1693 1973; x_wconf 89' lang='lat' dir='ltr'><strong>quomodo</strong></span> <span class='ocrx_word' id='word_1_776' title='bbox 1717 1949 1797 1977; x_wconf 83' lang='lat' dir='ltr'><strong>super</strong></span> 
     </span>
    </p>
   </div>
   <div class='ocr_carea' id='block_1_101' title="bbox 1003 1981 1795 2016">
    <p class='ocr_par' dir='ltr' id='par_1_101' title="bbox 1003 1981 1795 2016">
     <span class='ocr_line' id='line_1_101' title="bbox 1003 1981 1795 2016; baseline 0.014 -12"><span class='ocrx_word' id='word_1_777' title='bbox 1003 1985 1087 2013; x_wconf 81' lang='lat' dir='ltr'><strong>aquas</strong></span> <span class='ocrx_word' id='word_1_778' title='bbox 1102 1983 1199 2006; x_wconf 87' lang='lat' dir='ltr'><strong>terram</strong></span> <span class='ocrx_word' id='word_1_779' title='bbox 1222 1981 1356 2014; x_wconf 83' lang='lat' dir='ltr'><strong>fundavit,</strong></span> <span class='ocrx_word' id='word_1_780' title='bbox 1371 1981 1397 2009; x_wconf 94' lang='lat' dir='ltr'><strong>id</strong></span> <span class='ocrx_word' id='word_1_781' title='bbox 1411 1983 1481 2016; x_wconf 89' lang='lat' dir='ltr'><strong>quod</strong></span> <span class='ocrx_word' id='word_1_782' title='bbox 1496 1984 1561 2011; x_wconf 85' lang='lat' dir='ltr'><strong>citra</strong></span> <span class='ocrx_word' id='word_1_783' title='bbox 1581 1984 1659 2013; x_wconf 86' lang='lat' dir='ltr'><strong>fidem</strong></span> <span class='ocrx_word' id='word_1_784' title='bbox 1681 1986 1795 2016; x_wconf 89' lang='lat' dir='ltr'><strong>humana</strong></span> 
     </span>
    </p>
   </div>
   <div class='ocr_carea' id='block_1_102' title="bbox 1004 2025 1796 2067">
    <p class='ocr_par' dir='ltr' id='par_1_102' title="bbox 1004 2025 1796 2067">
     <span class='ocr_line' id='line_1_102' title="bbox 1004 2025 1796 2067; baseline 0.013 -16"><span class='ocrx_word' id='word_1_785' title='bbox 1004 2025 1072 2052; x_wconf 85' lang='lat' dir='ltr'><strong>ratio</strong></span> <span class='ocrx_word' id='word_1_786' title='bbox 1085 2033 1137 2052; x_wconf 84' lang='lat' dir='ltr'><strong>non</strong></span> <span class='ocrx_word' id='word_1_787' title='bbox 1147 2026 1218 2060; x_wconf 80' lang='lat' dir='ltr'><strong>capit</strong></span> <span class='ocrx_word' id='word_1_788' title='bbox 1232 2035 1238 2054; x_wconf 92' lang='lat'>:</span> <span class='ocrx_word' id='word_1_789' title='bbox 1252 2031 1279 2054; x_wconf 85' lang='lat' dir='ltr'><strong>et</strong></span> <span class='ocrx_word' id='word_1_790' title='bbox 1294 2028 1428 2062; x_wconf 87' lang='lat' dir='ltr'><strong>quomodo</strong></span> <span class='ocrx_word' id='word_1_791' title='bbox 1441 2029 1660 2066; x_wconf 88' lang='lat' dir='ltr'><strong>quandocumque</strong></span> <span class='ocrx_word' id='word_1_792' title='bbox 1674 2033 1796 2067; x_wconf 86' lang='lat' dir='ltr'><strong>voluerit,</strong></span> 
     </span>
    </p>
   </div>
   <div class='ocr_carea' id='block_1_103' title="bbox 1004 2071 1799 2113">
    <p class='ocr_par' dir='ltr' id='par_1_103' title="bbox 1004 2071 1799 2113">
     <span class='ocr_line' id='line_1_103' title="bbox 1004 2071 1799 2113; baseline 0.01 -15"><span class='ocrx_word' id='word_1_793' title='bbox 1004 2071 1073 2099; x_wconf 83' lang='lat' dir='ltr'><strong>sicut</strong></span> <span class='ocrx_word' id='word_1_794' title='bbox 1086 2071 1260 2104; x_wconf 83' lang='lat' dir='ltr'><strong>ostendimus,</strong></span> <span class='ocrx_word' id='word_1_795' title='bbox 1272 2076 1302 2100; x_wconf 82' lang='lat' dir='ltr'><strong>ut</strong></span> <span class='ocrx_word' id='word_1_796' title='bbox 1313 2080 1407 2100; x_wconf 90' lang='lat' dir='ltr'><strong>omnes</strong></span> <span class='ocrx_word' id='word_1_797' title='bbox 1418 2073 1573 2102; x_wconf 58' lang='lat' dir='ltr'><strong>substantia:</strong></span> <span class='ocrx_word' id='word_1_798' title='bbox 1585 2079 1716 2104; x_wconf 83' lang='lat' dir='ltr'><strong>contraria</strong></span> <span class='ocrx_word' id='word_1_799' title='bbox 1729 2079 1799 2113; x_wconf 82' lang='lat' dir='ltr'><strong>ipsa-</strong></span> 
     </span>
    </p>
   </div>
   <div class='ocr_carea' id='block_1_104' title="bbox 1005 2118 1800 2153">
    <p class='ocr_par' dir='ltr' id='par_1_104' title="bbox 1005 2118 1800 2153">
     <span class='ocr_line' id='line_1_104' title="bbox 1005 2118 1800 2153; baseline 0.011 -10"><span class='ocrx_word' id='word_1_800' title='bbox 1005 2123 1063 2144; x_wconf 90' lang='lat' dir='ltr'><strong>rum</strong></span> <span class='ocrx_word' id='word_1_801' title='bbox 1079 2121 1180 2144; x_wconf 67' lang='lat' dir='ltr'><strong>naturae</strong></span> <span class='ocrx_word' id='word_1_802' title='bbox 1198 2123 1278 2152; x_wconf 83' lang='lat' dir='ltr'><strong>agant</strong></span> <span class='ocrx_word' id='word_1_803' title='bbox 1295 2118 1384 2146; x_wconf 86' lang='lat' dir='ltr'><strong>eflicit.</strong></span> <span class='ocrx_word' id='word_1_804' title='bbox 1400 2119 1485 2146; x_wconf 89' lang='lat' dir='ltr'><strong>Simili</strong></span> <span class='ocrx_word' id='word_1_805' title='bbox 1506 2121 1585 2148; x_wconf 91' lang='lat' dir='ltr'><strong>modo</strong></span> <span class='ocrx_word' id='word_1_806' title='bbox 1604 2123 1669 2150; x_wconf 89' lang='lat' dir='ltr'><strong>etin</strong></span> <span class='ocrx_word' id='word_1_807' title='bbox 1685 2124 1800 2153; x_wconf 88' lang='lat' dir='ltr'><strong>hominis</strong></span> 
     </span>
    </p>
   </div>
   <div class='ocr_carea' id='block_1_105' title="bbox 1006 2162 1799 2200">
    <p class='ocr_par' dir='ltr' id='par_1_105' title="bbox 1006 2162 1799 2200">
     <span class='ocr_line' id='line_1_105' title="bbox 1006 2162 1799 2200; baseline 0.013 -11"><span class='ocrx_word' id='word_1_808' title='bbox 1006 2162 1164 2191; x_wconf 84' lang='lat' dir='ltr'><strong>formatione</strong></span> <span class='ocrx_word' id='word_1_809' title='bbox 1186 2171 1257 2191; x_wconf 83' lang='lat' dir='ltr'><strong>nunc</strong></span> <span class='ocrx_word' id='word_1_810' title='bbox 1278 2165 1354 2192; x_wconf 88' lang='lat' dir='ltr'><strong>nobis</strong></span> <span class='ocrx_word' id='word_1_811' title='bbox 1373 2166 1435 2200; x_wconf 91' lang='lat' dir='ltr'><strong>quid</strong></span> <span class='ocrx_word' id='word_1_812' title='bbox 1451 2166 1548 2194; x_wconf 86' lang='lat' dir='ltr'><strong>factum</strong></span> <span class='ocrx_word' id='word_1_813' title='bbox 1566 2169 1601 2195; x_wconf 86' lang='lat' dir='ltr'><strong>sit</strong></span> <span class='ocrx_word' id='word_1_814' title='bbox 1618 2169 1706 2197; x_wconf 87' lang='lat' dir='ltr'><strong>divina</strong></span> <span class='ocrx_word' id='word_1_815' title='bbox 1728 2170 1799 2198; x_wconf 77' lang='lat' dir='ltr'><strong>Stri—</strong></span> 
     </span>
    </p>
   </div>
   <div class='ocr_carea' id='block_1_106' title="bbox 1006 2209 1801 2252">
    <p class='ocr_par' dir='ltr' id='par_1_106' title="bbox 1006 2209 1801 2252">
     <span class='ocr_line' id='line_1_106' title="bbox 1006 2209 1801 2252; baseline 0.01 -16"><span class='ocrx_word' id='word_1_816' title='bbox 1006 2213 1083 2244; x_wconf 86' lang='lat' dir='ltr'><strong>plura</strong></span> <span class='ocrx_word' id='word_1_817' title='bbox 1096 2210 1222 2238; x_wconf 82' lang='lat' dir='ltr'><strong>declarat.</strong></span> <span class='ocrx_word' id='word_1_818' title='bbox 1239 2210 1370 2238; x_wconf 79' lang='lat' dir='ltr'><strong>Formavit</strong></span> <span class='ocrx_word' id='word_1_819' title='bbox 1385 2209 1464 2246; x_wconf 78' lang='lat' dir='ltr'><strong>Deus,</strong></span> <span class='ocrx_word' id='word_1_820' title='bbox 1481 2213 1575 2248; x_wconf 87' lang='lat' dir='ltr'><strong>inquit,</strong></span> <span class='ocrx_word' id='word_1_821' title='bbox 1590 2216 1725 2249; x_wconf 85' lang='lat' dir='ltr'><strong>hominem,</strong></span> <span class='ocrx_word' id='word_1_822' title='bbox 1743 2218 1801 2252; x_wconf 61' lang='grc' dir='ltr'><strong>ραις</strong></span> 
     </span>
    </p>
   </div>
   <div class='ocr_carea' id='block_1_107' title="bbox 1005 2256 1801 2296">
    <p class='ocr_par' dir='ltr' id='par_1_107' title="bbox 1005 2256 1801 2296">
     <span class='ocr_line' id='line_1_107' title="bbox 1005 2256 1801 2296; baseline 0.01 -14"><span class='ocrx_word' id='word_1_823' title='bbox 1005 2263 1087 2282; x_wconf 79' lang='lat' dir='ltr'><strong>verem</strong></span> <span class='ocrx_word' id='word_1_824' title='bbox 1110 2256 1244 2291; x_wconf 84' lang='lat' dir='ltr'><strong>accipiens</strong></span> <span class='ocrx_word' id='word_1_825' title='bbox 1264 2257 1296 2284; x_wconf 84' lang='lat' dir='ltr'><strong>de</strong></span> <span class='ocrx_word' id='word_1_826' title='bbox 1315 2262 1391 2284; x_wconf 81' lang='lat' dir='ltr'><strong>terra.</strong></span> <span class='ocrx_word' id='word_1_827' title='bbox 1406 2258 1474 2292; x_wconf 88' lang='lat' dir='ltr'><strong>Quid</strong></span> <span class='ocrx_word' id='word_1_828' title='bbox 1493 2259 1581 2286; x_wconf 88' lang='lat' dir='ltr'><strong>dicis?</strong></span> <span class='ocrx_word' id='word_1_829' title='bbox 1596 2260 1747 2296; x_wconf 83' lang='lat' dir='ltr'><strong>Acceploue</strong></span> <span class='ocrx_word' id='word_1_830' title='bbox 1768 2263 1801 2291; x_wconf 84' lang='lat' dir='ltr'><strong>de</strong></span> 
     </span>
    </p>
   </div>
   <div class='ocr_carea' id='block_1_108' title="bbox 1007 2302 1802 2342">
    <p class='ocr_par' dir='ltr' id='par_1_108' title="bbox 1007 2302 1802 2342">
     <span class='ocr_line' id='line_1_108' title="bbox 1007 2302 1802 2342; baseline 0.01 -14"><span class='ocrx_word' id='word_1_831' title='bbox 1007 2305 1076 2329; x_wconf 85' lang='lat' dir='ltr'><strong>terra</strong></span> <span class='ocrx_word' id='word_1_832' title='bbox 1098 2302 1207 2337; x_wconf 86' lang='lat' dir='ltr'><strong>pulvere</strong></span> <span class='ocrx_word' id='word_1_833' title='bbox 1229 2303 1350 2330; x_wconf 84' lang='lat' dir='ltr'><strong>formavit</strong></span> <span class='ocrx_word' id='word_1_834' title='bbox 1370 2303 1525 2331; x_wconf 79' lang='lat' dir='ltr'><strong>hominem?</strong></span> <span class='ocrx_word' id='word_1_835' title='bbox 1540 2305 1624 2332; x_wconf 83' lang='lat' dir='ltr'><strong>Etiam</strong></span> <span class='ocrx_word' id='word_1_836' title='bbox 1635 2327 1643 2339; x_wconf 88' lang='lat'><strong>,</strong></span> <span class='ocrx_word' id='word_1_837' title='bbox 1659 2307 1760 2342; x_wconf 90' lang='lat' dir='ltr'><strong>inquit,</strong></span> <span class='ocrx_word' id='word_1_838' title='bbox 1777 2315 1802 2336; x_wconf 86' lang='lat' dir='ltr'><strong>et</strong></span> 
     </span>
    </p>
   </div>
   <div class='ocr_carea' id='block_1_109' title="bbox 1007 2348 1801 2387">
    <p class='ocr_par' dir='ltr' id='par_1_109' title="bbox 1007 2348 1801 2387">
     <span class='ocr_line' id='line_1_109' title="bbox 1007 2348 1801 2387; baseline 0.009 -13"><span class='ocrx_word' id='word_1_839' title='bbox 1007 2354 1061 2374; x_wconf 93' lang='lat' dir='ltr'><strong>non</strong></span> <span class='ocrx_word' id='word_1_840' title='bbox 1073 2348 1247 2382; x_wconf 85' lang='lat' dir='ltr'><strong>simpliciter;</strong></span> <span class='ocrx_word' id='word_1_841' title='bbox 1263 2356 1312 2376; x_wconf 81' lang='lat' dir='ltr'><strong>nec</strong></span> <span class='ocrx_word' id='word_1_842' title='bbox 1326 2350 1471 2384; x_wconf 87' lang='lat' dir='ltr'><strong>quamlibet</strong></span> <span class='ocrx_word' id='word_1_843' title='bbox 1490 2350 1598 2379; x_wconf 89' lang='lat' dir='ltr'><strong>fortuito</strong></span> <span class='ocrx_word' id='word_1_844' title='bbox 1619 2357 1716 2380; x_wconf 89' lang='lat' dir='ltr'><strong>terram</strong></span> <span class='ocrx_word' id='word_1_845' title='bbox 1728 2354 1801 2387; x_wconf 67' lang='lat' dir='ltr'><strong>dicit,</strong></span> 
     </span>
    </p>
   </div>
   <div class='ocr_carea' id='block_1_110' title="bbox 1006 2394 1802 2431">
    <p class='ocr_par' dir='ltr' id='par_1_110' title="bbox 1006 2394 1802 2431">
     <span class='ocr_line' id='line_1_110' title="bbox 1006 2394 1802 2431; baseline 0.008 -10"><span class='ocrx_word' id='word_1_846' title='bbox 1006 2394 1054 2422; x_wconf 82' lang='lat' dir='ltr'><strong>sed</strong></span> <span class='ocrx_word' id='word_1_847' title='bbox 1068 2394 1200 2422; x_wconf 75' lang='lat' dir='ltr'><strong>Pulmem</strong></span> <span class='ocrx_word' id='word_1_848' title='bbox 1213 2396 1307 2430; x_wconf 78' lang='lat' dir='ltr'><strong>:quasi</strong></span> <span class='ocrx_word' id='word_1_849' title='bbox 1321 2396 1343 2423; x_wconf 88' lang='lat' dir='ltr'><strong>si</strong></span> <span class='ocrx_word' id='word_1_850' title='bbox 1354 2396 1412 2431; x_wconf 87' lang='lat' dir='ltr'><strong>quis</strong></span> <span class='ocrx_word' id='word_1_851' title='bbox 1428 2396 1507 2430; x_wconf 82' lang='lat' dir='ltr'><strong>dicat,</strong></span> <span class='ocrx_word' id='word_1_852' title='bbox 1524 2398 1707 2426; x_wconf 87' lang='lat' dir='ltr'><strong>tenuissimum</strong></span> <span class='ocrx_word' id='word_1_853' title='bbox 1723 2404 1749 2427; x_wconf 90' lang='lat' dir='ltr'><strong>et</strong></span> <span class='ocrx_word' id='word_1_854' title='bbox 1763 2401 1802 2427; x_wconf 84' lang='lat' dir='ltr'><strong>vi-</strong></span> 
     </span>
    </p>
   </div>
   <div class='ocr_carea' id='block_1_111' title="bbox 1007 2439 1802 2477">
    <p class='ocr_par' dir='ltr' id='par_1_111' title="bbox 1007 2439 1802 2477">
     <span class='ocr_line' id='line_1_111' title="bbox 1007 2439 1802 2477; baseline 0.009 -11"><span class='ocrx_word' id='word_1_855' title='bbox 1007 2439 1136 2467; x_wconf 84' lang='lat' dir='ltr'><strong>lissimum</strong></span> <span class='ocrx_word' id='word_1_856' title='bbox 1148 2441 1218 2476; x_wconf 85' lang='lat' dir='ltr'><strong>quod</strong></span> <span class='ocrx_word' id='word_1_857' title='bbox 1229 2446 1270 2468; x_wconf 86' lang='lat' dir='ltr'><strong>est</strong></span> <span class='ocrx_word' id='word_1_858' title='bbox 1283 2441 1309 2468; x_wconf 92' lang='lat' dir='ltr'><strong>in</strong></span> <span class='ocrx_word' id='word_1_859' title='bbox 1322 2445 1402 2469; x_wconf 90' lang='lat' dir='ltr'><strong>terra.</strong></span> <span class='ocrx_word' id='word_1_860' title='bbox 1415 2442 1536 2477; x_wconf 76' lang='lat' dir='ltr'><strong>Magnum</strong></span> <span class='ocrx_word' id='word_1_861' title='bbox 1549 2443 1594 2470; x_wconf 88' lang='lat' dir='ltr'><strong>tibi</strong></span> <span class='ocrx_word' id='word_1_862' title='bbox 1605 2448 1632 2471; x_wconf 83' lang='lat' dir='ltr'><strong>et</strong></span> <span class='ocrx_word' id='word_1_863' title='bbox 1646 2445 1802 2474; x_wconf 80' lang='lat' dir='ltr'><strong>admirabile</strong></span> 
     </span>
    </p>
   </div>
   <div class='ocr_carea' id='block_1_112' title="bbox 1007 2487 1802 2526">
    <p class='ocr_par' dir='ltr' id='par_1_112' title="bbox 1007 2487 1802 2526">
     <span class='ocr_line' id='line_1_112' title="bbox 1007 2487 1802 2526; baseline 0.005 -12"><span class='ocrx_word' id='word_1_864' title='bbox 1007 2487 1111 2514; x_wconf 85' lang='lat' dir='ltr'><strong>videtur</strong></span> <span class='ocrx_word' id='word_1_865' title='bbox 1120 2488 1191 2522; x_wconf 88' lang='lat' dir='ltr'><strong>quod</strong></span> <span class='ocrx_word' id='word_1_866' title='bbox 1204 2487 1302 2515; x_wconf 89' lang='lat' dir='ltr'><strong>dictum</strong></span> <span class='ocrx_word' id='word_1_867' title='bbox 1314 2493 1371 2515; x_wconf 84' lang='lat' dir='ltr'><strong>est:</strong></span> <span class='ocrx_word' id='word_1_868' title='bbox 1384 2497 1477 2516; x_wconf 89' lang='lat' dir='ltr'><strong>verum</strong></span> <span class='ocrx_word' id='word_1_869' title='bbox 1488 2489 1509 2516; x_wconf 90' lang='lat' dir='ltr'><strong>si</strong></span> <span class='ocrx_word' id='word_1_870' title='bbox 1518 2490 1619 2524; x_wconf 79' lang='lat' dir='ltr'><strong>cogites</strong></span> <span class='ocrx_word' id='word_1_871' title='bbox 1631 2491 1690 2525; x_wconf 88' lang='lat' dir='ltr'><strong>quis</strong></span> <span class='ocrx_word' id='word_1_872' title='bbox 1702 2492 1802 2526; x_wconf 80' lang='lat' dir='ltr'><strong>opifex,</strong></span> 
     </span>
    </p>
   </div>
   <div class='ocr_carea' id='block_1_113' title="bbox 1010 2533 1802 2569">
    <p class='ocr_par' dir='ltr' id='par_1_113' title="bbox 1010 2533 1802 2569">
     <span class='ocr_line' id='line_1_113' title="bbox 1010 2533 1802 2569; baseline 0.008 -10"><span class='ocrx_word' id='word_1_873' title='bbox 1010 2533 1162 2567; x_wconf 86' lang='lat' dir='ltr'><strong>neutiquam</strong></span> <span class='ocrx_word' id='word_1_874' title='bbox 1177 2533 1255 2561; x_wconf 89' lang='lat' dir='ltr'><strong>fidem</strong></span> <span class='ocrx_word' id='word_1_875' title='bbox 1271 2533 1369 2562; x_wconf 87' lang='lat' dir='ltr'><strong>habere</strong></span> <span class='ocrx_word' id='word_1_876' title='bbox 1383 2533 1452 2561; x_wconf 88' lang='lat' dir='ltr'><strong>facto</strong></span> <span class='ocrx_word' id='word_1_877' title='bbox 1464 2536 1612 2569; x_wconf 84' lang='lat' dir='ltr'><strong>recusabis,</strong></span> <span class='ocrx_word' id='word_1_878' title='bbox 1624 2537 1670 2563; x_wconf 92' lang='lat' dir='ltr'><strong>sed</strong></span> <span class='ocrx_word' id='word_1_879' title='bbox 1685 2538 1802 2565; x_wconf 88' lang='lat' dir='ltr'><strong>mirabe-</strong></span> 
     </span>
    </p>
   </div>
   <div class='ocr_carea' id='block_1_114' title="bbox 1007 2578 1803 2614">
    <p class='ocr_par' dir='ltr' id='par_1_114' title="bbox 1007 2578 1803 2614">
     <span class='ocr_line' id='line_1_114' title="bbox 1007 2578 1803 2614; baseline 0.008 -10"><span class='ocrx_word' id='word_1_880' title='bbox 1007 2578 1044 2605; x_wconf 92' lang='lat' dir='ltr'><strong>ris</strong></span> <span class='ocrx_word' id='word_1_881' title='bbox 1057 2583 1084 2605; x_wconf 91' lang='lat' dir='ltr'><strong>et</strong></span> <span class='ocrx_word' id='word_1_882' title='bbox 1096 2578 1219 2606; x_wconf 88' lang='lat' dir='ltr'><strong>adorabis</strong></span> <span class='ocrx_word' id='word_1_883' title='bbox 1231 2579 1383 2606; x_wconf 88' lang='lat' dir='ltr'><strong>Conditoris</strong></span> <span class='ocrx_word' id='word_1_884' title='bbox 1404 2580 1559 2614; x_wconf 86' lang='lat' dir='ltr'><strong>potentiam.</strong></span> <span class='ocrx_word' id='word_1_885' title='bbox 1573 2581 1648 2613; x_wconf 84' lang='lat' dir='ltr'><strong>Quod</strong></span> <span class='ocrx_word' id='word_1_886' title='bbox 1659 2583 1681 2609; x_wconf 88' lang='lat' dir='ltr'><strong>si</strong></span> <span class='ocrx_word' id='word_1_887' title='bbox 1691 2582 1748 2610; x_wconf 72' lang='lat' dir='ltr'><strong>hmc</strong></span> <span class='ocrx_word' id='word_1_888' title='bbox 1760 2591 1803 2610; x_wconf 81' lang='lat' dir='ltr'><strong>se-</strong></span> 
     </span>
    </p>
   </div>
   <div class='ocr_carea' id='block_1_115' title="bbox 1007 2624 1802 2660">
    <p class='ocr_par' dir='ltr' id='par_1_115' title="bbox 1007 2624 1802 2660">
     <span class='ocr_line' id='line_1_115' title="bbox 1007 2624 1802 2660; baseline 0.006 -9"><span class='ocrx_word' id='word_1_889' title='bbox 1007 2624 1122 2651; x_wconf 89' lang='lat' dir='ltr'><strong>cundum</strong></span> <span class='ocrx_word' id='word_1_890' title='bbox 1142 2625 1330 2660; x_wconf 82' lang='lat' dir='ltr'><strong>cogitationum</strong></span> <span class='ocrx_word' id='word_1_891' title='bbox 1350 2630 1450 2652; x_wconf 86' lang='lat' dir='ltr'><strong>tuarum</strong></span> <span class='ocrx_word' id='word_1_892' title='bbox 1469 2625 1676 2654; x_wconf 87' lang='lat' dir='ltr'><strong>imbecillitatem</strong></span> <span class='ocrx_word' id='word_1_893' title='bbox 1697 2629 1802 2656; x_wconf 88' lang='lat' dir='ltr'><strong>cmctiri</strong></span> 
     </span>
    </p>
   </div>
   <div class='ocr_carea' id='block_1_116' title="bbox 1007 2670 1802 2706">
    <p class='ocr_par' dir='ltr' id='par_1_116' title="bbox 1007 2670 1802 2706">
     <span class='ocr_line' id='line_1_116' title="bbox 1007 2670 1802 2706; baseline 0.008 -10"><span class='ocrx_word' id='word_1_894' title='bbox 1007 2670 1134 2703; x_wconf 86' lang='lat' dir='ltr'><strong>volueris,</strong></span> <span class='ocrx_word' id='word_1_895' title='bbox 1151 2674 1179 2697; x_wconf 89' lang='lat' dir='ltr'><strong>et</strong></span> <span class='ocrx_word' id='word_1_896' title='bbox 1201 2671 1332 2698; x_wconf 88' lang='lat' dir='ltr'><strong>curiosius</strong></span> <span class='ocrx_word' id='word_1_897' title='bbox 1353 2671 1513 2704; x_wconf 80' lang='lat' dir='ltr'><strong>explorare,</strong></span> <span class='ocrx_word' id='word_1_898' title='bbox 1538 2679 1585 2706; x_wconf 89' lang='lat' dir='ltr'><strong>par</strong></span> <span class='ocrx_word' id='word_1_899' title='bbox 1601 2677 1643 2700; x_wconf 90' lang='lat' dir='ltr'><strong>est</strong></span> <span class='ocrx_word' id='word_1_900' title='bbox 1663 2678 1690 2700; x_wconf 87' lang='lat' dir='ltr'><strong>ut</strong></span> <span class='ocrx_word' id='word_1_901' title='bbox 1706 2674 1751 2701; x_wconf 89' lang='lat' dir='ltr'><strong>tibi</strong></span> <span class='ocrx_word' id='word_1_902' title='bbox 1776 2675 1802 2702; x_wconf 95' lang='lat' dir='ltr'><strong>in</strong></span> 
     </span>
    </p>
   </div>
   <div class='ocr_carea' id='block_1_117' title="bbox 1008 2715 1802 2754">
    <p class='ocr_par' dir='ltr' id='par_1_117' title="bbox 1008 2715 1802 2754">
     <span class='ocr_line' id='line_1_117' title="bbox 1008 2715 1802 2754; baseline 0.006 -12"><span class='ocrx_word' id='word_1_903' title='bbox 1008 2721 1125 2742; x_wconf 89' lang='lat' dir='ltr'><strong>mentem</strong></span> <span class='ocrx_word' id='word_1_904' title='bbox 1147 2715 1253 2748; x_wconf 80' lang='lat' dir='ltr'><strong>veniat,</strong></span> <span class='ocrx_word' id='word_1_905' title='bbox 1269 2723 1302 2742; x_wconf 80' lang='lat' dir='ltr'><strong>ex</strong></span> <span class='ocrx_word' id='word_1_906' title='bbox 1327 2720 1396 2742; x_wconf 84' lang='lat' dir='ltr'><strong>terra</strong></span> <span class='ocrx_word' id='word_1_907' title='bbox 1420 2722 1516 2750; x_wconf 86' lang='lat' dir='ltr'><strong>corpus</strong></span> <span class='ocrx_word' id='word_1_908' title='bbox 1530 2717 1710 2754; x_wconf 91' lang='lat' dir='ltr'><strong>(humanum)</strong></span> <span class='ocrx_word' id='word_1_909' title='bbox 1725 2728 1802 2747; x_wconf 83' lang='lat' dir='ltr'><strong>nutri-</strong></span> 
     </span>
    </p>
   </div>
   <div class='ocr_carea' id='block_1_118' title="bbox 1007 2760 1804 2796">
    <p class='ocr_par' dir='ltr' id='par_1_118' title="bbox 1007 2760 1804 2796">
     <span class='ocr_line' id='line_1_118' title="bbox 1007 2760 1804 2796; baseline 0.009 -10"><span class='ocrx_word' id='word_1_910' title='bbox 1007 2767 1087 2796; x_wconf 86' lang='lat' dir='ltr'><strong>quam</strong></span> <span class='ocrx_word' id='word_1_911' title='bbox 1111 2760 1167 2788; x_wconf 82' lang='lat' dir='ltr'><strong>ﬁeri</strong></span> <span class='ocrx_word' id='word_1_912' title='bbox 1178 2781 1185 2794; x_wconf 92' lang='lat'><strong>,</strong></span> <span class='ocrx_word' id='word_1_913' title='bbox 1200 2760 1246 2788; x_wconf 90' lang='lat' dir='ltr'><strong>sed</strong></span> <span class='ocrx_word' id='word_1_914' title='bbox 1262 2761 1302 2788; x_wconf 86' lang='lat' dir='ltr'><strong>vel</strong></span> <span class='ocrx_word' id='word_1_915' title='bbox 1318 2761 1427 2788; x_wconf 86' lang='lat' dir='ltr'><strong>laterem</strong></span> <span class='ocrx_word' id='word_1_916' title='bbox 1438 2782 1446 2794; x_wconf 92' lang='lat'><strong>,</strong></span> <span class='ocrx_word' id='word_1_917' title='bbox 1460 2762 1502 2789; x_wconf 89' lang='lat' dir='ltr'><strong>vel</strong></span> <span class='ocrx_word' id='word_1_918' title='bbox 1518 2767 1612 2790; x_wconf 87' lang='lat' dir='ltr'><strong>testam</strong></span> <span class='ocrx_word' id='word_1_919' title='bbox 1623 2784 1631 2795; x_wconf 90' lang='lat'><em>.</em></span> <span class='ocrx_word' id='word_1_920' title='bbox 1642 2769 1669 2792; x_wconf 92' lang='lat' dir='ltr'><strong>et</strong></span> <span class='ocrx_word' id='word_1_921' title='bbox 1682 2773 1734 2792; x_wconf 90' lang='lat' dir='ltr'><strong>non</strong></span> <span class='ocrx_word' id='word_1_922' title='bbox 1750 2766 1804 2793; x_wconf 85' lang='lat' dir='ltr'><strong>talo</strong></span> 
     </span>
    </p>
   </div>
   <div class='ocr_carea' id='block_1_119' title="bbox 1009 2806 1801 2842">
    <p class='ocr_par' dir='ltr' id='par_1_119' title="bbox 1009 2806 1801 2842">
     <span class='ocr_line' id='line_1_119' title="bbox 1009 2806 1801 2842; baseline 0.006 -8"><span class='ocrx_word' id='word_1_923' title='bbox 1009 2813 1116 2842; x_wconf 88' lang='lat' dir='ltr'><strong>corpus.</strong></span> <span class='ocrx_word' id='word_1_924' title='bbox 1133 2806 1226 2835; x_wconf 78' lang='lat' dir='ltr'><strong>Viden‘</strong></span> <span class='ocrx_word' id='word_1_925' title='bbox 1239 2814 1298 2840; x_wconf 89' lang='lat' dir='ltr'><strong>nos,</strong></span> <span class='ocrx_word' id='word_1_926' title='bbox 1317 2807 1367 2834; x_wconf 87' lang='lat' dir='ltr'><strong>nisi</strong></span> <span class='ocrx_word' id='word_1_927' title='bbox 1382 2808 1528 2842; x_wconf 87' lang='lat' dir='ltr'><strong>potentiam</strong></span> <span class='ocrx_word' id='word_1_928' title='bbox 1539 2809 1690 2838; x_wconf 79' lang='lat' dir='ltr'><strong>Coiiditoris</strong></span> <span class='ocrx_word' id='word_1_929' title='bbox 1701 2816 1801 2839; x_wconf 83' lang='lat' dir='ltr'><strong>attenta</strong></span> 
     </span>
    </p>
   </div>
   <div class='ocr_carea' id='block_1_120' title="bbox 1043 2905 1757 2938">
    <p class='ocr_par' dir='ltr' id='par_1_120' title="bbox 1043 2905 1757 2938">
     <span class='ocr_line' id='line_1_120' title="bbox 1043 2905 1757 2938; baseline 0.003 -8"><span class='ocrx_word' id='word_1_930' title='bbox 1043 2905 1081 2937; x_wconf 85' lang='lat' dir='ltr'><strong>(a)</strong></span> <span class='ocrx_word' id='word_1_931' title='bbox 1093 2908 1126 2931; x_wconf 85' lang='lat' dir='ltr'><strong>tta</strong></span> <span class='ocrx_word' id='word_1_932' title='bbox 1138 2905 1206 2938; x_wconf 84' lang='lat' dir='ltr'><strong>ttegii</strong></span> <span class='ocrx_word' id='word_1_933' title='bbox 1218 2909 1270 2932; x_wconf 77' lang='lat' dir='ltr'><strong>Mss.</strong></span> <span class='ocrx_word' id='word_1_934' title='bbox 1284 2909 1310 2932; x_wconf 90' lang='lat' dir='ltr'><strong>et</strong></span> <span class='ocrx_word' id='word_1_935' title='bbox 1321 2905 1397 2938; x_wconf 87' lang='lat' dir='ltr'><strong>Colb.,</strong></span> <span class='ocrx_word' id='word_1_936' title='bbox 1406 2909 1479 2938; x_wconf 84' lang='lat' dir='ltr'><strong>atque</strong></span> <span class='ocrx_word' id='word_1_937' title='bbox 1487 2908 1522 2933; x_wconf 75' lang='lat' dir='ltr'><strong>sic</strong></span> <span class='ocrx_word' id='word_1_938' title='bbox 1534 2907 1622 2938; x_wconf 68' lang='lat' dir='ltr'><strong>legitur</strong></span> <span class='ocrx_word' id='word_1_939' title='bbox 1634 2907 1659 2932; x_wconf 89' lang='lat' dir='ltr'><strong>lu</strong></span> <span class='ocrx_word' id='word_1_940' title='bbox 1667 2906 1757 2932; x_wconf 84' lang='lat' dir='ltr'><strong>Bibliis.</strong></span> 
     </span>
    </p>
   </div>
  </div>
