  <div class='ocr_page' id='page_1' title='image "/cluster/home/n/w/nwhite01/storage/ocr_20150623/53-54/njp.32101077772638/105.png"; bbox 0 0 2060 3122; ppageno 0'>
   <div class='ocr_carea' id='block_1_1' title="bbox 278 142 329 170">
    <p class='ocr_par' dir='ltr' id='par_1_1' title="bbox 278 142 329 170">
     <span class='ocr_line' id='line_1_1' title="bbox 278 142 329 170; baseline 0 0"><span class='ocrx_word' id='word_1_1' title='bbox 278 142 329 170; x_wconf 77' lang='grc'><strong>105</strong></span> 
     </span>
    </p>
   </div>
   <div class='ocr_carea' id='block_1_2' title="bbox 271 193 1064 228">
    <p class='ocr_par' dir='ltr' id='par_1_2' title="bbox 271 193 1064 228">
     <span class='ocr_line' id='line_1_2' title="bbox 271 193 1064 228; baseline -0.013 0"><span class='ocrx_word' id='word_1_2' title='bbox 271 204 361 228; x_wconf 62' lang='lat' dir='ltr'><strong>amitte</strong></span> <span class='ocrx_word' id='word_1_3' title='bbox 370 197 543 227; x_wconf 64' lang='lat' dir='ltr'><strong>conﬁdet-are</strong></span> <span class='ocrx_word' id='word_1_4' title='bbox 549 195 756 228; x_wconf 75' lang='lat' dir='ltr'><strong>volnerimus,et</strong></span> <span class='ocrx_word' id='word_1_5' title='bbox 764 197 869 220; x_wconf 87' lang='lat' dir='ltr'><strong>nostras</strong></span> <span class='ocrx_word' id='word_1_6' title='bbox 879 193 997 219; x_wconf 89' lang='lat' dir='ltr'><strong>rationes</strong></span> <span class='ocrx_word' id='word_1_7' title='bbox 1009 196 1064 219; x_wconf 75' lang='lat' dir='ltr'><strong>tam</strong></span> 
     </span>
    </p>
   </div>
   <div class='ocr_carea' id='block_1_3' title="bbox 270 238 1065 277">
    <p class='ocr_par' dir='ltr' id='par_1_3' title="bbox 270 238 1065 277">
     <span class='ocr_line' id='line_1_3' title="bbox 270 238 1065 277; baseline -0.009 -4"><span class='ocrx_word' id='word_1_8' title='bbox 270 244 419 274; x_wconf 67' lang='lat' dir='ltr'><strong>imbecilles</strong></span> <span class='ocrx_word' id='word_1_9' title='bbox 442 243 628 277; x_wconf 82' lang='lat' dir='ltr'><strong>reprimamus.</strong></span> <span class='ocrx_word' id='word_1_10' title='bbox 651 248 703 267; x_wconf 90' lang='lat' dir='ltr'><strong>non</strong></span> <span class='ocrx_word' id='word_1_11' title='bbox 727 246 806 274; x_wconf 87' lang='lat' dir='ltr'><strong>posse</strong></span> <span class='ocrx_word' id='word_1_12' title='bbox 826 238 956 266; x_wconf 91' lang='lat' dir='ltr'><strong>dictorum</strong></span> <span class='ocrx_word' id='word_1_13' title='bbox 969 245 1065 273; x_wconf 80' lang='lat' dir='ltr'><strong>capere</strong></span> 
     </span>
    </p>
   </div>
   <div class='ocr_carea' id='block_1_4' title="bbox 270 284 1066 322">
    <p class='ocr_par' dir='ltr' id='par_1_4' title="bbox 270 284 1066 322">
     <span class='ocr_line' id='line_1_4' title="bbox 270 284 1066 322; baseline -0.008 -5"><span class='ocrx_word' id='word_1_14' title='bbox 270 290 463 319; x_wconf 76' lang='lat' dir='ltr'><strong>sublimitatem</strong></span> <span class='ocrx_word' id='word_1_15' title='bbox 471 288 566 316; x_wconf 77' lang='lat' dir='ltr'><strong>‘I&#39;Nam.</strong></span> <span class='ocrx_word' id='word_1_16' title='bbox 582 295 641 322; x_wconf 81' lang='lat' dir='ltr'><strong>qua:</strong></span> <span class='ocrx_word' id='word_1_17' title='bbox 662 286 797 318; x_wconf 84' lang='lat' dir='ltr'><strong>dicuntur,</strong></span> <span class='ocrx_word' id='word_1_18' title='bbox 821 284 880 312; x_wconf 84' lang='lat' dir='ltr'><strong>fidei</strong></span> <span class='ocrx_word' id='word_1_19' title='bbox 899 285 983 312; x_wconf 90' lang='lat' dir='ltr'><strong>oculis</strong></span> <span class='ocrx_word' id='word_1_20' title='bbox 997 284 1066 311; x_wconf 88' lang='lat' dir='ltr'><strong>indi-</strong></span> 
     </span>
    </p>
   </div>
   <div class='ocr_carea' id='block_1_5' title="bbox 271 329 1064 372">
    <p class='ocr_par' dir='ltr' id='par_1_5' title="bbox 271 329 1064 372">
     <span class='ocr_line' id='line_1_5' title="bbox 271 329 1064 372; baseline -0.01 -8"><span class='ocrx_word' id='word_1_21' title='bbox 271 341 346 372; x_wconf 72' lang='lat' dir='ltr'><strong>gent,</strong></span> <span class='ocrx_word' id='word_1_22' title='bbox 360 341 476 369; x_wconf 84' lang='lat' dir='ltr'><strong>suntque</strong></span> <span class='ocrx_word' id='word_1_23' title='bbox 489 334 524 362; x_wconf 88' lang='lat' dir='ltr'><strong>ob</strong></span> <span class='ocrx_word' id='word_1_24' title='bbox 537 338 655 360; x_wconf 81' lang='lat' dir='ltr'><strong>nostram</strong></span> <span class='ocrx_word' id='word_1_25' title='bbox 672 332 853 359; x_wconf 76' lang='lat' dir='ltr'><strong>inﬁmitatem</strong></span> <span class='ocrx_word' id='word_1_26' title='bbox 869 329 1064 357; x_wconf 78' lang='lat' dir='ltr'><strong>multa-verbo-</strong></span> 
     </span>
    </p>
   </div>
   <div class='ocr_carea' id='block_1_6' title="bbox 272 374 1064 415">
    <p class='ocr_par' dir='ltr' id='par_1_6' title="bbox 272 374 1064 415">
     <span class='ocr_line' id='line_1_6' title="bbox 272 374 1064 415; baseline -0.011 -5"><span class='ocrx_word' id='word_1_27' title='bbox 272 390 330 410; x_wconf 91' lang='lat' dir='ltr'><strong>rum</strong></span> <span class='ocrx_word' id='word_1_28' title='bbox 356 379 575 415; x_wconf 84' lang='lat' dir='ltr'><strong>atlemperationo</strong></span> <span class='ocrx_word' id='word_1_29' title='bbox 593 376 736 412; x_wconf 78' lang='lat' dir='ltr'><strong>descripta.</strong></span> <span class='ocrx_word' id='word_1_30' title='bbox 753 375 971 410; x_wconf 81' lang='lat' dir='ltr'><strong>Quandoquidem</strong></span> <span class='ocrx_word' id='word_1_31' title='bbox 995 374 1064 402; x_wconf 82' lang='lat' dir='ltr'><strong>istud</strong></span> 
     </span>
    </p>
   </div>
   <div class='ocr_carea' id='block_1_7' title="bbox 272 420 1066 463">
    <p class='ocr_par' dir='ltr' id='par_1_7' title="bbox 272 420 1066 463">
     <span class='ocr_line' id='line_1_7' title="bbox 272 420 1066 463; baseline -0.013 -7"><span class='ocrx_word' id='word_1_32' title='bbox 272 429 358 463; x_wconf 85' lang='lat' dir='ltr'><strong>ipsum</strong></span> <span class='ocrx_word' id='word_1_33' title='bbox 369 426 440 463; x_wconf 90' lang='lat' dir='ltr'><strong>quod</strong></span> <span class='ocrx_word' id='word_1_34' title='bbox 456 425 540 460; x_wconf 91' lang='lat' dir='ltr'><strong>inquit</strong></span> <span class='ocrx_word' id='word_1_35' title='bbox 555 433 562 452; x_wconf 92' lang='lat'>:</span> <span class='ocrx_word' id='word_1_36' title='bbox 579 423 707 451; x_wconf 79' lang='lat' dir='ltr'><strong>Formavit</strong></span> <span class='ocrx_word' id='word_1_37' title='bbox 720 422 790 449; x_wconf 84' lang='lat' dir='ltr'><strong>Deus</strong></span> <span class='ocrx_word' id='word_1_38' title='bbox 805 422 940 454; x_wconf 56' lang='lat' dir='ltr'><strong>hominem,</strong></span> <span class='ocrx_word' id='word_1_39' title='bbox 953 426 975 447; x_wconf 72' lang='lat' dir='ltr'><strong>et</strong></span> <span class='ocrx_word' id='word_1_40' title='bbox 989 420 1066 455; x_wconf 82' lang='lat' dir='ltr'><strong>impi-</strong></span> 
     </span>
    </p>
   </div>
   <div class='ocr_carea' id='block_1_8' title="bbox 271 468 1066 506">
    <p class='ocr_par' dir='ltr' id='par_1_8' title="bbox 271 468 1066 506">
     <span class='ocr_line' id='line_1_8' title="bbox 271 468 1066 506; baseline -0.01 -6"><span class='ocrx_word' id='word_1_41' title='bbox 271 474 347 506; x_wconf 64' lang='lat' dir='ltr'><strong>raoit,</strong></span> <span class='ocrx_word' id='word_1_42' title='bbox 363 472 499 506; x_wconf 74' lang='lat' dir='ltr'><strong>indignum</strong></span> <span class='ocrx_word' id='word_1_43' title='bbox 514 471 567 498; x_wconf 84' lang='lat' dir='ltr'><strong>Deo</strong></span> <span class='ocrx_word' id='word_1_44' title='bbox 584 468 663 497; x_wconf 85' lang='lat' dir='ltr'><strong>fuerit</strong></span> <span class='ocrx_word' id='word_1_45' title='bbox 675 477 683 496; x_wconf 84' lang='lat'><strong>:</strong></span> <span class='ocrx_word' id='word_1_46' title='bbox 696 468 743 495; x_wconf 87' lang='lat' dir='ltr'><strong>sed</strong></span> <span class='ocrx_word' id='word_1_47' title='bbox 761 472 870 502; x_wconf 80' lang='lat' dir='ltr'><strong>propter</strong></span> <span class='ocrx_word' id='word_1_48' title='bbox 885 474 933 493; x_wconf 92' lang='lat' dir='ltr'><strong>nos</strong></span> <span class='ocrx_word' id='word_1_49' title='bbox 943 487 950 499; x_wconf 91' lang='lat'><strong>,</strong></span> <span class='ocrx_word' id='word_1_50' title='bbox 960 469 991 493; x_wconf 66' lang='grc' dir='ltr'><strong>ειη</strong></span> <span class='ocrx_word' id='word_1_51' title='bbox 1005 473 1066 500; x_wconf 89' lang='lat' dir='ltr'><strong>pro-</strong></span> 
     </span>
    </p>
   </div>
   <div class='ocr_carea' id='block_1_9' title="bbox 273 512 1064 553">
    <p class='ocr_par' dir='ltr' id='par_1_9' title="bbox 273 512 1064 553">
     <span class='ocr_line' id='line_1_9' title="bbox 273 512 1064 553; baseline -0.01 -8"><span class='ocrx_word' id='word_1_52' title='bbox 273 523 331 553; x_wconf 89' lang='lat' dir='ltr'><strong>pter</strong></span> <span class='ocrx_word' id='word_1_53' title='bbox 346 517 526 545; x_wconf 79' lang='lat' dir='ltr'><strong>inﬁrmitatem</strong></span> <span class='ocrx_word' id='word_1_54' title='bbox 542 521 658 543; x_wconf 88' lang='lat' dir='ltr'><strong>nostram</strong></span> <span class='ocrx_word' id='word_1_55' title='bbox 673 514 730 541; x_wconf 69' lang='lat' dir='ltr'><strong>htee</strong></span> <span class='ocrx_word' id='word_1_56' title='bbox 749 513 787 540; x_wconf 87' lang='lat' dir='ltr'><strong>sic</strong></span> <span class='ocrx_word' id='word_1_57' title='bbox 806 517 896 540; x_wconf 87' lang='lat' dir='ltr'><strong>narrat</strong></span> <span class='ocrx_word' id='word_1_58' title='bbox 911 512 1045 546; x_wconf 73' lang='lat' dir='ltr'><strong>Scriptura</strong></span> <span class='ocrx_word' id='word_1_59' title='bbox 1055 531 1064 544; x_wconf 89' lang='lat'><strong>,</strong></span> 
     </span>
    </p>
   </div>
   <div class='ocr_carea' id='block_1_10' title="bbox 272 559 1065 592">
    <p class='ocr_par' dir='ltr' id='par_1_10' title="bbox 272 559 1065 592">
     <span class='ocr_line' id='line_1_10' title="bbox 272 559 1065 592; baseline -0.009 0"><span class='ocrx_word' id='word_1_60' title='bbox 272 564 306 592; x_wconf 80' lang='lat' dir='ltr'><strong>Itl</strong></span> <span class='ocrx_word' id='word_1_61' title='bbox 320 568 437 591; x_wconf 79' lang='lat' dir='ltr'><strong>nostram</strong></span> <span class='ocrx_word' id='word_1_62' title='bbox 452 571 482 591; x_wconf 87' lang='lat' dir='ltr'><strong>se</strong></span> <span class='ocrx_word' id='word_1_63' title='bbox 496 563 651 591; x_wconf 79' lang='lat' dir='ltr'><strong>tenuitatem</strong></span> <span class='ocrx_word' id='word_1_64' title='bbox 664 560 817 592; x_wconf 81' lang='lat' dir='ltr'><strong>demittens,</strong></span> <span class='ocrx_word' id='word_1_65' title='bbox 830 564 861 586; x_wconf 70' lang='lat' dir='ltr'><strong>ut:</strong></span> <span class='ocrx_word' id='word_1_66' title='bbox 872 559 1065 586; x_wconf 59' lang='lat' dir='ltr'><strong>tanta-familiar</strong></span> 
     </span>
    </p>
   </div>
   <div class='ocr_carea' id='block_1_11' title="bbox 273 605 1065 644">
    <p class='ocr_par' dir='ltr' id='par_1_11' title="bbox 273 605 1065 644">
     <span class='ocr_line' id='line_1_11' title="bbox 273 605 1065 644; baseline -0.006 -8"><span class='ocrx_word' id='word_1_67' title='bbox 273 611 353 636; x_wconf 86' lang='lat' dir='ltr'><strong>ritate</strong></span> <span class='ocrx_word' id='word_1_68' title='bbox 364 609 474 644; x_wconf 77' lang='lat' dir='ltr'><strong>dignati,</strong></span> <span class='ocrx_word' id='word_1_69' title='bbox 490 608 523 635; x_wconf 91' lang='lat' dir='ltr'><strong>ad</strong></span> <span class='ocrx_word' id='word_1_70' title='bbox 537 608 669 643; x_wconf 75' lang='lat' dir='ltr'><strong>fastigium</strong></span> <span class='ocrx_word' id='word_1_71' title='bbox 682 606 745 634; x_wconf 87' lang='lat' dir='ltr'><strong>illud</strong></span> <span class='ocrx_word' id='word_1_72' title='bbox 763 605 907 633; x_wconf 72' lang='lat' dir='ltr'><strong>ascendere</strong></span> <span class='ocrx_word' id='word_1_73' title='bbox 921 606 1065 640; x_wconf 73' lang='lat' dir='ltr'><strong>possimus.</strong></span> 
     </span>
    </p>
   </div>
   <div class='ocr_carea' id='block_1_12' title="bbox 275 651 1066 690">
    <p class='ocr_par' dir='ltr' id='par_1_12' title="bbox 275 651 1066 690">
     <span class='ocr_line' id='line_1_12' title="bbox 275 651 1066 690; baseline -0.006 -8"><span class='ocrx_word' id='word_1_74' title='bbox 275 655 306 682; x_wconf 78' lang='grc' dir='ltr'><strong>ΕΙ</strong></span> <span class='ocrx_word' id='word_1_75' title='bbox 320 654 552 690; x_wconf 76' lang='lat' dir='ltr'><strong>forntavit,ittquit,</strong></span> <span class='ocrx_word' id='word_1_76' title='bbox 564 653 638 680; x_wconf 42' lang='lat' dir='ltr'><strong>Deus.</strong></span> <span class='ocrx_word' id='word_1_77' title='bbox 645 653 780 684; x_wconf 78' lang='lat' dir='ltr'><strong>hominem,</strong></span> <span class='ocrx_word' id='word_1_78' title='bbox 795 651 922 687; x_wconf 70' lang='lat' dir='ltr'><strong>pulverem</strong></span> <span class='ocrx_word' id='word_1_79' title='bbox 932 651 1066 685; x_wconf 86' lang='lat' dir='ltr'><strong>accipiens</strong></span> 
     </span>
    </p>
   </div>
   <div class='ocr_carea' id='block_1_13' title="bbox 273 696 1067 734">
    <p class='ocr_par' dir='ltr' id='par_1_13' title="bbox 273 696 1067 734">
     <span class='ocr_line' id='line_1_13' title="bbox 273 696 1067 734; baseline -0.005 -7"><span class='ocrx_word' id='word_1_80' title='bbox 273 701 304 727; x_wconf 79' lang='lat' dir='ltr'><strong>de</strong></span> <span class='ocrx_word' id='word_1_81' title='bbox 316 706 391 726; x_wconf 71' lang='lat' dir='ltr'><strong>terra.</strong></span> <span class='ocrx_word' id='word_1_82' title='bbox 405 700 470 728; x_wconf 84' lang='lat' dir='ltr'><strong>llinc</strong></span> <span class='ocrx_word' id='word_1_83' title='bbox 482 700 504 726; x_wconf 89' lang='lat' dir='ltr'><strong>si</strong></span> <span class='ocrx_word' id='word_1_84' title='bbox 516 707 611 734; x_wconf 82' lang='lat' dir='ltr'><strong>sapere</strong></span> <span class='ocrx_word' id='word_1_85' title='bbox 622 699 753 729; x_wconf 85' lang='lat' dir='ltr'><strong>volumus.</strong></span> <span class='ocrx_word' id='word_1_86' title='bbox 769 705 820 724; x_wconf 88' lang='lat' dir='ltr'><strong>non</strong></span> <span class='ocrx_word' id='word_1_87' title='bbox 834 705 914 732; x_wconf 87' lang='lat' dir='ltr'><strong>parva</strong></span> <span class='ocrx_word' id='word_1_88' title='bbox 931 697 1006 724; x_wconf 83' lang='lat' dir='ltr'><strong>nobis</strong></span> <span class='ocrx_word' id='word_1_89' title='bbox 1018 696 1067 723; x_wconf 91' lang='lat' dir='ltr'><strong>hu-</strong></span> 
     </span>
    </p>
   </div>
   <div class='ocr_carea' id='block_1_14' title="bbox 274 743 1066 779">
    <p class='ocr_par' dir='ltr' id='par_1_14' title="bbox 274 743 1066 779">
     <span class='ocr_line' id='line_1_14' title="bbox 274 743 1066 779; baseline -0.001 -7"><span class='ocrx_word' id='word_1_90' title='bbox 274 746 393 773; x_wconf 88' lang='lat' dir='ltr'><strong>militatis</strong></span> <span class='ocrx_word' id='word_1_91' title='bbox 415 746 500 773; x_wconf 87' lang='lat' dir='ltr'><strong>oritur</strong></span> <span class='ocrx_word' id='word_1_92' title='bbox 519 745 650 772; x_wconf 91' lang='lat' dir='ltr'><strong>doctrina.</strong></span> <span class='ocrx_word' id='word_1_93' title='bbox 673 744 739 772; x_wconf 84' lang='lat' dir='ltr'><strong>Nam</strong></span> <span class='ocrx_word' id='word_1_94' title='bbox 761 751 822 771; x_wconf 87' lang='lat' dir='ltr'><strong>cum</strong></span> <span class='ocrx_word' id='word_1_95' title='bbox 842 743 1066 779; x_wconf 71' lang='lat' dir='ltr'><strong>cogitaverimus,</strong></span> 
     </span>
    </p>
   </div>
   <div class='ocr_carea' id='block_1_15' title="bbox 274 790 1066 819">
    <p class='ocr_par' dir='ltr' id='par_1_15' title="bbox 274 790 1066 819">
     <span class='ocr_line' id='line_1_15' title="bbox 274 790 1066 819; baseline -0.004 -1"><span class='ocrx_word' id='word_1_96' title='bbox 274 791 344 819; x_wconf 87' lang='lat' dir='ltr'><strong>unde</strong></span> <span class='ocrx_word' id='word_1_97' title='bbox 356 791 551 819; x_wconf 82' lang='lat' dir='ltr'><strong>constitutionis</strong></span> <span class='ocrx_word' id='word_1_98' title='bbox 565 797 621 817; x_wconf 82' lang='lat' dir='ltr'><strong>stuc</strong></span> <span class='ocrx_word' id='word_1_99' title='bbox 635 790 739 817; x_wconf 89' lang='lat' dir='ltr'><strong>initium</strong></span> <span class='ocrx_word' id='word_1_100' title='bbox 762 794 853 817; x_wconf 82' lang='lat' dir='ltr'><strong>natura</strong></span> <span class='ocrx_word' id='word_1_101' title='bbox 868 793 958 816; x_wconf 87' lang='lat' dir='ltr'><strong>nostra</strong></span> <span class='ocrx_word' id='word_1_102' title='bbox 972 796 1066 816; x_wconf 80' lang='lat' dir='ltr'><strong>susce-</strong></span> 
     </span>
    </p>
   </div>
   <div class='ocr_carea' id='block_1_16' title="bbox 275 835 1066 872">
    <p class='ocr_par' dir='ltr' id='par_1_16' title="bbox 275 835 1066 872">
     <span class='ocr_line' id='line_1_16' title="bbox 275 835 1066 872; baseline -0.003 -8"><span class='ocrx_word' id='word_1_103' title='bbox 275 838 353 872; x_wconf 92' lang='lat' dir='ltr'><strong>perit,</strong></span> <span class='ocrx_word' id='word_1_104' title='bbox 369 837 473 865; x_wconf 91' lang='lat' dir='ltr'><strong>etiamsi</strong></span> <span class='ocrx_word' id='word_1_105' title='bbox 497 836 647 864; x_wconf 86' lang='lat' dir='ltr'><strong>sexcenties</strong></span> <span class='ocrx_word' id='word_1_106' title='bbox 666 836 808 870; x_wconf 84' lang='lat' dir='ltr'><strong>supercilia</strong></span> <span class='ocrx_word' id='word_1_107' title='bbox 833 835 1007 870; x_wconf 76' lang='lat' dir='ltr'><strong>surrigamus,</strong></span> <span class='ocrx_word' id='word_1_108' title='bbox 1022 842 1066 862; x_wconf 77' lang='lat' dir='ltr'><strong>re-</strong></span> 
     </span>
    </p>
   </div>
   <div class='ocr_carea' id='block_1_17' title="bbox 275 881 1066 918">
    <p class='ocr_par' dir='ltr' id='par_1_17' title="bbox 275 881 1066 918">
     <span class='ocr_line' id='line_1_17' title="bbox 275 881 1066 918; baseline -0.001 -9"><span class='ocrx_word' id='word_1_109' title='bbox 275 883 425 918; x_wconf 83' lang='lat' dir='ltr'><strong>priutiutur,</strong></span> <span class='ocrx_word' id='word_1_110' title='bbox 438 883 618 914; x_wconf 83' lang='lat' dir='ltr'><strong>htnniliamur,</strong></span> <span class='ocrx_word' id='word_1_111' title='bbox 628 887 657 910; x_wconf 82' lang='lat' dir='ltr'><strong>et</strong></span> <span class='ocrx_word' id='word_1_112' title='bbox 665 882 819 909; x_wconf 65' lang='lat' dir='ltr'><strong>substantiae</strong></span> <span class='ocrx_word' id='word_1_113' title='bbox 831 887 928 909; x_wconf 74' lang='lat' dir='ltr'><strong>nostra:</strong></span> <span class='ocrx_word' id='word_1_114' title='bbox 936 881 1066 909; x_wconf 90' lang='lat' dir='ltr'><strong>rationem</strong></span> 
     </span>
    </p>
   </div>
   <div class='ocr_carea' id='block_1_18' title="bbox 275 928 1068 964">
    <p class='ocr_par' dir='ltr' id='par_1_18' title="bbox 275 928 1068 964">
     <span class='ocr_line' id='line_1_18' title="bbox 275 928 1068 964; baseline -0.001 -8"><span class='ocrx_word' id='word_1_115' title='bbox 275 929 469 964; x_wconf 78' lang='lat' dir='ltr'><strong>perpendentes</strong></span> <span class='ocrx_word' id='word_1_116' title='bbox 481 950 489 961; x_wconf 91' lang='lat'><strong>,</strong></span> <span class='ocrx_word' id='word_1_117' title='bbox 502 928 658 956; x_wconf 79' lang='lat' dir='ltr'><strong>modestiam</strong></span> <span class='ocrx_word' id='word_1_118' title='bbox 672 929 809 956; x_wconf 85' lang='lat' dir='ltr'><strong>discimus.</strong></span> <span class='ocrx_word' id='word_1_119' title='bbox 825 928 886 955; x_wconf 89' lang='lat' dir='ltr'><strong>Ideo</strong></span> <span class='ocrx_word' id='word_1_120' title='bbox 899 928 974 955; x_wconf 83' lang='lat' dir='ltr'><strong>enim.</strong></span> <span class='ocrx_word' id='word_1_121' title='bbox 985 928 1068 961; x_wconf 91' lang='lat' dir='ltr'><strong>Deus,</strong></span> 
     </span>
    </p>
   </div>
   <div class='ocr_carea' id='block_1_19' title="bbox 274 973 1066 1006">
    <p class='ocr_par' dir='ltr' id='par_1_19' title="bbox 274 973 1066 1006">
     <span class='ocr_line' id='line_1_19' title="bbox 274 973 1066 1006; baseline -0.003 -4"><span class='ocrx_word' id='word_1_122' title='bbox 274 976 317 1002; x_wconf 68' lang='lat' dir='ltr'><strong>cui</strong></span> <span class='ocrx_word' id='word_1_123' title='bbox 333 980 403 1002; x_wconf 87' lang='lat' dir='ltr'><strong>tanta</strong></span> <span class='ocrx_word' id='word_1_124' title='bbox 418 975 513 1002; x_wconf 85' lang='lat' dir='ltr'><strong>salutis</strong></span> <span class='ocrx_word' id='word_1_125' title='bbox 535 979 633 1001; x_wconf 66' lang='lat' dir='ltr'><strong>nostra:</strong></span> <span class='ocrx_word' id='word_1_126' title='bbox 645 981 719 1006; x_wconf 85' lang='lat' dir='ltr'><strong>cura,</strong></span> <span class='ocrx_word' id='word_1_127' title='bbox 735 973 768 1001; x_wconf 88' lang='lat' dir='ltr'><strong>ad</strong></span> <span class='ocrx_word' id='word_1_128' title='bbox 790 974 873 1001; x_wconf 89' lang='lat' dir='ltr'><strong>nostri</strong></span> <span class='ocrx_word' id='word_1_129' title='bbox 889 973 1066 1001; x_wconf 79' lang='lat' dir='ltr'><strong>eruditionem</strong></span> 
     </span>
    </p>
   </div>
   <div class='ocr_carea' id='block_1_20' title="bbox 275 1019 1068 1055">
    <p class='ocr_par' dir='ltr' id='par_1_20' title="bbox 275 1019 1068 1055">
     <span class='ocr_line' id='line_1_20' title="bbox 275 1019 1068 1055; baseline 0 -8"><span class='ocrx_word' id='word_1_130' title='bbox 275 1020 412 1055; x_wconf 66' lang='lat' dir='ltr'><strong>propheta:</strong></span> <span class='ocrx_word' id='word_1_131' title='bbox 431 1020 546 1055; x_wconf 79' lang='lat' dir='ltr'><strong>linguam</strong></span> <span class='ocrx_word' id='word_1_132' title='bbox 562 1022 600 1047; x_wconf 86' lang='lat' dir='ltr'><strong>sic</strong></span> <span class='ocrx_word' id='word_1_133' title='bbox 623 1019 731 1047; x_wconf 79' lang='lat' dir='ltr'><strong>direxit.</strong></span> <span class='ocrx_word' id='word_1_134' title='bbox 745 1020 848 1054; x_wconf 83' lang='lat' dir='ltr'><strong>Quippe</strong></span> <span class='ocrx_word' id='word_1_135' title='bbox 862 1027 922 1047; x_wconf 89' lang='lat' dir='ltr'><strong>cum</strong></span> <span class='ocrx_word' id='word_1_136' title='bbox 944 1019 1068 1054; x_wconf 78' lang='lat' dir='ltr'><strong>superius</strong></span> 
     </span>
    </p>
   </div>
   <div class='ocr_carea' id='block_1_21' title="bbox 274 1066 1070 1101">
    <p class='ocr_par' dir='ltr' id='par_1_21' title="bbox 274 1066 1070 1101">
     <span class='ocr_line' id='line_1_21' title="bbox 274 1066 1070 1101; baseline -0.004 -6"><span class='ocrx_word' id='word_1_137' title='bbox 274 1067 384 1095; x_wconf 77' lang='lat' dir='ltr'><strong>dixisset</strong></span> <span class='ocrx_word' id='word_1_138' title='bbox 396 1067 486 1094; x_wconf 85' lang='lat' dir='ltr'><strong>divina</strong></span> <span class='ocrx_word' id='word_1_139' title='bbox 502 1066 650 1101; x_wconf 86' lang='lat' dir='ltr'><strong>Scriptura.</strong></span> <span class='ocrx_word' id='word_1_140' title='bbox 667 1066 699 1093; x_wconf 83' lang='lat' dir='ltr'><strong>Et</strong></span> <span class='ocrx_word' id='word_1_141' title='bbox 714 1067 771 1101; x_wconf 74' lang='lat' dir='ltr'><strong>fecit</strong></span> <span class='ocrx_word' id='word_1_142' title='bbox 786 1066 855 1094; x_wconf 74' lang='lat' dir='ltr'><strong>Deus</strong></span> <span class='ocrx_word' id='word_1_143' title='bbox 875 1066 1017 1098; x_wconf 75' lang='lat' dir='ltr'><strong>hominem,</strong></span> <span class='ocrx_word' id='word_1_144' title='bbox 1028 1074 1070 1093; x_wconf 78' lang='lat' dir='ltr'><strong>se-</strong></span> 
     </span>
    </p>
   </div>
   <div class='ocr_carea' id='block_1_22' title="bbox 273 1111 1069 1148">
    <p class='ocr_par' dir='ltr' id='par_1_22' title="bbox 273 1111 1069 1148">
     <span class='ocr_line' id='line_1_22' title="bbox 273 1111 1069 1148; baseline -0.003 -8"><span class='ocrx_word' id='word_1_145' title='bbox 273 1113 384 1140; x_wconf 84' lang='lat' dir='ltr'><strong>cundum</strong></span> <span class='ocrx_word' id='word_1_146' title='bbox 398 1113 532 1148; x_wconf 82' lang='lat' dir='ltr'><strong>imaginem</strong></span> <span class='ocrx_word' id='word_1_147' title='bbox 545 1112 593 1139; x_wconf 83' lang='lat' dir='ltr'><strong>Dei</strong></span> <span class='ocrx_word' id='word_1_148' title='bbox 608 1112 666 1148; x_wconf 75' lang='lat' dir='ltr'><strong>fecit</strong></span> <span class='ocrx_word' id='word_1_149' title='bbox 676 1120 743 1144; x_wconf 85' lang='lat' dir='ltr'><strong>eum,</strong></span> <span class='ocrx_word' id='word_1_150' title='bbox 759 1111 832 1139; x_wconf 93' lang='lat' dir='ltr'><strong>dedit</strong></span> <span class='ocrx_word' id='word_1_151' title='bbox 846 1112 883 1139; x_wconf 83' lang='lat' dir='ltr'><strong>illi</strong></span> <span class='ocrx_word' id='word_1_152' title='bbox 896 1112 1014 1139; x_wconf 90' lang='lat' dir='ltr'><strong>omnium</strong></span> <span class='ocrx_word' id='word_1_153' title='bbox 1029 1112 1069 1139; x_wconf 83' lang='lat' dir='ltr'><strong>vi-</strong></span> 
     </span>
    </p>
   </div>
   <div class='ocr_carea' id='block_1_23' title="bbox 273 1157 1068 1193">
    <p class='ocr_par' dir='ltr' id='par_1_23' title="bbox 273 1157 1068 1193">
     <span class='ocr_line' id='line_1_23' title="bbox 273 1157 1068 1193; baseline -0.001 -7"><span class='ocrx_word' id='word_1_154' title='bbox 273 1159 390 1186; x_wconf 90' lang='lat' dir='ltr'><strong>sibilitnn</strong></span> <span class='ocrx_word' id='word_1_155' title='bbox 405 1162 576 1193; x_wconf 85' lang='lat' dir='ltr'><strong>potestatem.</strong></span> <span class='ocrx_word' id='word_1_156' title='bbox 586 1163 615 1184; x_wconf 88' lang='lat' dir='ltr'><strong>ut</strong></span> <span class='ocrx_word' id='word_1_157' title='bbox 629 1165 662 1185; x_wconf 91' lang='lat' dir='ltr'><strong>ne</strong></span> <span class='ocrx_word' id='word_1_158' title='bbox 672 1165 707 1185; x_wconf 75' lang='lat' dir='ltr'><strong>ex</strong></span> <span class='ocrx_word' id='word_1_159' title='bbox 718 1165 773 1185; x_wconf 68' lang='lat' dir='ltr'><strong>suae</strong></span> <span class='ocrx_word' id='word_1_160' title='bbox 786 1157 982 1184; x_wconf 81' lang='lat' dir='ltr'><strong>constitutionis</strong></span> <span class='ocrx_word' id='word_1_161' title='bbox 997 1157 1068 1192; x_wconf 75' lang='lat' dir='ltr'><strong>igno-</strong></span> 
     </span>
    </p>
   </div>
   <div class='ocr_carea' id='block_1_24' title="bbox 273 1203 1067 1238">
    <p class='ocr_par' dir='ltr' id='par_1_24' title="bbox 273 1203 1067 1238">
     <span class='ocr_line' id='line_1_24' title="bbox 273 1203 1067 1238; baseline -0.003 -6"><span class='ocrx_word' id='word_1_162' title='bbox 273 1204 357 1232; x_wconf 81' lang='lat' dir='ltr'><strong>rantia</strong></span> <span class='ocrx_word' id='word_1_163' title='bbox 369 1204 436 1231; x_wconf 87' lang='lat' dir='ltr'><strong>altos</strong></span> <span class='ocrx_word' id='word_1_164' title='bbox 446 1204 554 1238; x_wconf 85' lang='lat' dir='ltr'><strong>spiritus</strong></span> <span class='ocrx_word' id='word_1_165' title='bbox 565 1203 955 1238; x_wconf 78' lang='lat' dir='ltr'><strong>assumeret,pr:escriptosque</strong></span> <span class='ocrx_word' id='word_1_166' title='bbox 968 1203 1067 1230; x_wconf 87' lang='lat' dir='ltr'><strong>limites</strong></span> 
     </span>
    </p>
   </div>
   <div class='ocr_carea' id='block_1_25' title="bbox 278 1248 1068 1285">
    <p class='ocr_par' dir='ltr' id='par_1_25' title="bbox 278 1248 1068 1285">
     <span class='ocr_line' id='line_1_25' title="bbox 278 1248 1068 1285; baseline -0.001 -8"><span class='ocrx_word' id='word_1_167' title='bbox 278 1250 400 1281; x_wconf 80' lang='lat' dir='ltr'><strong>transiret</strong></span> <span class='ocrx_word' id='word_1_168' title='bbox 416 1259 423 1277; x_wconf 90' lang='lat'><strong>:</strong></span> <span class='ocrx_word' id='word_1_169' title='bbox 437 1250 573 1285; x_wconf 86' lang='lat' dir='ltr'><strong>superiora</strong></span> <span class='ocrx_word' id='word_1_170' title='bbox 587 1255 711 1284; x_wconf 89' lang='lat' dir='ltr'><strong>repetens</strong></span> <span class='ocrx_word' id='word_1_171' title='bbox 724 1249 859 1284; x_wconf 83' lang='lat' dir='ltr'><strong>Scriptura</strong></span> <span class='ocrx_word' id='word_1_172' title='bbox 874 1249 953 1277; x_wconf 86' lang='lat' dir='ltr'><strong>docet</strong></span> <span class='ocrx_word' id='word_1_173' title='bbox 965 1248 1068 1276; x_wconf 79' lang='lat' dir='ltr'><strong>forma-</strong></span> 
     </span>
    </p>
   </div>
   <div class='ocr_carea' id='block_1_26' title="bbox 277 1296 1067 1332">
    <p class='ocr_par' dir='ltr' id='par_1_26' title="bbox 277 1296 1067 1332">
     <span class='ocr_line' id='line_1_26' title="bbox 277 1296 1067 1332; baseline 0.001 -9"><span class='ocrx_word' id='word_1_174' title='bbox 277 1296 431 1332; x_wconf 60' lang='lat' dir='ltr'><strong>!ionis&#39;ejus</strong></span> <span class='ocrx_word' id='word_1_175' title='bbox 451 1297 590 1332; x_wconf 76' lang='lat' dir='ltr'><strong>originem.</strong></span> <span class='ocrx_word' id='word_1_176' title='bbox 606 1302 634 1324; x_wconf 86' lang='lat' dir='ltr'><strong>et</strong></span> <span class='ocrx_word' id='word_1_177' title='bbox 658 1296 729 1324; x_wconf 87' lang='lat' dir='ltr'><strong>unde</strong></span> <span class='ocrx_word' id='word_1_178' title='bbox 749 1304 781 1323; x_wconf 89' lang='lat' dir='ltr'><strong>ac</strong></span> <span class='ocrx_word' id='word_1_179' title='bbox 805 1296 940 1331; x_wconf 87' lang='lat' dir='ltr'><strong>qttomodo</strong></span> <span class='ocrx_word' id='word_1_180' title='bbox 966 1297 1067 1331; x_wconf 89' lang='lat' dir='ltr'><strong>primus</strong></span> 
     </span>
    </p>
   </div>
   <div class='ocr_carea' id='block_1_27' title="bbox 275 1342 1067 1378">
    <p class='ocr_par' dir='ltr' id='par_1_27' title="bbox 275 1342 1067 1378">
     <span class='ocr_line' id='line_1_27' title="bbox 275 1342 1067 1378; baseline -0.003 -7"><span class='ocrx_word' id='word_1_181' title='bbox 275 1345 355 1371; x_wconf 91' lang='lat' dir='ltr'><strong>homo</strong></span> <span class='ocrx_word' id='word_1_182' title='bbox 366 1343 510 1378; x_wconf 88' lang='lat' dir='ltr'><strong>productus</strong></span> <span class='ocrx_word' id='word_1_183' title='bbox 522 1344 567 1370; x_wconf 85' lang='lat' dir='ltr'><strong>sit.</strong></span> <span class='ocrx_word' id='word_1_184' title='bbox 580 1342 645 1370; x_wconf 82' lang='lat' dir='ltr'><strong>Nam</strong></span> <span class='ocrx_word' id='word_1_185' title='bbox 656 1343 679 1370; x_wconf 92' lang='lat' dir='ltr'><strong>si</strong></span> <span class='ocrx_word' id='word_1_186' title='bbox 693 1347 752 1377; x_wconf 90' lang='lat' dir='ltr'><strong>post</strong></span> <span class='ocrx_word' id='word_1_187' title='bbox 765 1342 834 1370; x_wconf 90' lang='lat' dir='ltr'><strong>hanc</strong></span> <span class='ocrx_word' id='word_1_188' title='bbox 845 1343 1003 1375; x_wconf 86' lang='lat' dir='ltr'><strong>doctrinam,</strong></span> <span class='ocrx_word' id='word_1_189' title='bbox 1015 1350 1067 1378; x_wconf 90' lang='lat' dir='ltr'><strong>qua</strong></span> 
     </span>
    </p>
   </div>
   <div class='ocr_carea' id='block_1_28' title="bbox 273 1388 1068 1424">
    <p class='ocr_par' dir='ltr' id='par_1_28' title="bbox 273 1388 1068 1424">
     <span class='ocr_line' id='line_1_28' title="bbox 273 1388 1068 1424; baseline 0 -8"><span class='ocrx_word' id='word_1_190' title='bbox 273 1389 380 1424; x_wconf 83' lang='lat' dir='ltr'><strong>agnovit</strong></span> <span class='ocrx_word' id='word_1_191' title='bbox 392 1396 421 1416; x_wconf 88' lang='lat' dir='ltr'><strong>se</strong></span> <span class='ocrx_word' id='word_1_192' title='bbox 434 1396 449 1416; x_wconf 88' lang='lat' dir='ltr'><strong>e</strong></span> <span class='ocrx_word' id='word_1_193' title='bbox 460 1393 528 1416; x_wconf 76' lang='lat' dir='ltr'><strong>terra</strong></span> <span class='ocrx_word' id='word_1_194' title='bbox 540 1388 641 1416; x_wconf 83' lang='lat' dir='ltr'><strong>habere</strong></span> <span class='ocrx_word' id='word_1_195' title='bbox 651 1388 790 1423; x_wconf 78' lang='lat' dir='ltr'><strong>originem,</strong></span> <span class='ocrx_word' id='word_1_196' title='bbox 804 1395 836 1416; x_wconf 88' lang='lat' dir='ltr'><strong>ex</strong></span> <span class='ocrx_word' id='word_1_197' title='bbox 851 1395 902 1422; x_wconf 83' lang='lat' dir='ltr'><strong>qua</strong></span> <span class='ocrx_word' id='word_1_198' title='bbox 916 1389 1068 1421; x_wconf 57' lang='lat' dir='ltr'><strong>seminaret</strong></span> 
     </span>
    </p>
   </div>
   <div class='ocr_carea' id='block_1_29' title="bbox 273 1433 1068 1469">
    <p class='ocr_par' dir='ltr' id='par_1_29' title="bbox 273 1433 1068 1469">
     <span class='ocr_line' id='line_1_29' title="bbox 273 1433 1068 1469; baseline -0.003 -7"><span class='ocrx_word' id='word_1_199' title='bbox 273 1439 369 1462; x_wconf 61' lang='lat' dir='ltr'><strong>cetera</strong></span> <span class='ocrx_word' id='word_1_200' title='bbox 382 1434 521 1467; x_wconf 84' lang='lat' dir='ltr'><strong>animalia,</strong></span> <span class='ocrx_word' id='word_1_201' title='bbox 537 1434 658 1469; x_wconf 88' lang='lat' dir='ltr'><strong>quamvis</strong></span> <span class='ocrx_word' id='word_1_202' title='bbox 677 1433 818 1466; x_wconf 85' lang='lat' dir='ltr'><strong>formatio,</strong></span> <span class='ocrx_word' id='word_1_203' title='bbox 832 1433 980 1468; x_wconf 68' lang='lat' dir='ltr'><strong>animaeque</strong></span> <span class='ocrx_word' id='word_1_204' title='bbox 1002 1433 1068 1461; x_wconf 86' lang='lat' dir='ltr'><strong>sub-</strong></span> 
     </span>
    </p>
   </div>
   <div class='ocr_carea' id='block_1_30' title="bbox 274 1480 1067 1516">
    <p class='ocr_par' dir='ltr' id='par_1_30' title="bbox 274 1480 1067 1516">
     <span class='ocr_line' id='line_1_30' title="bbox 274 1480 1067 1516; baseline -0.001 -8"><span class='ocrx_word' id='word_1_205' title='bbox 274 1482 371 1508; x_wconf 87' lang='lat' dir='ltr'><strong>stantia</strong></span> <span class='ocrx_word' id='word_1_206' title='bbox 386 1480 562 1516; x_wconf 84' lang='lat' dir='ltr'><strong>incorporalis</strong></span> <span class='ocrx_word' id='word_1_207' title='bbox 576 1480 660 1507; x_wconf 88' lang='lat' dir='ltr'><strong>multo</strong></span> <span class='ocrx_word' id='word_1_208' title='bbox 671 1480 844 1507; x_wconf 76' lang='lat' dir='ltr'><strong>excellentior</strong></span> <span class='ocrx_word' id='word_1_209' title='bbox 859 1488 905 1515; x_wconf 88' lang='lat' dir='ltr'><strong>per</strong></span> <span class='ocrx_word' id='word_1_210' title='bbox 917 1480 1067 1515; x_wconf 81' lang='lat' dir='ltr'><strong>benignita-</strong></span> 
     </span>
    </p>
   </div>
   <div class='ocr_carea' id='block_1_31' title="bbox 275 1525 1067 1562">
    <p class='ocr_par' dir='ltr' id='par_1_31' title="bbox 275 1525 1067 1562">
     <span class='ocr_line' id='line_1_31' title="bbox 275 1525 1067 1562; baseline -0.003 -7"><span class='ocrx_word' id='word_1_211' title='bbox 275 1534 328 1555; x_wconf 74' lang='lat' dir='ltr'><strong>tem</strong></span> <span class='ocrx_word' id='word_1_212' title='bbox 345 1528 392 1555; x_wconf 87' lang='lat' dir='ltr'><strong>Dei</strong></span> <span class='ocrx_word' id='word_1_213' title='bbox 413 1534 539 1554; x_wconf 88' lang='lat' dir='ltr'><strong>concessa</strong></span> <span class='ocrx_word' id='word_1_214' title='bbox 560 1526 596 1554; x_wconf 87' lang='lat' dir='ltr'><strong>sit</strong></span> <span class='ocrx_word' id='word_1_215' title='bbox 609 1535 617 1553; x_wconf 86' lang='lat'><strong>:</strong></span> <span class='ocrx_word' id='word_1_216' title='bbox 632 1534 680 1562; x_wconf 89' lang='lat' dir='ltr'><strong>per</strong></span> <span class='ocrx_word' id='word_1_217' title='bbox 693 1526 761 1553; x_wconf 85' lang='lat' dir='ltr'><strong>hane</strong></span> <span class='ocrx_word' id='word_1_218' title='bbox 778 1526 849 1553; x_wconf 92' lang='lat' dir='ltr'><strong>enim</strong></span> <span class='ocrx_word' id='word_1_219' title='bbox 873 1526 976 1561; x_wconf 77' lang='lat' dir='ltr'><strong>accepit</strong></span> <span class='ocrx_word' id='word_1_220' title='bbox 996 1525 1067 1561; x_wconf 89' lang='lat' dir='ltr'><strong>quod</strong></span> 
     </span>
    </p>
   </div>
   <div class='ocr_carea' id='block_1_32' title="bbox 276 1571 1066 1607">
    <p class='ocr_par' dir='ltr' id='par_1_32' title="bbox 276 1571 1066 1607">
     <span class='ocr_line' id='line_1_32' title="bbox 276 1571 1066 1607; baseline -0.001 -7"><span class='ocrx_word' id='word_1_221' title='bbox 276 1573 413 1600; x_wconf 73' lang='lat' dir='ltr'><strong>rationalis</strong></span> <span class='ocrx_word' id='word_1_222' title='bbox 427 1573 470 1604; x_wconf 89' lang='lat' dir='ltr'><strong>sit,</strong></span> <span class='ocrx_word' id='word_1_223' title='bbox 485 1577 513 1600; x_wconf 87' lang='lat' dir='ltr'><strong>et</strong></span> <span class='ocrx_word' id='word_1_224' title='bbox 523 1572 647 1599; x_wconf 90' lang='lat' dir='ltr'><strong>omnibus</strong></span> <span class='ocrx_word' id='word_1_225' title='bbox 660 1571 719 1599; x_wconf 84' lang='lat' dir='ltr'><strong>aliis</strong></span> <span class='ocrx_word' id='word_1_226' title='bbox 739 1572 851 1607; x_wconf 84' lang='lat' dir='ltr'><strong>imperet</strong></span> <span class='ocrx_word' id='word_1_227' title='bbox 864 1581 870 1599; x_wconf 89' lang='lat'>:</span> <span class='ocrx_word' id='word_1_228' title='bbox 887 1572 926 1605; x_wconf 92' lang='lat' dir='ltr'><strong>si,</strong></span> <span class='ocrx_word' id='word_1_229' title='bbox 941 1572 1047 1607; x_wconf 92' lang='lat' dir='ltr'><strong>inquam</strong></span> <span class='ocrx_word' id='word_1_230' title='bbox 1058 1593 1066 1606; x_wconf 97' lang='lat'><strong>,</strong></span> 
     </span>
    </p>
   </div>
   <div class='ocr_carea' id='block_1_33' title="bbox 276 1618 1067 1653">
    <p class='ocr_par' dir='ltr' id='par_1_33' title="bbox 276 1618 1067 1653">
     <span class='ocr_line' id='line_1_33' title="bbox 276 1618 1067 1653; baseline -0.001 -7"><span class='ocrx_word' id='word_1_231' title='bbox 276 1619 337 1646; x_wconf 83' lang='lat' dir='ltr'><strong>licet</strong></span> <span class='ocrx_word' id='word_1_232' title='bbox 354 1618 411 1646; x_wconf 85' lang='lat' dir='ltr'><strong>h:rc</strong></span> <span class='ocrx_word' id='word_1_233' title='bbox 418 1618 523 1651; x_wconf 88' lang='lat' dir='ltr'><strong>doctus,</strong></span> <span class='ocrx_word' id='word_1_234' title='bbox 535 1618 668 1652; x_wconf 85' lang='lat' dir='ltr'><strong>serpentis</strong></span> <span class='ocrx_word' id='word_1_235' title='bbox 679 1618 834 1652; x_wconf 85' lang='lat' dir='ltr'><strong>deceptione</strong></span> <span class='ocrx_word' id='word_1_236' title='bbox 848 1625 939 1652; x_wconf 86' lang='lat' dir='ltr'><strong>parem</strong></span> <span class='ocrx_word' id='word_1_237' title='bbox 953 1618 1067 1653; x_wconf 78' lang='lat' dir='ltr'><strong>aliquam</strong></span> 
     </span>
    </p>
   </div>
   <div class='ocr_carea' id='block_1_34' title="bbox 273 1663 1067 1698">
    <p class='ocr_par' dir='ltr' id='par_1_34' title="bbox 273 1663 1067 1698">
     <span class='ocr_line' id='line_1_34' title="bbox 273 1663 1067 1698; baseline -0.003 -7"><span class='ocrx_word' id='word_1_238' title='bbox 273 1673 334 1691; x_wconf 88' lang='lat' dir='ltr'><strong>cum</strong></span> <span class='ocrx_word' id='word_1_239' title='bbox 353 1664 408 1692; x_wconf 88' lang='lat' dir='ltr'><strong>Deo</strong></span> <span class='ocrx_word' id='word_1_240' title='bbox 421 1663 599 1698; x_wconf 70' lang='lat' dir='ltr'><strong>aequalitatem</strong></span> <span class='ocrx_word' id='word_1_241' title='bbox 623 1663 782 1697; x_wconf 76' lang='lat' dir='ltr'><strong>imaginatus</strong></span> <span class='ocrx_word' id='word_1_242' title='bbox 793 1667 835 1690; x_wconf 84' lang='lat' dir='ltr'><strong>est</strong></span> <span class='ocrx_word' id='word_1_243' title='bbox 856 1663 879 1689; x_wconf 93' lang='lat' dir='ltr'><strong>is</strong></span> <span class='ocrx_word' id='word_1_244' title='bbox 891 1663 935 1698; x_wconf 86' lang='lat' dir='ltr'><strong>qui</strong></span> <span class='ocrx_word' id='word_1_245' title='bbox 950 1663 983 1690; x_wconf 92' lang='lat' dir='ltr'><strong>de</strong></span> <span class='ocrx_word' id='word_1_246' title='bbox 998 1667 1067 1690; x_wconf 82' lang='lat' dir='ltr'><strong>terra</strong></span> 
     </span>
    </p>
   </div>
   <div class='ocr_carea' id='block_1_35' title="bbox 275 1709 1068 1744">
    <p class='ocr_par' dir='ltr' id='par_1_35' title="bbox 275 1709 1068 1744">
     <span class='ocr_line' id='line_1_35' title="bbox 275 1709 1068 1744; baseline -0.003 -6"><span class='ocrx_word' id='word_1_247' title='bbox 275 1713 422 1738; x_wconf 86' lang='lat' dir='ltr'><strong>formatus:</strong></span> <span class='ocrx_word' id='word_1_248' title='bbox 437 1710 459 1737; x_wconf 90' lang='lat' dir='ltr'><strong>si</strong></span> <span class='ocrx_word' id='word_1_249' title='bbox 473 1710 555 1744; x_wconf 89' lang='lat' dir='ltr'><strong>priori</strong></span> <span class='ocrx_word' id='word_1_250' title='bbox 570 1710 720 1737; x_wconf 79' lang='lat' dir='ltr'><strong>narratione</strong></span> <span class='ocrx_word' id='word_1_251' title='bbox 739 1714 880 1737; x_wconf 90' lang='lat' dir='ltr'><strong>contentus</strong></span> <span class='ocrx_word' id='word_1_252' title='bbox 892 1709 986 1737; x_wconf 90' lang='lat' dir='ltr'><strong>fuisset</strong></span> <span class='ocrx_word' id='word_1_253' title='bbox 1006 1710 1068 1737; x_wconf 84' lang='lat' dir='ltr'><strong>bea-</strong></span> 
     </span>
    </p>
   </div>
   <div class='ocr_carea' id='block_1_36' title="bbox 275 1754 1069 1791">
    <p class='ocr_par' dir='ltr' id='par_1_36' title="bbox 275 1754 1069 1791">
     <span class='ocr_line' id='line_1_36' title="bbox 275 1754 1069 1791; baseline 0 -8"><span class='ocrx_word' id='word_1_254' title='bbox 275 1762 317 1783; x_wconf 89' lang='lat' dir='ltr'><strong>ttts</strong></span> <span class='ocrx_word' id='word_1_255' title='bbox 331 1757 373 1783; x_wconf 88' lang='lat' dir='ltr'><strong>hic</strong></span> <span class='ocrx_word' id='word_1_256' title='bbox 388 1755 528 1791; x_wconf 84' lang='lat' dir='ltr'><strong>propheta,</strong></span> <span class='ocrx_word' id='word_1_257' title='bbox 543 1760 569 1782; x_wconf 91' lang='lat' dir='ltr'><strong>et</strong></span> <span class='ocrx_word' id='word_1_258' title='bbox 584 1755 633 1782; x_wconf 91' lang='lat' dir='ltr'><strong>nisi</strong></span> <span class='ocrx_word' id='word_1_259' title='bbox 650 1754 769 1789; x_wconf 87' lang='lat' dir='ltr'><strong>repetitis</strong></span> <span class='ocrx_word' id='word_1_260' title='bbox 788 1755 911 1782; x_wconf 88' lang='lat' dir='ltr'><strong>omnibus</strong></span> <span class='ocrx_word' id='word_1_261' title='bbox 930 1755 1069 1790; x_wconf 80' lang='lat' dir='ltr'><strong>diligenter</strong></span> 
     </span>
    </p>
   </div>
   <div class='ocr_carea' id='block_1_37' title="bbox 275 1801 1050 1836">
    <p class='ocr_par' dir='ltr' id='par_1_37' title="bbox 275 1801 1050 1836">
     <span class='ocr_line' id='line_1_37' title="bbox 275 1801 1050 1836; baseline -0.003 -6"><span class='ocrx_word' id='word_1_262' title='bbox 275 1811 324 1830; x_wconf 89' lang='lat' dir='ltr'><strong>nos</strong></span> <span class='ocrx_word' id='word_1_263' title='bbox 337 1803 483 1835; x_wconf 74' lang='lat' dir='ltr'><strong>domuisset,</strong></span> <span class='ocrx_word' id='word_1_264' title='bbox 499 1802 524 1828; x_wconf 94' lang='lat' dir='ltr'><strong>in</strong></span> <span class='ocrx_word' id='word_1_265' title='bbox 536 1809 615 1836; x_wconf 89' lang='lat' dir='ltr'><strong>qttam</strong></span> <span class='ocrx_word' id='word_1_266' title='bbox 631 1809 683 1828; x_wconf 88' lang='lat' dir='ltr'><strong>non</strong></span> <span class='ocrx_word' id='word_1_267' title='bbox 697 1801 884 1829; x_wconf 89' lang='lat' dir='ltr'><strong>incidissemus</strong></span> <span class='ocrx_word' id='word_1_268' title='bbox 895 1801 1025 1829; x_wconf 86' lang='lat' dir='ltr'><strong>insaniam</strong></span> <span class='ocrx_word' id='word_1_269' title='bbox 1039 1803 1050 1828; x_wconf 73' lang='grc' dir='ltr'><strong>’ἶ</strong></span> 
     </span>
    </p>
   </div>
   <div class='ocr_carea' id='block_1_38' title="bbox 310 1846 1069 1883">
    <p class='ocr_par' dir='ltr' id='par_1_38' title="bbox 310 1846 1069 1883">
     <span class='ocr_line' id='line_1_38' title="bbox 310 1846 1069 1883; baseline -0.001 -7"><span class='ocrx_word' id='word_1_270' title='bbox 310 1849 337 1876; x_wconf 83' lang='lat'><strong>5.</strong></span> <span class='ocrx_word' id='word_1_271' title='bbox 359 1848 450 1883; x_wconf 86' lang='lat' dir='ltr'><strong>Itaque</strong></span> <span class='ocrx_word' id='word_1_272' title='bbox 464 1847 605 1882; x_wconf 90' lang='lat' dir='ltr'><strong>plurimum</strong></span> <span class='ocrx_word' id='word_1_273' title='bbox 627 1846 660 1873; x_wconf 89' lang='lat' dir='ltr'><strong>ad</strong></span> <span class='ocrx_word' id='word_1_274' title='bbox 680 1847 857 1874; x_wconf 85' lang='lat' dir='ltr'><strong>erudiendum</strong></span> <span class='ocrx_word' id='word_1_275' title='bbox 877 1855 926 1875; x_wconf 87' lang='lat' dir='ltr'><strong>nos</strong></span> <span class='ocrx_word' id='word_1_276' title='bbox 944 1848 1069 1875; x_wconf 89' lang='lat' dir='ltr'><strong>conducit</strong></span> 
     </span>
    </p>
   </div>
   <div class='ocr_carea' id='block_1_39' title="bbox 274 1892 1069 1928">
    <p class='ocr_par' dir='ltr' id='par_1_39' title="bbox 274 1892 1069 1928">
     <span class='ocr_line' id='line_1_39' title="bbox 274 1892 1069 1928; baseline 0 -7"><span class='ocrx_word' id='word_1_277' title='bbox 274 1902 295 1921; x_wconf 71' lang='lat' dir='ltr'><strong>st</strong></span> <span class='ocrx_word' id='word_1_278' title='bbox 306 1895 343 1921; x_wconf 88' lang='lat' dir='ltr'><strong>ire</strong></span> <span class='ocrx_word' id='word_1_279' title='bbox 358 1893 428 1921; x_wconf 86' lang='lat' dir='ltr'><strong>unde</strong></span> <span class='ocrx_word' id='word_1_280' title='bbox 447 1893 592 1920; x_wconf 87' lang='lat' dir='ltr'><strong>substantia</strong></span> <span class='ocrx_word' id='word_1_281' title='bbox 607 1897 696 1919; x_wconf 90' lang='lat' dir='ltr'><strong>nostra</strong></span> <span class='ocrx_word' id='word_1_282' title='bbox 711 1892 824 1927; x_wconf 87' lang='lat' dir='ltr'><strong>priunnn</strong></span> <span class='ocrx_word' id='word_1_283' title='bbox 842 1893 971 1928; x_wconf 74' lang='lat' dir='ltr'><strong>originem</strong></span> <span class='ocrx_word' id='word_1_284' title='bbox 993 1901 1069 1921; x_wconf 87' lang='lat' dir='ltr'><strong>acce-</strong></span> 
     </span>
    </p>
   </div>
   <div class='ocr_carea' id='block_1_40' title="bbox 277 1937 1069 1974">
    <p class='ocr_par' dir='ltr' id='par_1_40' title="bbox 277 1937 1069 1974">
     <span class='ocr_line' id='line_1_40' title="bbox 277 1937 1069 1974; baseline -0.001 -8"><span class='ocrx_word' id='word_1_285' title='bbox 277 1939 355 1974; x_wconf 85' lang='lat' dir='ltr'><strong>perit.</strong></span> <span class='ocrx_word' id='word_1_286' title='bbox 369 1938 400 1965; x_wconf 81' lang='lat' dir='ltr'><strong>Et</strong></span> <span class='ocrx_word' id='word_1_287' title='bbox 412 1938 542 1974; x_wconf 82' lang='lat' dir='ltr'><strong>formavit,</strong></span> <span class='ocrx_word' id='word_1_288' title='bbox 554 1937 646 1972; x_wconf 89' lang='lat' dir='ltr'><strong>inquit,</strong></span> <span class='ocrx_word' id='word_1_289' title='bbox 660 1937 729 1964; x_wconf 76' lang='lat' dir='ltr'><strong>Deus</strong></span> <span class='ocrx_word' id='word_1_290' title='bbox 742 1937 878 1971; x_wconf 82' lang='lat' dir='ltr'><strong>hominem,</strong></span> <span class='ocrx_word' id='word_1_291' title='bbox 892 1938 1017 1972; x_wconf 73' lang='lat' dir='ltr'><strong>puluerem</strong></span> <span class='ocrx_word' id='word_1_292' title='bbox 1028 1946 1069 1965; x_wconf 89' lang='lat' dir='ltr'><strong>ac-</strong></span> 
     </span>
    </p>
   </div>
   <div class='ocr_carea' id='block_1_41' title="bbox 275 1983 1069 2020">
    <p class='ocr_par' dir='ltr' id='par_1_41' title="bbox 275 1983 1069 2020">
     <span class='ocr_line' id='line_1_41' title="bbox 275 1983 1069 2020; baseline -0.004 -7"><span class='ocrx_word' id='word_1_293' title='bbox 275 1985 376 2020; x_wconf 83' lang='lat' dir='ltr'><strong>cipiens</strong></span> <span class='ocrx_word' id='word_1_294' title='bbox 391 1984 422 2010; x_wconf 82' lang='lat' dir='ltr'><strong>de</strong></span> <span class='ocrx_word' id='word_1_295' title='bbox 437 1989 503 2010; x_wconf 80' lang='lat' dir='ltr'><strong>terra</strong></span> <span class='ocrx_word' id='word_1_296' title='bbox 514 2004 522 2016; x_wconf 88' lang='lat'><strong>,</strong></span> <span class='ocrx_word' id='word_1_297' title='bbox 536 1987 559 2010; x_wconf 83' lang='lat' dir='ltr'><strong>et</strong></span> <span class='ocrx_word' id='word_1_298' title='bbox 579 1983 712 2018; x_wconf 65' lang='lat' dir='ltr'><strong>insufflauit</strong></span> <span class='ocrx_word' id='word_1_299' title='bbox 726 1983 753 2009; x_wconf 87' lang='lat' dir='ltr'><strong>in</strong></span> <span class='ocrx_word' id='word_1_300' title='bbox 770 1983 860 2019; x_wconf 75' lang='lat' dir='ltr'><strong>{aciem</strong></span> <span class='ocrx_word' id='word_1_301' title='bbox 877 1985 932 2018; x_wconf 75' lang='lat' dir='ltr'><strong>ejus</strong></span> <span class='ocrx_word' id='word_1_302' title='bbox 952 1984 1069 2019; x_wconf 71' lang='lat' dir='ltr'><strong>spiracu-</strong></span> 
     </span>
    </p>
   </div>
   <div class='ocr_carea' id='block_1_42' title="bbox 276 2028 1068 2064">
    <p class='ocr_par' dir='ltr' id='par_1_42' title="bbox 276 2028 1068 2064">
     <span class='ocr_line' id='line_1_42' title="bbox 276 2028 1068 2064; baseline -0.001 -7"><span class='ocrx_word' id='word_1_303' title='bbox 276 2031 328 2058; x_wconf 82' lang='lat' dir='ltr'><strong>lum</strong></span> <span class='ocrx_word' id='word_1_304' title='bbox 339 2031 404 2057; x_wconf 71' lang='lat' dir='ltr'><strong>vitm.</strong></span> <span class='ocrx_word' id='word_1_305' title='bbox 416 2029 546 2063; x_wconf 86' lang='lat' dir='ltr'><strong>Quoniam</strong></span> <span class='ocrx_word' id='word_1_306' title='bbox 559 2028 709 2056; x_wconf 90' lang='lat' dir='ltr'><strong>hominibus</strong></span> <span class='ocrx_word' id='word_1_307' title='bbox 722 2028 889 2062; x_wconf 86' lang='lat' dir='ltr'><strong>loquebatur,</strong></span> <span class='ocrx_word' id='word_1_308' title='bbox 899 2029 977 2056; x_wconf 85' lang='lat' dir='ltr'><strong>aliter</strong></span> <span class='ocrx_word' id='word_1_309' title='bbox 990 2038 1068 2064; x_wconf 90' lang='lat' dir='ltr'><strong>quam</strong></span> 
     </span>
    </p>
   </div>
   <div class='ocr_carea' id='block_1_43' title="bbox 277 2073 1068 2106">
    <p class='ocr_par' dir='ltr' id='par_1_43' title="bbox 277 2073 1068 2106">
     <span class='ocr_line' id='line_1_43' title="bbox 277 2073 1068 2106; baseline 0 -4"><span class='ocrx_word' id='word_1_310' title='bbox 277 2083 352 2103; x_wconf 87' lang='lat' dir='ltr'><strong>more</strong></span> <span class='ocrx_word' id='word_1_311' title='bbox 376 2080 467 2102; x_wconf 89' lang='lat' dir='ltr'><strong>nostro</strong></span> <span class='ocrx_word' id='word_1_312' title='bbox 489 2074 581 2101; x_wconf 89' lang='lat' dir='ltr'><strong>attdire</strong></span> <span class='ocrx_word' id='word_1_313' title='bbox 605 2081 658 2100; x_wconf 92' lang='lat' dir='ltr'><strong>non</strong></span> <span class='ocrx_word' id='word_1_314' title='bbox 672 2073 823 2101; x_wconf 87' lang='lat' dir='ltr'><strong>valentibus</strong></span> <span class='ocrx_word' id='word_1_315' title='bbox 835 2095 842 2106; x_wconf 93' lang='lat'><strong>,</strong></span> <span class='ocrx_word' id='word_1_316' title='bbox 857 2074 906 2101; x_wconf 90' lang='lat' dir='ltr'><strong>hac</strong></span> <span class='ocrx_word' id='word_1_317' title='bbox 926 2075 1068 2102; x_wconf 85' lang='lat' dir='ltr'><strong>verborum</strong></span> 
     </span>
    </p>
   </div>
   <div class='ocr_carea' id='block_1_44' title="bbox 276 2119 1070 2157">
    <p class='ocr_par' dir='ltr' id='par_1_44' title="bbox 276 2119 1070 2157">
     <span class='ocr_line' id='line_1_44' title="bbox 276 2119 1070 2157; baseline -0.003 -8"><span class='ocrx_word' id='word_1_318' title='bbox 276 2122 446 2157; x_wconf 81' lang='lat' dir='ltr'><strong>simplicitate</strong></span> <span class='ocrx_word' id='word_1_319' title='bbox 456 2125 483 2147; x_wconf 93' lang='lat' dir='ltr'><strong>ct</strong></span> <span class='ocrx_word' id='word_1_320' title='bbox 497 2119 673 2147; x_wconf 88' lang='lat' dir='ltr'><strong>crassitudine</strong></span> <span class='ocrx_word' id='word_1_321' title='bbox 684 2127 747 2147; x_wconf 89' lang='lat' dir='ltr'><strong>usus</strong></span> <span class='ocrx_word' id='word_1_322' title='bbox 762 2124 802 2147; x_wconf 89' lang='lat' dir='ltr'><strong>est</strong></span> <span class='ocrx_word' id='word_1_323' title='bbox 814 2127 822 2152; x_wconf 89' lang='lat'>;</span> <span class='ocrx_word' id='word_1_324' title='bbox 836 2125 863 2146; x_wconf 90' lang='lat' dir='ltr'><strong>et</strong></span> <span class='ocrx_word' id='word_1_325' title='bbox 872 2124 900 2146; x_wconf 92' lang='lat' dir='ltr'><strong>ut</strong></span> <span class='ocrx_word' id='word_1_326' title='bbox 914 2119 1008 2147; x_wconf 88' lang='lat' dir='ltr'><strong>doceat</strong></span> <span class='ocrx_word' id='word_1_327' title='bbox 1021 2128 1070 2148; x_wconf 89' lang='lat' dir='ltr'><strong>nos</strong></span> 
     </span>
    </p>
   </div>
   <div class='ocr_carea' id='block_1_45' title="bbox 277 2165 1070 2201">
    <p class='ocr_par' dir='ltr' id='par_1_45' title="bbox 277 2165 1070 2201">
     <span class='ocr_line' id='line_1_45' title="bbox 277 2165 1070 2201; baseline 0 -8"><span class='ocrx_word' id='word_1_328' title='bbox 277 2175 330 2201; x_wconf 83' lang='lat' dir='ltr'><strong>quo</strong></span> <span class='ocrx_word' id='word_1_329' title='bbox 346 2171 422 2201; x_wconf 84' lang='lat' dir='ltr'><strong>pacto</strong></span> <span class='ocrx_word' id='word_1_330' title='bbox 436 2166 578 2192; x_wconf 91' lang='lat' dir='ltr'><strong>formatum</strong></span> <span class='ocrx_word' id='word_1_331' title='bbox 593 2165 667 2191; x_wconf 88' lang='lat' dir='ltr'><strong>illum</strong></span> <span class='ocrx_word' id='word_1_332' title='bbox 681 2165 714 2192; x_wconf 87' lang='lat' dir='ltr'><strong>de</strong></span> <span class='ocrx_word' id='word_1_333' title='bbox 732 2170 802 2192; x_wconf 90' lang='lat' dir='ltr'><strong>terra</strong></span> <span class='ocrx_word' id='word_1_334' title='bbox 814 2185 822 2197; x_wconf 98' lang='lat'><strong>,</strong></span> <span class='ocrx_word' id='word_1_335' title='bbox 846 2165 994 2200; x_wconf 75' lang='lat' dir='ltr'><strong>benignitas</strong></span> <span class='ocrx_word' id='word_1_336' title='bbox 1018 2166 1070 2193; x_wconf 88' lang='lat' dir='ltr'><strong>Do-</strong></span> 
     </span>
    </p>
   </div>
   <div class='ocr_carea' id='block_1_46' title="bbox 279 2210 1068 2246">
    <p class='ocr_par' dir='ltr' id='par_1_46' title="bbox 279 2210 1068 2246">
     <span class='ocr_line' id='line_1_46' title="bbox 279 2210 1068 2246; baseline -0.003 -6"><span class='ocrx_word' id='word_1_337' title='bbox 279 2213 342 2240; x_wconf 88' lang='lat' dir='ltr'><strong>tuini</strong></span> <span class='ocrx_word' id='word_1_338' title='bbox 358 2211 515 2239; x_wconf 89' lang='lat' dir='ltr'><strong>rationalem</strong></span> <span class='ocrx_word' id='word_1_339' title='bbox 530 2210 627 2237; x_wconf 80' lang='lat' dir='ltr'><strong>animte</strong></span> <span class='ocrx_word' id='word_1_340' title='bbox 648 2210 790 2237; x_wconf 69' lang='lat' dir='ltr'><strong>essuntiam</strong></span> <span class='ocrx_word' id='word_1_341' title='bbox 816 2210 916 2238; x_wconf 85' lang='lat' dir='ltr'><strong>habere</strong></span> <span class='ocrx_word' id='word_1_342' title='bbox 936 2211 1068 2246; x_wconf 83' lang='lat' dir='ltr'><strong>voluerit,</strong></span> 
     </span>
    </p>
   </div>
   <div class='ocr_carea' id='block_1_47' title="bbox 278 2257 1068 2295">
    <p class='ocr_par' dir='ltr' id='par_1_47' title="bbox 278 2257 1068 2295">
     <span class='ocr_line' id='line_1_47' title="bbox 278 2257 1068 2295; baseline 0 -9"><span class='ocrx_word' id='word_1_343' title='bbox 278 2268 323 2295; x_wconf 82' lang='lat' dir='ltr'><strong>per</strong></span> <span class='ocrx_word' id='word_1_344' title='bbox 337 2267 417 2294; x_wconf 88' lang='lat' dir='ltr'><strong>qttam</strong></span> <span class='ocrx_word' id='word_1_345' title='bbox 430 2257 528 2285; x_wconf 87' lang='lat' dir='ltr'><strong>animal</strong></span> <span class='ocrx_word' id='word_1_346' title='bbox 543 2257 593 2285; x_wconf 88' lang='lat' dir='ltr'><strong>ltoc</strong></span> <span class='ocrx_word' id='word_1_347' title='bbox 603 2257 753 2284; x_wconf 80' lang='lat' dir='ltr'><strong>absolutum</strong></span> <span class='ocrx_word' id='word_1_348' title='bbox 772 2261 800 2285; x_wconf 91' lang='lat' dir='ltr'><strong>et</strong></span> <span class='ocrx_word' id='word_1_349' title='bbox 814 2257 959 2292; x_wconf 87' lang='lat' dir='ltr'><strong>perfectum</strong></span> <span class='ocrx_word' id='word_1_350' title='bbox 983 2258 1068 2286; x_wconf 82' lang='lat' dir='ltr'><strong>ﬁeret.</strong></span> 
     </span>
    </p>
   </div>
   <div class='ocr_carea' id='block_1_48' title="bbox 280 2304 1068 2341">
    <p class='ocr_par' dir='ltr' id='par_1_48' title="bbox 280 2304 1068 2341">
     <span class='ocr_line' id='line_1_48' title="bbox 280 2304 1068 2341; baseline -0.001 -7"><span class='ocrx_word' id='word_1_351' title='bbox 280 2307 311 2334; x_wconf 76' lang='lat' dir='ltr'><strong>Et</strong></span> <span class='ocrx_word' id='word_1_352' title='bbox 331 2306 463 2341; x_wconf 82' lang='lat' dir='ltr'><strong>inspiravit</strong></span> <span class='ocrx_word' id='word_1_353' title='bbox 473 2326 481 2337; x_wconf 95' lang='lat'><strong>,</strong></span> <span class='ocrx_word' id='word_1_354' title='bbox 497 2305 598 2340; x_wconf 88' lang='lat' dir='ltr'><strong>inquit,</strong></span> <span class='ocrx_word' id='word_1_355' title='bbox 621 2304 646 2331; x_wconf 84' lang='lat' dir='ltr'><strong>in</strong></span> <span class='ocrx_word' id='word_1_356' title='bbox 660 2304 750 2339; x_wconf 66' lang='lat' dir='ltr'><strong>faciem</strong></span> <span class='ocrx_word' id='word_1_357' title='bbox 764 2304 818 2338; x_wconf 75' lang='lat' dir='ltr'><strong>eius</strong></span> <span class='ocrx_word' id='word_1_358' title='bbox 831 2305 986 2339; x_wconf 70' lang='lat' dir='ltr'><strong>spiraculum</strong></span> <span class='ocrx_word' id='word_1_359' title='bbox 1001 2306 1068 2333; x_wconf 74' lang='lat' dir='ltr'><strong>vitm.</strong></span> 
     </span>
    </p>
   </div>
   <div class='ocr_carea' id='block_1_49' title="bbox 281 2349 1071 2386">
    <p class='ocr_par' dir='ltr' id='par_1_49' title="bbox 281 2349 1071 2386">
     <span class='ocr_line' id='line_1_49' title="bbox 281 2349 1071 2386; baseline -0.001 -6"><span class='ocrx_word' id='word_1_360' title='bbox 281 2353 393 2380; x_wconf 80' lang='lat' dir='ltr'><strong>Vitalem</strong></span> <span class='ocrx_word' id='word_1_361' title='bbox 407 2352 444 2379; x_wconf 87' lang='lat' dir='ltr'><strong>ait</strong></span> <span class='ocrx_word' id='word_1_362' title='bbox 466 2349 592 2386; x_wconf 85' lang='lat' dir='ltr'><strong>operandi</strong></span> <span class='ocrx_word' id='word_1_363' title='bbox 606 2349 753 2377; x_wconf 83' lang='lat' dir='ltr'><strong>efficaciam</strong></span> <span class='ocrx_word' id='word_1_364' title='bbox 768 2349 792 2376; x_wconf 86' lang='lat' dir='ltr'><strong>ei</strong></span> <span class='ocrx_word' id='word_1_365' title='bbox 802 2370 810 2383; x_wconf 93' lang='lat'><strong>,</strong></span> <span class='ocrx_word' id='word_1_366' title='bbox 821 2351 865 2385; x_wconf 85' lang='lat' dir='ltr'><strong>qui</strong></span> <span class='ocrx_word' id='word_1_367' title='bbox 879 2350 912 2377; x_wconf 87' lang='lat' dir='ltr'><strong>de</strong></span> <span class='ocrx_word' id='word_1_368' title='bbox 927 2355 996 2378; x_wconf 85' lang='lat' dir='ltr'><strong>terra</strong></span> <span class='ocrx_word' id='word_1_369' title='bbox 1018 2351 1071 2379; x_wconf 90' lang='lat' dir='ltr'><strong>for—</strong></span> 
     </span>
    </p>
   </div>
   <div class='ocr_carea' id='block_1_50' title="bbox 280 2395 1072 2431">
    <p class='ocr_par' dir='ltr' id='par_1_50' title="bbox 280 2395 1072 2431">
     <span class='ocr_line' id='line_1_50' title="bbox 280 2395 1072 2431; baseline 0 -6"><span class='ocrx_word' id='word_1_370' title='bbox 280 2403 366 2426; x_wconf 87' lang='lat' dir='ltr'><strong>matus</strong></span> <span class='ocrx_word' id='word_1_371' title='bbox 379 2402 431 2430; x_wconf 83' lang='lat' dir='ltr'><strong>est,</strong></span> <span class='ocrx_word' id='word_1_372' title='bbox 446 2395 606 2431; x_wconf 84' lang='lat' dir='ltr'><strong>Spiraculum</strong></span> <span class='ocrx_word' id='word_1_373' title='bbox 619 2395 708 2422; x_wconf 86' lang='lat' dir='ltr'><strong>datum</strong></span> <span class='ocrx_word' id='word_1_374' title='bbox 719 2402 790 2428; x_wconf 89' lang='lat' dir='ltr'><strong>esse,</strong></span> <span class='ocrx_word' id='word_1_375' title='bbox 804 2400 831 2423; x_wconf 91' lang='lat' dir='ltr'><strong>et</strong></span> <span class='ocrx_word' id='word_1_376' title='bbox 844 2395 901 2423; x_wconf 62' lang='lat' dir='ltr'><strong>haec</strong></span> <span class='ocrx_word' id='word_1_377' title='bbox 914 2396 960 2424; x_wconf 91' lang='lat' dir='ltr'><strong>fuit</strong></span> <span class='ocrx_word' id='word_1_378' title='bbox 971 2399 1072 2426; x_wconf 89' lang='lat' dir='ltr'><strong>consti-</strong></span> 
     </span>
    </p>
   </div>
   <div class='ocr_carea' id='block_1_51' title="bbox 280 2441 1071 2479">
    <p class='ocr_par' dir='ltr' id='par_1_51' title="bbox 280 2441 1071 2479">
     <span class='ocr_line' id='line_1_51' title="bbox 280 2441 1071 2479; baseline -0.003 -6"><span class='ocrx_word' id='word_1_379' title='bbox 280 2445 346 2473; x_wconf 91' lang='lat' dir='ltr'><strong>tutio</strong></span> <span class='ocrx_word' id='word_1_380' title='bbox 370 2443 525 2472; x_wconf 68' lang='lat' dir='ltr'><strong>substantia:</strong></span> <span class='ocrx_word' id='word_1_381' title='bbox 543 2442 651 2469; x_wconf 66' lang='lat' dir='ltr'><strong>animm.</strong></span> <span class='ocrx_word' id='word_1_382' title='bbox 667 2441 743 2470; x_wconf 88' lang='lat' dir='ltr'><strong>Unde</strong></span> <span class='ocrx_word' id='word_1_383' title='bbox 766 2442 856 2469; x_wconf 84' lang='lat' dir='ltr'><strong>subdit</strong></span> <span class='ocrx_word' id='word_1_384' title='bbox 870 2451 877 2469; x_wconf 93' lang='lat'>:</span> <span class='ocrx_word' id='word_1_385' title='bbox 894 2442 927 2470; x_wconf 87' lang='lat' dir='ltr'><strong>Et</strong></span> <span class='ocrx_word' id='word_1_386' title='bbox 941 2446 1023 2479; x_wconf 82' lang='lat' dir='ltr'><strong>factus</strong></span> <span class='ocrx_word' id='word_1_387' title='bbox 1036 2450 1071 2471; x_wconf 80' lang='lat' dir='ltr'><strong>est</strong></span> 
     </span>
    </p>
   </div>
   <div class='ocr_carea' id='block_1_52' title="bbox 279 2487 1070 2524">
    <p class='ocr_par' dir='ltr' id='par_1_52' title="bbox 279 2487 1070 2524">
     <span class='ocr_line' id='line_1_52' title="bbox 279 2487 1070 2524; baseline -0.001 -6"><span class='ocrx_word' id='word_1_388' title='bbox 279 2492 354 2518; x_wconf 85' lang='lat' dir='ltr'><strong>homo</strong></span> <span class='ocrx_word' id='word_1_389' title='bbox 367 2490 393 2517; x_wconf 87' lang='lat' dir='ltr'><strong>in</strong></span> <span class='ocrx_word' id='word_1_390' title='bbox 407 2490 517 2516; x_wconf 83' lang='lat' dir='ltr'><strong>animant</strong></span> <span class='ocrx_word' id='word_1_391' title='bbox 529 2489 659 2515; x_wconf 78' lang='lat' dir='ltr'><strong>viventem.</strong></span> <span class='ocrx_word' id='word_1_392' title='bbox 675 2487 721 2515; x_wconf 90' lang='lat' dir='ltr'><strong>Ille</strong></span> <span class='ocrx_word' id='word_1_393' title='bbox 735 2487 871 2521; x_wconf 88' lang='lat' dir='ltr'><strong>formatus,</strong></span> <span class='ocrx_word' id='word_1_394' title='bbox 888 2488 982 2524; x_wconf 84' lang='lat' dir='ltr'><strong>inquit,</strong></span> <span class='ocrx_word' id='word_1_395' title='bbox 997 2495 1024 2516; x_wconf 88' lang='lat' dir='ltr'><strong>et</strong></span> <span class='ocrx_word' id='word_1_396' title='bbox 1037 2489 1070 2517; x_wconf 83' lang='lat' dir='ltr'><strong>de</strong></span> 
     </span>
    </p>
   </div>
   <div class='ocr_carea' id='block_1_53' title="bbox 279 2534 1071 2571">
    <p class='ocr_par' dir='ltr' id='par_1_53' title="bbox 279 2534 1071 2571">
     <span class='ocr_line' id='line_1_53' title="bbox 279 2534 1071 2571; baseline -0.001 -9"><span class='ocrx_word' id='word_1_397' title='bbox 279 2537 387 2571; x_wconf 85' lang='lat' dir='ltr'><strong>pulvere</strong></span> <span class='ocrx_word' id='word_1_398' title='bbox 410 2539 559 2569; x_wconf 81' lang='lat' dir='ltr'><strong>Susceptus,</strong></span> <span class='ocrx_word' id='word_1_399' title='bbox 580 2534 722 2568; x_wconf 87' lang='lat' dir='ltr'><strong>inspiratus</strong></span> <span class='ocrx_word' id='word_1_400' title='bbox 741 2534 874 2567; x_wconf 82' lang='lat' dir='ltr'><strong>spiraculo</strong></span> <span class='ocrx_word' id='word_1_401' title='bbox 889 2535 959 2568; x_wconf 65' lang='lat' dir='ltr'><strong>vice,</strong></span> <span class='ocrx_word' id='word_1_402' title='bbox 976 2535 1071 2562; x_wconf 77' lang='lat' dir='ltr'><strong>Factus</strong></span> 
     </span>
    </p>
   </div>
   <div class='ocr_carea' id='block_1_54' title="bbox 278 2579 1071 2613">
    <p class='ocr_par' dir='ltr' id='par_1_54' title="bbox 278 2579 1071 2613">
     <span class='ocr_line' id='line_1_54' title="bbox 278 2579 1071 2613; baseline -0.003 -3"><span class='ocrx_word' id='word_1_403' title='bbox 278 2588 314 2610; x_wconf 78' lang='lat' dir='ltr'><strong>est</strong></span> <span class='ocrx_word' id='word_1_404' title='bbox 330 2584 356 2609; x_wconf 85' lang='lat' dir='ltr'><strong>in</strong></span> <span class='ocrx_word' id='word_1_405' title='bbox 368 2583 478 2609; x_wconf 85' lang='lat' dir='ltr'><strong>animam</strong></span> <span class='ocrx_word' id='word_1_406' title='bbox 491 2579 694 2613; x_wconf 79' lang='lat' dir='ltr'><strong>viventettt.Quid</strong></span> <span class='ocrx_word' id='word_1_407' title='bbox 705 2583 757 2613; x_wconf 84' lang='lat' dir='ltr'><strong>est,</strong></span> <span class='ocrx_word' id='word_1_408' title='bbox 768 2579 801 2606; x_wconf 85' lang='lat' dir='ltr'><strong>In</strong></span> <span class='ocrx_word' id='word_1_409' title='bbox 812 2581 922 2607; x_wconf 82' lang='lat' dir='ltr'><strong>animant</strong></span> <span class='ocrx_word' id='word_1_410' title='bbox 934 2581 1071 2608; x_wconf 80' lang='lat' dir='ltr'><strong>viventem?</strong></span> 
     </span>
    </p>
   </div>
   <div class='ocr_carea' id='block_1_55' title="bbox 279 2625 1071 2662">
    <p class='ocr_par' dir='ltr' id='par_1_55' title="bbox 279 2625 1071 2662">
     <span class='ocr_line' id='line_1_55' title="bbox 279 2625 1071 2662; baseline -0.003 -5"><span class='ocrx_word' id='word_1_411' title='bbox 279 2629 337 2657; x_wconf 86' lang='lat' dir='ltr'><strong>lloc</strong></span> <span class='ocrx_word' id='word_1_412' title='bbox 359 2633 416 2660; x_wconf 88' lang='lat' dir='ltr'><strong>est,</strong></span> <span class='ocrx_word' id='word_1_413' title='bbox 430 2627 573 2655; x_wconf 72' lang='lat' dir='ltr'><strong>efficaciter</strong></span> <span class='ocrx_word' id='word_1_414' title='bbox 597 2631 750 2661; x_wconf 84' lang='lat' dir='ltr'><strong>operantem</strong></span> <span class='ocrx_word' id='word_1_415' title='bbox 763 2646 771 2659; x_wconf 88' lang='lat'><strong>,</strong></span> <span class='ocrx_word' id='word_1_416' title='bbox 787 2625 927 2654; x_wconf 85' lang='lat' dir='ltr'><strong>habentem</strong></span> <span class='ocrx_word' id='word_1_417' title='bbox 951 2628 1071 2662; x_wconf 89' lang='lat' dir='ltr'><strong>corporis</strong></span> 
     </span>
    </p>
   </div>
   <div class='ocr_carea' id='block_1_56' title="bbox 282 2672 1070 2708">
    <p class='ocr_par' dir='ltr' id='par_1_56' title="bbox 282 2672 1070 2708">
     <span class='ocr_line' id='line_1_56' title="bbox 282 2672 1070 2708; baseline -0.001 -6"><span class='ocrx_word' id='word_1_418' title='bbox 282 2674 401 2702; x_wconf 85' lang='lat' dir='ltr'><strong>membra</strong></span> <span class='ocrx_word' id='word_1_419' title='bbox 416 2673 497 2708; x_wconf 89' lang='lat' dir='ltr'><strong>ipsius</strong></span> <span class='ocrx_word' id='word_1_420' title='bbox 512 2672 710 2707; x_wconf 86' lang='lat' dir='ltr'><strong>operationibus</strong></span> <span class='ocrx_word' id='word_1_421' title='bbox 723 2672 864 2699; x_wconf 84' lang='lat' dir='ltr'><strong>servientia</strong></span> <span class='ocrx_word' id='word_1_422' title='bbox 878 2672 1012 2707; x_wconf 85' lang='lat' dir='ltr'><strong>ipsiusque</strong></span> <span class='ocrx_word' id='word_1_423' title='bbox 1022 2681 1070 2701; x_wconf 88' lang='lat' dir='ltr'><strong>vo-</strong></span> 
     </span>
    </p>
   </div>
   <div class='ocr_carea' id='block_1_57' title="bbox 281 2717 1072 2754">
    <p class='ocr_par' dir='ltr' id='par_1_57' title="bbox 281 2717 1072 2754">
     <span class='ocr_line' id='line_1_57' title="bbox 281 2717 1072 2754; baseline -0.001 -7"><span class='ocrx_word' id='word_1_424' title='bbox 281 2719 374 2749; x_wconf 87' lang='lat' dir='ltr'><strong>luntati</strong></span> <span class='ocrx_word' id='word_1_425' title='bbox 393 2718 611 2754; x_wconf 84' lang='lat' dir='ltr'><strong>obtcmperantia.</strong></span> <span class='ocrx_word' id='word_1_426' title='bbox 627 2717 758 2745; x_wconf 78' lang='lat' dir='ltr'><strong>Czeterum</strong></span> <span class='ocrx_word' id='word_1_427' title='bbox 773 2717 863 2744; x_wconf 90' lang='lat' dir='ltr'><strong>nescio</strong></span> <span class='ocrx_word' id='word_1_428' title='bbox 877 2718 1010 2752; x_wconf 90' lang='lat' dir='ltr'><strong>qttomodo</strong></span> <span class='ocrx_word' id='word_1_429' title='bbox 1024 2726 1072 2746; x_wconf 87' lang='lat' dir='ltr'><strong>nos</strong></span> 
     </span>
    </p>
   </div>
   <div class='ocr_carea' id='block_1_58' title="bbox 282 2762 1072 2798">
    <p class='ocr_par' dir='ltr' id='par_1_58' title="bbox 282 2762 1072 2798">
     <span class='ocr_line' id='line_1_58' title="bbox 282 2762 1072 2798; baseline -0.001 -6"><span class='ocrx_word' id='word_1_430' title='bbox 282 2774 342 2793; x_wconf 82' lang='lat' dir='ltr'><strong>eunt</strong></span> <span class='ocrx_word' id='word_1_431' title='bbox 355 2764 562 2792; x_wconf 83' lang='lat' dir='ltr'><strong>sttbvcrterimus</strong></span> <span class='ocrx_word' id='word_1_432' title='bbox 580 2763 712 2797; x_wconf 77' lang='lat' dir='ltr'><strong>ordinem,</strong></span> <span class='ocrx_word' id='word_1_433' title='bbox 724 2768 752 2790; x_wconf 87' lang='lat' dir='ltr'><strong>et</strong></span> <span class='ocrx_word' id='word_1_434' title='bbox 763 2767 836 2790; x_wconf 90' lang='lat' dir='ltr'><strong>tanta</strong></span> <span class='ocrx_word' id='word_1_435' title='bbox 850 2762 930 2790; x_wconf 86' lang='lat' dir='ltr'><strong>fuerit</strong></span> <span class='ocrx_word' id='word_1_436' title='bbox 947 2765 1072 2798; x_wconf 73' lang='lat' dir='ltr'><strong>nequitiae</strong></span> 
     </span>
    </p>
   </div>
   <div class='ocr_carea' id='block_1_59' title="bbox 282 2809 1072 2845">
    <p class='ocr_par' dir='ltr' id='par_1_59' title="bbox 282 2809 1072 2845">
     <span class='ocr_line' id='line_1_59' title="bbox 282 2809 1072 2845; baseline -0.003 -5"><span class='ocrx_word' id='word_1_437' title='bbox 282 2813 421 2845; x_wconf 83' lang='lat' dir='ltr'><strong>accessio,</strong></span> <span class='ocrx_word' id='word_1_438' title='bbox 443 2816 472 2838; x_wconf 79' lang='grc' dir='ltr'><strong>ιιι</strong></span> <span class='ocrx_word' id='word_1_439' title='bbox 495 2816 578 2845; x_wconf 88' lang='lat' dir='ltr'><strong>tpsam</strong></span> <span class='ocrx_word' id='word_1_440' title='bbox 596 2817 722 2844; x_wconf 76' lang='lat' dir='ltr'><strong>cogamus</strong></span> <span class='ocrx_word' id='word_1_441' title='bbox 741 2809 829 2836; x_wconf 85' lang='lat' dir='ltr'><strong>carnis</strong></span> <span class='ocrx_word' id='word_1_442' title='bbox 852 2810 1072 2844; x_wconf 80' lang='lat' dir='ltr'><strong>concupiscentiis</strong></span> 
     </span>
    </p>
   </div>
   <div class='ocr_carea' id='block_1_60' title="bbox 282 2855 1069 2894">
    <p class='ocr_par' dir='ltr' id='par_1_60' title="bbox 282 2855 1069 2894">
     <span class='ocr_line' id='line_1_60' title="bbox 282 2855 1069 2894; baseline 0 -9"><span class='ocrx_word' id='word_1_443' title='bbox 282 2858 441 2894; x_wconf 82' lang='lat' dir='ltr'><strong>obscqni,et</strong></span> <span class='ocrx_word' id='word_1_444' title='bbox 455 2865 524 2890; x_wconf 87' lang='lat' dir='ltr'><strong>eam,</strong></span> <span class='ocrx_word' id='word_1_445' title='bbox 537 2864 594 2892; x_wconf 72' lang='lat' dir='ltr'><strong>quae</strong></span> <span class='ocrx_word' id='word_1_446' title='bbox 614 2860 704 2891; x_wconf 86' lang='lat' dir='ltr'><strong>utpote</strong></span> <span class='ocrx_word' id='word_1_447' title='bbox 717 2855 823 2882; x_wconf 87' lang='lat' dir='ltr'><strong>domina</strong></span> <span class='ocrx_word' id='word_1_448' title='bbox 842 2855 901 2883; x_wconf 88' lang='lat' dir='ltr'><strong>aliis</strong></span> <span class='ocrx_word' id='word_1_449' title='bbox 915 2863 1030 2891; x_wconf 56' lang='lat' dir='ltr'><strong>praeesse</strong></span> <span class='ocrx_word' id='word_1_450' title='bbox 1042 2861 1069 2885; x_wconf 84' lang='lat' dir='ltr'><strong>et</strong></span> 
     </span>
    </p>
   </div>
   <div class='ocr_carea' id='block_1_61' title="bbox 640 129 1542 166">
    <p class='ocr_par' dir='ltr' id='par_1_61' title="bbox 640 129 1542 166">
     <span class='ocr_line' id='line_1_61' title="bbox 640 129 1542 166; baseline -0.006 -2"><span class='ocrx_word' id='word_1_451' title='bbox 640 135 671 164; x_wconf 82' lang='grc'><strong>5.</strong></span> <span class='ocrx_word' id='word_1_452' title='bbox 689 129 1077 166; x_wconf 64' lang='grc' dir='ltr'><strong>ιοΑΝΝιε-ρηῐιῖ-δοετοιιί</strong></span> <span class='ocrx_word' id='word_1_453' title='bbox 1096 130 1255 159; x_wconf 60' lang='lat' dir='ltr'><strong>ARCH‘IEP.</strong></span> <span class='ocrx_word' id='word_1_454' title='bbox 1275 130 1542 160; x_wconf 74' lang='lat' dir='ltr'><strong>CONSTANTINOP.</strong></span> 
     </span>
    </p>
   </div>
   <div class='ocr_carea' id='block_1_62' title="bbox 1861 135 1918 162">
    <p class='ocr_par' dir='ltr' id='par_1_62' title="bbox 1861 135 1918 162">
     <span class='ocr_line' id='line_1_62' title="bbox 1861 135 1918 162; baseline 0 0"><span class='ocrx_word' id='word_1_455' title='bbox 1861 135 1918 162; x_wconf 67' lang='grc'><strong>104</strong></span> 
     </span>
    </p>
   </div>
   <div class='ocr_carea' id='block_1_63' title="bbox 1122 188 1915 228">
    <p class='ocr_par' dir='ltr' id='par_1_63' title="bbox 1122 188 1915 228">
     <span class='ocr_line' id='line_1_63' title="bbox 1122 188 1915 228; baseline 0.003 -11"><span class='ocrx_word' id='word_1_456' title='bbox 1122 188 1254 224; x_wconf 84' lang='lat' dir='ltr'><strong>imperare</strong></span> <span class='ocrx_word' id='word_1_457' title='bbox 1265 189 1388 224; x_wconf 85' lang='lat' dir='ltr'><strong>debebat,</strong></span> <span class='ocrx_word' id='word_1_458' title='bbox 1399 198 1414 217; x_wconf 86' lang='lat' dir='ltr'><strong>e</strong></span> <span class='ocrx_word' id='word_1_459' title='bbox 1428 191 1495 218; x_wconf 82' lang='lat' dir='ltr'><strong>solio</strong></span> <span class='ocrx_word' id='word_1_460' title='bbox 1504 190 1678 220; x_wconf 84' lang='lat' dir='ltr'><strong>deturbatam.</strong></span> <span class='ocrx_word' id='word_1_461' title='bbox 1690 193 1778 220; x_wconf 87' lang='lat' dir='ltr'><strong>carnis</strong></span> <span class='ocrx_word' id='word_1_462' title='bbox 1788 192 1915 228; x_wconf 83' lang='lat' dir='ltr'><strong>volupta-</strong></span> 
     </span>
    </p>
   </div>
   <div class='ocr_carea' id='block_1_64' title="bbox 1119 235 1915 271">
    <p class='ocr_par' dir='ltr' id='par_1_64' title="bbox 1119 235 1915 271">
     <span class='ocr_line' id='line_1_64' title="bbox 1119 235 1915 271; baseline 0.006 -11"><span class='ocrx_word' id='word_1_463' title='bbox 1119 235 1189 262; x_wconf 85' lang='lat' dir='ltr'><strong>tibus</strong></span> <span class='ocrx_word' id='word_1_464' title='bbox 1206 243 1300 270; x_wconf 80' lang='lat' dir='ltr'><strong>parere</strong></span> <span class='ocrx_word' id='word_1_465' title='bbox 1313 243 1449 271; x_wconf 77' lang='lat' dir='ltr'><strong>cogamus,</strong></span> <span class='ocrx_word' id='word_1_466' title='bbox 1467 237 1616 271; x_wconf 78' lang='lat' dir='ltr'><strong>ignorantes</strong></span> <span class='ocrx_word' id='word_1_467' title='bbox 1637 238 1719 271; x_wconf 88' lang='lat' dir='ltr'><strong>ipsius</strong></span> <span class='ocrx_word' id='word_1_468' title='bbox 1732 239 1915 271; x_wconf 83' lang='lat' dir='ltr'><strong>nobilitatem,</strong></span> 
     </span>
    </p>
   </div>
   <div class='ocr_carea' id='block_1_65' title="bbox 1119 282 1916 316">
    <p class='ocr_par' dir='ltr' id='par_1_65' title="bbox 1119 282 1916 316">
     <span class='ocr_line' id='line_1_65' title="bbox 1119 282 1916 316; baseline 0.005 -10"><span class='ocrx_word' id='word_1_469' title='bbox 1119 284 1284 314; x_wconf 77' lang='lat' dir='ltr'><strong>etqnantam</strong></span> <span class='ocrx_word' id='word_1_470' title='bbox 1299 289 1354 316; x_wconf 70' lang='lat' dir='ltr'><strong>pra:</strong></span> <span class='ocrx_word' id='word_1_471' title='bbox 1369 282 1418 308; x_wconf 89' lang='lat' dir='ltr'><strong>ista</strong></span> <span class='ocrx_word' id='word_1_472' title='bbox 1433 282 1603 309; x_wconf 88' lang='lat' dir='ltr'><strong>eminentiam</strong></span> <span class='ocrx_word' id='word_1_473' title='bbox 1618 284 1711 310; x_wconf 88' lang='lat' dir='ltr'><strong>sortita</strong></span> <span class='ocrx_word' id='word_1_474' title='bbox 1726 284 1769 311; x_wconf 89' lang='lat' dir='ltr'><strong>sit.</strong></span> <span class='ocrx_word' id='word_1_475' title='bbox 1786 284 1852 311; x_wconf 74' lang='lat' dir='ltr'><strong>Nam</strong></span> <span class='ocrx_word' id='word_1_476' title='bbox 1867 293 1916 312; x_wconf 79' lang='lat' dir='ltr'><strong>eo-</strong></span> 
     </span>
    </p>
   </div>
   <div class='ocr_carea' id='block_1_66' title="bbox 1118 326 1916 364">
    <p class='ocr_par' dir='ltr' id='par_1_66' title="bbox 1118 326 1916 364">
     <span class='ocr_line' id='line_1_66' title="bbox 1118 326 1916 364; baseline 0.005 -12"><span class='ocrx_word' id='word_1_477' title='bbox 1118 326 1170 360; x_wconf 79' lang='lat' dir='ltr'><strong>gita</strong></span> <span class='ocrx_word' id='word_1_478' title='bbox 1183 327 1316 358; x_wconf 87' lang='lat' dir='ltr'><strong>,.obsecro</strong></span> <span class='ocrx_word' id='word_1_479' title='bbox 1326 347 1333 358; x_wconf 89' lang='lat'><strong>,</strong></span> <span class='ocrx_word' id='word_1_480' title='bbox 1348 326 1515 355; x_wconf 90' lang='lat' dir='ltr'><strong>fortnatiouis</strong></span> <span class='ocrx_word' id='word_1_481' title='bbox 1531 328 1652 356; x_wconf 88' lang='lat' dir='ltr'><strong>ordinem</strong></span> <span class='ocrx_word' id='word_1_482' title='bbox 1668 337 1674 355; x_wconf 91' lang='lat'><strong>:</strong></span> <span class='ocrx_word' id='word_1_483' title='bbox 1690 334 1723 356; x_wconf 87' lang='lat' dir='ltr'><strong>et-</strong></span> <span class='ocrx_word' id='word_1_484' title='bbox 1734 331 1855 364; x_wconf 79' lang='lat' dir='ltr'><strong>expende</strong></span> <span class='ocrx_word' id='word_1_485' title='bbox 1872 336 1916 356; x_wconf 84' lang='lat' dir='ltr'><strong>Ie-</strong></span> 
     </span>
    </p>
   </div>
   <div class='ocr_carea' id='block_1_67' title="bbox 1119 372 1914 409">
    <p class='ocr_par' dir='ltr' id='par_1_67' title="bbox 1119 372 1914 409">
     <span class='ocr_line' id='line_1_67' title="bbox 1119 372 1914 409; baseline 0.008 -12"><span class='ocrx_word' id='word_1_486' title='bbox 1119 378 1191 404; x_wconf 91' lang='lat' dir='ltr'><strong>cuut,</strong></span> <span class='ocrx_word' id='word_1_487' title='bbox 1207 372 1266 406; x_wconf 90' lang='lat' dir='ltr'><strong>quis</strong></span> <span class='ocrx_word' id='word_1_488' title='bbox 1280 376 1350 399; x_wconf 86' lang='lat' dir='ltr'><strong>esset</strong></span> <span class='ocrx_word' id='word_1_489' title='bbox 1367 372 1410 400; x_wconf 89' lang='lat' dir='ltr'><strong>ille</strong></span> <span class='ocrx_word' id='word_1_490' title='bbox 1422 378 1563 408; x_wconf 86' lang='lat' dir='ltr'><strong>antequam</strong></span> <span class='ocrx_word' id='word_1_491' title='bbox 1579 374 1753 409; x_wconf 79' lang='lat' dir='ltr'><strong>inspiraretur</strong></span> <span class='ocrx_word' id='word_1_492' title='bbox 1767 384 1787 402; x_wconf 74' lang='lat' dir='ltr'><strong>tr</strong></span> <span class='ocrx_word' id='word_1_493' title='bbox 1798 376 1914 403; x_wconf 82' lang='lat' dir='ltr'><strong>Domino</strong></span> 
     </span>
    </p>
   </div>
   <div class='ocr_carea' id='block_1_68' title="bbox 1118 417 1915 452">
    <p class='ocr_par' dir='ltr' id='par_1_68' title="bbox 1118 417 1915 452">
     <span class='ocr_line' id='line_1_68' title="bbox 1118 417 1915 452; baseline 0.006 -9"><span class='ocrx_word' id='word_1_494' title='bbox 1118 417 1279 451; x_wconf 85' lang='lat' dir='ltr'><strong>spiraculum</strong></span> <span class='ocrx_word' id='word_1_495' title='bbox 1293 418 1368 452; x_wconf 74' lang='lat' dir='ltr'><strong>vitae,</strong></span> <span class='ocrx_word' id='word_1_496' title='bbox 1383 423 1410 447; x_wconf 90' lang='lat' dir='ltr'><strong>et</strong></span> <span class='ocrx_word' id='word_1_497' title='bbox 1426 419 1500 447; x_wconf 87' lang='lat' dir='ltr'><strong>ﬁeret</strong></span> <span class='ocrx_word' id='word_1_498' title='bbox 1522 420 1547 447; x_wconf 93' lang='lat' dir='ltr'><strong>in</strong></span> <span class='ocrx_word' id='word_1_499' title='bbox 1562 420 1677 447; x_wconf 86' lang='lat' dir='ltr'><strong>animam</strong></span> <span class='ocrx_word' id='word_1_500' title='bbox 1692 421 1834 449; x_wconf 81' lang='lat' dir='ltr'><strong>viventem.</strong></span> <span class='ocrx_word' id='word_1_501' title='bbox 1853 422 1915 448; x_wconf 83' lang='lat' dir='ltr'><strong>lna-</strong></span> 
     </span>
    </p>
   </div>
   <div class='ocr_carea' id='block_1_69' title="bbox 1118 462 1912 501">
    <p class='ocr_par' dir='ltr' id='par_1_69' title="bbox 1118 462 1912 501">
     <span class='ocr_line' id='line_1_69' title="bbox 1118 462 1912 501; baseline 0.008 -12"><span class='ocrx_word' id='word_1_502' title='bbox 1118 462 1197 490; x_wconf 82' lang='lat' dir='ltr'><strong>uimis</strong></span> <span class='ocrx_word' id='word_1_503' title='bbox 1212 471 1308 499; x_wconf 87' lang='lat' dir='ltr'><strong>nempe</strong></span> <span class='ocrx_word' id='word_1_504' title='bbox 1330 465 1432 500; x_wconf 70' lang='lat' dir='ltr'><strong>imago,</strong></span> <span class='ocrx_word' id='word_1_505' title='bbox 1450 467 1605 501; x_wconf 82' lang='lat' dir='ltr'><strong>operatione</strong></span> <span class='ocrx_word' id='word_1_506' title='bbox 1627 475 1735 500; x_wconf 86' lang='lat' dir='ltr'><strong>carens,</strong></span> <span class='ocrx_word' id='word_1_507' title='bbox 1750 473 1777 494; x_wconf 90' lang='lat' dir='ltr'><strong>et</strong></span> <span class='ocrx_word' id='word_1_508' title='bbox 1793 468 1826 495; x_wconf 94' lang='lat' dir='ltr'><strong>ad</strong></span> <span class='ocrx_word' id='word_1_509' title='bbox 1844 468 1912 496; x_wconf 83' lang='lat' dir='ltr'><strong>nihil</strong></span> 
     </span>
    </p>
   </div>
   <div class='ocr_carea' id='block_1_70' title="bbox 1119 508 1912 547">
    <p class='ocr_par' dir='ltr' id='par_1_70' title="bbox 1119 508 1912 547">
     <span class='ocr_line' id='line_1_70' title="bbox 1119 508 1912 547; baseline 0.006 -12"><span class='ocrx_word' id='word_1_510' title='bbox 1119 508 1206 541; x_wconf 81' lang='lat' dir='ltr'><strong>utilis;</strong></span> <span class='ocrx_word' id='word_1_511' title='bbox 1224 509 1257 536; x_wconf 84' lang='lat' dir='ltr'><strong>ita</strong></span> <span class='ocrx_word' id='word_1_512' title='bbox 1282 514 1310 537; x_wconf 77' lang='lat' dir='ltr'><strong>ut</strong></span> <span class='ocrx_word' id='word_1_513' title='bbox 1330 514 1412 538; x_wconf 79' lang='lat' dir='ltr'><strong>totum</strong></span> <span class='ocrx_word' id='word_1_514' title='bbox 1432 511 1496 538; x_wconf 86' lang='lat' dir='ltr'><strong>illud</strong></span> <span class='ocrx_word' id='word_1_515' title='bbox 1517 512 1586 547; x_wconf 88' lang='lat' dir='ltr'><strong>qttod</strong></span> <span class='ocrx_word' id='word_1_516' title='bbox 1611 513 1636 540; x_wconf 91' lang='lat' dir='ltr'><strong>in</strong></span> <span class='ocrx_word' id='word_1_517' title='bbox 1658 518 1757 540; x_wconf 89' lang='lat' dir='ltr'><strong>tantum</strong></span> <span class='ocrx_word' id='word_1_518' title='bbox 1782 514 1912 540; x_wconf 79' lang='lat' dir='ltr'><strong>honorem</strong></span> 
     </span>
    </p>
   </div>
   <div class='ocr_carea' id='block_1_71' title="bbox 1119 554 1913 593">
    <p class='ocr_par' dir='ltr' id='par_1_71' title="bbox 1119 554 1913 593">
     <span class='ocr_line' id='line_1_71' title="bbox 1119 554 1913 593; baseline 0.008 -13"><span class='ocrx_word' id='word_1_519' title='bbox 1119 554 1204 589; x_wconf 84' lang='lat' dir='ltr'><strong>ipsum</strong></span> <span class='ocrx_word' id='word_1_520' title='bbox 1222 556 1351 589; x_wconf 78' lang='lat' dir='ltr'><strong>provexit.</strong></span> <span class='ocrx_word' id='word_1_521' title='bbox 1364 557 1429 584; x_wconf 92' lang='lat' dir='ltr'><strong>nihil</strong></span> <span class='ocrx_word' id='word_1_522' title='bbox 1441 557 1655 593; x_wconf 79' lang='lat' dir='ltr'><strong>aliud-sit,quam</strong></span> <span class='ocrx_word' id='word_1_523' title='bbox 1669 559 1831 593; x_wconf 79' lang='lat' dir='ltr'><strong>spiraculum</strong></span> <span class='ocrx_word' id='word_1_524' title='bbox 1846 559 1913 587; x_wconf 84' lang='lat' dir='ltr'><strong>illud</strong></span> 
     </span>
    </p>
   </div>
   <div class='ocr_carea' id='block_1_72' title="bbox 1119 602 1914 637">
    <p class='ocr_par' dir='ltr' id='par_1_72' title="bbox 1119 602 1914 637">
     <span class='ocr_line' id='line_1_72' title="bbox 1119 602 1914 637; baseline 0.006 -10"><span class='ocrx_word' id='word_1_525' title='bbox 1119 608 1133 627; x_wconf 90' lang='lat' dir='ltr'><strong>a</strong></span> <span class='ocrx_word' id='word_1_526' title='bbox 1151 602 1204 628; x_wconf 83' lang='lat' dir='ltr'><strong>Deo</strong></span> <span class='ocrx_word' id='word_1_527' title='bbox 1219 602 1386 637; x_wconf 75' lang='lat' dir='ltr'><strong>inspiratam.</strong></span> <span class='ocrx_word' id='word_1_528' title='bbox 1401 603 1533 631; x_wconf 72' lang='lat' dir='ltr'><strong>Cteterum</strong></span> <span class='ocrx_word' id='word_1_529' title='bbox 1548 609 1576 631; x_wconf 90' lang='lat' dir='ltr'><strong>ut</strong></span> <span class='ocrx_word' id='word_1_530' title='bbox 1590 604 1640 632; x_wconf 86' lang='lat' dir='ltr'><strong>hoc</strong></span> <span class='ocrx_word' id='word_1_531' title='bbox 1653 613 1705 631; x_wconf 86' lang='lat' dir='ltr'><strong>non</strong></span> <span class='ocrx_word' id='word_1_532' title='bbox 1725 606 1810 632; x_wconf 88' lang='lat' dir='ltr'><strong>solum</strong></span> <span class='ocrx_word' id='word_1_533' title='bbox 1825 614 1857 632; x_wconf 88' lang='lat' dir='ltr'><strong>ex</strong></span> <span class='ocrx_word' id='word_1_534' title='bbox 1880 606 1914 632; x_wconf 77' lang='lat' dir='ltr'><strong>iitt</strong></span> 
     </span>
    </p>
   </div>
   <div class='ocr_carea' id='block_1_73' title="bbox 1118 648 1914 686">
    <p class='ocr_par' dir='ltr' id='par_1_73' title="bbox 1118 648 1914 686">
     <span class='ocr_line' id='line_1_73' title="bbox 1118 648 1914 686; baseline 0.008 -13"><span class='ocrx_word' id='word_1_535' title='bbox 1118 655 1177 681; x_wconf 75' lang='lat' dir='ltr'><strong>quze</strong></span> <span class='ocrx_word' id='word_1_536' title='bbox 1192 652 1254 674; x_wconf 90' lang='lat' dir='ltr'><strong>tuttc</strong></span> <span class='ocrx_word' id='word_1_537' title='bbox 1269 648 1334 675; x_wconf 90' lang='lat' dir='ltr'><strong>facta</strong></span> <span class='ocrx_word' id='word_1_538' title='bbox 1350 653 1421 683; x_wconf 85' lang='lat' dir='ltr'><strong>sunt,</strong></span> <span class='ocrx_word' id='word_1_539' title='bbox 1437 650 1483 677; x_wconf 86' lang='lat' dir='ltr'><strong>sed</strong></span> <span class='ocrx_word' id='word_1_540' title='bbox 1497 655 1523 678; x_wconf 84' lang='lat' dir='ltr'><strong>et</strong></span> <span class='ocrx_word' id='word_1_541' title='bbox 1540 657 1575 678; x_wconf 79' lang='lat' dir='ltr'><strong>ex,</strong></span> <span class='ocrx_word' id='word_1_542' title='bbox 1588 650 1624 678; x_wconf 79' lang='lat' dir='ltr'><strong>iis</strong></span> <span class='ocrx_word' id='word_1_543' title='bbox 1632 658 1700 686; x_wconf 48' lang='lat' dir='ltr'><strong>quos</strong></span> <span class='ocrx_word' id='word_1_544' title='bbox 1712 659 1782 679; x_wconf 88' lang='lat' dir='ltr'><strong>ttunc</strong></span> <span class='ocrx_word' id='word_1_545' title='bbox 1793 652 1914 686; x_wconf 82' lang='lat' dir='ltr'><strong>quotidie</strong></span> 
     </span>
    </p>
   </div>
   <div class='ocr_carea' id='block_1_74' title="bbox 1118 693 1914 732">
    <p class='ocr_par' dir='ltr' id='par_1_74' title="bbox 1118 693 1914 732">
     <span class='ocr_line' id='line_1_74' title="bbox 1118 693 1914 732; baseline 0.006 -13"><span class='ocrx_word' id='word_1_546' title='bbox 1118 693 1276 728; x_wconf 82' lang='lat' dir='ltr'><strong>contingunt</strong></span> <span class='ocrx_word' id='word_1_547' title='bbox 1287 694 1389 728; x_wconf 83' lang='lat' dir='ltr'><strong>videas,</strong></span> <span class='ocrx_word' id='word_1_548' title='bbox 1402 696 1488 730; x_wconf 83' lang='lat' dir='ltr'><strong>cogita</strong></span> <span class='ocrx_word' id='word_1_549' title='bbox 1504 700 1589 724; x_wconf 87' lang='lat' dir='ltr'><strong>tecum</strong></span> <span class='ocrx_word' id='word_1_550' title='bbox 1600 697 1733 731; x_wconf 86' lang='lat' dir='ltr'><strong>quomodo</strong></span> <span class='ocrx_word' id='word_1_551' title='bbox 1747 703 1806 732; x_wconf 86' lang='lat' dir='ltr'><strong>post</strong></span> <span class='ocrx_word' id='word_1_552' title='bbox 1815 699 1914 725; x_wconf 70' lang='lat' dir='ltr'><strong>mtitua‘.</strong></span> 
     </span>
    </p>
   </div>
   <div class='ocr_carea' id='block_1_75' title="bbox 1119 740 1913 779">
    <p class='ocr_par' dir='ltr' id='par_1_75' title="bbox 1119 740 1913 779">
     <span class='ocr_line' id='line_1_75' title="bbox 1119 740 1913 779; baseline 0.005 -13"><span class='ocrx_word' id='word_1_553' title='bbox 1119 740 1337 775; x_wconf 82' lang='lat' dir='ltr'><strong>entigrationem,</strong></span> <span class='ocrx_word' id='word_1_554' title='bbox 1354 749 1450 776; x_wconf 88' lang='lat' dir='ltr'><strong>cor-pus</strong></span> <span class='ocrx_word' id='word_1_555' title='bbox 1465 742 1517 770; x_wconf 79' lang='lat' dir='ltr'><strong>hoc</strong></span> <span class='ocrx_word' id='word_1_556' title='bbox 1542 748 1594 769; x_wconf 88' lang='lat' dir='ltr'><strong>tam</strong></span> <span class='ocrx_word' id='word_1_557' title='bbox 1610 743 1719 771; x_wconf 88' lang='lat' dir='ltr'><strong>insuave</strong></span> <span class='ocrx_word' id='word_1_558' title='bbox 1741 749 1769 771; x_wconf 85' lang='lat' dir='ltr'><strong>et</strong></span> <span class='ocrx_word' id='word_1_559' title='bbox 1791 744 1913 779; x_wconf 76' lang='lat' dir='ltr'><strong>injucun-</strong></span> 
     </span>
    </p>
   </div>
   <div class='ocr_carea' id='block_1_76' title="bbox 1119 785 1915 824">
    <p class='ocr_par' dir='ltr' id='par_1_76' title="bbox 1119 785 1915 824">
     <span class='ocr_line' id='line_1_76' title="bbox 1119 785 1915 824; baseline 0.009 -13"><span class='ocrx_word' id='word_1_560' title='bbox 1119 785 1181 812; x_wconf 83' lang='lat' dir='ltr'><strong>dtnn</strong></span> <span class='ocrx_word' id='word_1_561' title='bbox 1196 791 1307 821; x_wconf 81' lang='lat' dir='ltr'><strong>apparet</strong></span> <span class='ocrx_word' id='word_1_562' title='bbox 1320 796 1327 814; x_wconf 86' lang='lat'><strong>:</strong></span> <span class='ocrx_word' id='word_1_563' title='bbox 1342 787 1442 822; x_wconf 83' lang='lat' dir='ltr'><strong>etquid</strong></span> <span class='ocrx_word' id='word_1_564' title='bbox 1453 788 1524 821; x_wconf 89' lang='lat' dir='ltr'><strong>dioo,</strong></span> <span class='ocrx_word' id='word_1_565' title='bbox 1545 788 1653 816; x_wconf 80' lang='lat' dir='ltr'><strong>insuave</strong></span> <span class='ocrx_word' id='word_1_566' title='bbox 1668 794 1703 817; x_wconf 82' lang='lat' dir='ltr'><strong>et.</strong></span> <span class='ocrx_word' id='word_1_567' title='bbox 1719 789 1915 824; x_wconf 58' lang='lat' dir='ltr'><strong>injucuudtnnq</strong></span> 
     </span>
    </p>
   </div>
   <div class='ocr_carea' id='block_1_77' title="bbox 1119 832 1916 876">
    <p class='ocr_par' dir='ltr' id='par_1_77' title="bbox 1119 832 1916 876">
     <span class='ocr_line' id='line_1_77' title="bbox 1119 832 1916 876; baseline 0.014 -18"><span class='ocrx_word' id='word_1_568' title='bbox 1119 839 1198 865; x_wconf 88' lang='lat' dir='ltr'><strong>quam</strong></span> <span class='ocrx_word' id='word_1_569' title='bbox 1212 832 1385 867; x_wconf 86' lang='lat' dir='ltr'><strong>horrendum,</strong></span> <span class='ocrx_word' id='word_1_570' title='bbox 1396 842 1475 869; x_wconf 81' lang='lat' dir='ltr'><strong>quam</strong></span> <span class='ocrx_word' id='word_1_571' title='bbox 1491 835 1622 871; x_wconf 66' lang='lat' dir='ltr'><strong>foetidum,</strong></span> <span class='ocrx_word' id='word_1_572' title='bbox 1637 843 1669 866; x_wconf 88' lang='lat' dir='ltr'><strong>et&#39;</strong></span> <span class='ocrx_word' id='word_1_573' title='bbox 1678 839 1844 868; x_wconf 89' lang='lat' dir='ltr'><strong>deforntitatc</strong></span> <span class='ocrx_word' id='word_1_574' title='bbox 1856 842 1916 876; x_wconf 69' lang='lat' dir='ltr'><strong>ple-</strong></span> 
     </span>
    </p>
   </div>
   <div class='ocr_carea' id='block_1_78' title="bbox 1120 879 1912 922">
    <p class='ocr_par' dir='ltr' id='par_1_78' title="bbox 1120 879 1912 922">
     <span class='ocr_line' id='line_1_78' title="bbox 1120 879 1912 922; baseline 0.014 -18"><span class='ocrx_word' id='word_1_575' title='bbox 1120 885 1196 911; x_wconf 91' lang='lat' dir='ltr'><strong>nutn,</strong></span> <span class='ocrx_word' id='word_1_576' title='bbox 1206 879 1276 913; x_wconf 90' lang='lat' dir='ltr'><strong>quod</strong></span> <span class='ocrx_word' id='word_1_577' title='bbox 1287 884 1363 907; x_wconf 87' lang='lat' dir='ltr'><strong>antea</strong></span> <span class='ocrx_word' id='word_1_578' title='bbox 1379 888 1439 908; x_wconf 87' lang='lat' dir='ltr'><strong>cum</strong></span> <span class='ocrx_word' id='word_1_579' title='bbox 1452 882 1487 909; x_wconf 84' lang='lat' dir='ltr'><strong>ab</strong></span> <span class='ocrx_word' id='word_1_580' title='bbox 1499 883 1586 910; x_wconf 87' lang='lat' dir='ltr'><strong>anima</strong></span> <span class='ocrx_word' id='word_1_581' title='bbox 1598 890 1743 920; x_wconf 72' lang='lat' dir='ltr'><strong>regeretur,</strong></span> <span class='ocrx_word' id='word_1_582' title='bbox 1752 887 1912 922; x_wconf 83' lang='lat' dir='ltr'><strong>jucundum,</strong></span> 
     </span>
    </p>
   </div>
   <div class='ocr_carea' id='block_1_79' title="bbox 1119 924 1912 967">
    <p class='ocr_par' dir='ltr' id='par_1_79' title="bbox 1119 924 1912 967">
     <span class='ocr_line' id='line_1_79' title="bbox 1119 924 1912 967; baseline 0.015 -18"><span class='ocrx_word' id='word_1_583' title='bbox 1119 928 1234 958; x_wconf 78' lang='lat' dir='ltr'><strong>gratum,</strong></span> <span class='ocrx_word' id='word_1_584' title='bbox 1248 924 1442 961; x_wconf 82' lang='lat' dir='ltr'><strong>admodumque</strong></span> <span class='ocrx_word' id='word_1_585' title='bbox 1458 927 1604 956; x_wconf 84' lang='lat' dir='ltr'><strong>formosum</strong></span> <span class='ocrx_word' id='word_1_586' title='bbox 1617 935 1693 963; x_wconf 79' lang='lat' dir='ltr'><strong>erat,</strong></span> <span class='ocrx_word' id='word_1_587' title='bbox 1709 933 1788 959; x_wconf 87' lang='lat' dir='ltr'><strong>multa</strong></span> <span class='ocrx_word' id='word_1_588' title='bbox 1805 933 1912 967; x_wconf 87' lang='lat' dir='ltr'><strong>plenum</strong></span> 
     </span>
    </p>
   </div>
   <div class='ocr_carea' id='block_1_80' title="bbox 1120 969 1913 1014">
    <p class='ocr_par' dir='ltr' id='par_1_80' title="bbox 1120 969 1913 1014">
     <span class='ocr_line' id='line_1_80' title="bbox 1120 969 1913 1014; baseline 0.015 -19"><span class='ocrx_word' id='word_1_589' title='bbox 1120 969 1259 1003; x_wconf 61' lang='lat' dir='ltr'><strong>prudentia</strong></span> <span class='ocrx_word' id='word_1_590' title='bbox 1273 992 1282 1004; x_wconf 90' lang='lat'><strong>,</strong></span> <span class='ocrx_word' id='word_1_591' title='bbox 1297 977 1324 999; x_wconf 88' lang='lat' dir='ltr'><strong>et</strong></span> <span class='ocrx_word' id='word_1_592' title='bbox 1337 972 1454 1000; x_wconf 80' lang='lat' dir='ltr'><strong>ad-bona</strong></span> <span class='ocrx_word' id='word_1_593' title='bbox 1468 981 1548 1008; x_wconf 87' lang='lat' dir='ltr'><strong>opera</strong></span> <span class='ocrx_word' id='word_1_594' title='bbox 1562 977 1826 1010; x_wconf 68' lang='lat' dir='ltr'><strong>magnadexteritatc</strong></span> <span class='ocrx_word' id='word_1_595' title='bbox 1842 988 1913 1014; x_wconf 55' lang='lat' dir='ltr'><strong>pnet-</strong></span> 
     </span>
    </p>
   </div>
   <div class='ocr_carea' id='block_1_81' title="bbox 1119 1016 1913 1057">
    <p class='ocr_par' dir='ltr' id='par_1_81' title="bbox 1119 1016 1913 1057">
     <span class='ocr_line' id='line_1_81' title="bbox 1119 1016 1913 1057; baseline 0.014 -15"><span class='ocrx_word' id='word_1_596' title='bbox 1119 1016 1212 1043; x_wconf 79' lang='lat' dir='ltr'><strong>ditnm.</strong></span> <span class='ocrx_word' id='word_1_597' title='bbox 1237 1017 1300 1045; x_wconf 78' lang='lat' dir='ltr'><strong>Ha-e</strong></span> <span class='ocrx_word' id='word_1_598' title='bbox 1322 1019 1412 1054; x_wconf 83' lang='lat' dir='ltr'><strong>utique</strong></span> <span class='ocrx_word' id='word_1_599' title='bbox 1427 1022 1516 1048; x_wconf 89' lang='lat' dir='ltr'><strong>omnia</strong></span> <span class='ocrx_word' id='word_1_600' title='bbox 1538 1023 1703 1057; x_wconf 82' lang='lat' dir='ltr'><strong>cogitantes,</strong></span> <span class='ocrx_word' id='word_1_601' title='bbox 1720 1032 1752 1051; x_wconf 86' lang='lat' dir='ltr'><strong>ac</strong></span> <span class='ocrx_word' id='word_1_602' title='bbox 1772 1026 1913 1054; x_wconf 84' lang='lat' dir='ltr'><strong>nobiscum</strong></span> 
     </span>
    </p>
   </div>
   <div class='ocr_carea' id='block_1_82' title="bbox 1120 1066 1914 1105">
    <p class='ocr_par' dir='ltr' id='par_1_82' title="bbox 1120 1066 1914 1105">
     <span class='ocr_line' id='line_1_82' title="bbox 1120 1066 1914 1105; baseline 0.015 -18"><span class='ocrx_word' id='word_1_603' title='bbox 1120 1067 1274 1096; x_wconf 84' lang='lat' dir='ltr'><strong>reputantes</strong></span> <span class='ocrx_word' id='word_1_604' title='bbox 1297 1070 1394 1098; x_wconf 89' lang='lat' dir='ltr'><strong>quanta</strong></span> <span class='ocrx_word' id='word_1_605' title='bbox 1419 1066 1455 1093; x_wconf 88' lang='lat' dir='ltr'><strong>sit</strong></span> <span class='ocrx_word' id='word_1_606' title='bbox 1476 1067 1573 1095; x_wconf 68' lang='lat' dir='ltr'><strong>anima:</strong></span> <span class='ocrx_word' id='word_1_607' title='bbox 1598 1074 1695 1096; x_wconf 72' lang='lat' dir='ltr'><strong>nostra:</strong></span> <span class='ocrx_word' id='word_1_608' title='bbox 1717 1070 1850 1105; x_wconf 82' lang='lat' dir='ltr'><strong>nobilitas,</strong></span> <span class='ocrx_word' id='word_1_609' title='bbox 1879 1081 1914 1100; x_wconf 83' lang='lat' dir='ltr'><strong>ne</strong></span> 
     </span>
    </p>
   </div>
   <div class='ocr_carea' id='block_1_83' title="bbox 1120 1107 1916 1150">
    <p class='ocr_par' dir='ltr' id='par_1_83' title="bbox 1120 1107 1916 1150">
     <span class='ocr_line' id='line_1_83' title="bbox 1120 1107 1916 1150; baseline 0.016 -17"><span class='ocrx_word' id='word_1_610' title='bbox 1120 1107 1182 1142; x_wconf 89' lang='lat' dir='ltr'><strong>quid</strong></span> <span class='ocrx_word' id='word_1_611' title='bbox 1204 1116 1234 1135; x_wconf 87' lang='lat' dir='ltr'><strong>ea</strong></span> <span class='ocrx_word' id='word_1_612' title='bbox 1259 1109 1395 1144; x_wconf 81' lang='lat' dir='ltr'><strong>indignum</strong></span> <span class='ocrx_word' id='word_1_613' title='bbox 1409 1118 1568 1146; x_wconf 85' lang='lat' dir='ltr'><strong>operemur,</strong></span> <span class='ocrx_word' id='word_1_614' title='bbox 1585 1122 1618 1141; x_wconf 90' lang='lat' dir='ltr'><strong>ne</strong></span> <span class='ocrx_word' id='word_1_615' title='bbox 1630 1116 1832 1150; x_wconf 87' lang='lat' dir='ltr'><strong>coinquinentus</strong></span> <span class='ocrx_word' id='word_1_616' title='bbox 1851 1126 1916 1146; x_wconf 83' lang='lat' dir='ltr'><strong>eam</strong></span> 
     </span>
    </p>
   </div>
   <div class='ocr_carea' id='block_1_84' title="bbox 1120 1153 1914 1191">
    <p class='ocr_par' dir='ltr' id='par_1_84' title="bbox 1120 1153 1914 1191">
     <span class='ocr_line' id='line_1_84' title="bbox 1120 1153 1914 1191; baseline 0.014 -11"><span class='ocrx_word' id='word_1_617' title='bbox 1120 1153 1220 1182; x_wconf 89' lang='lat' dir='ltr'><strong>illicitis</strong></span> <span class='ocrx_word' id='word_1_618' title='bbox 1233 1156 1368 1190; x_wconf 88' lang='lat' dir='ltr'><strong>operibus,</strong></span> <span class='ocrx_word' id='word_1_619' title='bbox 1383 1165 1417 1185; x_wconf 91' lang='lat' dir='ltr'><strong>ne</strong></span> <span class='ocrx_word' id='word_1_620' title='bbox 1431 1158 1481 1185; x_wconf 86' lang='lat' dir='ltr'><strong>sub</strong></span> <span class='ocrx_word' id='word_1_621' title='bbox 1499 1159 1588 1187; x_wconf 85' lang='lat' dir='ltr'><strong>carnis</strong></span> <span class='ocrx_word' id='word_1_622' title='bbox 1601 1162 1756 1189; x_wconf 87' lang='lat' dir='ltr'><strong>servitutem</strong></span> <span class='ocrx_word' id='word_1_623' title='bbox 1770 1171 1828 1190; x_wconf 87' lang='lat' dir='ltr'><strong>eam</strong></span> <span class='ocrx_word' id='word_1_624' title='bbox 1846 1165 1914 1191; x_wconf 85' lang='lat' dir='ltr'><strong>sub-</strong></span> 
     </span>
    </p>
   </div>
   <div class='ocr_carea' id='block_1_85' title="bbox 1117 1200 1912 1243">
    <p class='ocr_par' dir='ltr' id='par_1_85' title="bbox 1117 1200 1912 1243">
     <span class='ocr_line' id='line_1_85' title="bbox 1117 1200 1912 1243; baseline 0.014 -17"><span class='ocrx_word' id='word_1_625' title='bbox 1117 1200 1241 1235; x_wconf 79' lang='lat' dir='ltr'><strong>jngemus</strong></span> <span class='ocrx_word' id='word_1_626' title='bbox 1252 1221 1260 1233; x_wconf 86' lang='lat'><strong>,</strong></span> <span class='ocrx_word' id='word_1_627' title='bbox 1276 1209 1309 1229; x_wconf 88' lang='lat' dir='ltr'><strong>ne</strong></span> <span class='ocrx_word' id='word_1_628' title='bbox 1323 1206 1375 1229; x_wconf 87' lang='lat' dir='ltr'><strong>tam</strong></span> <span class='ocrx_word' id='word_1_629' title='bbox 1391 1204 1507 1232; x_wconf 87' lang='lat' dir='ltr'><strong>nobilem</strong></span> <span class='ocrx_word' id='word_1_630' title='bbox 1518 1225 1526 1238; x_wconf 91' lang='lat'><strong>,</strong></span> <span class='ocrx_word' id='word_1_631' title='bbox 1545 1211 1668 1242; x_wconf 87' lang='lat' dir='ltr'><strong>tantaque</strong></span> <span class='ocrx_word' id='word_1_632' title='bbox 1681 1208 1808 1243; x_wconf 78' lang='lat' dir='ltr'><strong>dignitate</strong></span> <span class='ocrx_word' id='word_1_633' title='bbox 1822 1211 1912 1237; x_wconf 68' lang='lat' dir='ltr'><strong>subii-</strong></span> 
     </span>
    </p>
   </div>
   <div class='ocr_carea' id='block_1_86' title="bbox 1119 1247 1912 1284">
    <p class='ocr_par' dir='ltr' id='par_1_86' title="bbox 1119 1247 1912 1284">
     <span class='ocr_line' id='line_1_86' title="bbox 1119 1247 1912 1284; baseline 0.013 -11"><span class='ocrx_word' id='word_1_634' title='bbox 1119 1254 1190 1274; x_wconf 93' lang='lat' dir='ltr'><strong>mcm</strong></span> <span class='ocrx_word' id='word_1_635' title='bbox 1201 1268 1209 1280; x_wconf 91' lang='lat'><strong>,</strong></span> <span class='ocrx_word' id='word_1_636' title='bbox 1225 1247 1263 1275; x_wconf 89' lang='lat' dir='ltr'><strong>sic</strong></span> <span class='ocrx_word' id='word_1_637' title='bbox 1282 1249 1426 1277; x_wconf 77' lang='lat' dir='ltr'><strong>crudeliter</strong></span> <span class='ocrx_word' id='word_1_638' title='bbox 1442 1255 1469 1278; x_wconf 83' lang='lat' dir='ltr'><strong>et</strong></span> <span class='ocrx_word' id='word_1_639' title='bbox 1491 1251 1736 1281; x_wconf 83' lang='lat' dir='ltr'><strong>immisericorditer</strong></span> <span class='ocrx_word' id='word_1_640' title='bbox 1755 1260 1912 1284; x_wconf 77' lang='lat' dir='ltr'><strong>tractemus.</strong></span> 
     </span>
    </p>
   </div>
   <div class='ocr_carea' id='block_1_87' title="bbox 1119 1291 1914 1334">
    <p class='ocr_par' dir='ltr' id='par_1_87' title="bbox 1119 1291 1914 1334">
     <span class='ocr_line' id='line_1_87' title="bbox 1119 1291 1914 1334; baseline 0.015 -17"><span class='ocrx_word' id='word_1_641' title='bbox 1119 1291 1185 1319; x_wconf 83' lang='lat' dir='ltr'><strong>Nam</strong></span> <span class='ocrx_word' id='word_1_642' title='bbox 1209 1298 1317 1328; x_wconf 82' lang='lat' dir='ltr'><strong>propter</strong></span> <span class='ocrx_word' id='word_1_643' title='bbox 1331 1294 1403 1322; x_wconf 90' lang='lat' dir='ltr'><strong>illius</strong></span> <span class='ocrx_word' id='word_1_644' title='bbox 1417 1295 1593 1324; x_wconf 82' lang='lat' dir='ltr'><strong>substantiam</strong></span> <span class='ocrx_word' id='word_1_645' title='bbox 1614 1306 1662 1325; x_wconf 89' lang='lat' dir='ltr'><strong>nos</strong></span> <span class='ocrx_word' id='word_1_646' title='bbox 1683 1299 1726 1334; x_wconf 87' lang='lat' dir='ltr'><strong>qui</strong></span> <span class='ocrx_word' id='word_1_647' title='bbox 1742 1307 1853 1334; x_wconf 88' lang='lat' dir='ltr'><strong>corpore</strong></span> <span class='ocrx_word' id='word_1_648' title='bbox 1872 1302 1914 1329; x_wconf 91' lang='lat' dir='ltr'><strong>in-</strong></span> 
     </span>
    </p>
   </div>
   <div class='ocr_carea' id='block_1_88' title="bbox 1119 1338 1914 1382">
    <p class='ocr_par' dir='ltr' id='par_1_88' title="bbox 1119 1338 1914 1382">
     <span class='ocr_line' id='line_1_88' title="bbox 1119 1338 1914 1382; baseline 0.014 -18"><span class='ocrx_word' id='word_1_649' title='bbox 1119 1338 1200 1365; x_wconf 80' lang='lat' dir='ltr'><strong>voluti</strong></span> <span class='ocrx_word' id='word_1_650' title='bbox 1214 1346 1316 1372; x_wconf 87' lang='lat' dir='ltr'><strong>sumus,</strong></span> <span class='ocrx_word' id='word_1_651' title='bbox 1333 1341 1354 1367; x_wconf 92' lang='lat' dir='ltr'><strong>si</strong></span> <span class='ocrx_word' id='word_1_652' title='bbox 1370 1341 1498 1376; x_wconf 82' lang='lat' dir='ltr'><strong>velimus,</strong></span> <span class='ocrx_word' id='word_1_653' title='bbox 1514 1350 1653 1376; x_wconf 87' lang='lat' dir='ltr'><strong>possumus</strong></span> <span class='ocrx_word' id='word_1_654' title='bbox 1666 1353 1726 1372; x_wconf 87' lang='lat' dir='ltr'><strong>cuttt</strong></span> <span class='ocrx_word' id='word_1_655' title='bbox 1749 1346 1914 1382; x_wconf 80' lang='lat' dir='ltr'><strong>incorporeis</strong></span> 
     </span>
    </p>
   </div>
   <div class='ocr_carea' id='block_1_89' title="bbox 1119 1384 1925 1426">
    <p class='ocr_par' dir='ltr' id='par_1_89' title="bbox 1119 1384 1925 1426">
     <span class='ocr_line' id='line_1_89' title="bbox 1119 1384 1925 1426; baseline 0.015 -16"><span class='ocrx_word' id='word_1_656' title='bbox 1119 1384 1271 1418; x_wconf 79' lang='lat' dir='ltr'><strong>virtutibus,</strong></span> <span class='ocrx_word' id='word_1_657' title='bbox 1285 1386 1426 1422; x_wconf 86' lang='lat' dir='ltr'><strong>adjuvante</strong></span> <span class='ocrx_word' id='word_1_658' title='bbox 1441 1396 1488 1416; x_wconf 89' lang='lat' dir='ltr'><strong>nos</strong></span> <span class='ocrx_word' id='word_1_659' title='bbox 1502 1389 1590 1417; x_wconf 86' lang='lat' dir='ltr'><strong>divina</strong></span> <span class='ocrx_word' id='word_1_660' title='bbox 1605 1392 1699 1425; x_wconf 83' lang='lat' dir='ltr'><strong>gratia,</strong></span> <span class='ocrx_word' id='word_1_661' title='bbox 1716 1397 1828 1426; x_wconf 63' lang='lat' dir='ltr'><strong>certare,</strong></span> <span class='ocrx_word' id='word_1_662' title='bbox 1844 1400 1871 1421; x_wconf 90' lang='lat' dir='ltr'><strong>et</strong></span> <span class='ocrx_word' id='word_1_663' title='bbox 1886 1395 1925 1421; x_wconf 83' lang='lat' dir='ltr'><strong>in-</strong></span> 
     </span>
    </p>
   </div>
   <div class='ocr_carea' id='block_1_90' title="bbox 1121 1432 1914 1470">
    <p class='ocr_par' dir='ltr' id='par_1_90' title="bbox 1121 1432 1914 1470">
     <span class='ocr_line' id='line_1_90' title="bbox 1121 1432 1914 1470; baseline 0.014 -13"><span class='ocrx_word' id='word_1_664' title='bbox 1121 1434 1190 1458; x_wconf 74' lang='lat' dir='ltr'><strong>terra</strong></span> <span class='ocrx_word' id='word_1_665' title='bbox 1205 1432 1383 1467; x_wconf 84' lang='lat' dir='ltr'><strong>ambulantes,</strong></span> <span class='ocrx_word' id='word_1_666' title='bbox 1399 1436 1473 1469; x_wconf 89' lang='lat' dir='ltr'><strong>quasi</strong></span> <span class='ocrx_word' id='word_1_667' title='bbox 1499 1436 1524 1463; x_wconf 93' lang='lat' dir='ltr'><strong>in</strong></span> <span class='ocrx_word' id='word_1_668' title='bbox 1540 1437 1608 1464; x_wconf 72' lang='lat' dir='ltr'><strong>czelo</strong></span> <span class='ocrx_word' id='word_1_669' title='bbox 1624 1438 1724 1470; x_wconf 61' lang='lat' dir='ltr'><strong>vivere,</strong></span> <span class='ocrx_word' id='word_1_670' title='bbox 1736 1444 1768 1466; x_wconf 54' lang='lat' dir='ltr'><strong>ct’</strong></span> <span class='ocrx_word' id='word_1_671' title='bbox 1779 1440 1914 1468; x_wconf 84' lang='lat' dir='ltr'><strong>nihil‘nti-</strong></span> 
     </span>
    </p>
   </div>
   <div class='ocr_carea' id='block_1_91' title="bbox 1120 1479 1913 1522">
    <p class='ocr_par' dir='ltr' id='par_1_91' title="bbox 1120 1479 1913 1522">
     <span class='ocr_line' id='line_1_91' title="bbox 1120 1479 1913 1522; baseline 0.015 -19"><span class='ocrx_word' id='word_1_672' title='bbox 1120 1484 1172 1504; x_wconf 84' lang='lat' dir='ltr'><strong>ltus</strong></span> <span class='ocrx_word' id='word_1_673' title='bbox 1192 1485 1272 1512; x_wconf 89' lang='lat' dir='ltr'><strong>quam</strong></span> <span class='ocrx_word' id='word_1_674' title='bbox 1292 1479 1343 1507; x_wconf 72' lang='lat' dir='ltr'><strong>illae</strong></span> <span class='ocrx_word' id='word_1_675' title='bbox 1364 1480 1479 1514; x_wconf 86' lang='lat' dir='ltr'><strong>habere;</strong></span> <span class='ocrx_word' id='word_1_676' title='bbox 1501 1482 1556 1510; x_wconf 89' lang='lat' dir='ltr'><strong>imo</strong></span> <span class='ocrx_word' id='word_1_677' title='bbox 1576 1483 1641 1511; x_wconf 89' lang='lat' dir='ltr'><strong>forte</strong></span> <span class='ocrx_word' id='word_1_678' title='bbox 1661 1485 1758 1520; x_wconf 90' lang='lat' dir='ltr'><strong>aliquid</strong></span> <span class='ocrx_word' id='word_1_679' title='bbox 1773 1488 1887 1522; x_wconf 89' lang='lat' dir='ltr'><strong>amplius</strong></span> <span class='ocrx_word' id='word_1_680' title='bbox 1903 1497 1913 1515; x_wconf 86' lang='lat'><strong>:</strong></span> 
     </span>
    </p>
   </div>
   <div class='ocr_carea' id='block_1_92' title="bbox 1120 1524 1914 1566">
    <p class='ocr_par' dir='ltr' id='par_1_92' title="bbox 1120 1524 1914 1566">
     <span class='ocr_line' id='line_1_92' title="bbox 1120 1524 1914 1566; baseline 0.016 -18"><span class='ocrx_word' id='word_1_681' title='bbox 1120 1524 1254 1557; x_wconf 87' lang='lat' dir='ltr'><strong>qttontodo</strong></span> <span class='ocrx_word' id='word_1_682' title='bbox 1266 1529 1366 1558; x_wconf 77' lang='lat' dir='ltr'><strong>autem,</strong></span> <span class='ocrx_word' id='word_1_683' title='bbox 1376 1534 1425 1561; x_wconf 78' lang='lat' dir='ltr'><strong>ego</strong></span> <span class='ocrx_word' id='word_1_684' title='bbox 1438 1527 1534 1555; x_wconf 87' lang='lat' dir='ltr'><strong>dicam.</strong></span> <span class='ocrx_word' id='word_1_685' title='bbox 1545 1528 1656 1561; x_wconf 87' lang='lat' dir='ltr'><strong>Quando</strong></span> <span class='ocrx_word' id='word_1_686' title='bbox 1667 1531 1737 1557; x_wconf 89' lang='lat' dir='ltr'><strong>enim</strong></span> <span class='ocrx_word' id='word_1_687' title='bbox 1750 1532 1809 1566; x_wconf 91' lang='lat' dir='ltr'><strong>quis</strong></span> <span class='ocrx_word' id='word_1_688' title='bbox 1820 1534 1914 1561; x_wconf 84' lang='lat' dir='ltr'><strong>iuven-</strong></span> 
     </span>
    </p>
   </div>
   <div class='ocr_carea' id='block_1_93' title="bbox 1120 1570 1912 1613">
    <p class='ocr_par' dir='ltr' id='par_1_93' title="bbox 1120 1570 1912 1613">
     <span class='ocr_line' id='line_1_93' title="bbox 1120 1570 1912 1613; baseline 0.015 -17"><span class='ocrx_word' id='word_1_689' title='bbox 1120 1573 1162 1597; x_wconf 85' lang='lat' dir='ltr'><strong>tus</strong></span> <span class='ocrx_word' id='word_1_690' title='bbox 1185 1570 1261 1598; x_wconf 88' lang='lat' dir='ltr'><strong>fuerit</strong></span> <span class='ocrx_word' id='word_1_691' title='bbox 1280 1573 1445 1607; x_wconf 89' lang='lat' dir='ltr'><strong>corruptibili</strong></span> <span class='ocrx_word' id='word_1_692' title='bbox 1467 1574 1518 1602; x_wconf 91' lang='lat' dir='ltr'><strong>hoc</strong></span> <span class='ocrx_word' id='word_1_693' title='bbox 1539 1582 1650 1610; x_wconf 88' lang='lat' dir='ltr'><strong>corpore</strong></span> <span class='ocrx_word' id='word_1_694' title='bbox 1664 1578 1858 1613; x_wconf 86' lang='lat' dir='ltr'><strong>circumdatus,</strong></span> <span class='ocrx_word' id='word_1_695' title='bbox 1877 1581 1912 1608; x_wconf 86' lang='lat' dir='ltr'><strong>ita</strong></span> 
     </span>
    </p>
   </div>
   <div class='ocr_carea' id='block_1_94' title="bbox 1119 1615 1917 1657">
    <p class='ocr_par' dir='ltr' id='par_1_94' title="bbox 1119 1615 1917 1657">
     <span class='ocr_line' id='line_1_94' title="bbox 1119 1615 1917 1657; baseline 0.015 -16"><span class='ocrx_word' id='word_1_696' title='bbox 1119 1615 1200 1642; x_wconf 87' lang='lat' dir='ltr'><strong>vitam</strong></span> <span class='ocrx_word' id='word_1_697' title='bbox 1214 1623 1295 1651; x_wconf 80' lang='lat' dir='ltr'><strong>agens</strong></span> <span class='ocrx_word' id='word_1_698' title='bbox 1310 1622 1338 1644; x_wconf 92' lang='lat' dir='ltr'><strong>nt</strong></span> <span class='ocrx_word' id='word_1_699' title='bbox 1355 1626 1479 1653; x_wconf 63' lang='lat' dir='ltr'><strong>supernae</strong></span> <span class='ocrx_word' id='word_1_700' title='bbox 1503 1620 1553 1647; x_wconf 72' lang='lat' dir='ltr'><strong>illae</strong></span> <span class='ocrx_word' id='word_1_701' title='bbox 1567 1621 1677 1649; x_wconf 88' lang='lat' dir='ltr'><strong>virtutes</strong></span> <span class='ocrx_word' id='word_1_702' title='bbox 1687 1643 1694 1654; x_wconf 91' lang='lat'><strong>,</strong></span> <span class='ocrx_word' id='word_1_703' title='bbox 1709 1625 1842 1657; x_wconf 87' lang='lat' dir='ltr'><strong>quomodo</strong></span> <span class='ocrx_word' id='word_1_704' title='bbox 1858 1634 1917 1653; x_wconf 83' lang='lat' dir='ltr'><strong>non</strong></span> 
     </span>
    </p>
   </div>
   <div class='ocr_carea' id='block_1_95' title="bbox 1120 1662 1914 1704">
    <p class='ocr_par' dir='ltr' id='par_1_95' title="bbox 1120 1662 1914 1704">
     <span class='ocr_line' id='line_1_95' title="bbox 1120 1662 1914 1704; baseline 0.014 -17"><span class='ocrx_word' id='word_1_705' title='bbox 1120 1662 1320 1696; x_wconf 85' lang='lat' dir='ltr'><strong>propensiorem</strong></span> <span class='ocrx_word' id='word_1_706' title='bbox 1335 1664 1381 1691; x_wconf 90' lang='lat' dir='ltr'><strong>Dei</strong></span> <span class='ocrx_word' id='word_1_707' title='bbox 1392 1665 1502 1699; x_wconf 75' lang='lat' dir='ltr'><strong>gratiam</strong></span> <span class='ocrx_word' id='word_1_708' title='bbox 1516 1667 1650 1699; x_wconf 82' lang='lat' dir='ltr'><strong>sortietur,</strong></span> <span class='ocrx_word' id='word_1_709' title='bbox 1662 1669 1723 1702; x_wconf 70' lang='lat' dir='ltr'><strong>qu&#39;u</strong></span> <span class='ocrx_word' id='word_1_710' title='bbox 1734 1671 1852 1704; x_wconf 84' lang='lat' dir='ltr'><strong>corporis</strong></span> <span class='ocrx_word' id='word_1_711' title='bbox 1866 1679 1914 1698; x_wconf 84' lang='lat' dir='ltr'><strong>ne—</strong></span> 
     </span>
    </p>
   </div>
   <div class='ocr_carea' id='block_1_96' title="bbox 1120 1708 1919 1748">
    <p class='ocr_par' dir='ltr' id='par_1_96' title="bbox 1120 1708 1919 1748">
     <span class='ocr_line' id='line_1_96' title="bbox 1120 1708 1919 1748; baseline 0.014 -14"><span class='ocrx_word' id='word_1_712' title='bbox 1120 1708 1288 1736; x_wconf 82' lang='lat' dir='ltr'><strong>cessitatibus</strong></span> <span class='ocrx_word' id='word_1_713' title='bbox 1306 1710 1437 1739; x_wconf 83' lang='lat' dir='ltr'><strong>obnoxius</strong></span> <span class='ocrx_word' id='word_1_714' title='bbox 1449 1731 1457 1746; x_wconf 91' lang='lat'><strong>,</strong></span> <span class='ocrx_word' id='word_1_715' title='bbox 1473 1712 1652 1748; x_wconf 86' lang='lat' dir='ltr'><strong>incorruptam</strong></span> <span class='ocrx_word' id='word_1_716' title='bbox 1671 1715 1767 1743; x_wconf 62' lang='lat' dir='ltr'><strong>animae</strong></span> <span class='ocrx_word' id='word_1_717' title='bbox 1787 1717 1919 1745; x_wconf 73' lang='lat' dir='ltr'><strong>nobilita-</strong></span> 
     </span>
    </p>
   </div>
   <div class='ocr_carea' id='block_1_97' title="bbox 1121 1754 1351 1783">
    <p class='ocr_par' dir='ltr' id='par_1_97' title="bbox 1121 1754 1351 1783">
     <span class='ocr_line' id='line_1_97' title="bbox 1121 1754 1351 1783; baseline 0.013 -3"><span class='ocrx_word' id='word_1_718' title='bbox 1121 1757 1174 1780; x_wconf 78' lang='lat' dir='ltr'><strong>tem</strong></span> <span class='ocrx_word' id='word_1_719' title='bbox 1191 1754 1199 1769; x_wconf 76' lang='lat'><strong>‘</strong></span> <span class='ocrx_word' id='word_1_720' title='bbox 1214 1755 1328 1783; x_wconf 85' lang='lat' dir='ltr'><strong>servavit</strong></span> <span class='ocrx_word' id='word_1_721' title='bbox 1339 1756 1351 1782; x_wconf 81' lang='grc'>7</span> 
     </span>
    </p>
   </div>
   <div class='ocr_carea' id='block_1_98' title="bbox 1163 1799 1923 1842">
    <p class='ocr_par' dir='ltr' id='par_1_98' title="bbox 1163 1799 1923 1842">
     <span class='ocr_line' id='line_1_98' title="bbox 1163 1799 1923 1842; baseline 0.014 -17"><span class='ocrx_word' id='word_1_722' title='bbox 1163 1799 1247 1827; x_wconf 78' lang='lat' dir='ltr'><strong>Virtus</strong></span> <span class='ocrx_word' id='word_1_723' title='bbox 1271 1801 1413 1835; x_wconf 70' lang='lat' dir='ltr'><strong>possibilia;</strong></span> <span class='ocrx_word' id='word_1_724' title='bbox 1435 1811 1567 1838; x_wconf 78' lang='lat' dir='ltr'><strong>possumus</strong></span> <span class='ocrx_word' id='word_1_725' title='bbox 1585 1805 1711 1833; x_wconf 71' lang='lat' dir='ltr'><strong>Joannem</strong></span> <span class='ocrx_word' id='word_1_726' title='bbox 1732 1806 1875 1842; x_wconf 71' lang='lat' dir='ltr'><strong>Baptista»:</strong></span> <span class='ocrx_word' id='word_1_727' title='bbox 1889 1814 1923 1836; x_wconf 67' lang='grc' dir='ltr'><em>ειν</em></span> 
     </span>
    </p>
   </div>
   <div class='ocr_carea' id='block_1_99' title="bbox 1121 1844 1914 1888">
    <p class='ocr_par' dir='ltr' id='par_1_99' title="bbox 1121 1844 1914 1888">
     <span class='ocr_line' id='line_1_99' title="bbox 1121 1844 1914 1888; baseline 0.014 -18"><span class='ocrx_word' id='word_1_728' title='bbox 1121 1844 1233 1872; x_wconf 85' lang='lat' dir='ltr'><strong>Paulum</strong></span> <span class='ocrx_word' id='word_1_729' title='bbox 1242 1847 1484 1883; x_wconf 82' lang='lat' dir='ltr'><strong>imitari.—Ecquis</strong></span> <span class='ocrx_word' id='word_1_730' title='bbox 1495 1857 1630 1885; x_wconf 80' lang='lat' dir='ltr'><strong>umquam,</strong></span> <span class='ocrx_word' id='word_1_731' title='bbox 1638 1852 1721 1885; x_wconf 87' lang='lat' dir='ltr'><strong>dices,</strong></span> <span class='ocrx_word' id='word_1_732' title='bbox 1733 1854 1830 1888; x_wconf 88' lang='lat' dir='ltr'><strong>poterit</strong></span> <span class='ocrx_word' id='word_1_733' title='bbox 1840 1854 1914 1881; x_wconf 77' lang='lat' dir='ltr'><strong>inve-</strong></span> 
     </span>
    </p>
   </div>
   <div class='ocr_carea' id='block_1_100' title="bbox 1121 1890 1912 1931">
    <p class='ocr_par' dir='ltr' id='par_1_100' title="bbox 1121 1890 1912 1931">
     <span class='ocr_line' id='line_1_100' title="bbox 1121 1890 1912 1931; baseline 0.013 -14"><span class='ocrx_word' id='word_1_734' title='bbox 1121 1890 1171 1917; x_wconf 87' lang='lat' dir='ltr'><strong>niri</strong></span> <span class='ocrx_word' id='word_1_735' title='bbox 1187 1891 1265 1919; x_wconf 85' lang='lat' dir='ltr'><strong>talis?</strong></span> <span class='ocrx_word' id='word_1_736' title='bbox 1283 1892 1376 1920; x_wconf 76' lang='lat' dir='ltr'><strong>Merito</strong></span> <span class='ocrx_word' id='word_1_737' title='bbox 1389 1894 1560 1929; x_wconf 76' lang='lat' dir='ltr'><strong>impossibilia</strong></span> <span class='ocrx_word' id='word_1_738' title='bbox 1575 1897 1651 1924; x_wconf 87' lang='lat' dir='ltr'><strong>nobis</strong></span> <span class='ocrx_word' id='word_1_739' title='bbox 1669 1898 1725 1925; x_wconf 77' lang='lat' dir='ltr'><strong>lucc</strong></span> <span class='ocrx_word' id='word_1_740' title='bbox 1740 1906 1782 1926; x_wconf 89' lang='lat' dir='ltr'><strong>res</strong></span> <span class='ocrx_word' id='word_1_741' title='bbox 1797 1899 1912 1931; x_wconf 79' lang='lat' dir='ltr'><strong>videtur.</strong></span> 
     </span>
    </p>
   </div>
   <div class='ocr_carea' id='block_1_101' title="bbox 1121 1938 1914 1976">
    <p class='ocr_par' dir='ltr' id='par_1_101' title="bbox 1121 1938 1914 1976">
     <span class='ocr_line' id='line_1_101' title="bbox 1121 1938 1914 1976; baseline 0.013 -14"><span class='ocrx_word' id='word_1_742' title='bbox 1121 1943 1232 1970; x_wconf 89' lang='lat' dir='ltr'><strong>quortnn</strong></span> <span class='ocrx_word' id='word_1_743' title='bbox 1247 1938 1329 1965; x_wconf 90' lang='lat' dir='ltr'><strong>virtus</strong></span> <span class='ocrx_word' id='word_1_744' title='bbox 1341 1940 1484 1967; x_wconf 90' lang='lat' dir='ltr'><strong>admodum</strong></span> <span class='ocrx_word' id='word_1_745' title='bbox 1496 1941 1600 1976; x_wconf 77' lang='lat' dir='ltr'><strong>exigua.</strong></span> <span class='ocrx_word' id='word_1_746' title='bbox 1615 1942 1647 1969; x_wconf 83' lang='lat' dir='ltr'><strong>At</strong></span> <span class='ocrx_word' id='word_1_747' title='bbox 1661 1943 1683 1969; x_wconf 88' lang='lat' dir='ltr'><strong>si</strong></span> <span class='ocrx_word' id='word_1_748' title='bbox 1698 1944 1736 1970; x_wconf 90' lang='lat' dir='ltr'><strong>vis</strong></span> <span class='ocrx_word' id='word_1_749' title='bbox 1746 1944 1848 1972; x_wconf 85' lang='lat' dir='ltr'><strong>discere</strong></span> <span class='ocrx_word' id='word_1_750' title='bbox 1859 1953 1914 1972; x_wconf 89' lang='lat' dir='ltr'><strong>non</strong></span> 
     </span>
    </p>
   </div>
   <div class='ocr_carea' id='block_1_102' title="bbox 1121 1983 1913 2025">
    <p class='ocr_par' dir='ltr' id='par_1_102' title="bbox 1121 1983 1913 2025">
     <span class='ocr_line' id='line_1_102' title="bbox 1121 1983 1913 2025; baseline 0.011 -17"><span class='ocrx_word' id='word_1_751' title='bbox 1121 1990 1180 2010; x_wconf 79' lang='lat' dir='ltr'><strong>esse</strong></span> <span class='ocrx_word' id='word_1_752' title='bbox 1195 1983 1243 2010; x_wconf 89' lang='lat' dir='ltr'><strong>hoc</strong></span> <span class='ocrx_word' id='word_1_753' title='bbox 1258 1984 1419 2019; x_wconf 87' lang='lat' dir='ltr'><strong>impossibile</strong></span> <span class='ocrx_word' id='word_1_754' title='bbox 1429 2006 1437 2019; x_wconf 90' lang='lat'><strong>,</strong></span> <span class='ocrx_word' id='word_1_755' title='bbox 1452 1986 1538 2021; x_wconf 79' lang='lat' dir='ltr'><strong>cogita</strong></span> <span class='ocrx_word' id='word_1_756' title='bbox 1548 2007 1556 2020; x_wconf 83' lang='grc'>,</span> <span class='ocrx_word' id='word_1_757' title='bbox 1570 1995 1634 2019; x_wconf 87' lang='lat' dir='ltr'><strong>oro,</strong></span> <span class='ocrx_word' id='word_1_758' title='bbox 1649 1996 1741 2016; x_wconf 87' lang='lat' dir='ltr'><strong>omnes</strong></span> <span class='ocrx_word' id='word_1_759' title='bbox 1750 1989 1836 2023; x_wconf 84' lang='lat' dir='ltr'><strong>justos</strong></span> <span class='ocrx_word' id='word_1_760' title='bbox 1846 2011 1853 2021; x_wconf 86' lang='lat'><strong>,</strong></span> <span class='ocrx_word' id='word_1_761' title='bbox 1867 1991 1913 2025; x_wconf 87' lang='lat' dir='ltr'><strong>qui</strong></span> 
     </span>
    </p>
   </div>
   <div class='ocr_carea' id='block_1_103' title="bbox 1121 2028 1913 2070">
    <p class='ocr_par' dir='ltr' id='par_1_103' title="bbox 1121 2028 1913 2070">
     <span class='ocr_line' id='line_1_103' title="bbox 1121 2028 1913 2070; baseline 0.01 -16"><span class='ocrx_word' id='word_1_762' title='bbox 1121 2028 1233 2056; x_wconf 91' lang='lat' dir='ltr'><strong>Domino</strong></span> <span class='ocrx_word' id='word_1_763' title='bbox 1249 2030 1281 2056; x_wconf 86' lang='lat' dir='ltr'><strong>ab</strong></span> <span class='ocrx_word' id='word_1_764' title='bbox 1301 2030 1375 2057; x_wconf 91' lang='lat' dir='ltr'><strong>initio</strong></span> <span class='ocrx_word' id='word_1_765' title='bbox 1395 2039 1478 2066; x_wconf 85' lang='lat' dir='ltr'><strong>usque</strong></span> <span class='ocrx_word' id='word_1_766' title='bbox 1492 2032 1525 2059; x_wconf 89' lang='lat' dir='ltr'><strong>ad</strong></span> <span class='ocrx_word' id='word_1_767' title='bbox 1550 2039 1667 2067; x_wconf 62' lang='lat' dir='ltr'><strong>praesens</strong></span> <span class='ocrx_word' id='word_1_768' title='bbox 1685 2038 1789 2069; x_wconf 88' lang='lat' dir='ltr'><strong>tempus</strong></span> <span class='ocrx_word' id='word_1_769' title='bbox 1808 2035 1913 2070; x_wconf 72' lang='lat' dir='ltr'><strong>placue~</strong></span> 
     </span>
    </p>
   </div>
   <div class='ocr_carea' id='block_1_104' title="bbox 1122 2076 1913 2112">
    <p class='ocr_par' dir='ltr' id='par_1_104' title="bbox 1122 2076 1913 2112">
     <span class='ocr_line' id='line_1_104' title="bbox 1122 2076 1913 2112; baseline 0.011 -13"><span class='ocrx_word' id='word_1_770' title='bbox 1122 2078 1183 2100; x_wconf 90' lang='lat' dir='ltr'><strong>runt</strong></span> <span class='ocrx_word' id='word_1_771' title='bbox 1197 2082 1319 2109; x_wconf 77' lang='lat' dir='ltr'><strong>magnum</strong></span> <span class='ocrx_word' id='word_1_772' title='bbox 1331 2076 1416 2108; x_wconf 85' lang='lat' dir='ltr'><strong>illum,</strong></span> <span class='ocrx_word' id='word_1_773' title='bbox 1430 2082 1458 2104; x_wconf 86' lang='lat' dir='ltr'><strong>et</strong></span> <span class='ocrx_word' id='word_1_774' title='bbox 1470 2077 1619 2105; x_wconf 63' lang='lat' dir='ltr'><strong>infecundae</strong></span> <span class='ocrx_word' id='word_1_775' title='bbox 1633 2079 1726 2112; x_wconf 86' lang='lat' dir='ltr'><strong>lilium,</strong></span> <span class='ocrx_word' id='word_1_776' title='bbox 1738 2084 1765 2107; x_wconf 89' lang='lat' dir='ltr'><strong>et</strong></span> <span class='ocrx_word' id='word_1_777' title='bbox 1778 2081 1859 2107; x_wconf 87' lang='lat' dir='ltr'><strong>erctui</strong></span> <span class='ocrx_word' id='word_1_778' title='bbox 1875 2081 1913 2108; x_wconf 82' lang='lat' dir='ltr'><strong>ci-</strong></span> 
     </span>
    </p>
   </div>
   <div class='ocr_carea' id='block_1_105' title="bbox 1121 2119 1915 2159">
    <p class='ocr_par' dir='ltr' id='par_1_105' title="bbox 1121 2119 1915 2159">
     <span class='ocr_line' id='line_1_105' title="bbox 1121 2119 1915 2159; baseline 0.01 -14"><span class='ocrx_word' id='word_1_779' title='bbox 1121 2127 1180 2146; x_wconf 84' lang='lat' dir='ltr'><strong>vcnt</strong></span> <span class='ocrx_word' id='word_1_780' title='bbox 1194 2119 1323 2147; x_wconf 87' lang='lat' dir='ltr'><strong>Joannem</strong></span> <span class='ocrx_word' id='word_1_781' title='bbox 1339 2122 1360 2155; x_wconf 83' lang='grc'><strong>¹,</strong></span> <span class='ocrx_word' id='word_1_782' title='bbox 1376 2121 1486 2149; x_wconf 81' lang='lat' dir='ltr'><strong>Paulum</strong></span> <span class='ocrx_word' id='word_1_783' title='bbox 1501 2131 1606 2158; x_wconf 90' lang='lat' dir='ltr'><strong>quoque</strong></span> <span class='ocrx_word' id='word_1_784' title='bbox 1620 2124 1774 2159; x_wconf 81' lang='lat' dir='ltr'><strong>tnagiStrum</strong></span> <span class='ocrx_word' id='word_1_785' title='bbox 1790 2126 1871 2159; x_wconf 89' lang='lat' dir='ltr'><strong>orbis,</strong></span> <span class='ocrx_word' id='word_1_786' title='bbox 1887 2131 1915 2154; x_wconf 77' lang='lat' dir='ltr'><strong>et</strong></span> 
     </span>
    </p>
   </div>
   <div class='ocr_carea' id='block_1_106' title="bbox 1121 2170 1916 2206">
    <p class='ocr_par' dir='ltr' id='par_1_106' title="bbox 1121 2170 1916 2206">
     <span class='ocr_line' id='line_1_106' title="bbox 1121 2170 1916 2206; baseline 0.009 -15"><span class='ocrx_word' id='word_1_787' title='bbox 1121 2173 1229 2192; x_wconf 87' lang='lat' dir='ltr'><strong>omnem</strong></span> <span class='ocrx_word' id='word_1_788' title='bbox 1243 2171 1393 2194; x_wconf 86' lang='lat' dir='ltr'><strong>sanctorum</strong></span> <span class='ocrx_word' id='word_1_789' title='bbox 1411 2176 1562 2203; x_wconf 88' lang='lat' dir='ltr'><strong>numerutn,</strong></span> <span class='ocrx_word' id='word_1_790' title='bbox 1577 2170 1622 2205; x_wconf 90' lang='lat' dir='ltr'><strong>qui</strong></span> <span class='ocrx_word' id='word_1_791' title='bbox 1637 2170 1758 2198; x_wconf 88' lang='lat' dir='ltr'><strong>eatndem</strong></span> <span class='ocrx_word' id='word_1_792' title='bbox 1772 2179 1849 2206; x_wconf 83' lang='lat' dir='ltr'><strong>quam</strong></span> <span class='ocrx_word' id='word_1_793' title='bbox 1865 2179 1916 2199; x_wconf 77' lang='lat' dir='ltr'><strong>nos</strong></span> 
     </span>
    </p>
   </div>
   <div class='ocr_carea' id='block_1_107' title="bbox 1122 2211 1913 2249">
    <p class='ocr_par' dir='ltr' id='par_1_107' title="bbox 1122 2211 1913 2249">
     <span class='ocr_line' id='line_1_107' title="bbox 1122 2211 1913 2249; baseline 0.008 -12"><span class='ocrx_word' id='word_1_794' title='bbox 1122 2215 1242 2238; x_wconf 86' lang='lat' dir='ltr'><strong>naturam</strong></span> <span class='ocrx_word' id='word_1_795' title='bbox 1258 2211 1385 2245; x_wconf 86' lang='lat' dir='ltr'><strong>habuere,</strong></span> <span class='ocrx_word' id='word_1_796' title='bbox 1399 2213 1492 2240; x_wconf 90' lang='lat' dir='ltr'><strong>iisdem</strong></span> <span class='ocrx_word' id='word_1_797' title='bbox 1507 2216 1626 2249; x_wconf 89' lang='lat' dir='ltr'><strong>corporis</strong></span> <span class='ocrx_word' id='word_1_798' title='bbox 1642 2216 1844 2244; x_wconf 84' lang='lat' dir='ltr'><strong>necessitatibus</strong></span> <span class='ocrx_word' id='word_1_799' title='bbox 1862 2217 1913 2243; x_wconf 58' lang='lat' dir='ltr'><strong>obs</strong></span> 
     </span>
    </p>
   </div>
   <div class='ocr_carea' id='block_1_108' title="bbox 1122 2257 1915 2295">
    <p class='ocr_par' dir='ltr' id='par_1_108' title="bbox 1122 2257 1915 2295">
     <span class='ocr_line' id='line_1_108' title="bbox 1122 2257 1915 2295; baseline 0.008 -12"><span class='ocrx_word' id='word_1_800' title='bbox 1122 2257 1204 2290; x_wconf 93' lang='lat' dir='ltr'><strong>noxii,</strong></span> <span class='ocrx_word' id='word_1_801' title='bbox 1215 2262 1241 2285; x_wconf 91' lang='lat' dir='ltr'><strong>et</strong></span> <span class='ocrx_word' id='word_1_802' title='bbox 1257 2266 1290 2285; x_wconf 90' lang='lat' dir='ltr'><strong>ne</strong></span> <span class='ocrx_word' id='word_1_803' title='bbox 1299 2259 1366 2285; x_wconf 84' lang='lat' dir='ltr'><strong>ultra</strong></span> <span class='ocrx_word' id='word_1_804' title='bbox 1378 2260 1540 2294; x_wconf 88' lang='lat' dir='ltr'><strong>impossibile</strong></span> <span class='ocrx_word' id='word_1_805' title='bbox 1554 2269 1613 2288; x_wconf 87' lang='lat' dir='ltr'><strong>esse</strong></span> <span class='ocrx_word' id='word_1_806' title='bbox 1625 2269 1692 2295; x_wconf 87' lang='lat' dir='ltr'><strong>opus</strong></span> <span class='ocrx_word' id='word_1_807' title='bbox 1705 2262 1851 2295; x_wconf 77' lang='lat' dir='ltr'><strong>existimes,</strong></span> <span class='ocrx_word' id='word_1_808' title='bbox 1868 2271 1915 2290; x_wconf 72' lang='lat' dir='ltr'><strong>ne~</strong></span> 
     </span>
    </p>
   </div>
   <div class='ocr_carea' id='block_1_109' title="bbox 1122 2304 1914 2342">
    <p class='ocr_par' dir='ltr' id='par_1_109' title="bbox 1122 2304 1914 2342">
     <span class='ocr_line' id='line_1_109' title="bbox 1122 2304 1914 2342; baseline 0.008 -13"><span class='ocrx_word' id='word_1_809' title='bbox 1122 2311 1173 2338; x_wconf 91' lang='lat' dir='ltr'><strong>que</strong></span> <span class='ocrx_word' id='word_1_810' title='bbox 1192 2304 1298 2339; x_wconf 79' lang='lat' dir='ltr'><strong>segnior</strong></span> <span class='ocrx_word' id='word_1_811' title='bbox 1319 2305 1356 2331; x_wconf 86' lang='lat' dir='ltr'><strong>sis</strong></span> <span class='ocrx_word' id='word_1_812' title='bbox 1375 2304 1407 2332; x_wconf 88' lang='lat' dir='ltr'><strong>ad</strong></span> <span class='ocrx_word' id='word_1_813' title='bbox 1428 2306 1562 2338; x_wconf 88' lang='lat' dir='ltr'><strong>virtutem,</strong></span> <span class='ocrx_word' id='word_1_814' title='bbox 1576 2306 1610 2333; x_wconf 87' lang='lat' dir='ltr'><strong>ad</strong></span> <span class='ocrx_word' id='word_1_815' title='bbox 1623 2315 1701 2341; x_wconf 86' lang='lat' dir='ltr'><strong>quam</strong></span> <span class='ocrx_word' id='word_1_816' title='bbox 1723 2307 1796 2334; x_wconf 80' lang='lat' dir='ltr'><strong>facile</strong></span> <span class='ocrx_word' id='word_1_817' title='bbox 1814 2309 1914 2342; x_wconf 79' lang='lat' dir='ltr'><strong>amplc~</strong></span> 
     </span>
    </p>
   </div>
   <div class='ocr_carea' id='block_1_110' title="bbox 1122 2350 1913 2381">
    <p class='ocr_par' dir='ltr' id='par_1_110' title="bbox 1122 2350 1913 2381">
     <span class='ocr_line' id='line_1_110' title="bbox 1122 2350 1913 2381; baseline 0.006 -6"><span class='ocrx_word' id='word_1_818' title='bbox 1122 2350 1244 2376; x_wconf 87' lang='lat' dir='ltr'><strong>ctcndam</strong></span> <span class='ocrx_word' id='word_1_819' title='bbox 1257 2355 1342 2377; x_wconf 86' lang='lat' dir='ltr'><strong>tantas</strong></span> <span class='ocrx_word' id='word_1_820' title='bbox 1351 2359 1364 2377; x_wconf 87' lang='lat' dir='ltr'><strong>a</strong></span> <span class='ocrx_word' id='word_1_821' title='bbox 1379 2351 1489 2379; x_wconf 89' lang='lat' dir='ltr'><strong>Domino</strong></span> <span class='ocrx_word' id='word_1_822' title='bbox 1500 2357 1594 2380; x_wconf 86' lang='lat' dir='ltr'><strong>nactus</strong></span> <span class='ocrx_word' id='word_1_823' title='bbox 1604 2361 1633 2380; x_wconf 84' lang='lat' dir='ltr'><strong>es</strong></span> <span class='ocrx_word' id='word_1_824' title='bbox 1646 2354 1809 2380; x_wconf 82' lang='lat' dir='ltr'><strong>occasiones.</strong></span> <span class='ocrx_word' id='word_1_825' title='bbox 1819 2354 1913 2381; x_wconf 73' lang='lat' dir='ltr'><strong>Sciens</strong></span> 
     </span>
    </p>
   </div>
   <div class='ocr_carea' id='block_1_111' title="bbox 1121 2395 1914 2431">
    <p class='ocr_par' dir='ltr' id='par_1_111' title="bbox 1121 2395 1914 2431">
     <span class='ocr_line' id='line_1_111' title="bbox 1121 2395 1914 2431; baseline 0.003 -8"><span class='ocrx_word' id='word_1_826' title='bbox 1121 2396 1193 2423; x_wconf 88' lang='lat' dir='ltr'><strong>enim</strong></span> <span class='ocrx_word' id='word_1_827' title='bbox 1209 2395 1337 2431; x_wconf 80' lang='lat' dir='ltr'><strong>benignus</strong></span> <span class='ocrx_word' id='word_1_828' title='bbox 1352 2396 1478 2424; x_wconf 90' lang='lat' dir='ltr'><strong>Dominus</strong></span> <span class='ocrx_word' id='word_1_829' title='bbox 1497 2403 1595 2425; x_wconf 72' lang='lat' dir='ltr'><strong>nostra:</strong></span> <span class='ocrx_word' id='word_1_830' title='bbox 1610 2398 1729 2425; x_wconf 83' lang='lat' dir='ltr'><strong>voluntat</strong></span> <span class='ocrx_word' id='word_1_831' title='bbox 1740 2408 1753 2426; x_wconf 88' lang='lat' dir='ltr'><strong>s</strong></span> <span class='ocrx_word' id='word_1_832' title='bbox 1774 2399 1914 2426; x_wconf 57' lang='lat' dir='ltr'><strong>inlirtnita.</strong></span> 
     </span>
    </p>
   </div>
   <div class='ocr_carea' id='block_1_112' title="bbox 1123 2441 1915 2479">
    <p class='ocr_par' dir='ltr' id='par_1_112' title="bbox 1123 2441 1915 2479">
     <span class='ocr_line' id='line_1_112' title="bbox 1123 2441 1915 2479; baseline 0.006 -13"><span class='ocrx_word' id='word_1_833' title='bbox 1123 2445 1187 2473; x_wconf 89' lang='lat' dir='ltr'><strong>tcnt,</strong></span> <span class='ocrx_word' id='word_1_834' title='bbox 1203 2446 1230 2468; x_wconf 90' lang='lat' dir='ltr'><strong>et</strong></span> <span class='ocrx_word' id='word_1_835' title='bbox 1244 2441 1277 2468; x_wconf 88' lang='lat' dir='ltr'><strong>ad</strong></span> <span class='ocrx_word' id='word_1_836' title='bbox 1294 2442 1434 2469; x_wconf 76' lang='lat' dir='ltr'><strong>labentium</strong></span> <span class='ocrx_word' id='word_1_837' title='bbox 1450 2443 1651 2476; x_wconf 86' lang='lat' dir='ltr'><strong>proclivitatem,</strong></span> <span class='ocrx_word' id='word_1_838' title='bbox 1662 2451 1755 2479; x_wconf 80' lang='lat' dir='ltr'><strong>magna</strong></span> <span class='ocrx_word' id='word_1_839' title='bbox 1767 2444 1842 2471; x_wconf 83' lang='lat' dir='ltr'><strong>nobis</strong></span> <span class='ocrx_word' id='word_1_840' title='bbox 1856 2452 1915 2471; x_wconf 84' lang='lat' dir='ltr'><strong>tne—</strong></span> 
     </span>
    </p>
   </div>
   <div class='ocr_carea' id='block_1_113' title="bbox 1123 2487 1915 2524">
    <p class='ocr_par' dir='ltr' id='par_1_113' title="bbox 1123 2487 1915 2524">
     <span class='ocr_line' id='line_1_113' title="bbox 1123 2487 1915 2524; baseline 0.004 -11"><span class='ocrx_word' id='word_1_841' title='bbox 1123 2487 1257 2514; x_wconf 80' lang='lat' dir='ltr'><strong>dicamina</strong></span> <span class='ocrx_word' id='word_1_842' title='bbox 1270 2489 1294 2515; x_wconf 91' lang='lat' dir='ltr'><strong>in</strong></span> <span class='ocrx_word' id='word_1_843' title='bbox 1309 2496 1444 2516; x_wconf 87' lang='lat' dir='ltr'><strong>sacrarum</strong></span> <span class='ocrx_word' id='word_1_844' title='bbox 1458 2489 1654 2524; x_wconf 85' lang='lat' dir='ltr'><strong>Scriplttrarum</strong></span> <span class='ocrx_word' id='word_1_845' title='bbox 1671 2490 1784 2517; x_wconf 82' lang='lat' dir='ltr'><strong>lectione</strong></span> <span class='ocrx_word' id='word_1_846' title='bbox 1797 2491 1915 2524; x_wconf 81' lang='lat' dir='ltr'><strong>reliquit,</strong></span> 
     </span>
    </p>
   </div>
   <div class='ocr_carea' id='block_1_114' title="bbox 1124 2534 1916 2570">
    <p class='ocr_par' dir='ltr' id='par_1_114' title="bbox 1124 2534 1916 2570">
     <span class='ocr_line' id='line_1_114' title="bbox 1124 2534 1916 2570; baseline 0.006 -11"><span class='ocrx_word' id='word_1_847' title='bbox 1124 2538 1152 2559; x_wconf 94' lang='lat' dir='ltr'><strong>ut</strong></span> <span class='ocrx_word' id='word_1_848' title='bbox 1165 2541 1196 2561; x_wconf 90' lang='lat' dir='ltr'><strong>ea</strong></span> <span class='ocrx_word' id='word_1_849' title='bbox 1209 2534 1321 2562; x_wconf 89' lang='lat' dir='ltr'><strong>subinde</strong></span> <span class='ocrx_word' id='word_1_850' title='bbox 1330 2535 1482 2562; x_wconf 90' lang='lat' dir='ltr'><strong>vulneribus</strong></span> <span class='ocrx_word' id='word_1_851' title='bbox 1497 2537 1595 2563; x_wconf 91' lang='lat' dir='ltr'><strong>nostris</strong></span> <span class='ocrx_word' id='word_1_852' title='bbox 1608 2537 1784 2570; x_wconf 83' lang='lat' dir='ltr'><strong>imponentes,</strong></span> <span class='ocrx_word' id='word_1_853' title='bbox 1796 2541 1823 2563; x_wconf 89' lang='lat' dir='ltr'><strong>et</strong></span> <span class='ocrx_word' id='word_1_854' title='bbox 1833 2537 1916 2564; x_wconf 83' lang='lat' dir='ltr'><strong>vitam</strong></span> 
     </span>
    </p>
   </div>
   <div class='ocr_carea' id='block_1_115' title="bbox 1124 2580 1916 2617">
    <p class='ocr_par' dir='ltr' id='par_1_115' title="bbox 1124 2580 1916 2617">
     <span class='ocr_line' id='line_1_115' title="bbox 1124 2580 1916 2617; baseline 0.004 -10"><span class='ocrx_word' id='word_1_855' title='bbox 1124 2580 1229 2608; x_wconf 89' lang='lat' dir='ltr'><strong>illorum</strong></span> <span class='ocrx_word' id='word_1_856' title='bbox 1250 2580 1387 2608; x_wconf 85' lang='lat' dir='ltr'><strong>beatorum</strong></span> <span class='ocrx_word' id='word_1_857' title='bbox 1402 2582 1517 2609; x_wconf 83' lang='lat' dir='ltr'><strong>virorum</strong></span> <span class='ocrx_word' id='word_1_858' title='bbox 1535 2587 1596 2609; x_wconf 91' lang='lat' dir='ltr'><strong>ante</strong></span> <span class='ocrx_word' id='word_1_859' title='bbox 1610 2582 1703 2610; x_wconf 86' lang='lat' dir='ltr'><strong>oculos</strong></span> <span class='ocrx_word' id='word_1_860' title='bbox 1717 2587 1895 2617; x_wconf 82' lang='lat' dir='ltr'><strong>propOuentes</strong></span> <span class='ocrx_word' id='word_1_861' title='bbox 1907 2604 1916 2616; x_wconf 87' lang='lat'><strong>,</strong></span> 
     </span>
    </p>
   </div>
   <div class='ocr_carea' id='block_1_116' title="bbox 1123 2627 1917 2663">
    <p class='ocr_par' dir='ltr' id='par_1_116' title="bbox 1123 2627 1917 2663">
     <span class='ocr_line' id='line_1_116' title="bbox 1123 2627 1917 2663; baseline 0.001 -10"><span class='ocrx_word' id='word_1_862' title='bbox 1123 2627 1157 2653; x_wconf 90' lang='lat' dir='ltr'><strong>ad</strong></span> <span class='ocrx_word' id='word_1_863' title='bbox 1168 2627 1348 2654; x_wconf 67' lang='lat' dir='ltr'><strong>aemulandum</strong></span> <span class='ocrx_word' id='word_1_864' title='bbox 1357 2635 1541 2662; x_wconf 79' lang='lat' dir='ltr'><strong>provocamur,</strong></span> <span class='ocrx_word' id='word_1_865' title='bbox 1553 2632 1579 2655; x_wconf 89' lang='lat' dir='ltr'><strong>et</strong></span> <span class='ocrx_word' id='word_1_866' title='bbox 1591 2628 1714 2655; x_wconf 78' lang='lat' dir='ltr'><strong>virtutem</strong></span> <span class='ocrx_word' id='word_1_867' title='bbox 1730 2636 1783 2654; x_wconf 90' lang='lat' dir='ltr'><strong>non</strong></span> <span class='ocrx_word' id='word_1_868' title='bbox 1797 2629 1917 2663; x_wconf 72' lang='lat' dir='ltr'><strong>negliga-</strong></span> 
     </span>
    </p>
   </div>
   <div class='ocr_carea' id='block_1_117' title="bbox 1156 2696 1916 2735">
    <p class='ocr_par' dir='ltr' id='par_1_117' title="bbox 1156 2696 1916 2735">
     <span class='ocr_line' id='line_1_117' title="bbox 1156 2696 1916 2735; baseline 0.008 -15"><span class='ocrx_word' id='word_1_869' title='bbox 1156 2696 1221 2735; x_wconf 53' lang='lat' dir='ltr'><strong>fSic</strong></span> <span class='ocrx_word' id='word_1_870' title='bbox 1241 2697 1317 2735; x_wconf 64' lang='lat' dir='ltr'><strong>$avil.</strong></span> <span class='ocrx_word' id='word_1_871' title='bbox 1340 2699 1367 2721; x_wconf 88' lang='lat' dir='ltr'><strong>et</strong></span> <span class='ocrx_word' id='word_1_872' title='bbox 1385 2696 1486 2723; x_wconf 85' lang='lat' dir='ltr'><strong>Coislin.</strong></span> <span class='ocrx_word' id='word_1_873' title='bbox 1505 2697 1592 2722; x_wconf 82' lang='lat' dir='ltr'><strong>Morel.</strong></span> <span class='ocrx_word' id='word_1_874' title='bbox 1610 2700 1637 2722; x_wconf 83' lang='lat' dir='ltr'><strong>et</strong></span> <span class='ocrx_word' id='word_1_875' title='bbox 1653 2698 1706 2729; x_wconf 88' lang='lat' dir='ltr'><strong>alii,</strong></span> <span class='ocrx_word' id='word_1_876' title='bbox 1720 2700 1845 2732; x_wconf 77' lang='lat' dir='ltr'><strong>energiant</strong></span> <span class='ocrx_word' id='word_1_877' title='bbox 1860 2703 1916 2732; x_wconf 81' lang='grc' dir='ltr'><strong>(τήν</strong></span> 
     </span>
    </p>
   </div>
   <div class='ocr_carea' id='block_1_118' title="bbox 1124 2728 1915 2790">
    <p class='ocr_par' dir='ltr' id='par_1_118' title="bbox 1124 2728 1915 2790">
     <span class='ocr_line' id='line_1_118' title="bbox 1124 2728 1915 2790; baseline 0.005 -7"><span class='ocrx_word' id='word_1_878' title='bbox 1124 2728 1304 2783; x_wconf 48' lang='grc' dir='ltr'><strong>ινξρέῗῗέξνίι.</strong></span> <span class='ocrx_word' id='word_1_879' title='bbox 1316 2762 1343 2783; x_wconf 88' lang='lat' dir='ltr'><strong>et</strong></span> <span class='ocrx_word' id='word_1_880' title='bbox 1354 2759 1403 2783; x_wconf 85' lang='lat' dir='ltr'><strong>duo</strong></span> <span class='ocrx_word' id='word_1_881' title='bbox 1416 2758 1473 2784; x_wconf 85' lang='lat' dir='ltr'><strong>Mss.</strong></span> <span class='ocrx_word' id='word_1_882' title='bbox 1486 2759 1544 2788; x_wconf 80' lang='lat' dir='ltr'><strong>Alii,</strong></span> <span class='ocrx_word' id='word_1_883' title='bbox 1559 2758 1651 2789; x_wconf 65' lang='lat' dir='ltr'><strong>Eliam,</strong></span> <span class='ocrx_word' id='word_1_884' title='bbox 1660 2767 1717 2790; x_wconf 85' lang='lat' dir='ltr'><strong>pro,</strong></span> <span class='ocrx_word' id='word_1_885' title='bbox 1729 2763 1859 2787; x_wconf 75' lang='lat' dir='ltr'><strong>Joannem.</strong></span> <span class='ocrx_word' id='word_1_886' title='bbox 1875 2763 1915 2787; x_wconf 80' lang='lat' dir='ltr'><strong>ln-</strong></span> 
     </span>
    </p>
   </div>
   <div class='ocr_carea' id='block_1_119' title="bbox 1103 2789 1916 2822">
    <p class='ocr_par' dir='ltr' id='par_1_119' title="bbox 1103 2789 1916 2822">
     <span class='ocr_line' id='line_1_119' title="bbox 1103 2789 1916 2822; baseline 0.006 -9"><span class='ocrx_word' id='word_1_887' title='bbox 1103 2812 1113 2822; x_wconf 69' lang='grc'><em>,</em></span> <span class='ocrx_word' id='word_1_888' title='bbox 1124 2792 1222 2822; x_wconf 74' lang='lat' dir='ltr'><strong>terpres</strong></span> <span class='ocrx_word' id='word_1_889' title='bbox 1236 2793 1368 2820; x_wconf 82' lang='lat' dir='ltr'><strong>utrumque</strong></span> <span class='ocrx_word' id='word_1_890' title='bbox 1384 2791 1490 2820; x_wconf 79' lang='lat' dir='ltr'><strong>legerat,</strong></span> <span class='ocrx_word' id='word_1_891' title='bbox 1502 2789 1535 2814; x_wconf 88' lang='lat' dir='ltr'><strong>ita</strong></span> <span class='ocrx_word' id='word_1_892' title='bbox 1552 2794 1581 2815; x_wconf 87' lang='lat' dir='ltr'><strong>ut</strong></span> <span class='ocrx_word' id='word_1_893' title='bbox 1600 2789 1714 2822; x_wconf 65' lang='lat' dir='ltr'><strong>Joannes</strong></span> <span class='ocrx_word' id='word_1_894' title='bbox 1724 2792 1762 2816; x_wconf 85' lang='lat' dir='ltr'><strong>hic</strong></span> <span class='ocrx_word' id='word_1_895' title='bbox 1784 2798 1916 2818; x_wconf 68' lang='lat' dir='ltr'><strong>vocaretur</strong></span> 
     </span>
    </p>
   </div>
   <div class='ocr_carea' id='block_1_120' title="bbox 1125 2820 1914 2852">
    <p class='ocr_par' dir='ltr' id='par_1_120' title="bbox 1125 2820 1914 2852">
     <span class='ocr_line' id='line_1_120' title="bbox 1125 2820 1914 2852; baseline 0.008 -9"><span class='ocrx_word' id='word_1_896' title='bbox 1125 2821 1218 2852; x_wconf 38' lang='lat' dir='ltr'><strong>Helias.</strong></span> <span class='ocrx_word' id='word_1_897' title='bbox 1246 2822 1288 2844; x_wconf 72' lang='lat' dir='ltr'><strong>Sic</strong></span> <span class='ocrx_word' id='word_1_898' title='bbox 1310 2821 1383 2844; x_wconf 85' lang='lat' dir='ltr'><strong>etiam</strong></span> <span class='ocrx_word' id='word_1_899' title='bbox 1407 2824 1458 2845; x_wconf 87' lang='lat' dir='ltr'><strong>tres</strong></span> <span class='ocrx_word' id='word_1_900' title='bbox 1484 2822 1557 2852; x_wconf 70' lang='lat' dir='ltr'><strong>Mss,</strong></span> <span class='ocrx_word' id='word_1_901' title='bbox 1580 2820 1676 2846; x_wconf 69' lang='lat' dir='ltr'><strong>Heliam</strong></span> <span class='ocrx_word' id='word_1_902' title='bbox 1697 2821 1766 2846; x_wconf 83' lang='lat' dir='ltr'><strong>illum</strong></span> <span class='ocrx_word' id='word_1_903' title='bbox 1791 2824 1914 2849; x_wconf 74' lang='lat' dir='ltr'><strong>Joumtuut</strong></span> 
     </span>
    </p>
   </div>
   <div class='ocr_carea' id='block_1_121' title="bbox 1126 2851 1466 2883">
    <p class='ocr_par' dir='ltr' id='par_1_121' title="bbox 1126 2851 1466 2883">
     <span class='ocr_line' id='line_1_121' title="bbox 1126 2851 1466 2883; baseline 0.003 -8"><span class='ocrx_word' id='word_1_904' title='bbox 1126 2851 1222 2882; x_wconf 77' lang='grc' dir='ltr'><strong>(Ἠλίαν</strong></span> <span class='ocrx_word' id='word_1_905' title='bbox 1233 2851 1320 2875; x_wconf 76' lang='grc' dir='ltr'><strong>ἐκεῖνον</strong></span> <span class='ocrx_word' id='word_1_906' title='bbox 1336 2851 1466 2883; x_wconf 79' lang='grc' dir='ltr'><strong>Ἰωάννην).</strong></span> 
     </span>
    </p>
   </div>
  </div>
