2060 3122
101 135 149 162 105

104 201 160 221 mus
176 193 183 208 '
197 212 205 226 ,
226 192 276 220 sed
293 192 427 228 fugiamus
442 194 593 227 peceatum,
607 193 634 217 et
647 190 735 216 omnia
752 189 879 215 faciamus
890 206 897 220 ,

107 246 138 267 ne
151 237 277 272 indignos
293 245 345 267 nos
360 235 536 265 ineffabitibus
549 236 600 262 illis
614 234 689 262 bonis
703 234 878 261 exhibeamus
893 241 899 258 :

106 284 174 319 quod
188 283 266 310 nobis
279 283 406 310 omnibtts
420 281 589 314 concedatur,
604 280 686 314 gratia
696 284 727 306 et
742 279 902 314 benignitate

108 329 212 358 Domini
228 329 291 356 Jesu
307 327 418 360 Christi,
430 334 490 354 cunt
501 334 554 362 qtto
567 326 636 353 l’atri
649 329 677 352 et
688 325 797 361 Spiritui
810 329 903 351 sancto

106 375 138 402 sit
157 374 255 409 gloria,
269 372 422 409 imperium,
438 376 465 400 et
478 371 565 399 honor
576 370 602 399 in
616 370 713 398 saecula
732 369 902 397 saeculorum.

106 423 205 449 Amen.

395 475 536 503 IIOMILIA
555 475 625 502 XIII.

109 535 141 563 Et
167 534 290 570 plantavit
311 533 435 560 Dominus
459 532 527 559 Deus
549 532 696 567 paradisum
717 531 744 558 in
768 530 848 558 Edent
871 531 905 558 ad

142 585 288 614 orientem,
308 585 330 607 et
352 580 436 614 posuit
460 579 513 606 illic
539 578 664 606 hominem
687 586 759 612 quem
786 578 905 613 forttmvit

143 628 225 663 (ceu.
241 627 268 654 τι.
280 626 318 662 8).

143 697 170 722 1.
194 696 293 724 Videns
304 701 422 723 vestrum
435 694 595 730 inexplebile
608 693 778 724 desiderium,
795 695 822 718 et
834 690 906 718 mul-

107 746 162 768 tant
174 742 339 774 aviditatem,
351 745 520 776 mentemque
531 744 671 771 attentam,
683 745 732 766 nec
744 744 795 764 non
810 742 905 762 omnes

106 787 139 814 ad
154 788 320 822 spiritualeut
336 787 404 814 hanc
422 785 569 813 doctrinam
588 784 762 815 advolantes;
784 781 906 818 quamvis

107 833 189 861 valde
203 833 254 860 sim
268 840 335 860 mea:
348 833 445 867 inopim
461 831 524 858 utilti
540 831 679 862 conscius;
695 830 848 863 frequenter
864 831 905 854 ta-

107 887 170 906 ntett
186 884 213 906 et
223 878 341 913 quotidie
357 878 463 911 inopent
473 881 500 904 et
514 881 618 903 tenuem
642 875 711 902 hanc
726 881 844 901 mensam
858 880 904 899 vo~

108 925 150 951 bis
162 931 313 958 proponere
326 923 431 954 studeo,
444 922 581 950 confidens
594 928 640 947 vos
650 919 784 947 desiderio
797 918 907 953 ﬂagratu-

108 974 160 1002 tes,
175 969 269 1002 majori
283 968 421 995 alacritate
435 975 494 1002 qtt:e
507 966 632 994 dicuntur
643 969 814 1000 suscepturos
827 971 886 991 esse
895 983 904 996 ,

107 1015 323 1050 quandocptidem
336 1018 366 1041 et
381 1013 406 1040 iu
421 1013 592 1040 sensibilibus
605 1011 700 1039 eduliis
715 1010 804 1038 videre
820 1013 907 1044 potest

107 1063 196 1097 quivis
222 1063 271 1088 hoc
290 1062 455 1096 contingere.
468 1059 584 1094 Urgenle
601 1065 714 1092 namque
736 1056 906 1084 convivarum

107 1108 230 1142 appetitu
242 1128 250 1139 ,
265 1106 368 1134 etiamsi
387 1105 543 1140 paupercula
567 1111 657 1130 ntensa
680 1103 730 1134 sit,
747 1107 773 1129 et
791 1102 868 1135 inops
885 1100 907 1127 is

107 1156 153 1189 qui
169 1153 292 1181 convivio
313 1152 430 1187 excipit,
448 1158 541 1186 magna
555 1154 644 1177 tantett
659 1157 719 1175 cum
742 1148 877 1183 voluptate
890 1146 906 1175 ii

107 1200 232 1235 apposita
247 1198 408 1230 absumunt;
425 1201 516 1224 contra
530 1196 551 1223 si
572 1196 659 1222 minor
670 1193 831 1229 epulantium
849 1191 907 1219 fue-

109 1246 144 1272 rit
159 1245 304 1279 appetitus,
319 1243 422 1270 etiamsi
445 1247 629 1277 sumptuosum
644 1240 723 1268 fuerit
742 1239 848 1274 epulum
861 1259 868 1272 ,
881 1243 909 1267 et

110 1292 184 1318 varia
196 1292 356 1325 copiosaque
364 1289 462 1321 edulia,
475 1288 574 1315 nttllum
585 1287 646 1314 inde
655 1285 836 1318 comntodum,
846 1292 906 1311 cum

110 1345 193 1365 nemo
207 1337 295 1372 sitqui
310 1336 438 1371 appositis
453 1334 489 1362 ιιιί
503 1339 591 1369 queat.
610 1334 657 1360 llic
671 1337 768 1363 atttcnt,
779 1332 838 1366 quia
850 1338 910 1365 gra-

111 1385 146 1411 tia
162 1384 209 1411 Dei
223 1383 323 1410 alacres
337 1386 365 1409 et
380 1381 492 1409 famelici
507 1380 538 1409 ad
553 1379 717 1414 spiritualcm
733 1384 851 1405 mensam
865 1383 910 1403 ac-

111 1430 220 1462 ceditis,
235 1434 260 1456 et
273 1429 321 1465 ipsi
335 1435 432 1462 magno
444 1425 577 1454 desiderio
588 1425 710 1455 dicimus,
723 1424 848 1453 scientes,
860 1429 909 1449 nos

110 1475 211 1502 sobriis
233 1474 340 1501 auribus
354 1473 458 1500 divinas
476 1472 555 1499 hasce
575 1469 741 1497 narrationes
762 1475 907 1503 apponere.

109 1521 247 1554 Quoniam
261 1524 289 1547 et
302 1518 419 1554 agricola
431 1538 437 1550 ,
453 1517 496 1552 qui
512 1517 635 1552 pinguem
650 1518 677 1541 et
696 1514 807 1542 fertilem
818 1521 909 1548 agrum

112 1566 227 1596 invenit,
243 1570 382 1599 postquam
396 1563 484 1590 omnia
497 1569 556 1596 qua:
569 1561 608 1587 sui
622 1559 700 1587 oflicii
715 1564 791 1587 erant
806 1558 910 1594 pratsti-

112 1614 163 1646 tit,
186 1621 218 1640 ac
240 1616 337 1639 terram
353 1610 482 1642 suleavit,
507 1612 623 1635 aratrum
651 1606 747 1639 duxit,
769 1606 912 1640 spinasqtte

112 1658 226 1690 eduxit,
249 1661 311 1685 tunc
325 1655 434 1690 largiter
453 1654 585 1685 seminat,
600 1652 721 1687 bonaque
742 1659 789 1685 spe
809 1650 911 1684 fultus,

113 1703 236 1738 quotidie
255 1709 365 1737 germen
387 1703 525 1735 exspectat
543 1698 653 1725 seminis
665 1718 672 1729 ,
688 1696 758 1732 quod
772 1700 849 1723 terrm
871 1695 910 1722 fe-

114 1749 245 1777 cunditati
264 1747 415 1779 commisit,
430 1746 462 1773 ad
479 1750 556 1773 terra:
571 1744 734 1772 feracitatem
755 1742 894 1770 attendens
904 1762 911 1774 ,

114 1797 148 1824 ad
164 1796 248 1823 multo
262 1794 389 1828 majorem
401 1793 474 1828 jacto
488 1792 590 1819 semine
600 1798 713 1818 messem
729 1789 913 1825 excipiendam

115 1846 237 1877 paratus.
252 1840 378 1868 Similiter
392 1843 420 1866 et
441 1846 489 1866 nos
501 1858 508 1870 ,
528 1845 588 1864 cum
608 1837 727 1864 videmus
749 1836 912 1863 alacritatem

114 1893 237 1915 vestram
250 1885 368 1921 quotidie
382 1884 534 1911 increscere
543 1904 551 1914 ,
565 1881 727 1910 desiderium
743 1881 842 1916 vigere,
856 1884 913 1907 stu-

115 1933 192 1960 dium
207 1932 369 1959 incremcnta
380 1936 495 1961 sumere,
509 1928 605 1955 bonam
617 1935 692 1962 spem
706 1926 844 1957 habemus,
856 1933 914 1953 ma-

114 1978 226 2012 jorique
247 1976 335 2003 studio
355 1979 382 2002 et
401 1974 536 2002 alacritate
548 1994 555 2006 ,
574 1977 701 2008 quantum
726 1973 795 2000 vires
817 1976 915 2000 nostra:

118 2027 277 2058 suppetunt,
294 2022 320 2048 itt
334 2019 536 2047 tediiicationem
551 2023 644 2045 vestra!
659 2018 777 2045 Caritatis
788 2038 796 2050 ,
812 2017 838 2044 ιιι
857 2017 915 2051 glo-

119 2071 190 2097 riam
206 2069 268 2100 Dei,
285 2068 310 2095 itt
325 2066 454 2094 Ecclesia:
473 2065 518 2092 Dei
533 2064 616 2092 decus
629 2064 728 2098 aliquid
745 2063 813 2090 ferre
832 2063 916 2090 anlte-

119 2116 219 2143 lamus.
235 2114 290 2148 Agc
309 2113 405 2148 igitur,
424 2111 447 2138 si
466 2110 549 2145 placet
562 2131 569 2143 ,
583 2110 702 2144 repetitis
716 2109 748 2136 iis
762 2117 821 2144 qua:
833 2116 918 2143 nuper

119 2162 193 2188 dicta
208 2164 281 2192 sunt,
295 2161 490 2193 consequenter
502 2156 536 2183 de
549 2156 677 2183 hodierna
690 2155 804 2182 lcctiotte
817 2158 918 2182 tracte-

121 2214 194 2234 mus.
211 2204 281 2239 Quid
293 2209 382 2231 autctn
398 2203 432 2230 sit
446 2202 516 2237 quod
531 2209 616 2236 nuper
631 2200 803 2233 tractabatur,
820 2208 919 2234 quous-

120 2261 176 2289 qttc
202 2256 354 2279 sermonem
368 2248 583 2277 extenderimus.
602 2251 629 2274 et
646 2246 690 2274 ubi
709 2246 788 2273 tinem
813 2245 919 2273 dicendi

122 2298 269 2326 fecerimus
279 2317 285 2328 ,
307 2294 486 2323 necessarium
501 2297 541 2320 est
560 2293 659 2319 dicere.
673 2291 706 2318 Et
723 2292 837 2327 formavit
852 2291 920 2318 Deus

123 2343 264 2373 Immineat,
279 2341 407 2376 pulverem
419 2339 551 2374 accipiens
566 2337 597 2364 de
611 2342 687 2363 terra.
702 2336 733 2363 Et
748 2337 880 2371 inspiravit
894 2337 921 2364 in

124 2391 219 2425 facient
234 2388 288 2423 ejus
301 2385 456 2421 spiraculum
466 2385 532 2418 vine,
548 2385 678 2420 factusque
691 2387 727 2410 est
741 2383 815 2409 homo
829 2383 854 2409 in
865 2382 922 2409 ani-

124 2444 196 2463 mum
216 2435 337 2461 viventem
353 2431 429 2468 (Gen.
442 2432 470 2458 2.
486 2431 525 2467 7).
543 2429 618 2464 Quod
634 2435 696 2457 tunc
708 2429 840 2463 dicebam,
855 2429 881 2456 id
895 2433 922 2457 ct

125 2489 198 2510 nunc
213 2481 312 2513 dicam,
328 2484 356 2507 et
368 2478 482 2505 Subinde
495 2484 645 2504 memorare
659 2483 712 2503 non
728 2475 849 2508 cessabo,
864 2483 922 2502 tua-

125 2535 208 2564 gnam
236 2531 264 2554 et
287 2524 447 2552 inell‘altilem
473 2530 534 2550 esse
559 2522 746 2557 benignitatem
773 2521 924 2548 communis

127 2575 248 2602 omnium
261 2571 366 2599 Domini
378 2577 439 2605 erga
450 2577 533 2605 genus
543 2573 673 2597 nostrum.
682 2567 818 2603 Siquidem
830 2574 923 2602 magna

128 2618 353 2654 attetnperatione
367 2616 402 2643 ob
416 2615 527 2642 salutem
541 2619 658 2641 nostram
675 2621 738 2640 usus
751 2617 801 2644 est,
816 2621 926 2648 magno-

129 2673 181 2702 que
194 2664 293 2693 animal
315 2663 383 2696 hoc,
395 2661 531 2689 hominem
542 2660 612 2693 dico,
632 2659 733 2688 honore
749 2665 926 2695 proscquutns

129 2718 190 2744 est;
207 2718 313 2739 necnon
333 2708 425 2735 verbis
438 2711 464 2734 ot
476 2707 555 2734 rebus
568 2705 727 2738 declaravit,
747 2713 775 2732 se
798 2713 924 2740 majorem

130 2760 202 2794 ejus,
218 2764 300 2793 quant
314 2753 460 2781 visibilium
471 2752 589 2780 omnium
603 2759 692 2779 curam
708 2751 843 2779 habuisse.
857 2750 926 2778 Nihil

157 2839 164 2852 ι
182 2834 267 2862 Cois]...
275 2837 438 2865 provocetnur
445 2829 477 2854 ad
487 2827 662 2865 tentutgtionem
671 2828 758 2861 agendi
771 2827 869 2854 rationis
878 2832 928 2854 Deo

124 2866 214 2901 dignm
232 2859 360 2891 Virtutem
372 2861 445 2894 igitur
458 2867 502 2886 non
510 2859 665 2891 negligemus.

655 131 688 159 IN
707 130 781 159 CAP.
790 129 822 159 ll.
839 128 959 159 GENES.
981 127 1095 157 IIOMIL.
1112 128 1181 156 XIII.

1697 133 1748 163 I06

958 185 1029 215 enim
1041 185 1166 220 prohibet
1178 185 1257 212 etiam
1271 185 1350 214 hodie
1363 185 1456 216 eadem
1469 189 1608 224 explorare
1621 192 1689 225 apud
1703 200 1748 220 ca-

955 231 1061 261 ritatctu
1078 236 1204 258 vestram.
1219 231 1285 258 Nam
1306 232 1374 259 sicut
1395 239 1513 262 aromata
1525 255 1533 268 ,
1548 241 1647 271 quanto
1665 239 1749 273 magis

956 277 1045 313 digitis
1059 282 1217 310 atteruntur,
1234 282 1307 306 tattto
1319 279 1445 314 majorem
1461 285 1553 310 natura
1566 290 1612 310 sua
1627 284 1748 319 fragran-

957 324 1019 351 tiam
1041 323 1156 351 redduttt
1170 333 1176 351 :
1192 324 1226 352 ita
1247 329 1273 352 et
1297 325 1321 351 in
1337 324 1482 360 Scripturis
1496 329 1636 360 usuvenit,
1650 337 1749 364 quanto

956 371 1015 405 quis
1028 371 1086 398 illas
1105 371 1219 405 amplius
1235 375 1348 399 tractare
1368 373 1510 406 studuerit,
1527 379 1600 402 tanto
1613 377 1696 411 magis
1710 379 1750 404 vi-

956 416 1021 444 dere
1039 417 1136 451 poterit
1155 417 1279 445 latentem
1295 418 1320 445 in
1344 418 1408 453 ipsis
1422 418 1574 447 thesaurum
1587 442 1594 454 ,
1608 427 1688 457 atque
1702 424 1752 451 im-

957 469 1065 488 ntensos
1079 462 1218 496 percipere
1231 462 1383 491 divitiarum
1398 463 1508 492 fructus.
1524 465 1557 492 Et
1570 466 1698 501 formavit,
1711 468 1752 495 in.

957 506 1031 541 quit,
1052 507 1121 534 Deus
1141 508 1285 542 hominem,
1311 508 1438 545 pulret'em
1462 510 1595 546 accipiens
1617 513 1648 539 de
1673 518 1750 540 terra.

958 553 1146 582 Animadverte
1157 574 1165 587 ,
1181 553 1310 588 obsecro,
1325 559 1422 589 quanta
1434 556 1548 584 varietas
1569 565 1601 585 ex
1623 558 1680 593 ipso
1692 567 1754 588 ver-

958 599 1052 626 borum
1065 600 1206 635 prommio.
1222 601 1250 628 ln
1264 601 1388 629 omttibus
1402 602 1473 628 enim
1487 603 1546 630 aliis
1556 605 1686 632 creaturis
1701 606 1751 633 do-

958 646 1012 673 cuit
1026 654 1075 673 nos
1087 647 1179 674 beatus
1194 647 1280 674 Moses
1295 648 1402 675 ntodutn
1417 649 1570 681 creatiouis,
1587 650 1628 677 his
1641 651 1729 679 verbis
1743 660 1750 679 :

958 691 1030 719 Dixit
1043 692 1124 725 Deus,
1140 692 1199 719 Fiat
1211 693 1265 727 lux,
1279 699 1302 720 et
1316 695 1384 729 facta
1408 700 1444 721 est
1459 694 1519 728 lux;
1531 695 1590 723 Fiat
1605 697 1750 731 ﬁrmamen-

959 742 1029 771 tum;
1053 738 1222 774 Congrrgelur
1243 747 1329 774 aqua;
1344 739 1421 768 Fiant
1444 741 1600 775 luminaria;
1625 743 1751 772 Gerntinct

958 789 1024 811 terra
1039 784 1140 811 herbam
1155 784 1215 820 fanti
1227 793 1236 816 ,'
1249 784 1397 812 Produtant
1411 794 1483 820 aqum
1496 787 1596 820 reptilia
1609 789 1751 818 animarum

959 830 1102 862 viventium,
1116 834 1153 860 et,
1166 829 1295 856 Produeat
1309 835 1374 857 terra
1390 831 1501 858 animant
1515 832 1646 860 viventem.
1657 833 1751 861 Vidiin

958 875 1091 910 quomodo
1112 875 1193 903 verbo
1216 876 1305 903 omnia
1327 877 1439 904 formata
1455 878 1526 905 sint?
1544 878 1595 906 Sed
1616 880 1753 908 videamus

958 925 1050 955 postea
1064 920 1126 957 quid
1145 920 1171 948 in
1191 921 1327 948 creatione
1347 922 1461 949 hominis
1482 922 1564 951 dicat.
1580 922 1614 950 Et
1636 925 1753 960 formarit

961 965 1027 992 Deus
1041 966 1177 993 hominem.
1195 965 1260 992 Vide
1273 967 1408 1001 quomodo
1428 967 1570 995 verborum
1591 974 1753 1004 attempera-

959 1011 1041 1044 tione,
1056 1012 1131 1046 queis
1144 1011 1178 1038 ob
1193 1016 1310 1039 nostram
1333 1012 1513 1040 infirntitatcm
1529 1021 1592 1041 usus
1605 1020 1656 1047 est,
1673 1015 1753 1042 simul

958 1061 986 1084 et
997 1057 1104 1084 modunt
1118 1057 1265 1085 creationis
1278 1057 1382 1090 doceat,
1398 1063 1425 1085 et
1438 1058 1631 1092 diversitatem,
1646 1068 1708 1095 qua,
1725 1066 1754 1088 ut

960 1103 1077 1130 humano
1094 1110 1168 1130 more
1183 1103 1294 1138 loquar,
1310 1103 1388 1130 veluti
1408 1104 1453 1131 Dei
1469 1105 1592 1132 manibus
1610 1106 1752 1134 formatum

960 1148 1045 1183 ipsum
1061 1147 1177 1180 indicat,
1191 1148 1261 1176 sicut
1273 1153 1300 1175 et
1320 1149 1388 1176 alius
1404 1149 1533 1184 propheta
1556 1150 1619 1178 dicit
1637 1160 1643 1178 :
1661 1151 1754 1179 Manus

961 1199 1010 1220 tua
1019 1194 1130 1228 fecerunt
1144 1202 1194 1226 me,
1207 1199 1230 1221 et
1240 1195 1426 1229 plasmnuerunt
1441 1204 1480 1223 me
1492 1195 1563 1231 (Job.
1577 1197 1619 1224 10.
1634 1197 1673 1232 8).
1689 1198 1754 1226 Nam

960 1239 984 1266 si
998 1239 1154 1275 simpliciter
1169 1240 1334 1275 imperasset,
1350 1248 1449 1276 quzcso,
1465 1246 1493 1269 ut
1506 1249 1538 1269 ex
1555 1247 1625 1269 terra
1640 1244 1756 1271 oriretur

962 1285 1053 1319 homo,
1065 1292 1155 1313 annon
1169 1285 1195 1313 id
1209 1286 1280 1320 quod
1293 1287 1396 1321 jussum
1408 1291 1465 1314 erat
1475 1287 1631 1322 productum
1646 1288 1756 1316 fuisset?

961 1330 1013 1358 Sed
1031 1336 1057 1358 ut
1071 1339 1118 1366 per
1135 1331 1278 1359 creationis
1300 1331 1407 1359 modum
1423 1332 1572 1360 doctrinam
1598 1334 1674 1360 ttobis
1695 1342 1757 1369 per-

961 1382 1068 1412 petuam
1092 1377 1227 1412 traderet,
1251 1383 1279 1406 ut
1298 1386 1331 1405 ne
1353 1379 1454 1414 majora
1477 1387 1556 1413 qualn
1579 1388 1637 1414 qua:
1662 1385 1756 1408 natura

962 1429 1052 1452 nostra
1077 1423 1161 1452 ferret
1182 1425 1360 1458 sentiremus,
1375 1425 1434 1452 ideo
1464 1426 1504 1453 sie
1529 1430 1651 1454 accurate
1666 1427 1756 1454 omnia

962 1475 1088 1503 enarrat,
1104 1474 1131 1498 et
1148 1471 1206 1498 ait:
1224 1470 1354 1498 Farmavit
1378 1471 1446 1499 Deus
1469 1472 1614 1505 hominem,
1631 1473 1757 1508 pulverem

962 1516 1096 1550 accipiens
1109 1517 1117 1532 ⁸
1132 1517 1162 1543 de
1173 1521 1249 1544 terra.

997 1562 1025 1589 2.
1039 1562 1106 1590 Vide
1121 1567 1146 1589 et
1161 1563 1187 1589 in
1199 1563 1248 1590 hac
1262 1571 1292 1591 re
1316 1562 1455 1590 honorem.
1480 1563 1538 1591 Non
1563 1565 1634 1593 enim
1659 1570 1758 1594 terram

964 1609 1108 1643 quamlibet
1121 1609 1226 1644 accipit,
1241 1609 1287 1637 sed
1306 1609 1454 1645 pulverem,
1469 1611 1653 1639 tenuissimum
1669 1618 1756 1646 terrae,

964 1659 993 1681 ut
1012 1655 1047 1681 ita
1072 1654 1131 1689 quis
1143 1654 1251 1687 dixerit,
1264 1659 1291 1682 et
1303 1655 1372 1682 ltttnc
1385 1655 1470 1690 ipsum
1493 1655 1627 1690 pulveretu
1641 1657 1675 1684 de
1689 1661 1759 1684 terra

965 1704 1099 1734 princepto
1112 1706 1160 1726 suo
1183 1700 1208 1727 in
1226 1700 1348 1736 corporis
1361 1705 1481 1728 naturam
1499 1701 1641 1729 transtulit.
1657 1702 1758 1736 Quem-

965 1745 1108 1772 admodum
1133 1745 1203 1772 enim
1226 1745 1310 1780 ipsam
1331 1751 1409 1773 terra:
1424 1745 1598 1774 substantiam
1620 1755 1672 1774 non
1687 1747 1758 1774 exsi-

965 1795 1080 1819 steutcm
1096 1791 1231 1825 produxit,
1254 1791 1289 1818 ita
1313 1799 1394 1824 ttune,
1421 1799 1481 1818 cttnt
1507 1792 1599 1824 voluit,
1623 1792 1759 1827 pulverem

966 1836 1000 1864 dc
1013 1841 1083 1864 terra
1096 1837 1122 1863 itt
1136 1844 1233 1872 corpus
1243 1837 1382 1864 convertit.
1399 1837 1447 1864 Ilic
1464 1837 1615 1865 exclamare
1633 1838 1709 1872 juvat
1734 1839 1761 1866 id

967 1883 1037 1917 quod
1052 1890 1067 1909 a
1083 1883 1162 1910 beato
1179 1882 1277 1910 Davide
1290 1882 1388 1910 dictum
1411 1887 1473 1910 est:
1492 1882 1554 1915 Quis
1577 1884 1693 1917 loquetur
1712 1892 1760 1918 po-

968 1929 1057 1957 tentias
1083 1927 1208 1960 Domiui,
1242 1927 1342 1954 auditas
1371 1927 1446 1964 faciet
1479 1935 1564 1955 omnes
1592 1928 1681 1956 laudes
1707 1929 1762 1964 ejus

970 1974 1061 2010 (I’sal.
1076 1974 1136 2001 l05.
1150 1973 1207 2008 2)?
1230 1973 1301 2009 qttod
1316 1981 1347 2001 ex
1378 1974 1485 2009 pulvere
1507 1974 1560 2000 tale
1581 1974 1678 2001 animal
1701 1983 1762 2009 pro—

968 2021 1082 2052 duxerit,
1095 2025 1122 2048 et
1135 2020 1161 2048 itt
1175 2025 1275 2047 tantum
1290 2019 1418 2047 honorem
1433 2019 1561 2053 evexerit,
1578 2024 1667 2054 totque
1681 2021 1763 2048 benc-

970 2067 1028 2094 ficia
1042 2067 1067 2094 itt
1079 2074 1139 2094 eum
1152 2066 1242 2094 statim
1255 2067 1288 2094 ab
1303 2066 1378 2093 initio
1390 2066 1541 2097 contulerit,
1553 2074 1627 2094 suam
1640 2067 1761 2102 benigni-

971 2117 1051 2140 tatem
1069 2120 1116 2148 per
1128 2113 1216 2139 omnia
1241 2111 1396 2139 ostendens.
1413 2111 1446 2137 Et
1466 2112 1607 2146 inspiravit,
1625 2112 1719 2147 inquit,
1736 2113 1763 2140 in

970 2159 1061 2195 facient
1074 2159 1128 2193 ejus
1142 2158 1297 2192 spiracuhtm
1307 2157 1374 2192 vim,
1386 2162 1409 2184 et
1423 2157 1508 2192 factus
1522 2161 1558 2184 est
1570 2157 1644 2184 Imma
1659 2158 1685 2185 in
1708 2158 1764 2185 atti-

971 2212 1037 2231 mam
1057 2205 1185 2231 virentum.

1007 2251 1100 2278 Contra
1126 2258 1167 2277 eos
1185 2248 1228 2285 qui
1252 2249 1367 2276 dicebant
1381 2249 1493 2275 aninmm
1506 2258 1537 2276 ea:
1556 2250 1696 2278 substantia
1718 2249 1766 2277 Dei

972 2305 1034 2324 esse.
1051 2296 1118 2323 Deus
1133 2295 1251 2330 simplex,
1266 2295 1459 2330 incompositus,
1475 2299 1498 2322 et
1516 2296 1601 2330 ﬁgura
1625 2303 1767 2322 carens.—

973 2343 1021 2370 llic
1045 2343 1150 2378 quidam
1177 2342 1246 2369 male
1261 2341 1358 2372 feriati.
1387 2341 1500 2375 propriis
1515 2341 1579 2368 moti
1600 2341 1765 2374 ratiociniis,

974 2388 1092 2423 nihilque
1118 2388 1171 2415 Deo
1197 2387 1304 2423 dignum
1332 2387 1488 2421 cogitantes,
1513 2394 1601 2421 ncqtte
1622 2387 1765 2414 verborum

974 2435 1222 2469 attcmperationcm
1247 2441 1338 2461 secum
1365 2437 1530 2467 reputantes,
1554 2432 1642 2459 dicere
1657 2432 1766 2463 audent,

974 2482 1088 2508 animam
1103 2489 1134 2509 cx
1150 2481 1195 2510 Dei
1209 2479 1354 2507 substantia
1368 2487 1437 2507 esse.
1451 2479 1473 2506 0
1487 2479 1631 2506 insaniam!
1647 2487 1663 2506 ο
1673 2487 1767 2506 amen-

976 2528 1056 2554 tiantt
1071 2531 1136 2562 quot
1155 2526 1281 2562 perniciei
1304 2526 1360 2552 vias
1373 2525 1495 2553 diabolus
1509 2525 1610 2559 paravit
1622 2525 1768 2552 cultoribus

975 2573 1048 2600 suis!
1071 2572 1097 2599 Id
1114 2577 1143 2599 ιιι
1163 2573 1261 2604 discas,
1276 2570 1410 2606 perpende
1422 2578 1500 2605 qttam
1516 2570 1629 2596 diversis
1644 2570 1768 2598 incedant

976 2619 1035 2646 viis.
1046 2618 1111 2646 Nam
1125 2618 1169 2644 alii
1183 2625 1214 2644 ex
1226 2617 1277 2644 hoc
1292 2617 1372 2644 verbo
1387 2623 1479 2643 ansam
1491 2615 1663 2650 arripientes,
1682 2616 1768 2652 Inspi-

977 2667 1051 2698 ravit,
1078 2666 1170 2693 dicunt
1191 2664 1295 2691 animas
1319 2670 1352 2690 ex
1377 2662 1522 2690 substantia
1549 2662 1594 2689 Dei
1618 2670 1695 2695 esse;
1724 2663 1768 2690 alii

978 2718 1082 2739 rursam
1097 2710 1197 2742 dicunt,
1212 2709 1237 2736 in
1247 2707 1434 2735 vilissimorum
1446 2707 1582 2734 brtttorum
1594 2708 1768 2735 substantiam

979 2757 1050 2792 ipsas
1062 2756 1174 2783 transire
1186 2763 1192 2780 ε
1204 2761 1255 2789 qua
1267 2753 1382 2780 amentia
1393 2752 1455 2787 quid
1468 2752 1587 2780 deterius
1596 2760 1656 2780 csse
1667 2753 1769 2788 passu!

1014 2858 1022 2874 ι
1040 2861 1065 2882 tu
1073 2860 1130 2888 Πρε-
1142 2861 1191 2881 uno
1203 2858 1229 2882 et
1239 2853 1303 2879 Coll).
1313 2860 1362 2878 uno
1370 2852 1442 2879 deest.
1454 2859 1508 2884 vox,
1521 2850 1651 2884 accipiens.
