2060 3122
289 117 339 145 107

287 177 352 209 Quia
366 174 437 200 enim
461 171 633 200 obtenebrata
654 174 696 198 cst
720 171 787 198 ratio
809 176 912 199 eorum.
939 173 967 196 et
985 175 1078 195 verum

286 220 430 253 Scriptnrte
455 225 562 245 sensam
585 218 717 252 ignorant,
733 217 807 252 quasi
830 215 956 243 excmcati
984 215 1080 242 mentis

286 264 370 292 oculis
381 265 407 291 in
421 264 525 291 diversa
543 263 662 290 feruntur
676 262 834 297 prmcipitia,
847 261 910 289 dum
936 261 979 288 alii
1007 261 1078 288 illam

285 318 364 346 supra
377 311 530 346 dignitatem
543 309 667 341 efferunt,
684 308 731 335 alii
743 313 831 335 atttem
845 307 911 334 infra
924 306 1078 342 dignitatem

286 357 446 393 deprimunt.
458 357 523 384 Nam
537 356 559 383 si
575 363 607 383 eo
618 354 688 390 quod
707 354 841 389 Scriptura
861 354 942 386 dicat,
964 353 1080 387 Inspira-

287 406 319 432 vit
332 405 359 431 in
374 404 464 438 faciem
485 404 549 438 ejus,
564 410 594 429 os
617 402 673 429 Deo
699 401 826 436 afﬁngere
847 400 940 433 velint,
968 406 1080 427 necesse

286 451 338 478 crit
351 451 430 478 etiam
445 456 539 476 manus
549 448 599 482 ipsi
615 447 733 474 tribuere
747 457 754 472 :
768 445 983 481 quandoquidem
1001 444 1078 476 dixit,

289 496 418 523 Formam't
437 494 571 521 hominem.
585 493 638 520 Sed
666 499 699 519 ne
721 491 826 518 illorutn
852 490 1028 524 nugacitatem
1053 490 1079 516 in

286 542 402 569 medium
415 541 590 577 profcrentes,
606 546 732 574 cogamur
745 542 771 564 et
785 536 834 572 ipsi
855 536 978 564 indecora
995 535 1077 570 loqui,

286 595 335 623 age
360 587 478 622 ipsorum
499 586 637 613 stultitiatn
664 589 692 612 et
718 583 890 618 multiplicem
917 582 1078 610 dementiam

239 635 241 637 ’
287 634 446 666 devitemus,
460 641 493 660 ac
507 632 606 660 divina:
615 631 770 666 Scriptura),
788 637 847 665 quae
863 629 977 664 seipsam
998 629 1080 656 inter-

287 683 417 714 pretatur,
430 685 539 713 scopum
552 677 754 712 sithsequamur,
770 675 915 703 dummodo
928 679 1016 702 tamen
1031 681 1079 701 nos

286 725 429 752 verborum
450 723 577 752 rrassitiei
598 731 651 750 non
671 722 857 754 attendamus,
871 721 917 749 sed
933 721 1080 756 cogitemus

287 769 467 797 inlirntitatem
494 774 610 796 nostrant
637 767 789 802 bujnsmodi
818 767 947 794 crassitiei
971 773 1078 793 causam

286 822 356 842 esse.
372 814 462 849 Neque
477 814 547 841 cnint
562 818 670 849 possent
681 820 759 840 aures
781 813 903 840 humanm
921 820 952 840 ea
967 821 1026 847 qua:
1037 812 1079 840 di-

286 866 382 888 cmttur
393 861 527 896 excipere,
540 860 590 888 nisi
604 864 676 887 tanto
690 859 841 887 fruerentur
859 865 1079 894 temperamento.

286 905 439 942 Cogitantes
452 906 540 940 itaque
553 909 579 933 et
591 910 708 932 nostram
730 904 918 937 infirmitatem,
935 910 960 932 et
977 904 1034 931 hare
1047 904 1080 932 de

288 952 343 979 Deo
359 952 428 979 dicta
445 951 536 981 fuisse.
551 951 590 978 sic
600 958 631 978 ea
645 950 830 985 suscipiamus,
846 955 874 977 ut
888 957 935 985 par
948 955 988 978 est
1002 957 1033 977 ea
1047 949 1080 977 de

288 997 344 1025 Deo
356 998 487 1032 accipere,
504 1004 553 1024 nec
566 997 592 1024 in
607 1004 749 1031 corporum
765 997 887 1030 fortnam,
901 996 941 1024 vel
954 997 979 1023 in
995 1004 1079 1023 utent-

287 1043 394 1071 brorum
417 1043 648 1077 compositionem,
679 1042 763 1069 Deum
786 1042 871 1077 ipsum
895 1041 1078 1074 deducamus;

287 1089 334 1116 sed
348 1089 436 1116 omnia
452 1088 486 1116 de
501 1089 565 1120 Deo,
581 1093 609 1115 ut
619 1088 754 1119 convenit.
768 1088 955 1123 imaginemur.
976 1087 1079 1115 Numen

286 1135 357 1161 enim
373 1134 484 1169 simplex
502 1134 757 1168 incomposituntque
768 1139 820 1167 est,
839 1141 871 1160 ac
886 1133 968 1168 figura
983 1137 1056 1160 caret
1070 1140 1078 1161 :

285 1189 348 1208 nam
371 1181 392 1207 si
420 1188 454 1208 ex
482 1181 558 1208 nobis
584 1179 757 1207 similitudine
780 1179 868 1212 ducta,
891 1179 1004 1206 Velimus
1025 1178 1080 1205 Deo

286 1227 466 1254 membrorum
494 1226 715 1261 compositionem
741 1225 874 1257 tribucre,
898 1225 1080 1259 imprudentes

286 1272 314 1300 in
327 1272 463 1308 gentilium
479 1272 639 1306 impietatem
655 1271 775 1298 labimur.
789 1270 855 1298 Cum
866 1271 955 1304 itaque
965 1270 1080 1297 audieris

286 1319 450 1353 Scriptorum
472 1317 616 1350 dicentem,
634 1316 762 1343 Formm-it
783 1316 850 1343 Deus
871 1316 1011 1347 hominem,
1025 1315 1078 1342 vir‘

287 1368 369 1392 tatem
383 1363 503 1391 eamdem
519 1363 615 1397 cogita,
640 1370 718 1397 quam
739 1369 799 1389 cum
833 1361 915 1394 dicit,
945 1360 1024 1393 Fiat;
1048 1367 1080 1387 ac

288 1418 392 1437 mrsum
408 1418 467 1437 cuin
481 1410 607 1442 audieris,
624 1409 763 1443 [aspiravit
776 1409 801 1435 in
823 1409 913 1444 [aciem
927 1408 982 1443 ejus
995 1408 1079 1442 spira—

286 1457 371 1483 culum
397 1458 470 1488 vitta,
500 1456 594 1483 iterum
618 1457 722 1490 cogita,
745 1455 967 1490 quemadmodum
991 1454 1079 1482 incor-

288 1509 382 1536 poreas
408 1503 518 1528 virtutes
546 1501 724 1535 produxerat,
750 1501 789 1528 sic
821 1500 952 1536 placuisse
972 1500 1025 1533 illi,
1052 1505 1081 1527 ut

286 1556 383 1583 ctu-pus
396 1547 449 1574 hoc
462 1555 493 1574 ex
510 1548 616 1582 pulvere
630 1547 727 1573 factum
740 1548 854 1573 animam
870 1546 982 1574 haberet
995 1547 1078 1574 ratio-

287 1593 385 1626 nalem,
396 1599 455 1627 qnzc
466 1592 735 1626 ntetnbriscorpnreis
747 1596 835 1626 posset
847 1592 894 1619 uti.
908 1592 964 1619 Hoc
978 1592 1076 1627 quippe

285 1645 383 1672 corpus
408 1638 510 1665 Domini
524 1637 600 1672 jussu
625 1637 755 1669 creatum,
771 1637 846 1672 quasi
873 1638 1078 1665 instrumentum

283 1683 399 1718 jacebat,
414 1684 504 1718 aliqtto
518 1687 641 1710 tumente
655 1683 789 1718 indigens;
805 1683 857 1710 imo
871 1683 938 1710 sicut
950 1683 1006 1719 lyra
1020 1692 1079 1718 qua:

285 1729 376 1763 aliquo
387 1734 456 1764 eget,
468 1729 512 1764 qui
525 1734 582 1756 arte
597 1729 756 1763 solertiaque
771 1736 818 1756 sua
835 1730 928 1764 possit,
944 1731 1020 1765 quasi
1033 1739 1080 1765 per

287 1775 399 1808 fistulas,
415 1783 463 1809 per
487 1772 667 1802 Inembra'sua
688 1779 879 1809 congruentem
897 1776 1008 1803 Domino
1024 1784 1080 1804 me-

288 1820 384 1848 lotliam
401 1820 511 1848 referre.
522 1819 670 1855 lnapirarit,
681 1820 775 1855 inquit,
787 1821 813 1847 in
823 1822 913 1856 faciem
927 1822 982 1857 ejus
994 1823 1078 1857 spira-

286 1866 372 1893 culum
387 1866 453 1897 vilic,
477 1871 500 1893 et
519 1867 600 1900 [actus
624 1871 661 1893 est
683 1866 758 1893 homo
771 1867 798 1893 in
817 1867 928 1894 animum
947 1868 1077 1896 viventem.

285 1912 353 1946 Quid
364 1916 415 1944 est,
428 1911 566 1946 lntpiravit
579 1911 734 1947 spiraculum
748 1913 806 1939 tiin
815 1913 828 1940 .9
840 1913 868 1940 Id
879 1918 929 1946 est,
942 1913 992 1942 hoc
1004 1921 1080 1941 crea-

287 1964 342 1985 ttnn
356 1966 453 1993 corpus
469 1959 551 1986 voluit
562 1959 693 1994 iussitque
707 1959 758 1986 vim
772 1959 870 1987 habere
884 1960 1004 1994 vitalem,
1019 1968 1079 1996 qua:

285 2005 392 2032 animali
414 1996 486 2032 facta,
499 2009 540 2032 est
558 2005 584 2032 in
605 2005 720 2032 animam
733 2005 875 2037 viventem,
894 2006 951 2033 sive
964 2013 1078 2041 operan-

286 2055 350 2081 ltllll,
364 2057 423 2084 qua:
437 2055 522 2077 artem
535 2057 609 2077 suam
620 2055 711 2086 posset
722 2058 769 2086 per
783 2050 963 2078 mctnbrorum
977 2055 1078 2078 motum

286 2094 422 2122 exhibere.

322 2141 348 2167 5.
369 2140 416 2167 llic
428 2147 492 2167 vero
503 2139 565 2166 ntihi
581 2139 733 2175 perpende,
748 2145 876 2175 quantum
890 2141 995 2168 intersit
1009 2142 1078 2170 inter

288 2185 366 2220 hujus
386 2183 550 2212 admirabilis
570 2185 694 2212 animalis
716 2186 872 2218 rationalis,
893 2191 920 2213 et
941 2188 1078 2215 brutorum

287 2231 473 2258 formationem
493 2231 646 2258 discrimen.
662 2232 698 2259 De
712 2231 763 2259 illis
776 2233 846 2259 enitn
867 2232 933 2260 dixit
944 2242 950 2260 :
963 2233 1080 2261 Educunt

288 2285 361 2311 aqua:
371 2277 471 2311 replilia
484 2277 625 2303 animarum
636 2278 778 2311 viventium,
790 2282 818 2305 et
832 2279 911 2305 simul
923 2279 1080 2313 prodierunt

287 2330 320 2349 ex
345 2329 412 2356 aqua
432 2322 555 2349 animalia
578 2322 712 2355 animata;
736 2327 763 2350 et
788 2323 815 2350 in
839 2328 909 2351 terra
932 2325 1077 2352 similiter:

287 2367 416 2395 Produrat
436 2373 502 2394 terra
521 2369 630 2395 animant
653 2369 783 2396 viventem.
800 2369 837 2397 De
860 2370 967 2398 homine
989 2379 1078 2399 autem

286 2422 339 2441 non
353 2415 408 2446 sic;
422 2414 470 2442 sed
486 2415 557 2449 prius
571 2415 604 2442 de
619 2415 728 2449 pulvere
746 2424 842 2451 corpus
865 2417 994 2445 formatur
1005 2439 1013 2452 ,
1030 2428 1078 2454 po-

285 2466 343 2488 stea
358 2461 444 2488 vitalis
461 2461 497 2488 illi
513 2461 596 2488 virtus
610 2461 703 2495 datur,
719 2471 778 2497 qua:
792 2468 834 2490 est
845 2465 939 2491 aninue
952 2465 1078 2492 substan-

287 2506 332 2533 tia.
354 2505 455 2533 hlcirco
476 2506 509 2533 tle
529 2506 612 2534 brutis
631 2507 736 2534 diccbat
755 2507 880 2544 Moyses:
897 2509 1009 2545 Sanguis
1025 2511 1079 2545 eius

286 2556 323 2578 ut
335 2553 420 2579 animo
435 2554 489 2588 ejus
503 2553 574 2588 (ch.
590 2554 634 2580 l7.
656 2555 712 2589 ll).
738 2555 764 2581 lu
782 2555 890 2583 homine
905 2561 993 2584 autem
1014 2557 1078 2584 stib-

287 2599 383 2626 stantia
405 2604 447 2626 cst
473 2600 628 2634 incorporea
653 2606 680 2628 et
707 2601 886 2635 immortalis,
912 2611 972 2637 qua:
995 2603 1078 2630 multo

288 2644 427 2671 intervallo
442 2652 540 2680 corpus
555 2646 706 2678 antecellit,
723 2641 752 2674 et
764 2651 851 2679 tanto,
865 2653 964 2682 quanto
978 2656 1025 2682 par
1037 2654 1078 2676 est

289 2689 474 2723 incorporeum
496 2691 601 2725 corpori
626 2691 770 2719 anteferre.
797 2692 894 2719 Verum
916 2693 984 2720 forte
1006 2693 1078 2722 dicet

287 2737 418 2771 quispiam
437 2745 442 2764 :
460 2737 488 2765 Si
507 2737 594 2764 anima
616 2745 729 2772 corpore
742 2738 863 2773 dignior,
888 2746 936 2766 cur
960 2740 985 2767 id
1005 2741 1076 2776 quod

289 2782 376 2807 minus
405 2787 446 2810 est
460 2782 574 2814 primum
597 2788 722 2817 creatur,
737 2789 763 2811 et
776 2784 845 2818 quod
868 2785 953 2820 majus
975 2792 1078 2821 postre-

289 2835 361 2856 tnutn
376 2828 387 2856 '.'
403 2830 495 2858 Annon
513 2830 604 2864 vides,
621 2831 726 2865 dilecte,
748 2830 861 2867 idipsum
889 2832 915 2875 in
942 2833 1078 2863 creatione

649 112 679 142 S.
698 111 837 141 JOANNiS
855 108 1093 139 CHRYSOSTOMI
1113 109 1262 137 ARCHIRP
1293 109 1560 139 CONSTANTINOP.

1874 111 1927 139 108

1137 167 1255 195 factum?
1277 167 1351 196 Sicut
1365 169 1434 197 enim
1450 170 1556 203 curtum,
1573 173 1642 196 terra
1653 190 1660 201 ,
1675 169 1715 196 sol
1727 190 1735 202 ,
1751 169 1824 201 luna.
1837 175 1866 198 et
1879 171 1930 197 ala

1134 214 1222 241 omnia
1239 220 1327 242 creata
1343 221 1419 249 sunt,
1435 215 1564 250 brutaque
1576 216 1657 243 etiam
1671 216 1795 242 animalia
1806 236 1814 249 ,
1828 221 1855 243 et
1871 222 1933 251 post

1135 259 1187 287 hare
1213 261 1303 287 omnia
1324 261 1423 293 homo,
1445 261 1488 288 cui
1503 261 1597 288 horum
1623 261 1742 288 omnium
1767 262 1932 296 principatus

1135 306 1293 334 tribuendus
1308 313 1367 334 erat
1383 316 1390 334 :
1406 307 1439 334 ita
1454 312 1479 334 et
1494 307 1522 334 in
1536 307 1651 334 hominis
1666 306 1825 335 formatione
1840 309 1930 342 primo

1133 359 1231 386 corpus
1245 352 1409 387 producitur,
1425 357 1569 388 posteaque
1583 353 1670 380 anima
1684 361 1743 388 qua:
1756 353 1862 388 dignior
1876 359 1932 381 est.

1133 397 1364 431 Quemadmodum
1393 398 1464 425 enim
1498 398 1574 425 bruta
1603 398 1750 431 animalia,
1780 398 1933 426 ministerio

1134 443 1248 470 hominis
1271 443 1344 470 utilia
1368 443 1472 475 futura,
1487 448 1549 470 ante
1571 443 1707 470 hominem
1734 449 1878 476 creantur,
1902 450 1932 472 ut

1133 493 1254 523 paratum
1271 488 1381 515 haberet
1395 489 1570 516 ministerium
1585 489 1607 516 is
1619 489 1663 523 qui
1680 489 1732 516 illis
1745 497 1842 516 usurus
1854 495 1930 516 erat:

1131 535 1170 561 sie
1183 539 1209 562 et
1223 539 1283 562 ante
1296 535 1411 561 animam
1423 541 1521 569 corpus
1535 540 1659 567 creatur,
1684 539 1712 562 ut
1728 539 1868 570 postquam
1888 543 1933 562 se—

1133 581 1248 608 cundant
1272 580 1430 608 ineffabilem
1444 581 1502 616 ejus
1525 581 1683 615 sapientiam
1698 581 1785 608 anima
1801 581 1931 616 produt-ta

1132 631 1221 659 esset,
1244 631 1335 661 posset
1356 634 1418 654 suas
1437 628 1607 662 operationcs
1629 635 1678 662 per
1694 628 1816 662 corporis
1839 632 1932 655 motus

1132 674 1268 701 exhibere.
1283 674 1309 701 8.
1327 674 1360 701 Et
1376 674 1499 709 plantavit
1509 696 1516 708 ,
1532 674 1616 709 inquit
1629 696 1635 706 ,
1651 674 1720 702 Deus
1742 676 1890 710 paradisum
1906 677 1932 703 in

1133 719 1252 747 Edmnab
1267 721 1370 753 oriente,
1381 726 1402 748 et
1418 721 1499 755 posuit
1510 721 1562 747 illic
1571 721 1705 753 hominem,
1718 729 1789 756 quem
1802 723 1930 757 formavit.

1136 767 1279 802 Postquam
1312 767 1441 800 benignus
1475 768 1603 795 Dominus
1631 767 1822 803 benignitatem
1854 776 1932 795 sumit

1132 813 1267 845 ostendit,
1282 818 1308 840 et
1323 813 1395 840 illum
1409 813 1485 846 cuius
1504 821 1583 840 causa
1599 814 1688 840 omnia
1702 819 1848 846 creaverat,
1866 822 1930 849 pro-

1132 858 1208 886 duxit
1221 859 1246 886 in
1265 858 1393 891 medium,
1406 858 1494 885 statim
1511 859 1602 893 incipit
1614 867 1660 886 sua
1685 859 1711 886 in
1736 859 1808 886 illutn
1825 860 1930 886 hencliv

1133 903 1173 930 cia
1192 903 1324 930 conferre.
1354 903 1388 930 Et
1412 903 1543 938 plantavit,
1572 903 1666 938 inquit,
1694 904 1760 931 Deus
1782 905 1931 940 paradisum

1131 949 1159 976 in
1180 948 1260 975 Edent
1273 949 1305 976 ab
1324 949 1428 976 oriente.
1445 949 1494 976 llic
1520 949 1583 976 mihi
1596 970 1604 983 ,
1632 949 1728 977 dilecte
1741 971 1748 982 ,
1766 950 1908 978 considera
1921 971 1928 983 ,

1132 994 1202 1030 quod
1217 995 1266 1022 nisi
1284 1003 1315 1022 ea
1330 996 1410 1022 verba
1424 1001 1452 1023 nt
1467 996 1501 1023 de
1526 996 1580 1023 Deo
1595 1003 1643 1030 par
1657 1000 1698 1023 est
1708 1016 1714 1028 ,
1742 997 1906 1031 accipiamus
1921 1017 1929 1028 ,

1132 1047 1242 1068 necesse
1265 1041 1300 1068 sit
1325 1045 1354 1068 ut
1379 1041 1404 1068 in
1429 1042 1605 1077 principitium
1632 1049 1751 1069 ruamus.
1776 1042 1839 1069 Nam
1865 1043 1928 1077 quid

1132 1087 1247 1114 dixerint
1266 1086 1299 1114 de
1319 1087 1391 1115 dicto
1407 1088 1559 1123 hujusmodi
1576 1088 1628 1121 illi,
1645 1089 1689 1122 qui
1705 1089 1793 1116 omnia
1816 1088 1851 1116 de
1874 1089 1930 1116 Deo

1132 1133 1202 1161 dicta
1227 1134 1343 1162 humano
1358 1134 1478 1169 accipere
1504 1142 1579 1162 more
1600 1135 1719 1162 audent?
1747 1135 1780 1162 Et
1804 1136 1930 1170 plunmu't

1133 1180 1200 1207 Deus
1212 1201 1219 1213 ,
1234 1181 1338 1216 inquit,
1355 1182 1514 1216 paradisum.
1530 1181 1598 1215 Quid
1611 1202 1617 1213 ,
1634 1181 1746 1215 quiusa?
1760 1189 1823 1209 nunt
1839 1182 1929 1217 ligone

1131 1232 1200 1260 opus
1220 1225 1310 1253 habuit
1329 1231 1356 1254 et
1375 1227 1534 1261 agricultura
1549 1227 1655 1262 aliaque
1669 1234 1732 1254 cura
1746 1247 1753 1259 ,
1770 1232 1799 1254 ut
1821 1229 1929 1262 paradi-

1132 1279 1191 1298 sum
1206 1272 1373 1300 cxornaret?
1397 1273 1482 1300 Absit.
1499 1272 1596 1300 lterum
1612 1273 1683 1300 enim
1701 1273 1781 1300 etiatn
1801 1273 1853 1301 hoc
1867 1274 1928 1301 loco

1132 1317 1210 1348 illud,
1227 1318 1358 1345 Planlavit
1371 1339 1378 1351 ,
1393 1319 1432 1346 sic
1454 1318 1657 1353 intelligendum
1668 1339 1675 1350 ,
1698 1319 1799 1346 scilicet
1819 1320 1904 1354 ipsnnt
1918 1340 1926 1352 ,

1133 1362 1294 1397 imperasse,
1308 1368 1337 1390 ut
1350 1363 1487 1398 paradisus
1502 1363 1528 1390 in
1545 1368 1615 1391 terra
1628 1364 1704 1391 fieret
1715 1383 1724 1397 ,
1740 1369 1768 1390 ut
1782 1364 1930 1398 produt-tus

1133 1407 1212 1434 homo
1224 1407 1250 1434 in
1264 1415 1296 1435 co
1308 1412 1470 1436 versaretur.
1484 1407 1560 1441 Quod
1571 1413 1659 1435 :tutem
1673 1413 1781 1443 propter
1790 1409 1926 1436 hominem

1133 1453 1282 1488 paradisum
1304 1454 1491 1487 adornaverit,
1506 1454 1567 1481 andi
1589 1454 1755 1489 Scripturam
1770 1454 1903 1482 dicentem
1920 1465 1927 1483 :

1133 1497 1165 1525 Et
1191 1499 1313 1533 plantavit
1328 1498 1398 1526 Deus
1419 1499 1567 1534 paradisum
1587 1499 1614 1526 in
1634 1499 1716 1526 Edent
1730 1500 1761 1527 ab
1775 1500 1889 1535 oriente,
1903 1506 1929 1528 ct

1132 1545 1213 1580 posuit
1235 1545 1287 1572 illic
1300 1545 1443 1579 hominem,
1466 1554 1539 1581 quem
1554 1547 1681 1582 formavit.

1167 1590 1261 1617 Contra
1276 1599 1317 1618 eos
1327 1591 1371 1626 qui
1383 1591 1497 1618 dicebant
1511 1591 1665 1619 Paradisum
1678 1600 1727 1619 non
1740 1601 1792 1619 esse
1802 1592 1827 1619 in
1840 1597 1910 1620 terra
1919 1613 1926 1619 .

1131 1637 1237 1664 —ltleo
1251 1638 1333 1664 etiam
1348 1637 1398 1664 loci
1413 1645 1509 1665 nomen
1521 1637 1598 1665 atl'crt
1610 1637 1714 1673 Moyses
1729 1639 1755 1665 in
1767 1637 1927 1674 Seripturis,

1132 1687 1161 1709 ut
1177 1690 1211 1710 ne
1231 1683 1323 1710 liecret
1343 1682 1441 1710 frustra
1456 1683 1548 1718 nugari
1564 1684 1714 1712 volentibus
1733 1685 1928 1719 simpliciorutn

1131 1729 1240 1755 auribus
1265 1729 1421 1763 imponere,
1449 1729 1610 1764 dicereque,
1636 1737 1689 1756 non
1715 1737 1774 1757 esse
1801 1730 1827 1757 in
1857 1736 1928 1758 terra

1132 1774 1304 1808 paradisum,
1333 1774 1381 1802 sed
1410 1775 1436 1801 in
1463 1775 1550 1808 caelo,
1587 1779 1614 1802 et
1645 1775 1747 1803 fabulas
1775 1775 1928 1810 bujnsmodi

1132 1821 1276 1847 somniare.
1293 1821 1358 1848 Nam
1384 1821 1406 1848 si
1429 1828 1489 1848 cum
1512 1821 1602 1848 divina
1628 1821 1766 1857 Scriptura
1792 1827 1864 1850 tanta
1880 1831 1928 1850 usa

1132 1865 1167 1892 sit
1191 1865 1335 1892 verborum
1362 1866 1553 1900 accuratione,
1579 1874 1633 1894 non
1657 1867 1812 1894 dubitarunt
1837 1873 1927 1896 tamctt

1131 1909 1238 1945 quidam
1249 1910 1282 1938 de
1292 1911 1414 1938 facundia
1426 1919 1473 1938 sua
1483 1932 1491 1945 ,
1506 1919 1610 1940 necnon
1625 1912 1658 1940 de
1674 1912 1840 1948 philosoiihia
1859 1922 1928 1941 exo-

1133 1957 1183 1984 tica
1205 1957 1288 1984 altum
1309 1958 1459 1992 sapientes,
1485 1958 1596 1986 adversa
1615 1959 1760 1994 Scripturis
1782 1960 1871 1994 loqui,
1900 1965 1928 1988 et

1131 2003 1221 2031 dicere
1235 2004 1385 2038 paradisum
1407 2003 1432 2031 in
1455 2009 1526 2032 terra
1547 2013 1599 2032 non
1615 2013 1694 2039 esse,
1716 2006 1850 2041 multaque
1874 2006 1927 2035 alia

1131 2055 1229 2085 pr;cter
1241 2057 1271 2078 ea
1287 2058 1346 2085 qua:
1359 2050 1428 2078 dicta
1444 2057 1505 2078 sunt
1520 2050 1688 2086 adoptantes,
1702 2057 1794 2079 contra
1806 2051 1928 2086 Scriptu-

1131 2106 1188 2126 ram
1209 2099 1328 2132 sentire;
1352 2103 1378 2125 et
1400 2099 1542 2126 adversam
1567 2105 1658 2126 tenere
1681 2099 1767 2130 viam.
1794 2103 1872 2134 atque
1895 2108 1926 2127 ea

1131 2153 1190 2178 quae
1206 2145 1239 2171 de
1252 2149 1322 2172 terra
1336 2145 1405 2172 dicta
1419 2149 1495 2178 sunt,
1516 2145 1550 2173 de
1567 2146 1640 2173 cadis
1655 2145 1725 2173 dicta
1745 2151 1857 2181 putare;
1876 2146 1926 2174 nisi

1132 2190 1227 2217 humili
1252 2191 1294 2217 illa
1315 2195 1343 2218 et
1367 2195 1540 2226 attemperata
1567 2191 1708 2219 verborum
1736 2192 1838 2219 ratione
1862 2200 1928 2219 usus

1132 2237 1235 2272 Moysos
1249 2242 1330 2270 esset,
1341 2237 1440 2271 Spiritu
1460 2242 1552 2264 sancto
1572 2237 1688 2272 linguam
1709 2237 1766 2272 ejus
1780 2242 1906 2265 movente
1916 2259 1926 2272 ,

1131 2291 1185 2318 quo
1207 2291 1261 2310 non
1282 2283 1399 2310 devoluti
1416 2287 1526 2316 essent,
1548 2284 1668 2318 quamvis
1688 2283 1824 2318 Scriptura
1849 2291 1926 2311 sacra

1131 2336 1190 2356 cuin
1207 2337 1256 2356 nos
1275 2329 1327 2357 tale
1346 2329 1480 2364 quidpiam
1496 2329 1592 2357 docere
1614 2330 1684 2362 vult,
1701 2330 1817 2364 sieipsam
1843 2331 1927 2357 inter-

1133 2381 1252 2411 pretetur
1263 2397 1271 2409 ,
1294 2380 1322 2403 et
1340 2376 1489 2403 auditorem
1505 2383 1596 2403 errare
1611 2384 1664 2402 non
1679 2376 1766 2403 sinat?
1789 2375 1842 2402 Sed
1858 2384 1926 2410 quo-

1133 2425 1203 2449 niam
1218 2422 1293 2449 multi
1309 2430 1362 2448 non
1378 2426 1406 2448 ut
1419 2421 1552 2456 quidpiam
1568 2421 1634 2448 lucri
1649 2429 1682 2448 ex
1696 2421 1793 2448 divinis
1806 2421 1928 2455 Scriptu-

1132 2468 1169 2495 ris
1193 2468 1339 2501 demetam,
1356 2467 1402 2495 sed
1422 2468 1564 2502 voluptatis
1582 2468 1677 2502 gratia,
1691 2475 1769 2494 aures
1784 2467 1862 2495 dictis
1876 2467 1925 2494 ad-

1133 2513 1242 2540 bibent:
1258 2512 1318 2540 ideo
1339 2520 1391 2540 non
1412 2513 1444 2540 iis
1463 2513 1508 2548 qui
1530 2516 1659 2546 prosunt,
1681 2512 1727 2540 sed
1741 2513 1773 2540 iis
1788 2513 1831 2548 qui
1843 2513 1928 2547 magis

1132 2559 1266 2585 oblectant
1281 2557 1431 2585 attendunt.
1448 2557 1627 2592 Quamobrem
1648 2557 1760 2585 obsecro
1771 2578 1778 2590 ,
1795 2562 1823 2585 ut
1837 2559 1927 2584 omni-

1133 2604 1181 2632 bus
1206 2605 1258 2632 illis
1279 2611 1358 2632 aures
1379 2604 1546 2637 obturantes,
1562 2611 1646 2631 sacrze
1662 2604 1807 2638 Scriptura:
1829 2605 1927 2632 canoni

1131 2651 1319 2685 obsequamnr.
1335 2651 1372 2677 Ac
1384 2657 1445 2678 cum
1458 2650 1585 2683 audieris,
1597 2650 1704 2683 dilecte,
1718 2651 1787 2678 Deus
1798 2651 1928 2686 plantavit

1133 2696 1284 2730 paradisum
1297 2696 1323 2722 in
1338 2695 1442 2723 oriente
1457 2703 1464 2728 ;
1481 2695 1545 2722 illud
1558 2716 1565 2728 ,
1583 2695 1712 2722 l’lantavit
1723 2717 1732 2729 ,
1749 2699 1776 2723 ut
1791 2696 1845 2724 Deo
1860 2704 1928 2724 cou-

1132 2741 1205 2768 vcnit
1226 2739 1359 2775 intellige,
1376 2748 1473 2775 nempe
1488 2740 1557 2776 quod
1579 2741 1735 2776 prtcceperit
1747 2751 1754 2775 ;
1768 2742 1839 2777 quod
1863 2750 1929 2770 vero

1132 2788 1250 2823 sequitur
1262 2789 1354 2822 crede,
1369 2789 1494 2816 nimirum
1518 2789 1668 2824 paradismn
1690 2789 1787 2817 factum
1801 2796 1861 2817 esse
1873 2810 1882 2819 ,
1901 2795 1930 2817 et

1133 2835 1160 2864 in
1175 2836 1222 2863 illo
1242 2836 1317 2871 loco,
1341 2835 1384 2864 ubi
1408 2835 1544 2872 Scriptura
1569 2843 1646 2865 sacra
1671 2836 1840 2872 significatit.
1869 2835 1928 2864 Nm
