  <div class='ocr_page' id='page_1' title='image "/cluster/home/n/w/nwhite01/storage/ocr_20150623/53-54/njp.32101077772638/112.png"; bbox 0 0 2060 3122; ppageno 0'>
   <div class='ocr_carea' id='block_1_1' title="bbox 222 110 274 138">
    <p class='ocr_par' dir='ltr' id='par_1_1' title="bbox 222 110 274 138">
     <span class='ocr_line' id='line_1_1' title="bbox 222 110 274 138; baseline 0.038 -1"><span class='ocrx_word' id='word_1_1' title='bbox 222 110 274 138; x_wconf 76' lang='grc'><strong>109</strong></span> 
     </span>
    </p>
   </div>
   <div class='ocr_carea' id='block_1_2' title="bbox 223 167 1013 212">
    <p class='ocr_par' dir='ltr' id='par_1_2' title="bbox 223 167 1013 212">
     <span class='ocr_line' id='line_1_2' title="bbox 223 167 1013 212; baseline 0.018 -19"><span class='ocrx_word' id='word_1_2' title='bbox 223 167 336 196; x_wconf 84' lang='lat' dir='ltr'><strong>credere</strong></span> <span class='ocrx_word' id='word_1_3' title='bbox 351 169 421 197; x_wconf 90' lang='lat' dir='ltr'><strong>enim</strong></span> <span class='ocrx_word' id='word_1_4' title='bbox 445 171 476 198; x_wconf 88' lang='lat' dir='ltr'><strong>iis</strong></span> <span class='ocrx_word' id='word_1_5' title='bbox 497 179 556 206; x_wconf 63' lang='lat' dir='ltr'><strong>qum</strong></span> <span class='ocrx_word' id='word_1_6' title='bbox 571 172 596 199; x_wconf 91' lang='lat' dir='ltr'><strong>in</strong></span> <span class='ocrx_word' id='word_1_7' title='bbox 610 173 697 200; x_wconf 85' lang='lat' dir='ltr'><strong>divina</strong></span> <span class='ocrx_word' id='word_1_8' title='bbox 717 174 853 212; x_wconf 89' lang='lat' dir='ltr'><strong>Scriptura</strong></span> <span class='ocrx_word' id='word_1_9' title='bbox 875 179 1013 210; x_wconf 82' lang='lat' dir='ltr'><strong>feruntur.</strong></span> 
     </span>
    </p>
   </div>
   <div class='ocr_carea' id='block_1_3' title="bbox 225 212 1015 259">
    <p class='ocr_par' dir='ltr' id='par_1_3' title="bbox 225 212 1015 259">
     <span class='ocr_line' id='line_1_3' title="bbox 225 212 1015 259; baseline 0.018 -21"><span class='ocrx_word' id='word_1_10' title='bbox 225 212 273 239; x_wconf 87' lang='lat' dir='ltr'><strong>sed</strong></span> <span class='ocrx_word' id='word_1_11' title='bbox 289 213 342 239; x_wconf 89' lang='lat' dir='ltr'><strong>alia</strong></span> <span class='ocrx_word' id='word_1_12' title='bbox 363 222 394 241; x_wconf 81' lang='lat' dir='ltr'><strong>ex</strong></span> <span class='ocrx_word' id='word_1_13' title='bbox 408 216 514 250; x_wconf 87' lang='lat' dir='ltr'><strong>propria</strong></span> <span class='ocrx_word' id='word_1_14' title='bbox 529 223 617 244; x_wconf 88' lang='lat' dir='ltr'><strong>mente</strong></span> <span class='ocrx_word' id='word_1_15' title='bbox 638 219 779 252; x_wconf 83' lang='lat' dir='ltr'><strong>inducere,</strong></span> <span class='ocrx_word' id='word_1_16' title='bbox 805 230 928 257; x_wconf 83' lang='lat' dir='ltr'><strong>magnum</strong></span> <span class='ocrx_word' id='word_1_17' title='bbox 952 230 1015 259; x_wconf 90' lang='lat' dir='ltr'><strong>pulo</strong></span> 
     </span>
    </p>
   </div>
   <div class='ocr_carea' id='block_1_4' title="bbox 221 257 1012 304">
    <p class='ocr_par' dir='ltr' id='par_1_4' title="bbox 221 257 1012 304">
     <span class='ocr_line' id='line_1_4' title="bbox 221 257 1012 304; baseline 0.018 -21"><span class='ocrx_word' id='word_1_18' title='bbox 221 257 371 290; x_wconf 86' lang='lat' dir='ltr'><strong>periculum</strong></span> <span class='ocrx_word' id='word_1_19' title='bbox 392 267 483 288; x_wconf 90' lang='lat' dir='ltr'><strong>creare</strong></span> <span class='ocrx_word' id='word_1_20' title='bbox 499 261 559 289; x_wconf 91' lang='lat' dir='ltr'><strong>talia</strong></span> <span class='ocrx_word' id='word_1_21' title='bbox 573 263 742 292; x_wconf 76' lang='lat' dir='ltr'><strong>audentibus.</strong></span> <span class='ocrx_word' id='word_1_22' title='bbox 758 266 792 292; x_wconf 84' lang='lat' dir='ltr'><strong>Et</strong></span> <span class='ocrx_word' id='word_1_23' title='bbox 806 270 904 302; x_wconf 82' lang='lat' dir='ltr'><strong>posuit,</strong></span> <span class='ocrx_word' id='word_1_24' title='bbox 920 257 1012 304; x_wconf 82' lang='lat' dir='ltr'><strong>inquit.</strong></span> 
     </span>
    </p>
   </div>
   <div class='ocr_carea' id='block_1_5' title="bbox 220 303 660 342">
    <p class='ocr_par' dir='ltr' id='par_1_5' title="bbox 220 303 660 342">
     <span class='ocr_line' id='line_1_5' title="bbox 220 303 660 342; baseline 0.016 -13"><span class='ocrx_word' id='word_1_25' title='bbox 220 303 255 329; x_wconf 73' lang='lat' dir='ltr'><strong>ibi</strong></span> <span class='ocrx_word' id='word_1_26' title='bbox 279 304 414 338; x_wconf 79' lang='lat' dir='ltr'><strong>hominem,</strong></span> <span class='ocrx_word' id='word_1_27' title='bbox 439 315 511 341; x_wconf 77' lang='lat' dir='ltr'><strong>quem</strong></span> <span class='ocrx_word' id='word_1_28' title='bbox 533 308 660 342; x_wconf 80' lang='lat' dir='ltr'><strong>formavit.</strong></span> 
     </span>
    </p>
   </div>
   <div class='ocr_carea' id='block_1_6' title="bbox 255 350 1010 390">
    <p class='ocr_par' dir='ltr' id='par_1_6' title="bbox 255 350 1010 390">
     <span class='ocr_line' id='line_1_6' title="bbox 255 350 1010 390; baseline 0.019 -14"><span class='ocrx_word' id='word_1_29' title='bbox 255 350 281 377; x_wconf 69' lang='grc'><strong>4.</strong></span> <span class='ocrx_word' id='word_1_30' title='bbox 294 350 376 384; x_wconf 79' lang='lat' dir='ltr'><strong>Vide,</strong></span> <span class='ocrx_word' id='word_1_31' title='bbox 388 359 515 386; x_wconf 89' lang='lat' dir='ltr'><strong>quantum</strong></span> <span class='ocrx_word' id='word_1_32' title='bbox 537 354 666 383; x_wconf 78' lang='lat' dir='ltr'><strong>honorem</strong></span> <span class='ocrx_word' id='word_1_33' title='bbox 684 359 773 385; x_wconf 89' lang='lat' dir='ltr'><strong>statim</strong></span> <span class='ocrx_word' id='word_1_34' title='bbox 795 360 820 386; x_wconf 92' lang='lat' dir='ltr'><strong>in</strong></span> <span class='ocrx_word' id='word_1_35' title='bbox 835 368 896 388; x_wconf 87' lang='lat' dir='ltr'><strong>eam</strong></span> <span class='ocrx_word' id='word_1_36' title='bbox 917 367 1010 390; x_wconf 87' lang='lat' dir='ltr'><strong>contu-</strong></span> 
     </span>
    </p>
   </div>
   <div class='ocr_carea' id='block_1_7' title="bbox 221 395 1012 439">
    <p class='ocr_par' dir='ltr' id='par_1_7' title="bbox 221 395 1012 439">
     <span class='ocr_line' id='line_1_7' title="bbox 221 395 1012 439; baseline 0.018 -17"><span class='ocrx_word' id='word_1_37' title='bbox 221 395 292 422; x_wconf 86' lang='lat' dir='ltr'><strong>lerit.</strong></span> <span class='ocrx_word' id='word_1_38' title='bbox 309 397 375 423; x_wconf 82' lang='lat' dir='ltr'><strong>Cum</strong></span> <span class='ocrx_word' id='word_1_39' title='bbox 391 406 452 425; x_wconf 90' lang='lat' dir='ltr'><strong>eum</strong></span> <span class='ocrx_word' id='word_1_40' title='bbox 469 404 543 426; x_wconf 75' lang='lat' dir='ltr'><strong>extra</strong></span> <span class='ocrx_word' id='word_1_41' title='bbox 561 403 711 435; x_wconf 79' lang='lat' dir='ltr'><strong>paradisum</strong></span> <span class='ocrx_word' id='word_1_42' title='bbox 727 411 861 439; x_wconf 87' lang='lat' dir='ltr'><strong>creasset,</strong></span> <span class='ocrx_word' id='word_1_43' title='bbox 878 409 966 435; x_wconf 90' lang='lat' dir='ltr'><strong>statim</strong></span> <span class='ocrx_word' id='word_1_44' title='bbox 983 409 1012 436; x_wconf 90' lang='lat' dir='ltr'><strong>il—-</strong></span> 
     </span>
    </p>
   </div>
   <div class='ocr_carea' id='block_1_8' title="bbox 219 440 1012 482">
    <p class='ocr_par' dir='ltr' id='par_1_8' title="bbox 219 440 1012 482">
     <span class='ocr_line' id='line_1_8' title="bbox 219 440 1012 482; baseline 0.019 -16"><span class='ocrx_word' id='word_1_45' title='bbox 219 440 275 467; x_wconf 90' lang='lat' dir='ltr'><strong>lum</strong></span> <span class='ocrx_word' id='word_1_46' title='bbox 289 449 321 468; x_wconf 88' lang='lat' dir='ltr'><strong>eo</strong></span> <span class='ocrx_word' id='word_1_47' title='bbox 333 442 490 475; x_wconf 85' lang='lat' dir='ltr'><strong>introduxit;</strong></span> <span class='ocrx_word' id='word_1_48' title='bbox 509 450 537 472; x_wconf 93' lang='lat' dir='ltr'><strong>ul</strong></span> <span class='ocrx_word' id='word_1_49' title='bbox 553 454 583 473; x_wconf 80' lang='lat' dir='ltr'><strong>ex</strong></span> <span class='ocrx_word' id='word_1_50' title='bbox 598 447 677 475; x_wconf 87' lang='lat' dir='ltr'><strong>rebus</strong></span> <span class='ocrx_word' id='word_1_51' title='bbox 693 449 756 482; x_wconf 86' lang='lat' dir='ltr'><strong>ipsis</strong></span> <span class='ocrx_word' id='word_1_52' title='bbox 772 450 798 476; x_wconf 93' lang='lat' dir='ltr'><strong>in</strong></span> <span class='ocrx_word' id='word_1_53' title='bbox 815 452 935 480; x_wconf 79' lang='lat' dir='ltr'><strong>bent-ﬁcii</strong></span> <span class='ocrx_word' id='word_1_54' title='bbox 950 462 1012 481; x_wconf 87' lang='lat' dir='ltr'><strong>sett-</strong></span> 
     </span>
    </p>
   </div>
   <div class='ocr_carea' id='block_1_9' title="bbox 219 487 1014 530">
    <p class='ocr_par' dir='ltr' id='par_1_9' title="bbox 219 487 1014 530">
     <span class='ocr_line' id='line_1_9' title="bbox 219 487 1014 530; baseline 0.02 -19"><span class='ocrx_word' id='word_1_55' title='bbox 219 493 278 512; x_wconf 90' lang='lat' dir='ltr'><strong>sum</strong></span> <span class='ocrx_word' id='word_1_56' title='bbox 299 487 385 521; x_wconf 84' lang='lat' dir='ltr'><strong>ipsum</strong></span> <span class='ocrx_word' id='word_1_57' title='bbox 407 489 570 525; x_wconf 90' lang='lat' dir='ltr'><strong>adduceret,</strong></span> <span class='ocrx_word' id='word_1_58' title='bbox 592 497 621 519; x_wconf 90' lang='lat' dir='ltr'><strong>ut</strong></span> <span class='ocrx_word' id='word_1_59' title='bbox 641 494 721 521; x_wconf 88' lang='lat' dir='ltr'><strong>sciret</strong></span> <span class='ocrx_word' id='word_1_60' title='bbox 742 502 856 530; x_wconf 85' lang='lat' dir='ltr'><strong>quantus</strong></span> <span class='ocrx_word' id='word_1_61' title='bbox 874 498 909 525; x_wconf 90' lang='lat' dir='ltr'><strong>illi</strong></span> <span class='ocrx_word' id='word_1_62' title='bbox 928 499 1014 527; x_wconf 91' lang='lat' dir='ltr'><strong>honor</strong></span> 
     </span>
    </p>
   </div>
   <div class='ocr_carea' id='block_1_10' title="bbox 223 536 1013 577">
    <p class='ocr_par' dir='ltr' id='par_1_10' title="bbox 223 536 1013 577">
     <span class='ocr_line' id='line_1_10' title="bbox 223 536 1013 577; baseline 0.022 -21"><span class='ocrx_word' id='word_1_63' title='bbox 223 536 293 558; x_wconf 86' lang='lat' dir='ltr'><strong>esset</strong></span> <span class='ocrx_word' id='word_1_64' title='bbox 311 539 464 567; x_wconf 85' lang='lat' dir='ltr'><strong>concessus,</strong></span> <span class='ocrx_word' id='word_1_65' title='bbox 487 536 513 562; x_wconf 92' lang='lat' dir='ltr'><strong>in</strong></span> <span class='ocrx_word' id='word_1_66' title='bbox 531 538 682 570; x_wconf 89' lang='lat' dir='ltr'><strong>paradisum</strong></span> <span class='ocrx_word' id='word_1_67' title='bbox 705 541 777 567; x_wconf 91' lang='lat' dir='ltr'><strong>ilhtm</strong></span> <span class='ocrx_word' id='word_1_68' title='bbox 795 543 956 577; x_wconf 79' lang='lat' dir='ltr'><strong>introduxit,</strong></span> <span class='ocrx_word' id='word_1_69' title='bbox 981 545 1013 572; x_wconf 82' lang='lat' dir='ltr'><strong>Et</strong></span> 
     </span>
    </p>
   </div>
   <div class='ocr_carea' id='block_1_11' title="bbox 222 578 1010 624">
    <p class='ocr_par' dir='ltr' id='par_1_11' title="bbox 222 578 1010 624">
     <span class='ocr_line' id='line_1_11' title="bbox 222 578 1010 624; baseline 0.023 -23"><span class='ocrx_word' id='word_1_70' title='bbox 222 578 303 610; x_wconf 80' lang='lat' dir='ltr'><strong>posuit</strong></span> <span class='ocrx_word' id='word_1_71' title='bbox 311 578 362 604; x_wconf 77' lang='lat' dir='ltr'><strong>illic</strong></span> <span class='ocrx_word' id='word_1_72' title='bbox 371 579 507 614; x_wconf 77' lang='lat' dir='ltr'><strong>hominem,</strong></span> <span class='ocrx_word' id='word_1_73' title='bbox 521 591 594 616; x_wconf 81' lang='lat' dir='ltr'><strong>quem</strong></span> <span class='ocrx_word' id='word_1_74' title='bbox 605 587 733 619; x_wconf 81' lang='lat' dir='ltr'><strong>formavit.</strong></span> <span class='ocrx_word' id='word_1_75' title='bbox 746 588 812 615; x_wconf 89' lang='lat' dir='ltr'><strong>lllud</strong></span> <span class='ocrx_word' id='word_1_76' title='bbox 824 590 898 622; x_wconf 89' lang='lat' dir='ltr'><strong>item,</strong></span> <span class='ocrx_word' id='word_1_77' title='bbox 910 590 1010 624; x_wconf 83' lang='lat' dir='ltr'><strong>Posuit,</strong></span> 
     </span>
    </p>
   </div>
   <div class='ocr_carea' id='block_1_12' title="bbox 218 624 1012 669">
    <p class='ocr_par' dir='ltr' id='par_1_12' title="bbox 218 624 1012 669">
     <span class='ocr_line' id='line_1_12' title="bbox 218 624 1012 669; baseline 0.02 -20"><span class='ocrx_word' id='word_1_78' title='bbox 218 624 259 651; x_wconf 70' lang='lat' dir='ltr'><strong>sic</strong></span> <span class='ocrx_word' id='word_1_79' title='bbox 277 625 454 660; x_wconf 72' lang='lat' dir='ltr'><strong>intelligamus</strong></span> <span class='ocrx_word' id='word_1_80' title='bbox 479 636 510 655; x_wconf 89' lang='lat' dir='ltr'><strong>ac</strong></span> <span class='ocrx_word' id='word_1_81' title='bbox 527 630 549 656; x_wconf 87' lang='lat' dir='ltr'><strong>si</strong></span> <span class='ocrx_word' id='word_1_82' title='bbox 571 630 681 665; x_wconf 89' lang='lat' dir='ltr'><strong>diceret,</strong></span> <span class='ocrx_word' id='word_1_83' title='bbox 706 635 831 669; x_wconf 77' lang='lat' dir='ltr'><strong>prmcepit</strong></span> <span class='ocrx_word' id='word_1_84' title='bbox 852 641 879 662; x_wconf 94' lang='lat' dir='ltr'><strong>ut</strong></span> <span class='ocrx_word' id='word_1_85' title='bbox 894 637 946 664; x_wconf 90' lang='lat' dir='ltr'><strong>illic</strong></span> <span class='ocrx_word' id='word_1_86' title='bbox 967 638 1012 664; x_wconf 82' lang='lat' dir='ltr'><strong>ha-</strong></span> 
     </span>
    </p>
   </div>
   <div class='ocr_carea' id='block_1_13' title="bbox 216 669 1010 718">
    <p class='ocr_par' dir='ltr' id='par_1_13' title="bbox 216 669 1010 718">
     <span class='ocr_line' id='line_1_13' title="bbox 216 669 1010 718; baseline 0.021 -24"><span class='ocrx_word' id='word_1_87' title='bbox 216 669 324 702; x_wconf 81' lang='lat' dir='ltr'><strong>bitaret,</strong></span> <span class='ocrx_word' id='word_1_88' title='bbox 342 677 369 698; x_wconf 94' lang='grc' dir='ltr'><strong>ιιι</strong></span> <span class='ocrx_word' id='word_1_89' title='bbox 383 677 410 698; x_wconf 90' lang='lat' dir='ltr'><strong>et</strong></span> <span class='ocrx_word' id='word_1_90' title='bbox 424 679 546 707; x_wconf 83' lang='lat' dir='ltr'><strong>aspectus</strong></span> <span class='ocrx_word' id='word_1_91' title='bbox 565 681 591 703; x_wconf 86' lang='lat' dir='ltr'><strong>et</strong></span> <span class='ocrx_word' id='word_1_92' title='bbox 605 676 732 705; x_wconf 80' lang='lat' dir='ltr'><strong>habitatio</strong></span> <span class='ocrx_word' id='word_1_93' title='bbox 755 688 878 715; x_wconf 87' lang='lat' dir='ltr'><strong>magnum</strong></span> <span class='ocrx_word' id='word_1_94' title='bbox 901 683 949 717; x_wconf 84' lang='lat' dir='ltr'><strong>ipsi</strong></span> <span class='ocrx_word' id='word_1_95' title='bbox 965 692 1010 718; x_wconf 85' lang='lat' dir='ltr'><strong>pa-</strong></span> 
     </span>
    </p>
   </div>
   <div class='ocr_carea' id='block_1_14' title="bbox 218 717 1011 764">
    <p class='ocr_par' dir='ltr' id='par_1_14' title="bbox 218 717 1011 764">
     <span class='ocr_line' id='line_1_14' title="bbox 218 717 1011 764; baseline 0.021 -24"><span class='ocrx_word' id='word_1_96' title='bbox 218 719 289 742; x_wconf 86' lang='lat' dir='ltr'><strong>reret</strong></span> <span class='ocrx_word' id='word_1_97' title='bbox 312 717 475 750; x_wconf 60' lang='lat' dir='ltr'><strong>voluptatem</strong></span> <span class='ocrx_word' id='word_1_98' title='bbox 486 740 492 751; x_wconf 91' lang='lat'><strong>,</strong></span> <span class='ocrx_word' id='word_1_99' title='bbox 509 726 533 747; x_wconf 88' lang='lat' dir='ltr'><strong>ct</strong></span> <span class='ocrx_word' id='word_1_100' title='bbox 550 728 611 747; x_wconf 89' lang='lat' dir='ltr'><strong>eum</strong></span> <span class='ocrx_word' id='word_1_101' title='bbox 625 722 656 749; x_wconf 88' lang='lat' dir='ltr'><strong>ad</strong></span> <span class='ocrx_word' id='word_1_102' title='bbox 677 725 774 757; x_wconf 77' lang='lat' dir='ltr'><strong>gratias</strong></span> <span class='ocrx_word' id='word_1_103' title='bbox 792 726 944 755; x_wconf 87' lang='lat' dir='ltr'><strong>referendas</strong></span> <span class='ocrx_word' id='word_1_104' title='bbox 964 737 1011 764; x_wconf 59' lang='grc' dir='ltr'><strong>εξ-</strong></span> 
     </span>
    </p>
   </div>
   <div class='ocr_carea' id='block_1_15' title="bbox 215 760 1006 806">
    <p class='ocr_par' dir='ltr' id='par_1_15' title="bbox 215 760 1006 806">
     <span class='ocr_line' id='line_1_15' title="bbox 215 760 1006 806; baseline 0.02 -21"><span class='ocrx_word' id='word_1_105' title='bbox 215 760 310 787; x_wconf 78' lang='lat' dir='ltr'><strong>citaret</strong></span> <span class='ocrx_word' id='word_1_106' title='bbox 324 763 483 796; x_wconf 79' lang='lat' dir='ltr'><strong>cogitantem</strong></span> <span class='ocrx_word' id='word_1_107' title='bbox 500 771 625 799; x_wconf 91' lang='lat' dir='ltr'><strong>quantum</strong></span> <span class='ocrx_word' id='word_1_108' title='bbox 642 768 762 797; x_wconf 92' lang='lat' dir='ltr'><strong>beneﬁcii</strong></span> <span class='ocrx_word' id='word_1_109' title='bbox 778 772 934 806; x_wconf 79' lang='lat' dir='ltr'><strong>accepisset,</strong></span> <span class='ocrx_word' id='word_1_110' title='bbox 947 781 1006 801; x_wconf 86' lang='lat' dir='ltr'><strong>cunt</strong></span> 
     </span>
    </p>
   </div>
   <div class='ocr_carea' id='block_1_16' title="bbox 216 805 1005 853">
    <p class='ocr_par' dir='ltr' id='par_1_16' title="bbox 216 805 1005 853">
     <span class='ocr_line' id='line_1_16' title="bbox 216 805 1005 853; baseline 0.02 -23"><span class='ocrx_word' id='word_1_111' title='bbox 216 805 333 832; x_wconf 90' lang='lat' dir='ltr'><strong>nondum</strong></span> <span class='ocrx_word' id='word_1_112' title='bbox 349 807 483 842; x_wconf 79' lang='lat' dir='ltr'><strong>quidpiam</strong></span> <span class='ocrx_word' id='word_1_113' title='bbox 506 813 670 844; x_wconf 64' lang='lat' dir='ltr'><strong>prtestitisset</strong></span> <span class='ocrx_word' id='word_1_114' title='bbox 687 814 757 842; x_wconf 87' lang='lat' dir='ltr'><strong>boui.</strong></span> <span class='ocrx_word' id='word_1_115' title='bbox 775 816 813 844; x_wconf 77' lang='lat' dir='ltr'><strong>Ne</strong></span> <span class='ocrx_word' id='word_1_116' title='bbox 834 805 913 853; x_wconf 80' lang='lat' dir='ltr'><strong>igitur</strong></span> <span class='ocrx_word' id='word_1_117' title='bbox 932 824 958 846; x_wconf 84' lang='lat' dir='ltr'><strong>te</strong></span> <span class='ocrx_word' id='word_1_118' title='bbox 979 820 1005 846; x_wconf 93' lang='lat' dir='ltr'><strong>in</strong></span> 
     </span>
    </p>
   </div>
   <div class='ocr_carea' id='block_1_17' title="bbox 215 853 1011 892">
    <p class='ocr_par' dir='ltr' id='par_1_17' title="bbox 215 853 1011 892">
     <span class='ocr_line' id='line_1_17' title="bbox 215 853 1011 892; baseline 0.023 -17"><span class='ocrx_word' id='word_1_119' title='bbox 215 855 352 884; x_wconf 89' lang='lat' dir='ltr'><strong>stuporem</strong></span> <span class='ocrx_word' id='word_1_120' title='bbox 377 853 476 888; x_wconf 83' lang='lat' dir='ltr'><strong>injiciat</strong></span> <span class='ocrx_word' id='word_1_121' title='bbox 496 863 546 883; x_wconf 81' lang='lat' dir='ltr'><strong>vox</strong></span> <span class='ocrx_word' id='word_1_122' title='bbox 570 857 629 891; x_wconf 87' lang='lat' dir='ltr'><strong>illa,</strong></span> <span class='ocrx_word' id='word_1_123' title='bbox 656 857 772 887; x_wconf 81' lang='lat' dir='ltr'><strong>Posuit:</strong></span> <span class='ocrx_word' id='word_1_124' title='bbox 797 870 855 889; x_wconf 92' lang='lat' dir='ltr'><strong>mos</strong></span> <span class='ocrx_word' id='word_1_125' title='bbox 878 864 948 891; x_wconf 88' lang='lat' dir='ltr'><strong>enim</strong></span> <span class='ocrx_word' id='word_1_126' title='bbox 971 870 1011 892; x_wconf 80' lang='lat' dir='ltr'><strong>est</strong></span> 
     </span>
    </p>
   </div>
   <div class='ocr_carea' id='block_1_18' title="bbox 214 897 1008 940">
    <p class='ocr_par' dir='ltr' id='par_1_18' title="bbox 214 897 1008 940">
     <span class='ocr_line' id='line_1_18' title="bbox 214 897 1008 940; baseline 0.021 -17"><span class='ocrx_word' id='word_1_127' title='bbox 214 897 358 932; x_wconf 80' lang='lat' dir='ltr'><strong>Scriptura:</strong></span> <span class='ocrx_word' id='word_1_128' title='bbox 372 908 455 929; x_wconf 65' lang='lat' dir='ltr'><strong>sacrm</strong></span> <span class='ocrx_word' id='word_1_129' title='bbox 467 909 575 938; x_wconf 87' lang='lat' dir='ltr'><strong>propter</strong></span> <span class='ocrx_word' id='word_1_130' title='bbox 589 913 638 932; x_wconf 89' lang='lat' dir='ltr'><strong>nos</strong></span> <span class='ocrx_word' id='word_1_131' title='bbox 653 911 679 934; x_wconf 91' lang='lat' dir='ltr'><strong>et</strong></span> <span class='ocrx_word' id='word_1_132' title='bbox 689 907 721 934; x_wconf 89' lang='lat' dir='ltr'><strong>ad</strong></span> <span class='ocrx_word' id='word_1_133' title='bbox 736 909 877 937; x_wconf 86' lang='lat' dir='ltr'><strong>utilitatem</strong></span> <span class='ocrx_word' id='word_1_134' title='bbox 889 917 1008 940; x_wconf 87' lang='lat' dir='ltr'><strong>nostram</strong></span> 
     </span>
    </p>
   </div>
   <div class='ocr_carea' id='block_1_19' title="bbox 215 944 1009 993">
    <p class='ocr_par' dir='ltr' id='par_1_19' title="bbox 215 944 1009 993">
     <span class='ocr_line' id='line_1_19' title="bbox 215 944 1009 993; baseline 0.02 -23"><span class='ocrx_word' id='word_1_135' title='bbox 215 944 340 973; x_wconf 85' lang='lat' dir='ltr'><strong>humanis</strong></span> <span class='ocrx_word' id='word_1_136' title='bbox 355 948 391 974; x_wconf 88' lang='lat' dir='ltr'><strong>uti</strong></span> <span class='ocrx_word' id='word_1_137' title='bbox 406 949 506 976; x_wconf 86' lang='lat' dir='ltr'><strong>verbis.</strong></span> <span class='ocrx_word' id='word_1_138' title='bbox 522 951 597 984; x_wconf 84' lang='lat' dir='ltr'><strong>Quod</strong></span> <span class='ocrx_word' id='word_1_139' title='bbox 613 958 641 980; x_wconf 88' lang='grc' dir='ltr'><strong>ιιι</strong></span> <span class='ocrx_word' id='word_1_140' title='bbox 654 953 758 981; x_wconf 80' lang='lat' dir='ltr'><strong>ediscas</strong></span> <span class='ocrx_word' id='word_1_141' title='bbox 769 976 776 988; x_wconf 82' lang='lat'>.</span> <span class='ocrx_word' id='word_1_142' title='bbox 793 957 928 990; x_wconf 85' lang='lat' dir='ltr'><strong>perpende</strong></span> <span class='ocrx_word' id='word_1_143' title='bbox 944 967 1009 993; x_wconf 91' lang='lat' dir='ltr'><strong>quo-</strong></span> 
     </span>
    </p>
   </div>
   <div class='ocr_carea' id='block_1_20' title="bbox 214 990 1007 1037">
    <p class='ocr_par' dir='ltr' id='par_1_20' title="bbox 214 990 1007 1037">
     <span class='ocr_line' id='line_1_20' title="bbox 214 990 1007 1037; baseline 0.021 -23"><span class='ocrx_word' id='word_1_144' title='bbox 214 990 295 1016; x_wconf 88' lang='lat' dir='ltr'><strong>modo</strong></span> <span class='ocrx_word' id='word_1_145' title='bbox 317 992 406 1025; x_wconf 85' lang='lat' dir='ltr'><strong>prius,</strong></span> <span class='ocrx_word' id='word_1_146' title='bbox 422 1001 482 1021; x_wconf 87' lang='lat' dir='ltr'><strong>cmn</strong></span> <span class='ocrx_word' id='word_1_147' title='bbox 498 995 532 1022; x_wconf 87' lang='lat' dir='ltr'><strong>de</strong></span> <span class='ocrx_word' id='word_1_148' title='bbox 551 997 688 1025; x_wconf 89' lang='lat' dir='ltr'><strong>stellarum</strong></span> <span class='ocrx_word' id='word_1_149' title='bbox 711 1002 847 1029; x_wconf 86' lang='lat' dir='ltr'><strong>creatione</strong></span> <span class='ocrx_word' id='word_1_150' title='bbox 867 1009 1007 1037; x_wconf 81' lang='lat' dir='ltr'><strong>ageretur,</strong></span> 
     </span>
    </p>
   </div>
   <div class='ocr_carea' id='block_1_21' title="bbox 213 1034 1007 1082">
    <p class='ocr_par' dir='ltr' id='par_1_21' title="bbox 213 1034 1007 1082">
     <span class='ocr_line' id='line_1_21' title="bbox 213 1034 1007 1082; baseline 0.021 -23"><span class='ocrx_word' id='word_1_151' title='bbox 213 1034 307 1061; x_wconf 90' lang='lat' dir='ltr'><strong>eadem</strong></span> <span class='ocrx_word' id='word_1_152' title='bbox 329 1044 374 1063; x_wconf 89' lang='lat' dir='ltr'><strong>usa</strong></span> <span class='ocrx_word' id='word_1_153' title='bbox 392 1038 425 1065; x_wconf 85' lang='lat' dir='ltr'><strong>sit</strong></span> <span class='ocrx_word' id='word_1_154' title='bbox 446 1047 511 1068; x_wconf 84' lang='lat' dir='ltr'><strong>voce</strong></span> <span class='ocrx_word' id='word_1_155' title='bbox 526 1040 617 1069; x_wconf 89' lang='lat' dir='ltr'><strong>dicens</strong></span> <span class='ocrx_word' id='word_1_156' title='bbox 631 1052 636 1069; x_wconf 93' lang='lat'><strong>:</strong></span> <span class='ocrx_word' id='word_1_157' title='bbox 653 1043 685 1070; x_wconf 84' lang='lat' dir='ltr'><strong>Et</strong></span> <span class='ocrx_word' id='word_1_158' title='bbox 700 1045 782 1078; x_wconf 83' lang='lat' dir='ltr'><strong>posuit</strong></span> <span class='ocrx_word' id='word_1_159' title='bbox 800 1046 858 1073; x_wconf 75' lang='lat' dir='ltr'><strong>illas</strong></span> <span class='ocrx_word' id='word_1_160' title='bbox 879 1048 905 1074; x_wconf 81' lang='lat' dir='ltr'><strong>in</strong></span> <span class='ocrx_word' id='word_1_161' title='bbox 920 1049 1007 1082; x_wconf 85' lang='lat' dir='ltr'><strong>ﬁrma-</strong></span> 
     </span>
    </p>
   </div>
   <div class='ocr_carea' id='block_1_22' title="bbox 213 1082 1008 1130">
    <p class='ocr_par' dir='ltr' id='par_1_22' title="bbox 213 1082 1008 1130">
     <span class='ocr_line' id='line_1_22' title="bbox 213 1082 1008 1130; baseline 0.023 -26"><span class='ocrx_word' id='word_1_162' title='bbox 213 1085 298 1106; x_wconf 79' lang='lat' dir='ltr'><strong>mento</strong></span> <span class='ocrx_word' id='word_1_163' title='bbox 320 1082 386 1113; x_wconf 79' lang='lat' dir='ltr'><strong>cwli,</strong></span> <span class='ocrx_word' id='word_1_164' title='bbox 405 1091 457 1110; x_wconf 90' lang='lat' dir='ltr'><strong>non</strong></span> <span class='ocrx_word' id='word_1_165' title='bbox 477 1089 505 1111; x_wconf 82' lang='grc' dir='ltr'><strong>ιιι</strong></span> <span class='ocrx_word' id='word_1_166' title='bbox 518 1093 563 1112; x_wconf 87' lang='lat' dir='ltr'><strong>eas</strong></span> <span class='ocrx_word' id='word_1_167' title='bbox 584 1087 651 1114; x_wconf 69' lang='lat' dir='ltr'><strong>caelo</strong></span> <span class='ocrx_word' id='word_1_168' title='bbox 673 1090 767 1117; x_wconf 87' lang='lat' dir='ltr'><strong>inﬁxas</strong></span> <span class='ocrx_word' id='word_1_169' title='bbox 789 1097 912 1126; x_wconf 89' lang='lat' dir='ltr'><strong>putemus</strong></span> <span class='ocrx_word' id='word_1_170' title='bbox 936 1093 1008 1130; x_wconf 90' lang='lat' dir='ltr'><strong>(nam</strong></span> 
     </span>
    </p>
   </div>
   <div class='ocr_carea' id='block_1_23' title="bbox 212 1127 1007 1172">
    <p class='ocr_par' dir='ltr' id='par_1_23' title="bbox 212 1127 1007 1172">
     <span class='ocr_line' id='line_1_23' title="bbox 212 1127 1007 1172; baseline 0.023 -21"><span class='ocrx_word' id='word_1_171' title='bbox 212 1133 307 1153; x_wconf 91' lang='lat' dir='ltr'><strong>earum</strong></span> <span class='ocrx_word' id='word_1_172' title='bbox 329 1127 440 1163; x_wconf 77' lang='lat' dir='ltr'><strong>singula:</strong></span> <span class='ocrx_word' id='word_1_173' title='bbox 461 1133 597 1166; x_wconf 89' lang='lat' dir='ltr'><strong>proprium</strong></span> <span class='ocrx_word' id='word_1_174' title='bbox 621 1142 728 1162; x_wconf 89' lang='lat' dir='ltr'><strong>cursum</strong></span> <span class='ocrx_word' id='word_1_175' title='bbox 751 1138 904 1172; x_wconf 87' lang='lat' dir='ltr'><strong>conﬁciunt,</strong></span> <span class='ocrx_word' id='word_1_176' title='bbox 922 1141 1007 1168; x_wconf 91' lang='lat' dir='ltr'><strong>locum</strong></span> 
     </span>
    </p>
   </div>
   <div class='ocr_carea' id='block_1_24' title="bbox 214 1171 1008 1214">
    <p class='ocr_par' dir='ltr' id='par_1_24' title="bbox 214 1171 1008 1214">
     <span class='ocr_line' id='line_1_24' title="bbox 214 1171 1008 1214; baseline 0.023 -18"><span class='ocrx_word' id='word_1_177' title='bbox 214 1178 247 1197; x_wconf 78' lang='lat' dir='ltr'><strong>cx</strong></span> <span class='ocrx_word' id='word_1_178' title='bbox 265 1171 325 1199; x_wconf 90' lang='lat' dir='ltr'><strong>loco</strong></span> <span class='ocrx_word' id='word_1_179' title='bbox 339 1176 494 1209; x_wconf 84' lang='lat' dir='ltr'><strong>mutantes),</strong></span> <span class='ocrx_word' id='word_1_180' title='bbox 510 1178 555 1205; x_wconf 87' lang='lat' dir='ltr'><strong>sed</strong></span> <span class='ocrx_word' id='word_1_181' title='bbox 578 1183 605 1206; x_wconf 93' lang='lat' dir='ltr'><strong>ut</strong></span> <span class='ocrx_word' id='word_1_182' title='bbox 619 1179 724 1214; x_wconf 86' lang='lat' dir='ltr'><strong>doceat,</strong></span> <span class='ocrx_word' id='word_1_183' title='bbox 746 1190 775 1210; x_wconf 90' lang='lat' dir='ltr'><strong>se</strong></span> <span class='ocrx_word' id='word_1_184' title='bbox 790 1184 842 1211; x_wconf 91' lang='lat' dir='ltr'><strong>illis</strong></span> <span class='ocrx_word' id='word_1_185' title='bbox 862 1171 926 1212; x_wconf 83' lang='lat' dir='ltr'><strong>utin</strong></span> <span class='ocrx_word' id='word_1_186' title='bbox 942 1189 1008 1214; x_wconf 77' lang='lat' dir='ltr'><strong>caelo</strong></span> 
     </span>
    </p>
   </div>
   <div class='ocr_carea' id='block_1_25' title="bbox 213 1221 1008 1265">
    <p class='ocr_par' dir='ltr' id='par_1_25' title="bbox 213 1221 1008 1265">
     <span class='ocr_line' id='line_1_25' title="bbox 213 1221 1008 1265; baseline 0.023 -23"><span class='ocrx_word' id='word_1_187' title='bbox 213 1222 305 1244; x_wconf 78' lang='lat' dir='ltr'><strong>essent</strong></span> <span class='ocrx_word' id='word_1_188' title='bbox 326 1221 502 1255; x_wconf 74' lang='lat' dir='ltr'><strong>prmccpisse,</strong></span> <span class='ocrx_word' id='word_1_189' title='bbox 529 1228 556 1250; x_wconf 89' lang='lat' dir='ltr'><strong>ut</strong></span> <span class='ocrx_word' id='word_1_190' title='bbox 579 1224 714 1253; x_wconf 88' lang='lat' dir='ltr'><strong>hominem</strong></span> <span class='ocrx_word' id='word_1_191' title='bbox 736 1230 817 1262; x_wconf 84' lang='lat' dir='ltr'><strong>jussit</strong></span> <span class='ocrx_word' id='word_1_192' title='bbox 837 1230 862 1257; x_wconf 91' lang='lat' dir='ltr'><strong>in</strong></span> <span class='ocrx_word' id='word_1_193' title='bbox 886 1233 1008 1265; x_wconf 84' lang='lat' dir='ltr'><strong>paradiso</strong></span> 
     </span>
    </p>
   </div>
   <div class='ocr_carea' id='block_1_26' title="bbox 211 1262 1008 1306">
    <p class='ocr_par' dir='ltr' id='par_1_26' title="bbox 211 1262 1008 1306">
     <span class='ocr_line' id='line_1_26' title="bbox 211 1262 1008 1306; baseline 0.02 -17"><span class='ocrx_word' id='word_1_194' title='bbox 211 1262 321 1298; x_wconf 79' lang='lat' dir='ltr'><strong>degere.</strong></span> <span class='ocrx_word' id='word_1_195' title='bbox 338 1265 364 1292; x_wconf 86' lang='lat'><strong>9.</strong></span> <span class='ocrx_word' id='word_1_196' title='bbox 380 1265 412 1293; x_wconf 84' lang='lat' dir='ltr'><strong>Et</strong></span> <span class='ocrx_word' id='word_1_197' title='bbox 434 1269 569 1302; x_wconf 69' lang='lat' dir='ltr'><strong>produxit,</strong></span> <span class='ocrx_word' id='word_1_198' title='bbox 586 1272 680 1306; x_wconf 78' lang='lat' dir='ltr'><strong>inquit,</strong></span> <span class='ocrx_word' id='word_1_199' title='bbox 702 1273 772 1301; x_wconf 78' lang='lat' dir='ltr'><strong>Deus</strong></span> <span class='ocrx_word' id='word_1_200' title='bbox 794 1275 826 1302; x_wconf 91' lang='lat' dir='ltr'><strong>de</strong></span> <span class='ocrx_word' id='word_1_201' title='bbox 846 1281 913 1303; x_wconf 84' lang='lat' dir='ltr'><strong>terra</strong></span> <span class='ocrx_word' id='word_1_202' title='bbox 934 1286 1008 1306; x_wconf 81' lang='lat' dir='ltr'><strong>omne</strong></span> 
     </span>
    </p>
   </div>
   <div class='ocr_carea' id='block_1_27' title="bbox 212 1309 1003 1357">
    <p class='ocr_par' dir='ltr' id='par_1_27' title="bbox 212 1309 1003 1357">
     <span class='ocr_line' id='line_1_27' title="bbox 212 1309 1003 1357; baseline 0.023 -24"><span class='ocrx_word' id='word_1_203' title='bbox 212 1309 310 1340; x_wconf 85' lang='lat' dir='ltr'><strong>liquum</strong></span> <span class='ocrx_word' id='word_1_204' title='bbox 322 1311 457 1345; x_wconf 83' lang='lat' dir='ltr'><strong>pulchrum</strong></span> <span class='ocrx_word' id='word_1_205' title='bbox 469 1314 503 1341; x_wconf 84' lang='lat' dir='ltr'><strong>ad</strong></span> <span class='ocrx_word' id='word_1_206' title='bbox 518 1316 663 1351; x_wconf 80' lang='lat' dir='ltr'><strong>videndum,</strong></span> <span class='ocrx_word' id='word_1_207' title='bbox 680 1324 701 1346; x_wconf 90' lang='lat' dir='ltr'><strong>et</strong></span> <span class='ocrx_word' id='word_1_208' title='bbox 713 1319 805 1347; x_wconf 84' lang='lat' dir='ltr'><strong>bonum</strong></span> <span class='ocrx_word' id='word_1_209' title='bbox 818 1322 852 1348; x_wconf 86' lang='lat' dir='ltr'><strong>ad</strong></span> <span class='ocrx_word' id='word_1_210' title='bbox 864 1323 1003 1357; x_wconf 77' lang='lat' dir='ltr'><strong>edendum,</strong></span> 
     </span>
    </p>
   </div>
   <div class='ocr_carea' id='block_1_28' title="bbox 213 1355 1005 1402">
    <p class='ocr_par' dir='ltr' id='par_1_28' title="bbox 213 1355 1005 1402">
     <span class='ocr_line' id='line_1_28' title="bbox 213 1355 1005 1402; baseline 0.023 -22"><span class='ocrx_word' id='word_1_211' title='bbox 213 1361 237 1381; x_wconf 83' lang='lat' dir='ltr'><strong>et</strong></span> <span class='ocrx_word' id='word_1_212' title='bbox 252 1355 349 1391; x_wconf 84' lang='lat' dir='ltr'><strong>lignum</strong></span> <span class='ocrx_word' id='word_1_213' title='bbox 363 1359 419 1386; x_wconf 73' lang='lat' dir='ltr'><strong>vita:</strong></span> <span class='ocrx_word' id='word_1_214' title='bbox 431 1360 456 1387; x_wconf 83' lang='lat' dir='ltr'><strong>iu</strong></span> <span class='ocrx_word' id='word_1_215' title='bbox 470 1362 552 1388; x_wconf 71' lang='lat' dir='ltr'><strong>medio</strong></span> <span class='ocrx_word' id='word_1_216' title='bbox 563 1366 676 1398; x_wconf 76' lang='lat' dir='ltr'><strong>paradisi</strong></span> <span class='ocrx_word' id='word_1_217' title='bbox 690 1370 713 1393; x_wconf 83' lang='lat' dir='ltr'><strong>et</strong></span> <span class='ocrx_word' id='word_1_218' title='bbox 727 1367 824 1402; x_wconf 83' lang='lat' dir='ltr'><strong>lignum</strong></span> <span class='ocrx_word' id='word_1_219' title='bbox 834 1369 868 1396; x_wconf 86' lang='lat' dir='ltr'><strong>ad</strong></span> <span class='ocrx_word' id='word_1_220' title='bbox 877 1371 1005 1398; x_wconf 80' lang='lat' dir='ltr'><strong>sciendum</strong></span> 
     </span>
    </p>
   </div>
   <div class='ocr_carea' id='block_1_29' title="bbox 213 1401 1006 1448">
    <p class='ocr_par' dir='ltr' id='par_1_29' title="bbox 213 1401 1006 1448">
     <span class='ocr_line' id='line_1_29' title="bbox 213 1401 1006 1448; baseline 0.021 -22"><span class='ocrx_word' id='word_1_221' title='bbox 213 1401 307 1428; x_wconf 78' lang='lat' dir='ltr'><strong>bonum</strong></span> <span class='ocrx_word' id='word_1_222' title='bbox 321 1407 344 1429; x_wconf 80' lang='lat' dir='ltr'><strong>et</strong></span> <span class='ocrx_word' id='word_1_223' title='bbox 360 1405 464 1432; x_wconf 80' lang='lat' dir='ltr'><strong>malum.</strong></span> <span class='ocrx_word' id='word_1_224' title='bbox 480 1407 549 1435; x_wconf 86' lang='lat' dir='ltr'><strong>Ecce</strong></span> <span class='ocrx_word' id='word_1_225' title='bbox 560 1409 638 1436; x_wconf 88' lang='lat' dir='ltr'><strong>aliam</strong></span> <span class='ocrx_word' id='word_1_226' title='bbox 651 1411 771 1440; x_wconf 89' lang='lat' dir='ltr'><strong>beneﬁcii</strong></span> <span class='ocrx_word' id='word_1_227' title='bbox 785 1415 900 1448; x_wconf 88' lang='lat' dir='ltr'><strong>speciem</strong></span> <span class='ocrx_word' id='word_1_228' title='bbox 916 1416 941 1442; x_wconf 87' lang='lat' dir='ltr'><strong>in</strong></span> <span class='ocrx_word' id='word_1_229' title='bbox 959 1417 1006 1444; x_wconf 84' lang='lat' dir='ltr'><strong>ho-</strong></span> 
     </span>
    </p>
   </div>
   <div class='ocr_carea' id='block_1_30' title="bbox 214 1451 1005 1497">
    <p class='ocr_par' dir='ltr' id='par_1_30' title="bbox 214 1451 1005 1497">
     <span class='ocr_line' id='line_1_30' title="bbox 214 1451 1005 1497; baseline 0.024 -25"><span class='ocrx_word' id='word_1_230' title='bbox 214 1454 307 1474; x_wconf 88' lang='lat' dir='ltr'><strong>norem</strong></span> <span class='ocrx_word' id='word_1_231' title='bbox 323 1451 405 1477; x_wconf 89' lang='lat' dir='ltr'><strong>creati</strong></span> <span class='ocrx_word' id='word_1_232' title='bbox 428 1452 551 1481; x_wconf 85' lang='lat' dir='ltr'><strong>hominis.</strong></span> <span class='ocrx_word' id='word_1_233' title='bbox 573 1455 638 1489; x_wconf 86' lang='lat' dir='ltr'><strong>Quia</strong></span> <span class='ocrx_word' id='word_1_234' title='bbox 654 1458 724 1484; x_wconf 85' lang='lat' dir='ltr'><strong>enim</strong></span> <span class='ocrx_word' id='word_1_235' title='bbox 746 1459 820 1487; x_wconf 91' lang='lat' dir='ltr'><strong>illum</strong></span> <span class='ocrx_word' id='word_1_236' title='bbox 841 1462 866 1488; x_wconf 91' lang='lat' dir='ltr'><strong>in</strong></span> <span class='ocrx_word' id='word_1_237' title='bbox 882 1463 1005 1497; x_wconf 89' lang='lat' dir='ltr'><strong>paradiso</strong></span> 
     </span>
    </p>
   </div>
   <div class='ocr_carea' id='block_1_31' title="bbox 214 1495 1005 1538">
    <p class='ocr_par' dir='ltr' id='par_1_31' title="bbox 214 1495 1005 1538">
     <span class='ocr_line' id='line_1_31' title="bbox 214 1495 1005 1538; baseline 0.024 -19"><span class='ocrx_word' id='word_1_238' title='bbox 214 1495 316 1522; x_wconf 85' lang='lat' dir='ltr'><strong>versari</strong></span> <span class='ocrx_word' id='word_1_239' title='bbox 331 1496 453 1531; x_wconf 88' lang='lat' dir='ltr'><strong>volebat,</strong></span> <span class='ocrx_word' id='word_1_240' title='bbox 469 1502 595 1536; x_wconf 77' lang='lat' dir='ltr'><strong>pra-cepit</strong></span> <span class='ocrx_word' id='word_1_241' title='bbox 613 1510 645 1529; x_wconf 88' lang='lat' dir='ltr'><strong>ex</strong></span> <span class='ocrx_word' id='word_1_242' title='bbox 665 1507 734 1531; x_wconf 89' lang='lat' dir='ltr'><strong>terra</strong></span> <span class='ocrx_word' id='word_1_243' title='bbox 755 1507 865 1535; x_wconf 86' lang='lat' dir='ltr'><strong>arbores</strong></span> <span class='ocrx_word' id='word_1_244' title='bbox 886 1509 1005 1538; x_wconf 87' lang='lat' dir='ltr'><strong>diversas</strong></span> 
     </span>
    </p>
   </div>
   <div class='ocr_carea' id='block_1_32' title="bbox 210 1541 1003 1587">
    <p class='ocr_par' dir='ltr' id='par_1_32' title="bbox 210 1541 1003 1587">
     <span class='ocr_line' id='line_1_32' title="bbox 210 1541 1003 1587; baseline 0.023 -22"><span class='ocrx_word' id='word_1_245' title='bbox 210 1541 287 1573; x_wconf 90' lang='lat' dir='ltr'><strong>oriri,</strong></span> <span class='ocrx_word' id='word_1_246' title='bbox 303 1549 361 1576; x_wconf 63' lang='lat' dir='ltr'><strong>qua:</strong></span> <span class='ocrx_word' id='word_1_247' title='bbox 384 1544 462 1571; x_wconf 89' lang='lat' dir='ltr'><strong>simul</strong></span> <span class='ocrx_word' id='word_1_248' title='bbox 484 1551 510 1572; x_wconf 89' lang='lat' dir='ltr'><strong>et</strong></span> <span class='ocrx_word' id='word_1_249' title='bbox 531 1553 639 1582; x_wconf 87' lang='lat' dir='ltr'><strong>aspectu</strong></span> <span class='ocrx_word' id='word_1_250' title='bbox 657 1550 782 1582; x_wconf 58' lang='lat' dir='ltr'><strong>jucunda:</strong></span> <span class='ocrx_word' id='word_1_251' title='bbox 806 1558 911 1587; x_wconf 87' lang='lat' dir='ltr'><strong>essent,</strong></span> <span class='ocrx_word' id='word_1_252' title='bbox 927 1560 953 1582; x_wconf 89' lang='lat' dir='ltr'><strong>et</strong></span> <span class='ocrx_word' id='word_1_253' title='bbox 970 1556 1003 1582; x_wconf 85' lang='lat' dir='ltr'><strong>ad</strong></span> 
     </span>
    </p>
   </div>
   <div class='ocr_carea' id='block_1_33' title="bbox 211 1587 1002 1636">
    <p class='ocr_par' dir='ltr' id='par_1_33' title="bbox 211 1587 1002 1636">
     <span class='ocr_line' id='line_1_33' title="bbox 211 1587 1002 1636; baseline 0.024 -25"><span class='ocrx_word' id='word_1_254' title='bbox 211 1587 299 1614; x_wconf 70' lang='lat' dir='ltr'><strong>cilium</strong></span> <span class='ocrx_word' id='word_1_255' title='bbox 314 1593 392 1622; x_wconf 67' lang='lat' dir='ltr'><strong>aplaz.</strong></span> <span class='ocrx_word' id='word_1_256' title='bbox 411 1590 492 1618; x_wconf 84' lang='lat' dir='ltr'><strong>Omne</strong></span> <span class='ocrx_word' id='word_1_257' title='bbox 509 1593 615 1629; x_wconf 84' lang='lat' dir='ltr'><strong>tignum,</strong></span> <span class='ocrx_word' id='word_1_258' title='bbox 632 1596 725 1632; x_wconf 88' lang='lat' dir='ltr'><strong>inqttit,</strong></span> <span class='ocrx_word' id='word_1_259' title='bbox 742 1599 875 1633; x_wconf 81' lang='lat' dir='ltr'><strong>pulchrum</strong></span> <span class='ocrx_word' id='word_1_260' title='bbox 890 1607 1002 1636; x_wconf 74' lang='lat' dir='ltr'><strong>aspectu,</strong></span> 
     </span>
    </p>
   </div>
   <div class='ocr_carea' id='block_1_34' title="bbox 211 1631 1003 1677">
    <p class='ocr_par' dir='ltr' id='par_1_34' title="bbox 211 1631 1003 1677">
     <span class='ocr_line' id='line_1_34' title="bbox 211 1631 1003 1677; baseline 0.023 -20"><span class='ocrx_word' id='word_1_261' title='bbox 211 1631 236 1657; x_wconf 87' lang='lat' dir='ltr'><strong>id</strong></span> <span class='ocrx_word' id='word_1_262' title='bbox 250 1637 301 1664; x_wconf 85' lang='lat' dir='ltr'><strong>est,</strong></span> <span class='ocrx_word' id='word_1_263' title='bbox 318 1634 349 1659; x_wconf 89' lang='lat' dir='ltr'><strong>ad</strong></span> <span class='ocrx_word' id='word_1_264' title='bbox 364 1637 561 1670; x_wconf 80' lang='lat' dir='ltr'><strong>spectacalum;</strong></span> <span class='ocrx_word' id='word_1_265' title='bbox 575 1639 610 1666; x_wconf 83' lang='lat' dir='ltr'><strong>Et</strong></span> <span class='ocrx_word' id='word_1_266' title='bbox 625 1641 717 1668; x_wconf 83' lang='lat' dir='ltr'><strong>bonum</strong></span> <span class='ocrx_word' id='word_1_267' title='bbox 732 1631 765 1670; x_wconf 78' lang='lat' dir='ltr'><strong>ad</strong></span> <span class='ocrx_word' id='word_1_268' title='bbox 778 1653 865 1677; x_wconf 71' lang='lat' dir='ltr'><strong>esum;</strong></span> <span class='ocrx_word' id='word_1_269' title='bbox 880 1646 1003 1675; x_wconf 82' lang='lat' dir='ltr'><strong>videlicet</strong></span> 
     </span>
    </p>
   </div>
   <div class='ocr_carea' id='block_1_35' title="bbox 211 1677 1001 1728">
    <p class='ocr_par' dir='ltr' id='par_1_35' title="bbox 211 1677 1001 1728">
     <span class='ocr_line' id='line_1_35' title="bbox 211 1677 1001 1728; baseline 0.024 -26"><span class='ocrx_word' id='word_1_270' title='bbox 211 1677 293 1712; x_wconf 77' lang='lat' dir='ltr'><strong>ligna,</strong></span> <span class='ocrx_word' id='word_1_271' title='bbox 308 1687 366 1714; x_wconf 81' lang='lat' dir='ltr'><strong>qua:</strong></span> <span class='ocrx_word' id='word_1_272' title='bbox 383 1683 467 1708; x_wconf 78' lang='lat' dir='ltr'><strong>visum</strong></span> <span class='ocrx_word' id='word_1_273' title='bbox 483 1684 617 1713; x_wconf 85' lang='lat' dir='ltr'><strong>oblectare</strong></span> <span class='ocrx_word' id='word_1_274' title='bbox 631 1693 756 1722; x_wconf 89' lang='lat' dir='ltr'><strong>possent,</strong></span> <span class='ocrx_word' id='word_1_275' title='bbox 771 1695 796 1716; x_wconf 89' lang='lat' dir='ltr'><strong>et</strong></span> <span class='ocrx_word' id='word_1_276' title='bbox 811 1698 858 1718; x_wconf 89' lang='lat' dir='ltr'><strong>esu</strong></span> <span class='ocrx_word' id='word_1_277' title='bbox 879 1700 1001 1728; x_wconf 87' lang='lat' dir='ltr'><strong>magnam</strong></span> 
     </span>
    </p>
   </div>
   <div class='ocr_carea' id='block_1_36' title="bbox 211 1724 1001 1773">
    <p class='ocr_par' dir='ltr' id='par_1_36' title="bbox 211 1724 1001 1773">
     <span class='ocr_line' id='line_1_36' title="bbox 211 1724 1001 1773; baseline 0.022 -24"><span class='ocrx_word' id='word_1_278' title='bbox 211 1724 332 1757; x_wconf 69' lang='lat' dir='ltr'><strong>pra-bere</strong></span> <span class='ocrx_word' id='word_1_279' title='bbox 347 1727 525 1762; x_wconf 85' lang='lat' dir='ltr'><strong>voluptatem;</strong></span> <span class='ocrx_word' id='word_1_280' title='bbox 537 1738 648 1766; x_wconf 63' lang='lat' dir='ltr'><strong>quinque</strong></span> <span class='ocrx_word' id='word_1_281' title='bbox 663 1738 752 1768; x_wconf 87' lang='lat' dir='ltr'><strong>utpote</strong></span> <span class='ocrx_word' id='word_1_282' title='bbox 763 1736 844 1763; x_wconf 86' lang='lat' dir='ltr'><strong>multa</strong></span> <span class='ocrx_word' id='word_1_283' title='bbox 858 1742 885 1764; x_wconf 91' lang='lat' dir='ltr'><strong>et</strong></span> <span class='ocrx_word' id='word_1_284' title='bbox 895 1739 1001 1773; x_wconf 90' lang='lat' dir='ltr'><strong>copiosa</strong></span> 
     </span>
    </p>
   </div>
   <div class='ocr_carea' id='block_1_37' title="bbox 211 1769 1000 1814">
    <p class='ocr_par' dir='ltr' id='par_1_37' title="bbox 211 1769 1000 1814">
     <span class='ocr_line' id='line_1_37' title="bbox 211 1769 1000 1814; baseline 0.022 -20"><span class='ocrx_word' id='word_1_285' title='bbox 211 1769 322 1796; x_wconf 89' lang='lat' dir='ltr'><strong>multam</strong></span> <span class='ocrx_word' id='word_1_286' title='bbox 350 1771 382 1798; x_wconf 87' lang='lat' dir='ltr'><strong>iis</strong></span> <span class='ocrx_word' id='word_1_287' title='bbox 405 1780 487 1800; x_wconf 89' lang='lat' dir='ltr'><strong>usuro</strong></span> <span class='ocrx_word' id='word_1_288' title='bbox 513 1782 636 1810; x_wconf 76' lang='lat' dir='ltr'><strong>parerent</strong></span> <span class='ocrx_word' id='word_1_289' title='bbox 661 1779 831 1814; x_wconf 87' lang='lat' dir='ltr'><strong>voluptatem.</strong></span> <span class='ocrx_word' id='word_1_290' title='bbox 859 1782 943 1811; x_wconf 88' lang='lat' dir='ltr'><strong>Omne</strong></span> <span class='ocrx_word' id='word_1_291' title='bbox 968 1784 1000 1811; x_wconf 90' lang='lat' dir='ltr'><strong>li-</strong></span> 
     </span>
    </p>
   </div>
   <div class='ocr_carea' id='block_1_38' title="bbox 208 1816 999 1858">
    <p class='ocr_par' dir='ltr' id='par_1_38' title="bbox 208 1816 999 1858">
     <span class='ocr_line' id='line_1_38' title="bbox 208 1816 999 1858; baseline 0.021 -18"><span class='ocrx_word' id='word_1_292' title='bbox 208 1822 301 1849; x_wconf 90' lang='lat' dir='ltr'><strong>gnum,</strong></span> <span class='ocrx_word' id='word_1_293' title='bbox 316 1816 410 1852; x_wconf 87' lang='lat' dir='ltr'><strong>inquit,</strong></span> <span class='ocrx_word' id='word_1_294' title='bbox 426 1820 612 1857; x_wconf 87' lang='lat' dir='ltr'><strong>quodcumque</strong></span> <span class='ocrx_word' id='word_1_295' title='bbox 623 1823 732 1858; x_wconf 79' lang='lat' dir='ltr'><strong>dixeris,</strong></span> <span class='ocrx_word' id='word_1_296' title='bbox 744 1827 808 1854; x_wconf 91' lang='lat' dir='ltr'><strong>oriri</strong></span> <span class='ocrx_word' id='word_1_297' title='bbox 821 1829 934 1856; x_wconf 90' lang='lat' dir='ltr'><strong>curavit.</strong></span> <span class='ocrx_word' id='word_1_298' title='bbox 953 1830 999 1857; x_wconf 82' lang='lat' dir='ltr'><strong>Vi-</strong></span> 
     </span>
    </p>
   </div>
   <div class='ocr_carea' id='block_1_39' title="bbox 209 1860 999 1903">
    <p class='ocr_par' dir='ltr' id='par_1_39' title="bbox 209 1860 999 1903">
     <span class='ocr_line' id='line_1_39' title="bbox 209 1860 999 1903; baseline 0.022 -17"><span class='ocrx_word' id='word_1_299' title='bbox 209 1860 299 1887; x_wconf 89' lang='lat' dir='ltr'><strong>distin‘</strong></span> <span class='ocrx_word' id='word_1_300' title='bbox 308 1862 416 1890; x_wconf 84' lang='lat' dir='ltr'><strong>miseria</strong></span> <span class='ocrx_word' id='word_1_301' title='bbox 438 1873 548 1894; x_wconf 90' lang='lat' dir='ltr'><strong>vacuam</strong></span> <span class='ocrx_word' id='word_1_302' title='bbox 567 1868 776 1899; x_wconf 84' lang='lat' dir='ltr'><strong>habitationem?</strong></span> <span class='ocrx_word' id='word_1_303' title='bbox 795 1873 911 1901; x_wconf 81' lang='lat' dir='ltr'><strong>vidistin’</strong></span> <span class='ocrx_word' id='word_1_304' title='bbox 921 1876 999 1903; x_wconf 87' lang='lat' dir='ltr'><strong>vitam</strong></span> 
     </span>
    </p>
   </div>
   <div class='ocr_carea' id='block_1_40' title="bbox 209 1906 1000 1950">
    <p class='ocr_par' dir='ltr' id='par_1_40' title="bbox 209 1906 1000 1950">
     <span class='ocr_line' id='line_1_40' title="bbox 209 1906 1000 1950; baseline 0.023 -19"><span class='ocrx_word' id='word_1_305' title='bbox 209 1906 382 1935; x_wconf 80' lang='lat' dir='ltr'><strong>mirabilem?</strong></span> <span class='ocrx_word' id='word_1_306' title='bbox 397 1909 474 1937; x_wconf 87' lang='lat' dir='ltr'><strong>Sicut</strong></span> <span class='ocrx_word' id='word_1_307' title='bbox 485 1913 595 1947; x_wconf 87' lang='lat' dir='ltr'><strong>angelus</strong></span> <span class='ocrx_word' id='word_1_308' title='bbox 611 1915 733 1950; x_wconf 89' lang='lat' dir='ltr'><strong>quidam,</strong></span> <span class='ocrx_word' id='word_1_309' title='bbox 750 1919 906 1947; x_wconf 88' lang='lat' dir='ltr'><strong>versabatur</strong></span> <span class='ocrx_word' id='word_1_310' title='bbox 920 1920 1000 1948; x_wconf 91' lang='lat' dir='ltr'><strong>homo</strong></span> 
     </span>
    </p>
   </div>
   <div class='ocr_carea' id='block_1_41' title="bbox 209 1951 998 2002">
    <p class='ocr_par' dir='ltr' id='par_1_41' title="bbox 209 1951 998 2002">
     <span class='ocr_line' id='line_1_41' title="bbox 209 1951 998 2002; baseline 0.023 -25"><span class='ocrx_word' id='word_1_311' title='bbox 209 1951 234 1977; x_wconf 92' lang='lat' dir='ltr'><strong>in</strong></span> <span class='ocrx_word' id='word_1_312' title='bbox 247 1957 326 1986; x_wconf 76' lang='lat' dir='ltr'><strong>terra,</strong></span> <span class='ocrx_word' id='word_1_313' title='bbox 338 1961 452 1989; x_wconf 91' lang='lat' dir='ltr'><strong>corpore</strong></span> <span class='ocrx_word' id='word_1_314' title='bbox 463 1958 570 1991; x_wconf 88' lang='lat' dir='ltr'><strong>quidem</strong></span> <span class='ocrx_word' id='word_1_315' title='bbox 581 1961 704 1994; x_wconf 85' lang='lat' dir='ltr'><strong>amictus,</strong></span> <span class='ocrx_word' id='word_1_316' title='bbox 714 1963 760 1990; x_wconf 87' lang='lat' dir='ltr'><strong>sed</strong></span> <span class='ocrx_word' id='word_1_317' title='bbox 770 1971 844 1992; x_wconf 79' lang='lat' dir='ltr'><strong>extra</strong></span> <span class='ocrx_word' id='word_1_318' title='bbox 856 1973 998 2002; x_wconf 79' lang='lat' dir='ltr'><strong>corporeus</strong></span> 
     </span>
    </p>
   </div>
   <div class='ocr_carea' id='block_1_42' title="bbox 209 1999 997 2048">
    <p class='ocr_par' dir='ltr' id='par_1_42' title="bbox 209 1999 997 2048">
     <span class='ocr_line' id='line_1_42' title="bbox 209 1999 997 2048; baseline 0.024 -26"><span class='ocrx_word' id='word_1_319' title='bbox 209 1999 382 2027; x_wconf 89' lang='lat' dir='ltr'><strong>necessitates</strong></span> <span class='ocrx_word' id='word_1_320' title='bbox 397 2003 575 2039; x_wconf 87' lang='lat' dir='ltr'><strong>constitutus,</strong></span> <span class='ocrx_word' id='word_1_321' title='bbox 592 2010 619 2032; x_wconf 91' lang='lat' dir='ltr'><strong>et</strong></span> <span class='ocrx_word' id='word_1_322' title='bbox 636 2009 860 2041; x_wconf 84' lang='lat' dir='ltr'><strong>quemadmodum</strong></span> <span class='ocrx_word' id='word_1_323' title='bbox 883 2020 997 2048; x_wconf 83' lang='lat' dir='ltr'><strong>purpura</strong></span> 
     </span>
    </p>
   </div>
   <div class='ocr_carea' id='block_1_43' title="bbox 207 2043 998 2091">
    <p class='ocr_par' dir='ltr' id='par_1_43' title="bbox 207 2043 998 2091">
     <span class='ocr_line' id='line_1_43' title="bbox 207 2043 998 2091; baseline 0.024 -23"><span class='ocrx_word' id='word_1_324' title='bbox 207 2047 233 2068; x_wconf 86' lang='lat' dir='ltr'><strong>et</strong></span> <span class='ocrx_word' id='word_1_325' title='bbox 248 2043 400 2073; x_wconf 83' lang='lat' dir='ltr'><strong>diademate</strong></span> <span class='ocrx_word' id='word_1_326' title='bbox 411 2053 531 2083; x_wconf 86' lang='lat' dir='ltr'><strong>ornatus,</strong></span> <span class='ocrx_word' id='word_1_327' title='bbox 543 2058 728 2088; x_wconf 87' lang='lat' dir='ltr'><strong>purpureaque</strong></span> <span class='ocrx_word' id='word_1_328' title='bbox 743 2055 848 2084; x_wconf 87' lang='lat' dir='ltr'><strong>indutus</strong></span> <span class='ocrx_word' id='word_1_329' title='bbox 863 2063 946 2091; x_wconf 84' lang='lat' dir='ltr'><strong>veste,</strong></span> <span class='ocrx_word' id='word_1_330' title='bbox 960 2060 998 2087; x_wconf 86' lang='lat' dir='ltr'><strong>sic</strong></span> 
     </span>
    </p>
   </div>
   <div class='ocr_carea' id='block_1_44' title="bbox 206 2090 996 2136">
    <p class='ocr_par' dir='ltr' id='par_1_44' title="bbox 206 2090 996 2136">
     <span class='ocr_line' id='line_1_44' title="bbox 206 2090 996 2136; baseline 0.024 -23"><span class='ocrx_word' id='word_1_331' title='bbox 206 2095 265 2114; x_wconf 91' lang='lat' dir='ltr'><strong>cum</strong></span> <span class='ocrx_word' id='word_1_332' title='bbox 282 2090 403 2119; x_wconf 86' lang='lat' dir='ltr'><strong>libertate</strong></span> <span class='ocrx_word' id='word_1_333' title='bbox 417 2095 571 2123; x_wconf 79' lang='lat' dir='ltr'><strong>versabatur</strong></span> <span class='ocrx_word' id='word_1_334' title='bbox 592 2097 619 2124; x_wconf 91' lang='lat' dir='ltr'><strong>in</strong></span> <span class='ocrx_word' id='word_1_335' title='bbox 637 2099 753 2133; x_wconf 85' lang='lat' dir='ltr'><strong>paradisi</strong></span> <span class='ocrx_word' id='word_1_336' title='bbox 775 2102 899 2136; x_wconf 85' lang='lat' dir='ltr'><strong>sedibus,</strong></span> <span class='ocrx_word' id='word_1_337' title='bbox 916 2090 996 2133; x_wconf 87' lang='lat' dir='ltr'><strong>multa</strong></span> 
     </span>
    </p>
   </div>
   <div class='ocr_carea' id='block_1_45' title="bbox 205 2135 996 2183">
    <p class='ocr_par' dir='ltr' id='par_1_45' title="bbox 205 2135 996 2183">
     <span class='ocr_line' id='line_1_45' title="bbox 205 2135 996 2183; baseline 0.024 -23"><span class='ocrx_word' id='word_1_338' title='bbox 205 2135 324 2168; x_wconf 79' lang='lat' dir='ltr'><strong>gaudens</strong></span> <span class='ocrx_word' id='word_1_339' title='bbox 345 2145 433 2166; x_wconf 88' lang='lat' dir='ltr'><strong>rerutn</strong></span> <span class='ocrx_word' id='word_1_340' title='bbox 463 2142 549 2175; x_wconf 89' lang='lat' dir='ltr'><strong>copia.</strong></span> <span class='ocrx_word' id='word_1_341' title='bbox 575 2142 608 2169; x_wconf 87' lang='lat' dir='ltr'><strong>Et</strong></span> <span class='ocrx_word' id='word_1_342' title='bbox 625 2144 739 2180; x_wconf 83' lang='lat' dir='ltr'><strong>lignum,</strong></span> <span class='ocrx_word' id='word_1_343' title='bbox 764 2147 864 2183; x_wconf 89' lang='lat' dir='ltr'><strong>inqttit,</strong></span> <span class='ocrx_word' id='word_1_344' title='bbox 890 2135 947 2178; x_wconf 73' lang='lat' dir='ltr'><strong>itin</strong></span> <span class='ocrx_word' id='word_1_345' title='bbox 970 2153 996 2179; x_wconf 82' lang='lat' dir='ltr'><strong>in</strong></span> 
     </span>
    </p>
   </div>
   <div class='ocr_carea' id='block_1_46' title="bbox 204 2182 993 2225">
    <p class='ocr_par' dir='ltr' id='par_1_46' title="bbox 204 2182 993 2225">
     <span class='ocr_line' id='line_1_46' title="bbox 204 2182 993 2225; baseline 0.025 -20"><span class='ocrx_word' id='word_1_346' title='bbox 204 2182 287 2208; x_wconf 79' lang='lat' dir='ltr'><strong>medio</strong></span> <span class='ocrx_word' id='word_1_347' title='bbox 297 2184 420 2218; x_wconf 81' lang='lat' dir='ltr'><strong>paradisi,</strong></span> <span class='ocrx_word' id='word_1_348' title='bbox 437 2191 459 2213; x_wconf 79' lang='lat' dir='ltr'><strong>et</strong></span> <span class='ocrx_word' id='word_1_349' title='bbox 468 2187 564 2223; x_wconf 80' lang='lat' dir='ltr'><strong>lignum</strong></span> <span class='ocrx_word' id='word_1_350' title='bbox 572 2190 605 2216; x_wconf 85' lang='lat' dir='ltr'><strong>ad</strong></span> <span class='ocrx_word' id='word_1_351' title='bbox 613 2191 741 2219; x_wconf 77' lang='lat' dir='ltr'><strong>sciendum</strong></span> <span class='ocrx_word' id='word_1_352' title='bbox 752 2194 842 2222; x_wconf 83' lang='lat' dir='ltr'><strong>bonum</strong></span> <span class='ocrx_word' id='word_1_353' title='bbox 855 2202 878 2223; x_wconf 86' lang='lat' dir='ltr'><strong>et</strong></span> <span class='ocrx_word' id='word_1_354' title='bbox 890 2198 993 2225; x_wconf 88' lang='lat' dir='ltr'><strong>malum.</strong></span> 
     </span>
    </p>
   </div>
   <div class='ocr_carea' id='block_1_47' title="bbox 205 2226 995 2275">
    <p class='ocr_par' dir='ltr' id='par_1_47' title="bbox 205 2226 995 2275">
     <span class='ocr_line' id='line_1_47' title="bbox 205 2226 995 2275; baseline 0.025 -24"><span class='ocrx_word' id='word_1_355' title='bbox 205 2226 348 2262; x_wconf 73' lang='lat' dir='ltr'><strong>Postquam</strong></span> <span class='ocrx_word' id='word_1_356' title='bbox 362 2238 410 2257; x_wconf 80' lang='lat' dir='ltr'><strong>nos</strong></span> <span class='ocrx_word' id='word_1_357' title='bbox 422 2231 530 2266; x_wconf 84' lang='lat' dir='ltr'><strong>docuit,</strong></span> <span class='ocrx_word' id='word_1_358' title='bbox 548 2240 646 2264; x_wconf 88' lang='lat' dir='ltr'><strong>terram</strong></span> <span class='ocrx_word' id='word_1_359' title='bbox 660 2246 740 2266; x_wconf 89' lang='lat' dir='ltr'><strong>omne</strong></span> <span class='ocrx_word' id='word_1_360' title='bbox 755 2240 854 2275; x_wconf 85' lang='lat' dir='ltr'><strong>lignum</strong></span> <span class='ocrx_word' id='word_1_361' title='bbox 874 2244 995 2272; x_wconf 88' lang='lat' dir='ltr'><strong>emisisse</strong></span> 
     </span>
    </p>
   </div>
   <div class='ocr_carea' id='block_1_48' title="bbox 203 2275 994 2322">
    <p class='ocr_par' dir='ltr' id='par_1_48' title="bbox 203 2275 994 2322">
     <span class='ocr_line' id='line_1_48' title="bbox 203 2275 994 2322; baseline 0.025 -25"><span class='ocrx_word' id='word_1_362' title='bbox 203 2275 349 2302; x_wconf 82' lang='lat' dir='ltr'><strong>scentulum</strong></span> <span class='ocrx_word' id='word_1_363' title='bbox 373 2277 477 2306; x_wconf 85' lang='lat' dir='ltr'><strong>Domini</strong></span> <span class='ocrx_word' id='word_1_364' title='bbox 501 2287 680 2316; x_wconf 65' lang='lat' dir='ltr'><strong>pra-ceptum,</strong></span> <span class='ocrx_word' id='word_1_365' title='bbox 700 2285 845 2319; x_wconf 86' lang='lat' dir='ltr'><strong>jucundum</strong></span> <span class='ocrx_word' id='word_1_366' title='bbox 874 2289 948 2322; x_wconf 84' lang='lat' dir='ltr'><strong>visu,</strong></span> <span class='ocrx_word' id='word_1_367' title='bbox 967 2295 994 2318; x_wconf 81' lang='lat' dir='ltr'><strong>et</strong></span> 
     </span>
    </p>
   </div>
   <div class='ocr_carea' id='block_1_49' title="bbox 205 2318 995 2369">
    <p class='ocr_par' dir='ltr' id='par_1_49' title="bbox 205 2318 995 2369">
     <span class='ocr_line' id='line_1_49' title="bbox 205 2318 995 2369; baseline 0.024 -26"><span class='ocrx_word' id='word_1_368' title='bbox 205 2318 304 2346; x_wconf 84' lang='lat' dir='ltr'><strong>bonum</strong></span> <span class='ocrx_word' id='word_1_369' title='bbox 327 2329 384 2354; x_wconf 88' lang='lat' dir='ltr'><strong>esu,</strong></span> <span class='ocrx_word' id='word_1_370' title='bbox 401 2327 462 2351; x_wconf 91' lang='lat' dir='ltr'><strong>tunc</strong></span> <span class='ocrx_word' id='word_1_371' title='bbox 483 2326 517 2352; x_wconf 85' lang='lat' dir='ltr'><strong>ait</strong></span> <span class='ocrx_word' id='word_1_372' title='bbox 534 2335 540 2353; x_wconf 88' lang='lat'>:</span> <span class='ocrx_word' id='word_1_373' title='bbox 558 2327 590 2354; x_wconf 79' lang='lat' dir='ltr'><strong>Et</strong></span> <span class='ocrx_word' id='word_1_374' title='bbox 603 2318 707 2363; x_wconf 14' lang='lat' dir='ltr'><strong>lignum?</strong></span> <span class='ocrx_word' id='word_1_375' title='bbox 723 2331 779 2358; x_wconf 72' lang='lat' dir='ltr'><strong>vita:</strong></span> <span class='ocrx_word' id='word_1_376' title='bbox 797 2334 822 2359; x_wconf 89' lang='lat' dir='ltr'><strong>in</strong></span> <span class='ocrx_word' id='word_1_377' title='bbox 843 2334 924 2360; x_wconf 83' lang='lat' dir='ltr'><strong>medio</strong></span> <span class='ocrx_word' id='word_1_378' title='bbox 946 2344 995 2369; x_wconf 83' lang='lat' dir='ltr'><strong>pa—</strong></span> 
     </span>
    </p>
   </div>
   <div class='ocr_carea' id='block_1_50' title="bbox 202 2365 992 2409">
    <p class='ocr_par' dir='ltr' id='par_1_50' title="bbox 202 2365 992 2409">
     <span class='ocr_line' id='line_1_50' title="bbox 202 2365 992 2409; baseline 0.023 -19"><span class='ocrx_word' id='word_1_379' title='bbox 202 2365 282 2392; x_wconf 78' lang='lat' dir='ltr'><strong>radisi</strong></span> <span class='ocrx_word' id='word_1_380' title='bbox 293 2388 300 2399; x_wconf 95' lang='lat'><strong>,</strong></span> <span class='ocrx_word' id='word_1_381' title='bbox 312 2372 335 2393; x_wconf 87' lang='lat' dir='ltr'><strong>et</strong></span> <span class='ocrx_word' id='word_1_382' title='bbox 348 2368 443 2403; x_wconf 85' lang='lat' dir='ltr'><strong>lignum</strong></span> <span class='ocrx_word' id='word_1_383' title='bbox 460 2371 493 2397; x_wconf 83' lang='lat' dir='ltr'><strong>ad</strong></span> <span class='ocrx_word' id='word_1_384' title='bbox 506 2373 635 2401; x_wconf 80' lang='lat' dir='ltr'><strong>sciendum</strong></span> <span class='ocrx_word' id='word_1_385' title='bbox 654 2375 745 2403; x_wconf 82' lang='lat' dir='ltr'><strong>bonum</strong></span> <span class='ocrx_word' id='word_1_386' title='bbox 760 2382 783 2403; x_wconf 72' lang='lat' dir='ltr'><strong>et</strong></span> <span class='ocrx_word' id='word_1_387' title='bbox 801 2380 904 2406; x_wconf 87' lang='lat' dir='ltr'><strong>malum.</strong></span> <span class='ocrx_word' id='word_1_388' title='bbox 927 2381 992 2409; x_wconf 89' lang='lat' dir='ltr'><strong>Cum</strong></span> 
     </span>
    </p>
   </div>
   <div class='ocr_carea' id='block_1_51' title="bbox 203 2414 990 2463">
    <p class='ocr_par' dir='ltr' id='par_1_51' title="bbox 203 2414 990 2463">
     <span class='ocr_line' id='line_1_51' title="bbox 203 2414 990 2463; baseline 0.024 -26"><span class='ocrx_word' id='word_1_389' title='bbox 203 2414 341 2445; x_wconf 64' lang='lat' dir='ltr'><strong>prasseiret</strong></span> <span class='ocrx_word' id='word_1_390' title='bbox 361 2417 431 2444; x_wconf 92' lang='lat' dir='ltr'><strong>cnim</strong></span> <span class='ocrx_word' id='word_1_391' title='bbox 446 2417 575 2461; x_wconf 76' lang='lat' dir='ltr'><strong>benignus</strong></span> <span class='ocrx_word' id='word_1_392' title='bbox 599 2421 743 2457; x_wconf 87' lang='lat' dir='ltr'><strong>Dominus,</strong></span> <span class='ocrx_word' id='word_1_393' title='bbox 757 2429 848 2460; x_wconf 89' lang='lat' dir='ltr'><strong>utpote</strong></span> <span class='ocrx_word' id='word_1_394' title='bbox 862 2427 972 2456; x_wconf 82' lang='lat' dir='ltr'><strong>Creator</strong></span> <span class='ocrx_word' id='word_1_395' title='bbox 983 2450 990 2463; x_wconf 92' lang='lat'><strong>,</strong></span> 
     </span>
    </p>
   </div>
   <div class='ocr_carea' id='block_1_52' title="bbox 202 2456 991 2506">
    <p class='ocr_par' dir='ltr' id='par_1_52' title="bbox 202 2456 991 2506">
     <span class='ocr_line' id='line_1_52' title="bbox 202 2456 991 2506; baseline 0.022 -22"><span class='ocrx_word' id='word_1_396' title='bbox 202 2466 392 2489; x_wconf 87' lang='lat' dir='ltr'><strong>nocumentum</strong></span> <span class='ocrx_word' id='word_1_397' title='bbox 415 2471 447 2490; x_wconf 83' lang='lat' dir='ltr'><strong>cx</strong></span> <span class='ocrx_word' id='word_1_398' title='bbox 474 2456 596 2494; x_wconf 76' lang='lat' dir='ltr'><strong>libertate</strong></span> <span class='ocrx_word' id='word_1_399' title='bbox 618 2472 646 2494; x_wconf 86' lang='lat' dir='ltr'><strong>et</strong></span> <span class='ocrx_word' id='word_1_400' title='bbox 667 2470 809 2498; x_wconf 86' lang='lat' dir='ltr'><strong>securitate</strong></span> <span class='ocrx_word' id='word_1_401' title='bbox 831 2473 991 2506; x_wconf 83' lang='lat' dir='ltr'><strong>procedente</strong></span> 
     </span>
    </p>
   </div>
   <div class='ocr_carea' id='block_1_53' title="bbox 200 2508 991 2548">
    <p class='ocr_par' dir='ltr' id='par_1_53' title="bbox 200 2508 991 2548">
     <span class='ocr_line' id='line_1_53' title="bbox 200 2508 991 2548; baseline 0.02 -18"><span class='ocrx_word' id='word_1_402' title='bbox 200 2509 321 2539; x_wconf 86' lang='lat' dir='ltr'><strong>tempore</strong></span> <span class='ocrx_word' id='word_1_403' title='bbox 341 2508 481 2542; x_wconf 88' lang='lat' dir='ltr'><strong>oriturum,</strong></span> <span class='ocrx_word' id='word_1_404' title='bbox 506 2512 630 2546; x_wconf 87' lang='lat' dir='ltr'><strong>produxit</strong></span> <span class='ocrx_word' id='word_1_405' title='bbox 651 2514 750 2548; x_wconf 81' lang='lat' dir='ltr'><strong>lignum</strong></span> <span class='ocrx_word' id='word_1_406' title='bbox 770 2516 830 2543; x_wconf 80' lang='lat' dir='ltr'><strong>vita:</strong></span> <span class='ocrx_word' id='word_1_407' title='bbox 856 2518 882 2544; x_wconf 88' lang='lat' dir='ltr'><strong>in</strong></span> <span class='ocrx_word' id='word_1_408' title='bbox 903 2520 991 2547; x_wconf 88' lang='lat' dir='ltr'><strong>medio</strong></span> 
     </span>
    </p>
   </div>
   <div class='ocr_carea' id='block_1_54' title="bbox 199 2551 987 2597">
    <p class='ocr_par' dir='ltr' id='par_1_54' title="bbox 199 2551 987 2597">
     <span class='ocr_line' id='line_1_54' title="bbox 199 2551 987 2597; baseline 0.02 -22"><span class='ocrx_word' id='word_1_409' title='bbox 199 2551 327 2585; x_wconf 84' lang='lat' dir='ltr'><strong>paradisi,</strong></span> <span class='ocrx_word' id='word_1_410' title='bbox 345 2560 447 2581; x_wconf 88' lang='lat' dir='ltr'><strong>necnon</strong></span> <span class='ocrx_word' id='word_1_411' title='bbox 465 2555 564 2590; x_wconf 82' lang='lat' dir='ltr'><strong>lignum</strong></span> <span class='ocrx_word' id='word_1_412' title='bbox 586 2559 687 2586; x_wconf 87' lang='lat' dir='ltr'><strong>sciendi</strong></span> <span class='ocrx_word' id='word_1_413' title='bbox 711 2560 808 2588; x_wconf 86' lang='lat' dir='ltr'><strong>bonum</strong></span> <span class='ocrx_word' id='word_1_414' title='bbox 832 2567 859 2589; x_wconf 89' lang='lat' dir='ltr'><strong>et</strong></span> <span class='ocrx_word' id='word_1_415' title='bbox 879 2565 987 2597; x_wconf 86' lang='lat' dir='ltr'><strong>malum,</strong></span> 
     </span>
    </p>
   </div>
   <div class='ocr_carea' id='block_1_55' title="bbox 197 2597 990 2643">
    <p class='ocr_par' dir='ltr' id='par_1_55' title="bbox 197 2597 990 2643">
     <span class='ocr_line' id='line_1_55' title="bbox 197 2597 990 2643; baseline 0.019 -21"><span class='ocrx_word' id='word_1_416' title='bbox 197 2597 260 2630; x_wconf 84' lang='lat' dir='ltr'><strong>quia</strong></span> <span class='ocrx_word' id='word_1_417' title='bbox 273 2605 325 2624; x_wconf 89' lang='lat' dir='ltr'><strong>non</strong></span> <span class='ocrx_word' id='word_1_418' title='bbox 340 2599 423 2627; x_wconf 93' lang='lat' dir='ltr'><strong>multo</strong></span> <span class='ocrx_word' id='word_1_419' title='bbox 438 2607 497 2636; x_wconf 90' lang='lat' dir='ltr'><strong>post</strong></span> <span class='ocrx_word' id='word_1_420' title='bbox 510 2603 544 2630; x_wconf 88' lang='lat' dir='ltr'><strong>ab</strong></span> <span class='ocrx_word' id='word_1_421' title='bbox 556 2611 589 2630; x_wconf 90' lang='lat' dir='ltr'><strong>eo</strong></span> <span class='ocrx_word' id='word_1_422' title='bbox 601 2605 734 2633; x_wconf 87' lang='lat' dir='ltr'><strong>abstinere</strong></span> <span class='ocrx_word' id='word_1_423' title='bbox 747 2607 867 2640; x_wconf 74' lang='lat' dir='ltr'><strong>iussurus</strong></span> <span class='ocrx_word' id='word_1_424' title='bbox 878 2614 945 2643; x_wconf 88' lang='lat' dir='ltr'><strong>erat,</strong></span> <span class='ocrx_word' id='word_1_425' title='bbox 962 2616 990 2637; x_wconf 91' lang='lat' dir='ltr'><strong>ut</strong></span> 
     </span>
    </p>
   </div>
   <div class='ocr_carea' id='block_1_56' title="bbox 197 2643 989 2688">
    <p class='ocr_par' dir='ltr' id='par_1_56' title="bbox 197 2643 989 2688">
     <span class='ocr_line' id='line_1_56' title="bbox 197 2643 989 2688; baseline 0.02 -20"><span class='ocrx_word' id='word_1_426' title='bbox 197 2643 268 2671; x_wconf 72' lang='lat' dir='ltr'><strong>scire</strong></span> <span class='ocrx_word' id='word_1_427' title='bbox 293 2651 384 2679; x_wconf 81' lang='lat' dir='ltr'><strong>posset</strong></span> <span class='ocrx_word' id='word_1_428' title='bbox 405 2655 435 2674; x_wconf 88' lang='lat' dir='ltr'><strong>se</strong></span> <span class='ocrx_word' id='word_1_429' title='bbox 457 2655 489 2675; x_wconf 80' lang='lat' dir='ltr'><strong>ex</strong></span> <span class='ocrx_word' id='word_1_430' title='bbox 508 2651 589 2684; x_wconf 87' lang='lat' dir='ltr'><strong>gratia</strong></span> <span class='ocrx_word' id='word_1_431' title='bbox 613 2656 639 2679; x_wconf 91' lang='lat' dir='ltr'><strong>et</strong></span> <span class='ocrx_word' id='word_1_432' title='bbox 654 2652 834 2688; x_wconf 76' lang='lat' dir='ltr'><strong>benignitate‘</strong></span> <span class='ocrx_word' id='word_1_433' title='bbox 854 2655 906 2683; x_wconf 78' lang='lat' dir='ltr'><strong>illis</strong></span> <span class='ocrx_word' id='word_1_434' title='bbox 925 2656 989 2684; x_wconf 86' lang='lat' dir='ltr'><strong>l&#39;rui-</strong></span> 
     </span>
    </p>
   </div>
   <div class='ocr_carea' id='block_1_57' title="bbox 202 2692 987 2729">
    <p class='ocr_par' dir='ltr' id='par_1_57' title="bbox 202 2692 987 2729">
     <span class='ocr_line' id='line_1_57' title="bbox 202 2692 987 2729; baseline 0.02 -15"><span class='ocrx_word' id='word_1_435' title='bbox 202 2692 291 2716; x_wconf 79' lang='lat' dir='ltr'><strong>turum</strong></span> <span class='ocrx_word' id='word_1_436' title='bbox 306 2698 377 2724; x_wconf 87' lang='lat' dir='ltr'><strong>csse,</strong></span> <span class='ocrx_word' id='word_1_437' title='bbox 392 2699 424 2719; x_wconf 90' lang='lat' dir='ltr'><strong>ac</strong></span> <span class='ocrx_word' id='word_1_438' title='bbox 446 2701 476 2721; x_wconf 88' lang='lat' dir='ltr'><strong>se</strong></span> <span class='ocrx_word' id='word_1_439' title='bbox 494 2694 632 2724; x_wconf 91' lang='lat' dir='ltr'><strong>Dominum</strong></span> <span class='ocrx_word' id='word_1_440' title='bbox 646 2703 673 2725; x_wconf 91' lang='lat' dir='ltr'><strong>ct</strong></span> <span class='ocrx_word' id='word_1_441' title='bbox 686 2698 839 2727; x_wconf 83' lang='lat' dir='ltr'><strong>Creatorem</strong></span> <span class='ocrx_word' id='word_1_442' title='bbox 860 2708 920 2729; x_wconf 87' lang='lat' dir='ltr'><strong>esse</strong></span> <span class='ocrx_word' id='word_1_443' title='bbox 933 2707 987 2729; x_wconf 87' lang='lat' dir='ltr'><strong>tum</strong></span> 
     </span>
    </p>
   </div>
   <div class='ocr_carea' id='block_1_58' title="bbox 201 2734 987 2782">
    <p class='ocr_par' dir='ltr' id='par_1_58' title="bbox 201 2734 987 2782">
     <span class='ocr_line' id='line_1_58' title="bbox 201 2734 987 2782; baseline 0.02 -22"><span class='ocrx_word' id='word_1_444' title='bbox 201 2734 273 2763; x_wconf 86' lang='lat' dir='ltr'><strong>illius</strong></span> <span class='ocrx_word' id='word_1_445' title='bbox 295 2737 461 2772; x_wconf 70' lang='lat' dir='ltr'><strong>substantire,</strong></span> <span class='ocrx_word' id='word_1_446' title='bbox 478 2744 533 2768; x_wconf 91' lang='lat' dir='ltr'><strong>tum</strong></span> <span class='ocrx_word' id='word_1_447' title='bbox 550 2743 668 2770; x_wconf 90' lang='lat' dir='ltr'><strong>omnium</strong></span> <span class='ocrx_word' id='word_1_448' title='bbox 686 2745 838 2774; x_wconf 87' lang='lat' dir='ltr'><strong>visibilium.</strong></span> <span class='ocrx_word' id='word_1_449' title='bbox 861 2746 921 2775; x_wconf 89' lang='lat' dir='ltr'><strong>Ideo</strong></span> <span class='ocrx_word' id='word_1_450' title='bbox 932 2747 987 2782; x_wconf 84' lang='lat' dir='ltr'><strong>jam</strong></span> 
     </span>
    </p>
   </div>
   <div class='ocr_carea' id='block_1_59' title="bbox 230 2823 808 2865">
    <p class='ocr_par' dir='ltr' id='par_1_59' title="bbox 230 2823 808 2865">
     <span class='ocr_line' id='line_1_59' title="bbox 230 2823 808 2865; baseline 0.017 -17"><span class='ocrx_word' id='word_1_451' title='bbox 230 2823 239 2838; x_wconf 86' lang='lat'>&#39;</span> <span class='ocrx_word' id='word_1_452' title='bbox 257 2826 317 2849; x_wconf 70' lang='grc' dir='ltr'><strong>της</strong></span> <span class='ocrx_word' id='word_1_453' title='bbox 325 2827 390 2857; x_wconf 84' lang='lat' dir='ltr'><strong>Itss.,</strong></span> <span class='ocrx_word' id='word_1_454' title='bbox 397 2827 584 2860; x_wconf 73' lang='lat' dir='ltr'><strong>magniﬁcentia,</strong></span> <span class='ocrx_word' id='word_1_455' title='bbox 595 2837 646 2860; x_wconf 83' lang='lat' dir='ltr'><strong>pro.</strong></span> <span class='ocrx_word' id='word_1_456' title='bbox 658 2831 808 2865; x_wconf 72' lang='lat' dir='ltr'><strong>benignitate.</strong></span> 
     </span>
    </p>
   </div>
   <div class='ocr_carea' id='block_1_60' title="bbox 773 119 1308 158">
    <p class='ocr_par' dir='ltr' id='par_1_60' title="bbox 773 119 1308 158">
     <span class='ocr_line' id='line_1_60' title="bbox 773 119 1308 158; baseline 0.021 -11"><span class='ocrx_word' id='word_1_457' title='bbox 773 119 806 148; x_wconf 78' lang='lat' dir='ltr'><strong>IN</strong></span> <span class='ocrx_word' id='word_1_458' title='bbox 824 121 942 150; x_wconf 77' lang='lat' dir='ltr'><strong>CAPJI.</strong></span> <span class='ocrx_word' id='word_1_459' title='bbox 962 123 1082 153; x_wconf 83' lang='lat' dir='ltr'><strong>GENES.</strong></span> <span class='ocrx_word' id='word_1_460' title='bbox 1104 127 1218 156; x_wconf 77' lang='lat' dir='ltr'><strong>llOMlL.</strong></span> <span class='ocrx_word' id='word_1_461' title='bbox 1241 131 1308 158; x_wconf 79' lang='lat' dir='ltr'><strong>Xlll.</strong></span> 
     </span>
    </p>
   </div>
   <div class='ocr_carea' id='block_1_61' title="bbox 1068 182 1860 232">
    <p class='ocr_par' dir='ltr' id='par_1_61' title="bbox 1068 182 1860 232">
     <span class='ocr_line' id='line_1_61' title="bbox 1068 182 1860 232; baseline 0.029 -23"><span class='ocrx_word' id='word_1_462' title='bbox 1068 182 1131 218; x_wconf 85' lang='lat' dir='ltr'><strong>ligni</strong></span> <span class='ocrx_word' id='word_1_463' title='bbox 1147 187 1308 216; x_wconf 89' lang='lat' dir='ltr'><strong>mentionem</strong></span> <span class='ocrx_word' id='word_1_464' title='bbox 1333 190 1396 218; x_wconf 84' lang='lat' dir='ltr'><strong>fecit</strong></span> <span class='ocrx_word' id='word_1_465' title='bbox 1408 214 1414 225; x_wconf 94' lang='lat'><strong>,</strong></span> <span class='ocrx_word' id='word_1_466' title='bbox 1433 201 1465 221; x_wconf 90' lang='lat' dir='ltr'><strong>ac</strong></span> <span class='ocrx_word' id='word_1_467' title='bbox 1487 195 1623 226; x_wconf 87' lang='lat' dir='ltr'><strong>ﬁumintnn</strong></span> <span class='ocrx_word' id='word_1_468' title='bbox 1640 203 1745 229; x_wconf 85' lang='lat' dir='ltr'><strong>nomina</strong></span> <span class='ocrx_word' id='word_1_469' title='bbox 1765 203 1860 232; x_wconf 81' lang='lat' dir='ltr'><strong>deinde</strong></span> 
     </span>
    </p>
   </div>
   <div class='ocr_carea' id='block_1_62' title="bbox 1069 231 1859 285">
    <p class='ocr_par' dir='ltr' id='par_1_62' title="bbox 1069 231 1859 285">
     <span class='ocr_line' id='line_1_62' title="bbox 1069 231 1859 285; baseline 0.028 -28"><span class='ocrx_word' id='word_1_470' title='bbox 1069 231 1145 258; x_wconf 89' lang='lat' dir='ltr'><strong>nobis</strong></span> <span class='ocrx_word' id='word_1_471' title='bbox 1159 233 1277 262; x_wconf 83' lang='lat' dir='ltr'><strong>declarat</strong></span> <span class='ocrx_word' id='word_1_472' title='bbox 1289 257 1296 268; x_wconf 96' lang='lat'><strong>,</strong></span> <span class='ocrx_word' id='word_1_473' title='bbox 1314 237 1472 274; x_wconf 90' lang='lat' dir='ltr'><strong>illorutnque</strong></span> <span class='ocrx_word' id='word_1_474' title='bbox 1487 248 1514 268; x_wconf 93' lang='lat' dir='ltr'><strong>ut</strong></span> <span class='ocrx_word' id='word_1_475' title='bbox 1527 243 1623 272; x_wconf 79' lang='lat' dir='ltr'><strong>dixerit</strong></span> <span class='ocrx_word' id='word_1_476' title='bbox 1637 248 1767 282; x_wconf 79' lang='lat' dir='ltr'><strong>quispiam</strong></span> <span class='ocrx_word' id='word_1_477' title='bbox 1781 257 1859 285; x_wconf 43' lang='lat' dir='ltr'><strong>sepa-</strong></span> 
     </span>
    </p>
   </div>
   <div class='ocr_carea' id='block_1_63' title="bbox 1069 279 1860 327">
    <p class='ocr_par' dir='ltr' id='par_1_63' title="bbox 1069 279 1860 327">
     <span class='ocr_line' id='line_1_63' title="bbox 1069 279 1860 327; baseline 0.027 -23"><span class='ocrx_word' id='word_1_478' title='bbox 1069 279 1218 312; x_wconf 88' lang='lat' dir='ltr'><strong>rationem,</strong></span> <span class='ocrx_word' id='word_1_479' title='bbox 1239 289 1271 308; x_wconf 89' lang='lat' dir='ltr'><strong>ac</strong></span> <span class='ocrx_word' id='word_1_480' title='bbox 1290 286 1424 317; x_wconf 82' lang='lat' dir='ltr'><strong>quomodo</strong></span> <span class='ocrx_word' id='word_1_481' title='bbox 1447 295 1478 314; x_wconf 76' lang='lat' dir='ltr'><strong>ex</strong></span> <span class='ocrx_word' id='word_1_482' title='bbox 1502 288 1546 316; x_wconf 88' lang='lat' dir='ltr'><strong>illo</strong></span> <span class='ocrx_word' id='word_1_483' title='bbox 1556 291 1600 325; x_wconf 89' lang='lat' dir='ltr'><strong>qui</strong></span> <span class='ocrx_word' id='word_1_484' title='bbox 1627 295 1777 327; x_wconf 81' lang='lat' dir='ltr'><strong>paradisum</strong></span> <span class='ocrx_word' id='word_1_485' title='bbox 1801 297 1860 324; x_wconf 91' lang='lat' dir='ltr'><strong>irri-</strong></span> 
     </span>
    </p>
   </div>
   <div class='ocr_carea' id='block_1_64' title="bbox 1067 325 1858 371">
    <p class='ocr_par' dir='ltr' id='par_1_64' title="bbox 1067 325 1858 371">
     <span class='ocr_line' id='line_1_64' title="bbox 1067 325 1858 371; baseline 0.028 -21"><span class='ocrx_word' id='word_1_486' title='bbox 1067 325 1156 360; x_wconf 75' lang='lat' dir='ltr'><strong>gabat,</strong></span> <span class='ocrx_word' id='word_1_487' title='bbox 1180 327 1223 354; x_wconf 88' lang='lat' dir='ltr'><strong>alii</strong></span> <span class='ocrx_word' id='word_1_488' title='bbox 1248 328 1274 355; x_wconf 95' lang='lat' dir='ltr'><strong>in</strong></span> <span class='ocrx_word' id='word_1_489' title='bbox 1288 336 1402 364; x_wconf 75' lang='lat' dir='ltr'><strong>quatuor</strong></span> <span class='ocrx_word' id='word_1_490' title='bbox 1423 335 1507 368; x_wconf 88' lang='lat' dir='ltr'><strong>capita</strong></span> <span class='ocrx_word' id='word_1_491' title='bbox 1527 325 1743 369; x_wconf 23' lang='lat' dir='ltr'><strong>divisi,vclimata</strong></span> <span class='ocrx_word' id='word_1_492' title='bbox 1765 343 1858 371; x_wconf 88' lang='lat' dir='ltr'><strong>distin-</strong></span> 
     </span>
    </p>
   </div>
   <div class='ocr_carea' id='block_1_65' title="bbox 1067 373 1856 425">
    <p class='ocr_par' dir='ltr' id='par_1_65' title="bbox 1067 373 1856 425">
     <span class='ocr_line' id='line_1_65' title="bbox 1067 373 1856 425; baseline 0.027 -29"><span class='ocrx_word' id='word_1_493' title='bbox 1067 377 1189 405; x_wconf 79' lang='lat' dir='ltr'><strong>guerent.</strong></span> <span class='ocrx_word' id='word_1_494' title='bbox 1204 373 1300 401; x_wconf 90' lang='lat' dir='ltr'><strong>Verum</strong></span> <span class='ocrx_word' id='word_1_495' title='bbox 1315 376 1382 403; x_wconf 86' lang='lat' dir='ltr'><strong>forte</strong></span> <span class='ocrx_word' id='word_1_496' title='bbox 1395 379 1411 405; x_wconf 90' lang='lat' dir='ltr'><strong>ii</strong></span> <span class='ocrx_word' id='word_1_497' title='bbox 1423 380 1466 413; x_wconf 92' lang='lat' dir='ltr'><strong>qui</strong></span> <span class='ocrx_word' id='word_1_498' title='bbox 1479 388 1510 407; x_wconf 82' lang='lat' dir='ltr'><strong>ex</strong></span> <span class='ocrx_word' id='word_1_499' title='bbox 1525 384 1629 416; x_wconf 89' lang='lat' dir='ltr'><strong>propria</strong></span> <span class='ocrx_word' id='word_1_500' title='bbox 1643 386 1771 419; x_wconf 85' lang='lat' dir='ltr'><strong>sapientia</strong></span> <span class='ocrx_word' id='word_1_501' title='bbox 1786 389 1856 425; x_wconf 89' lang='lat' dir='ltr'><strong>loqui</strong></span> 
     </span>
    </p>
   </div>
   <div class='ocr_carea' id='block_1_66' title="bbox 1070 418 1856 467">
    <p class='ocr_par' dir='ltr' id='par_1_66' title="bbox 1070 418 1856 467">
     <span class='ocr_line' id='line_1_66' title="bbox 1070 418 1856 467; baseline 0.025 -25"><span class='ocrx_word' id='word_1_502' title='bbox 1070 419 1176 450; x_wconf 89' lang='lat' dir='ltr'><strong>volunt,</strong></span> <span class='ocrx_word' id='word_1_503' title='bbox 1201 418 1309 447; x_wconf 82' lang='lat' dir='ltr'><strong>ﬁumina</strong></span> <span class='ocrx_word' id='word_1_504' title='bbox 1336 423 1378 449; x_wconf 88' lang='lat' dir='ltr'><strong>illa</strong></span> <span class='ocrx_word' id='word_1_505' title='bbox 1406 433 1458 451; x_wconf 80' lang='lat' dir='ltr'><strong>non</strong></span> <span class='ocrx_word' id='word_1_506' title='bbox 1485 428 1635 455; x_wconf 86' lang='lat' dir='ltr'><strong>concedunt</strong></span> <span class='ocrx_word' id='word_1_507' title='bbox 1655 438 1713 459; x_wconf 77' lang='lat' dir='ltr'><strong>esse</strong></span> <span class='ocrx_word' id='word_1_508' title='bbox 1732 418 1856 467; x_wconf 67' lang='lat' dir='ltr'><strong>tlutnhia.</strong></span> 
     </span>
    </p>
   </div>
   <div class='ocr_carea' id='block_1_67' title="bbox 1067 466 1856 514">
    <p class='ocr_par' dir='ltr' id='par_1_67' title="bbox 1067 466 1856 514">
     <span class='ocr_line' id='line_1_67' title="bbox 1067 466 1856 514; baseline 0.025 -26"><span class='ocrx_word' id='word_1_509' title='bbox 1067 470 1152 497; x_wconf 89' lang='lat' dir='ltr'><strong>neque</strong></span> <span class='ocrx_word' id='word_1_510' title='bbox 1167 472 1249 500; x_wconf 90' lang='lat' dir='ltr'><strong>aquas</strong></span> <span class='ocrx_word' id='word_1_511' title='bbox 1261 466 1378 496; x_wconf 81' lang='lat' dir='ltr'><strong>fatentur</strong></span> <span class='ocrx_word' id='word_1_512' title='bbox 1389 478 1448 497; x_wconf 88' lang='lat' dir='ltr'><strong>esse</strong></span> <span class='ocrx_word' id='word_1_513' title='bbox 1459 479 1540 507; x_wconf 88' lang='lat' dir='ltr'><strong>aquas</strong></span> <span class='ocrx_word' id='word_1_514' title='bbox 1550 494 1557 507; x_wconf 94' lang='lat'><strong>,</strong></span> <span class='ocrx_word' id='word_1_515' title='bbox 1573 475 1620 502; x_wconf 84' lang='lat' dir='ltr'><strong>sed</strong></span> <span class='ocrx_word' id='word_1_516' title='bbox 1634 476 1705 504; x_wconf 76' lang='lat' dir='ltr'><strong>aliud</strong></span> <span class='ocrx_word' id='word_1_517' title='bbox 1720 480 1856 514; x_wconf 83' lang='lat' dir='ltr'><strong>nnaginari</strong></span> 
     </span>
    </p>
   </div>
   <div class='ocr_carea' id='block_1_68' title="bbox 1067 511 1859 553">
    <p class='ocr_par' dir='ltr' id='par_1_68' title="bbox 1067 511 1859 553">
     <span class='ocr_line' id='line_1_68' title="bbox 1067 511 1859 553; baseline 0.02 -16"><span class='ocrx_word' id='word_1_518' title='bbox 1067 511 1179 539; x_wconf 88' lang='lat' dir='ltr'><strong>suadent</strong></span> <span class='ocrx_word' id='word_1_519' title='bbox 1199 513 1232 540; x_wconf 90' lang='lat' dir='ltr'><strong>iis</strong></span> <span class='ocrx_word' id='word_1_520' title='bbox 1246 515 1290 549; x_wconf 93' lang='lat' dir='ltr'><strong>qui</strong></span> <span class='ocrx_word' id='word_1_521' title='bbox 1312 515 1361 542; x_wconf 88' lang='lat' dir='ltr'><strong>sibi</strong></span> <span class='ocrx_word' id='word_1_522' title='bbox 1381 524 1459 545; x_wconf 88' lang='lat' dir='ltr'><strong>aures</strong></span> <span class='ocrx_word' id='word_1_523' title='bbox 1479 522 1681 550; x_wconf 83' lang='lat' dir='ltr'><strong>accommodare</strong></span> <span class='ocrx_word' id='word_1_524' title='bbox 1703 525 1804 552; x_wconf 84' lang='lat' dir='ltr'><strong>volunt.</strong></span> <span class='ocrx_word' id='word_1_525' title='bbox 1825 529 1859 553; x_wconf 76' lang='lat' dir='ltr'><strong>At</strong></span> 
     </span>
    </p>
   </div>
   <div class='ocr_carea' id='block_1_69' title="bbox 1067 558 1856 603">
    <p class='ocr_par' dir='ltr' id='par_1_69' title="bbox 1067 558 1856 603">
     <span class='ocr_line' id='line_1_69' title="bbox 1067 558 1856 603; baseline 0.019 -20"><span class='ocrx_word' id='word_1_526' title='bbox 1067 564 1132 589; x_wconf 87' lang='lat' dir='ltr'><strong>nos,</strong></span> <span class='ocrx_word' id='word_1_527' title='bbox 1149 558 1269 590; x_wconf 79' lang='lat' dir='ltr'><strong>obsecro.</strong></span> <span class='ocrx_word' id='word_1_528' title='bbox 1293 560 1444 595; x_wconf 74' lang='lat' dir='ltr'><strong>huiusmodi</strong></span> <span class='ocrx_word' id='word_1_529' title='bbox 1469 563 1590 593; x_wconf 87' lang='lat' dir='ltr'><strong>homines</strong></span> <span class='ocrx_word' id='word_1_530' title='bbox 1611 575 1643 593; x_wconf 89' lang='lat' dir='ltr'><strong>ne</strong></span> <span class='ocrx_word' id='word_1_531' title='bbox 1664 568 1797 603; x_wconf 80' lang='lat' dir='ltr'><strong>feramus,</strong></span> <span class='ocrx_word' id='word_1_532' title='bbox 1811 572 1856 598; x_wconf 91' lang='lat' dir='ltr'><strong>scd</strong></span> 
     </span>
    </p>
   </div>
   <div class='ocr_carea' id='block_1_70' title="bbox 1066 603 1855 644">
    <p class='ocr_par' dir='ltr' id='par_1_70' title="bbox 1066 603 1855 644">
     <span class='ocr_line' id='line_1_70' title="bbox 1066 603 1855 644; baseline 0.02 -16"><span class='ocrx_word' id='word_1_533' title='bbox 1066 603 1236 631; x_wconf 79' lang='lat' dir='ltr'><strong>obstruamus</strong></span> <span class='ocrx_word' id='word_1_534' title='bbox 1261 605 1366 633; x_wconf 84' lang='lat' dir='ltr'><strong>illorum</strong></span> <span class='ocrx_word' id='word_1_535' title='bbox 1386 608 1463 635; x_wconf 89' lang='lat' dir='ltr'><strong>dictis</strong></span> <span class='ocrx_word' id='word_1_536' title='bbox 1487 617 1575 644; x_wconf 88' lang='lat' dir='ltr'><strong>aures,</strong></span> <span class='ocrx_word' id='word_1_537' title='bbox 1600 613 1740 642; x_wconf 83' lang='lat' dir='ltr'><strong>credamus</strong></span> <span class='ocrx_word' id='word_1_538' title='bbox 1760 616 1855 644; x_wconf 69' lang='lat' dir='ltr'><strong>divina:</strong></span> 
     </span>
    </p>
   </div>
   <div class='ocr_carea' id='block_1_71' title="bbox 1065 647 1855 696">
    <p class='ocr_par' dir='ltr' id='par_1_71' title="bbox 1065 647 1855 696">
     <span class='ocr_line' id='line_1_71' title="bbox 1065 647 1855 696; baseline 0.02 -22"><span class='ocrx_word' id='word_1_539' title='bbox 1065 647 1221 683; x_wconf 69' lang='lat' dir='ltr'><strong>Scriptum.</strong></span> <span class='ocrx_word' id='word_1_540' title='bbox 1238 656 1318 686; x_wconf 87' lang='lat' dir='ltr'><strong>atque</strong></span> <span class='ocrx_word' id='word_1_541' title='bbox 1329 660 1358 680; x_wconf 90' lang='lat' dir='ltr'><strong>ea</strong></span> <span class='ocrx_word' id='word_1_542' title='bbox 1380 662 1439 688; x_wconf 77' lang='lat' dir='ltr'><strong>qua:</strong></span> <span class='ocrx_word' id='word_1_543' title='bbox 1460 655 1484 682; x_wconf 92' lang='lat' dir='ltr'><strong>in</strong></span> <span class='ocrx_word' id='word_1_544' title='bbox 1500 656 1543 683; x_wconf 85' lang='lat' dir='ltr'><strong>illa</strong></span> <span class='ocrx_word' id='word_1_545' title='bbox 1568 657 1692 686; x_wconf 86' lang='lat' dir='ltr'><strong>dicuntur</strong></span> <span class='ocrx_word' id='word_1_546' title='bbox 1712 666 1855 696; x_wconf 80' lang='lat' dir='ltr'><strong>sectantes,</strong></span> 
     </span>
    </p>
   </div>
   <div class='ocr_carea' id='block_1_72' title="bbox 1065 696 1856 740">
    <p class='ocr_par' dir='ltr' id='par_1_72' title="bbox 1065 696 1856 740">
     <span class='ocr_line' id='line_1_72' title="bbox 1065 696 1856 740; baseline 0.02 -20"><span class='ocrx_word' id='word_1_547' title='bbox 1065 701 1156 722; x_wconf 88' lang='lat' dir='ltr'><strong>sanam</strong></span> <span class='ocrx_word' id='word_1_548' title='bbox 1177 696 1325 725; x_wconf 90' lang='lat' dir='ltr'><strong>doctrinam</strong></span> <span class='ocrx_word' id='word_1_549' title='bbox 1348 699 1373 726; x_wconf 92' lang='lat' dir='ltr'><strong>in</strong></span> <span class='ocrx_word' id='word_1_550' title='bbox 1395 701 1492 728; x_wconf 84' lang='lat' dir='ltr'><strong>animis</strong></span> <span class='ocrx_word' id='word_1_551' title='bbox 1516 704 1615 731; x_wconf 84' lang='lat' dir='ltr'><strong>nostris</strong></span> <span class='ocrx_word' id='word_1_552' title='bbox 1636 713 1766 740; x_wconf 87' lang='lat' dir='ltr'><strong>reponere</strong></span> <span class='ocrx_word' id='word_1_553' title='bbox 1786 713 1856 735; x_wconf 81' lang='lat' dir='ltr'><strong>sata-</strong></span> 
     </span>
    </p>
   </div>
   <div class='ocr_carea' id='block_1_73' title="bbox 1064 742 1855 786">
    <p class='ocr_par' dir='ltr' id='par_1_73' title="bbox 1064 742 1855 786">
     <span class='ocr_line' id='line_1_73' title="bbox 1064 742 1855 786; baseline 0.019 -20"><span class='ocrx_word' id='word_1_554' title='bbox 1064 749 1166 774; x_wconf 84' lang='lat' dir='ltr'><strong>gamus,</strong></span> <span class='ocrx_word' id='word_1_555' title='bbox 1182 742 1342 779; x_wconf 85' lang='lat' dir='ltr'><strong>insuperque</strong></span> <span class='ocrx_word' id='word_1_556' title='bbox 1357 745 1435 773; x_wconf 86' lang='lat' dir='ltr'><strong>vitam</strong></span> <span class='ocrx_word' id='word_1_557' title='bbox 1447 747 1775 786; x_wconf 81' lang='lat' dir='ltr'><strong>diligenterinstituamus,</strong></span> <span class='ocrx_word' id='word_1_558' title='bbox 1791 759 1818 781; x_wconf 86' lang='lat' dir='ltr'><strong>ut</strong></span> <span class='ocrx_word' id='word_1_559' title='bbox 1830 760 1855 782; x_wconf 85' lang='lat' dir='ltr'><strong>et</strong></span> 
     </span>
    </p>
   </div>
   <div class='ocr_carea' id='block_1_74' title="bbox 1064 785 1854 832">
    <p class='ocr_par' dir='ltr' id='par_1_74' title="bbox 1064 785 1854 832">
     <span class='ocr_line' id='line_1_74' title="bbox 1064 785 1854 832; baseline 0.018 -20"><span class='ocrx_word' id='word_1_560' title='bbox 1064 785 1120 820; x_wconf 89' lang='lat' dir='ltr'><strong>ipsa</strong></span> <span class='ocrx_word' id='word_1_561' title='bbox 1142 787 1196 814; x_wconf 91' lang='lat' dir='ltr'><strong>vita</strong></span> <span class='ocrx_word' id='word_1_562' title='bbox 1219 789 1254 815; x_wconf 84' lang='lat' dir='ltr'><strong>sit</strong></span> <span class='ocrx_word' id='word_1_563' title='bbox 1275 789 1403 818; x_wconf 73' lang='lat' dir='ltr'><strong>doctrina:</strong></span> <span class='ocrx_word' id='word_1_564' title='bbox 1427 793 1556 826; x_wconf 88' lang='lat' dir='ltr'><strong>testis,et</strong></span> <span class='ocrx_word' id='word_1_565' title='bbox 1578 795 1701 831; x_wconf 80' lang='lat' dir='ltr'><strong>dogmata</strong></span> <span class='ocrx_word' id='word_1_566' title='bbox 1725 798 1781 832; x_wconf 90' lang='lat' dir='ltr'><strong>ipsa</strong></span> <span class='ocrx_word' id='word_1_567' title='bbox 1795 800 1854 826; x_wconf 69' lang='lat' dir='ltr'><strong>vita:</strong></span> 
     </span>
    </p>
   </div>
   <div class='ocr_carea' id='block_1_75' title="bbox 1065 831 1854 876">
    <p class='ocr_par' dir='ltr' id='par_1_75' title="bbox 1065 831 1854 876">
     <span class='ocr_line' id='line_1_75' title="bbox 1065 831 1854 876; baseline 0.018 -19"><span class='ocrx_word' id='word_1_568' title='bbox 1065 831 1143 859; x_wconf 90' lang='lat' dir='ltr'><strong>ﬁdem</strong></span> <span class='ocrx_word' id='word_1_569' title='bbox 1159 833 1265 861; x_wconf 83' lang='lat' dir='ltr'><strong>faciant.</strong></span> <span class='ocrx_word' id='word_1_570' title='bbox 1281 836 1346 863; x_wconf 86' lang='lat' dir='ltr'><strong>Nam</strong></span> <span class='ocrx_word' id='word_1_571' title='bbox 1367 840 1388 864; x_wconf 88' lang='lat' dir='ltr'><strong>si</strong></span> <span class='ocrx_word' id='word_1_572' title='bbox 1412 838 1534 874; x_wconf 76' lang='lat' dir='ltr'><strong>dogmata</strong></span> <span class='ocrx_word' id='word_1_573' title='bbox 1550 842 1657 876; x_wconf 83' lang='lat' dir='ltr'><strong>quidem</strong></span> <span class='ocrx_word' id='word_1_574' title='bbox 1676 850 1747 871; x_wconf 80' lang='lat' dir='ltr'><strong>recta</strong></span> <span class='ocrx_word' id='word_1_575' title='bbox 1764 850 1854 873; x_wconf 77' lang='lat' dir='ltr'><strong>tenea-</strong></span> 
     </span>
    </p>
   </div>
   <div class='ocr_carea' id='block_1_76' title="bbox 1064 879 1852 926">
    <p class='ocr_par' dir='ltr' id='par_1_76' title="bbox 1064 879 1852 926">
     <span class='ocr_line' id='line_1_76' title="bbox 1064 879 1852 926; baseline 0.02 -23"><span class='ocrx_word' id='word_1_576' title='bbox 1064 885 1131 910; x_wconf 91' lang='lat' dir='ltr'><strong>mus,</strong></span> <span class='ocrx_word' id='word_1_577' title='bbox 1149 879 1282 915; x_wconf 88' lang='lat' dir='ltr'><strong>vitamque</strong></span> <span class='ocrx_word' id='word_1_578' title='bbox 1294 886 1381 910; x_wconf 89' lang='lat' dir='ltr'><strong>tamen</strong></span> <span class='ocrx_word' id='word_1_579' title='bbox 1397 885 1570 920; x_wconf 81' lang='lat' dir='ltr'><strong>uegligamus,</strong></span> <span class='ocrx_word' id='word_1_580' title='bbox 1586 888 1650 915; x_wconf 84' lang='lat' dir='ltr'><strong>nihil</strong></span> <span class='ocrx_word' id='word_1_581' title='bbox 1662 889 1687 916; x_wconf 93' lang='lat' dir='ltr'><strong>id</strong></span> <span class='ocrx_word' id='word_1_582' title='bbox 1702 890 1778 917; x_wconf 90' lang='lat' dir='ltr'><strong>nobis</strong></span> <span class='ocrx_word' id='word_1_583' title='bbox 1794 899 1852 926; x_wconf 81' lang='lat' dir='ltr'><strong>pro-</strong></span> 
     </span>
    </p>
   </div>
   <div class='ocr_carea' id='block_1_77' title="bbox 1063 925 1852 967">
    <p class='ocr_par' dir='ltr' id='par_1_77' title="bbox 1063 925 1852 967">
     <span class='ocr_line' id='line_1_77' title="bbox 1063 925 1852 967; baseline 0.018 -17"><span class='ocrx_word' id='word_1_584' title='bbox 1063 925 1150 957; x_wconf 88' lang='lat' dir='ltr'><strong>derit;</strong></span> <span class='ocrx_word' id='word_1_585' title='bbox 1164 926 1316 962; x_wconf 89' lang='lat' dir='ltr'><strong>pariterque</strong></span> <span class='ocrx_word' id='word_1_586' title='bbox 1332 929 1353 955; x_wconf 91' lang='lat' dir='ltr'><strong>si</strong></span> <span class='ocrx_word' id='word_1_587' title='bbox 1371 930 1429 956; x_wconf 49' lang='lat' dir='ltr'><strong>vita).</strong></span> <span class='ocrx_word' id='word_1_588' title='bbox 1442 938 1532 958; x_wconf 84' lang='lat' dir='ltr'><strong>curam</strong></span> <span class='ocrx_word' id='word_1_589' title='bbox 1548 932 1702 967; x_wconf 84' lang='lat' dir='ltr'><strong>habeamus,</strong></span> <span class='ocrx_word' id='word_1_590' title='bbox 1718 941 1852 964; x_wconf 90' lang='lat' dir='ltr'><strong>rectorum</strong></span> 
     </span>
    </p>
   </div>
   <div class='ocr_carea' id='block_1_78' title="bbox 1065 972 1850 1010">
    <p class='ocr_par' dir='ltr' id='par_1_78' title="bbox 1065 972 1850 1010">
     <span class='ocr_line' id='line_1_78' title="bbox 1065 972 1850 1010; baseline 0.019 -14"><span class='ocrx_word' id='word_1_591' title='bbox 1065 975 1153 998; x_wconf 87' lang='lat' dir='ltr'><strong>autem</strong></span> <span class='ocrx_word' id='word_1_592' title='bbox 1165 972 1316 1007; x_wconf 84' lang='lat' dir='ltr'><strong>dogmatum</strong></span> <span class='ocrx_word' id='word_1_593' title='bbox 1337 976 1445 1003; x_wconf 86' lang='lat' dir='ltr'><strong>minime</strong></span> <span class='ocrx_word' id='word_1_594' title='bbox 1456 998 1463 1010; x_wconf 91' lang='lat'><strong>,</strong></span> <span class='ocrx_word' id='word_1_595' title='bbox 1480 978 1545 1005; x_wconf 90' lang='lat' dir='ltr'><strong>nihil</strong></span> <span class='ocrx_word' id='word_1_596' title='bbox 1560 979 1592 1006; x_wconf 91' lang='lat' dir='ltr'><strong>ad</strong></span> <span class='ocrx_word' id='word_1_597' title='bbox 1608 981 1721 1008; x_wconf 86' lang='lat' dir='ltr'><strong>salutem</strong></span> <span class='ocrx_word' id='word_1_598' title='bbox 1735 987 1850 1010; x_wconf 88' lang='lat' dir='ltr'><strong>nostram</strong></span> 
     </span>
    </p>
   </div>
   <div class='ocr_carea' id='block_1_79' title="bbox 1064 1017 1851 1058">
    <p class='ocr_par' dir='ltr' id='par_1_79' title="bbox 1064 1017 1851 1058">
     <span class='ocr_line' id='line_1_79' title="bbox 1064 1017 1851 1058; baseline 0.018 -16"><span class='ocrx_word' id='word_1_599' title='bbox 1064 1017 1125 1044; x_wconf 88' lang='lat' dir='ltr'><strong>utile</strong></span> <span class='ocrx_word' id='word_1_600' title='bbox 1140 1017 1235 1046; x_wconf 84' lang='lat' dir='ltr'><strong>lucrari</strong></span> <span class='ocrx_word' id='word_1_601' title='bbox 1252 1021 1406 1054; x_wconf 64' lang='lat' dir='ltr'><strong>poterimus.</strong></span> <span class='ocrx_word' id='word_1_602' title='bbox 1426 1023 1476 1049; x_wconf 85' lang='lat' dir='ltr'><strong>l‘ar</strong></span> <span class='ocrx_word' id='word_1_603' title='bbox 1489 1029 1529 1051; x_wconf 90' lang='lat' dir='ltr'><strong>est</strong></span> <span class='ocrx_word' id='word_1_604' title='bbox 1551 1026 1634 1058; x_wconf 90' lang='lat' dir='ltr'><strong>enim,</strong></span> <span class='ocrx_word' id='word_1_605' title='bbox 1653 1027 1675 1053; x_wconf 85' lang='lat' dir='ltr'><strong>si</strong></span> <span class='ocrx_word' id='word_1_606' title='bbox 1692 1028 1851 1056; x_wconf 85' lang='lat' dir='ltr'><strong>voluerimus</strong></span> 
     </span>
    </p>
   </div>
   <div class='ocr_carea' id='block_1_80' title="bbox 1062 1065 1851 1110">
    <p class='ocr_par' dir='ltr' id='par_1_80' title="bbox 1062 1065 1851 1110">
     <span class='ocr_line' id='line_1_80' title="bbox 1062 1065 1851 1110; baseline 0.016 -20"><span class='ocrx_word' id='word_1_607' title='bbox 1062 1068 1088 1090; x_wconf 90' lang='lat' dir='ltr'><strong>ct</strong></span> <span class='ocrx_word' id='word_1_608' title='bbox 1103 1071 1117 1090; x_wconf 90' lang='lat' dir='ltr'><strong>a</strong></span> <span class='ocrx_word' id='word_1_609' title='bbox 1138 1065 1257 1099; x_wconf 84' lang='lat' dir='ltr'><strong>gehenna</strong></span> <span class='ocrx_word' id='word_1_610' title='bbox 1273 1067 1393 1100; x_wconf 85' lang='lat' dir='ltr'><strong>liberari,</strong></span> <span class='ocrx_word' id='word_1_611' title='bbox 1409 1075 1434 1096; x_wconf 87' lang='lat' dir='ltr'><strong>et</strong></span> <span class='ocrx_word' id='word_1_612' title='bbox 1448 1077 1556 1105; x_wconf 81' lang='lat' dir='ltr'><strong>regnum</strong></span> <span class='ocrx_word' id='word_1_613' title='bbox 1580 1074 1723 1108; x_wconf 85' lang='lat' dir='ltr'><strong>consequi,</strong></span> <span class='ocrx_word' id='word_1_614' title='bbox 1741 1079 1851 1110; x_wconf 89' lang='lat' dir='ltr'><strong>utroque</strong></span> 
     </span>
    </p>
   </div>
   <div class='ocr_carea' id='block_1_81' title="bbox 1062 1110 1849 1151">
    <p class='ocr_par' dir='ltr' id='par_1_81' title="bbox 1062 1110 1849 1151">
     <span class='ocr_line' id='line_1_81' title="bbox 1062 1110 1849 1151; baseline 0.015 -16"><span class='ocrx_word' id='word_1_615' title='bbox 1062 1110 1161 1143; x_wconf 89' lang='lat' dir='ltr'><strong>ornari,</strong></span> <span class='ocrx_word' id='word_1_616' title='bbox 1182 1116 1209 1137; x_wconf 90' lang='lat' dir='ltr'><strong>et</strong></span> <span class='ocrx_word' id='word_1_617' title='bbox 1224 1112 1297 1139; x_wconf 87' lang='lat' dir='ltr'><strong>sanis</strong></span> <span class='ocrx_word' id='word_1_618' title='bbox 1316 1113 1494 1147; x_wconf 79' lang='lat' dir='ltr'><strong>dogmatibus,</strong></span> <span class='ocrx_word' id='word_1_619' title='bbox 1509 1121 1535 1142; x_wconf 88' lang='lat' dir='ltr'><strong>ct</strong></span> <span class='ocrx_word' id='word_1_620' title='bbox 1551 1116 1611 1143; x_wconf 81' lang='lat' dir='ltr'><strong>vitae</strong></span> <span class='ocrx_word' id='word_1_621' title='bbox 1630 1125 1703 1145; x_wconf 83' lang='lat' dir='ltr'><strong>cura.</strong></span> <span class='ocrx_word' id='word_1_622' title='bbox 1720 1119 1784 1151; x_wconf 74' lang='lat' dir='ltr'><strong>Qua:</strong></span> <span class='ocrx_word' id='word_1_623' title='bbox 1798 1121 1849 1147; x_wconf 92' lang='lat' dir='ltr'><strong>uti-</strong></span> 
     </span>
    </p>
   </div>
   <div class='ocr_carea' id='block_1_82' title="bbox 1062 1155 1850 1200">
    <p class='ocr_par' dir='ltr' id='par_1_82' title="bbox 1062 1155 1850 1200">
     <span class='ocr_line' id='line_1_82' title="bbox 1062 1155 1850 1200; baseline 0.015 -19"><span class='ocrx_word' id='word_1_624' title='bbox 1062 1155 1131 1188; x_wconf 85' lang='lat' dir='ltr'><strong>litas,</strong></span> <span class='ocrx_word' id='word_1_625' title='bbox 1144 1164 1245 1190; x_wconf 66' lang='lat' dir='ltr'><strong>qumso,</strong></span> <span class='ocrx_word' id='word_1_626' title='bbox 1260 1158 1362 1185; x_wconf 87' lang='lat' dir='ltr'><strong>arboris</strong></span> <span class='ocrx_word' id='word_1_627' title='bbox 1374 1161 1498 1193; x_wconf 56' lang='lat' dir='ltr'><strong>pra-altat,</strong></span> <span class='ocrx_word' id='word_1_628' title='bbox 1512 1167 1538 1188; x_wconf 83' lang='lat' dir='ltr'><strong>et</strong></span> <span class='ocrx_word' id='word_1_629' title='bbox 1552 1161 1622 1190; x_wconf 87' lang='lat' dir='ltr'><strong>foliis</strong></span> <span class='ocrx_word' id='word_1_630' title='bbox 1637 1166 1781 1198; x_wconf 87' lang='lat' dir='ltr'><strong>vernantis,</strong></span> <span class='ocrx_word' id='word_1_631' title='bbox 1793 1174 1850 1200; x_wconf 77' lang='lat' dir='ltr'><strong>qua:</strong></span> 
     </span>
    </p>
   </div>
   <div class='ocr_carea' id='block_1_83' title="bbox 1060 1199 1851 1244">
    <p class='ocr_par' dir='ltr' id='par_1_83' title="bbox 1060 1199 1851 1244">
     <span class='ocr_line' id='line_1_83' title="bbox 1060 1199 1851 1244; baseline 0.014 -18"><span class='ocrx_word' id='word_1_632' title='bbox 1060 1199 1077 1226; x_wconf 81' lang='lat' dir='ltr'><strong>ft</strong></span> <span class='ocrx_word' id='word_1_633' title='bbox 1087 1201 1190 1228; x_wconf 79' lang='lat' dir='ltr'><strong>actibus</strong></span> <span class='ocrx_word' id='word_1_634' title='bbox 1205 1210 1286 1229; x_wconf 87' lang='lat' dir='ltr'><strong>vacua</strong></span> <span class='ocrx_word' id='word_1_635' title='bbox 1309 1203 1362 1230; x_wconf 86' lang='lat' dir='ltr'><strong>sit?</strong></span> <span class='ocrx_word' id='word_1_636' title='bbox 1379 1204 1421 1231; x_wconf 88' lang='lat' dir='ltr'><strong>Sic</strong></span> <span class='ocrx_word' id='word_1_637' title='bbox 1435 1210 1461 1232; x_wconf 91' lang='lat' dir='ltr'><strong>et</strong></span> <span class='ocrx_word' id='word_1_638' title='bbox 1481 1205 1633 1234; x_wconf 78' lang='lat' dir='ltr'><strong>Christiano</strong></span> <span class='ocrx_word' id='word_1_639' title='bbox 1654 1209 1719 1235; x_wconf 89' lang='lat' dir='ltr'><strong>nihil</strong></span> <span class='ocrx_word' id='word_1_640' title='bbox 1741 1199 1851 1244; x_wconf 77' lang='lat' dir='ltr'><strong>prosunt</strong></span> 
     </span>
    </p>
   </div>
   <div class='ocr_carea' id='block_1_84' title="bbox 1061 1247 1851 1290">
    <p class='ocr_par' dir='ltr' id='par_1_84' title="bbox 1061 1247 1851 1290">
     <span class='ocr_line' id='line_1_84' title="bbox 1061 1247 1851 1290; baseline 0.015 -18"><span class='ocrx_word' id='word_1_641' title='bbox 1061 1252 1132 1274; x_wconf 85' lang='lat' dir='ltr'><strong>recta</strong></span> <span class='ocrx_word' id='word_1_642' title='bbox 1159 1247 1301 1283; x_wconf 80' lang='lat' dir='ltr'><strong>dogmata,</strong></span> <span class='ocrx_word' id='word_1_643' title='bbox 1330 1250 1351 1277; x_wconf 89' lang='lat' dir='ltr'><strong>si</strong></span> <span class='ocrx_word' id='word_1_644' title='bbox 1376 1251 1437 1278; x_wconf 72' lang='lat' dir='ltr'><strong>vita:</strong></span> <span class='ocrx_word' id='word_1_645' title='bbox 1467 1251 1614 1280; x_wconf 85' lang='lat' dir='ltr'><strong>institutum</strong></span> <span class='ocrx_word' id='word_1_646' title='bbox 1639 1255 1763 1290; x_wconf 78' lang='lat' dir='ltr'><strong>negligat.</strong></span> <span class='ocrx_word' id='word_1_647' title='bbox 1789 1257 1851 1283; x_wconf 84' lang='lat' dir='ltr'><strong>Ideo</strong></span> 
     </span>
    </p>
   </div>
   <div class='ocr_carea' id='block_1_85' title="bbox 1059 1292 1850 1339">
    <p class='ocr_par' dir='ltr' id='par_1_85' title="bbox 1059 1292 1850 1339">
     <span class='ocr_line' id='line_1_85' title="bbox 1059 1292 1850 1339; baseline 0.015 -21"><span class='ocrx_word' id='word_1_648' title='bbox 1059 1292 1182 1320; x_wconf 74' lang='lat' dir='ltr'><strong>Christus</strong></span> <span class='ocrx_word' id='word_1_649' title='bbox 1209 1295 1273 1322; x_wconf 78' lang='lat' dir='ltr'><strong>tales</strong></span> <span class='ocrx_word' id='word_1_650' title='bbox 1294 1297 1415 1324; x_wconf 89' lang='lat' dir='ltr'><strong>homines</strong></span> <span class='ocrx_word' id='word_1_651' title='bbox 1432 1298 1525 1326; x_wconf 87' lang='lat' dir='ltr'><strong>beatos</strong></span> <span class='ocrx_word' id='word_1_652' title='bbox 1544 1300 1668 1328; x_wconf 87' lang='lat' dir='ltr'><strong>dicebat:</strong></span> <span class='ocrx_word' id='word_1_653' title='bbox 1695 1301 1787 1329; x_wconf 76' lang='lat' dir='ltr'><strong>Beatus</strong></span> <span class='ocrx_word' id='word_1_654' title='bbox 1808 1305 1850 1339; x_wconf 87' lang='lat' dir='ltr'><strong>qui</strong></span> 
     </span>
    </p>
   </div>
   <div class='ocr_carea' id='block_1_86' title="bbox 1059 1339 1847 1384">
    <p class='ocr_par' dir='ltr' id='par_1_86' title="bbox 1059 1339 1847 1384">
     <span class='ocr_line' id='line_1_86' title="bbox 1059 1339 1847 1384; baseline 0.018 -20"><span class='ocrx_word' id='word_1_655' title='bbox 1059 1339 1154 1373; x_wconf 79' lang='lat' dir='ltr'><strong>fecerit,</strong></span> <span class='ocrx_word' id='word_1_656' title='bbox 1170 1345 1191 1366; x_wconf 86' lang='lat' dir='ltr'><strong>ct</strong></span> <span class='ocrx_word' id='word_1_657' title='bbox 1203 1341 1314 1368; x_wconf 76' lang='lat' dir='ltr'><strong>docuerit</strong></span> <span class='ocrx_word' id='word_1_658' title='bbox 1329 1342 1435 1379; x_wconf 82' lang='lat' dir='ltr'><strong>(tlluttlt.</strong></span> <span class='ocrx_word' id='word_1_659' title='bbox 1450 1344 1476 1371; x_wconf 82' lang='lat'><strong>5.</strong></span> <span class='ocrx_word' id='word_1_660' title='bbox 1493 1345 1549 1382; x_wconf 88' lang='lat' dir='ltr'><strong>l9).</strong></span> <span class='ocrx_word' id='word_1_661' title='bbox 1565 1346 1630 1374; x_wconf 87' lang='lat' dir='ltr'><strong>Nam</strong></span> <span class='ocrx_word' id='word_1_662' title='bbox 1645 1348 1765 1376; x_wconf 82' lang='lat' dir='ltr'><strong>doctrina</strong></span> <span class='ocrx_word' id='word_1_663' title='bbox 1783 1357 1847 1384; x_wconf 89' lang='lat' dir='ltr'><strong>ope-</strong></span> 
     </span>
    </p>
   </div>
   <div class='ocr_carea' id='block_1_87' title="bbox 1059 1385 1847 1429">
    <p class='ocr_par' dir='ltr' id='par_1_87' title="bbox 1059 1385 1847 1429">
     <span class='ocr_line' id='line_1_87' title="bbox 1059 1385 1847 1429; baseline 0.016 -19"><span class='ocrx_word' id='word_1_664' title='bbox 1059 1392 1116 1411; x_wconf 92' lang='lat' dir='ltr'><strong>rum</strong></span> <span class='ocrx_word' id='word_1_665' title='bbox 1132 1385 1209 1421; x_wconf 90' lang='lat' dir='ltr'><strong>longe</strong></span> <span class='ocrx_word' id='word_1_666' title='bbox 1228 1389 1377 1415; x_wconf 86' lang='lat' dir='ltr'><strong>accuratior</strong></span> <span class='ocrx_word' id='word_1_667' title='bbox 1397 1395 1423 1417; x_wconf 90' lang='lat' dir='ltr'><strong>et</strong></span> <span class='ocrx_word' id='word_1_668' title='bbox 1445 1390 1497 1417; x_wconf 89' lang='lat' dir='ltr'><strong>ﬁde</strong></span> <span class='ocrx_word' id='word_1_669' title='bbox 1511 1391 1615 1426; x_wconf 77' lang='lat' dir='ltr'><strong>dignior</strong></span> <span class='ocrx_word' id='word_1_670' title='bbox 1630 1398 1687 1425; x_wconf 89' lang='lat' dir='ltr'><strong>est,</strong></span> <span class='ocrx_word' id='word_1_671' title='bbox 1704 1402 1783 1429; x_wconf 87' lang='lat' dir='ltr'><strong>quam</strong></span> <span class='ocrx_word' id='word_1_672' title='bbox 1800 1396 1847 1424; x_wconf 91' lang='lat' dir='ltr'><strong>do-</strong></span> 
     </span>
    </p>
   </div>
   <div class='ocr_carea' id='block_1_88' title="bbox 1058 1430 1846 1471">
    <p class='ocr_par' dir='ltr' id='par_1_88' title="bbox 1058 1430 1846 1471">
     <span class='ocr_line' id='line_1_88' title="bbox 1058 1430 1846 1471; baseline 0.014 -15"><span class='ocrx_word' id='word_1_673' title='bbox 1058 1430 1143 1457; x_wconf 85' lang='lat' dir='ltr'><strong>ctrina</strong></span> <span class='ocrx_word' id='word_1_674' title='bbox 1159 1431 1300 1459; x_wconf 88' lang='lat' dir='ltr'><strong>verborum</strong></span> <span class='ocrx_word' id='word_1_675' title='bbox 1315 1443 1320 1459; x_wconf 86' lang='lat'>:</span> <span class='ocrx_word' id='word_1_676' title='bbox 1338 1435 1436 1462; x_wconf 88' lang='lat' dir='ltr'><strong>eteuitn</strong></span> <span class='ocrx_word' id='word_1_677' title='bbox 1449 1436 1494 1470; x_wconf 90' lang='lat' dir='ltr'><strong>qui</strong></span> <span class='ocrx_word' id='word_1_678' title='bbox 1508 1437 1576 1464; x_wconf 87' lang='lat' dir='ltr'><strong>bene</strong></span> <span class='ocrx_word' id='word_1_679' title='bbox 1598 1438 1665 1471; x_wconf 71' lang='lat' dir='ltr'><strong>agit.</strong></span> <span class='ocrx_word' id='word_1_680' title='bbox 1680 1440 1784 1466; x_wconf 75' lang='lat' dir='ltr'><strong>etiamsi</strong></span> <span class='ocrx_word' id='word_1_681' title='bbox 1808 1446 1846 1467; x_wconf 90' lang='lat' dir='ltr'><strong>ta-</strong></span> 
     </span>
    </p>
   </div>
   <div class='ocr_carea' id='block_1_89' title="bbox 1058 1479 1846 1521">
    <p class='ocr_par' dir='ltr' id='par_1_89' title="bbox 1058 1479 1846 1521">
     <span class='ocr_line' id='line_1_89' title="bbox 1058 1479 1846 1521; baseline 0.015 -19"><span class='ocrx_word' id='word_1_682' title='bbox 1058 1481 1128 1509; x_wconf 88' lang='lat' dir='ltr'><strong>ceat,</strong></span> <span class='ocrx_word' id='word_1_683' title='bbox 1140 1485 1187 1504; x_wconf 89' lang='lat' dir='ltr'><strong>nec</strong></span> <span class='ocrx_word' id='word_1_684' title='bbox 1199 1479 1328 1512; x_wconf 88' lang='lat' dir='ltr'><strong>videatur,</strong></span> <span class='ocrx_word' id='word_1_685' title='bbox 1345 1481 1483 1509; x_wconf 75' lang='lat' dir='ltr'><strong>instituere</strong></span> <span class='ocrx_word' id='word_1_686' title='bbox 1496 1488 1593 1517; x_wconf 85' lang='lat' dir='ltr'><strong>potest,</strong></span> <span class='ocrx_word' id='word_1_687' title='bbox 1607 1483 1673 1512; x_wconf 86' lang='lat' dir='ltr'><strong>alios</strong></span> <span class='ocrx_word' id='word_1_688' title='bbox 1685 1485 1787 1514; x_wconf 86' lang='lat' dir='ltr'><strong>scilicet</strong></span> <span class='ocrx_word' id='word_1_689' title='bbox 1801 1495 1846 1521; x_wconf 87' lang='lat' dir='ltr'><strong>per</strong></span> 
     </span>
    </p>
   </div>
   <div class='ocr_carea' id='block_1_90' title="bbox 1057 1523 1846 1565">
    <p class='ocr_par' dir='ltr' id='par_1_90' title="bbox 1057 1523 1846 1565">
     <span class='ocr_line' id='line_1_90' title="bbox 1057 1523 1846 1565; baseline 0.014 -16"><span class='ocrx_word' id='word_1_690' title='bbox 1057 1523 1227 1557; x_wconf 84' lang='lat' dir='ltr'><strong>adspeetum,</strong></span> <span class='ocrx_word' id='word_1_691' title='bbox 1245 1526 1310 1553; x_wconf 84' lang='lat' dir='ltr'><strong>alios</strong></span> <span class='ocrx_word' id='word_1_692' title='bbox 1333 1534 1379 1561; x_wconf 86' lang='lat' dir='ltr'><strong>per</strong></span> <span class='ocrx_word' id='word_1_693' title='bbox 1394 1535 1488 1561; x_wconf 85' lang='lat' dir='ltr'><strong>aures;</strong></span> <span class='ocrx_word' id='word_1_694' title='bbox 1511 1530 1620 1565; x_wconf 84' lang='lat' dir='ltr'><strong>ipseque</strong></span> <span class='ocrx_word' id='word_1_695' title='bbox 1641 1531 1723 1559; x_wconf 87' lang='lat' dir='ltr'><strong>multa</strong></span> <span class='ocrx_word' id='word_1_696' title='bbox 1745 1533 1790 1560; x_wconf 91' lang='lat' dir='ltr'><strong>Dei</strong></span> <span class='ocrx_word' id='word_1_697' title='bbox 1801 1533 1846 1560; x_wconf 75' lang='lat' dir='ltr'><strong>be~</strong></span> 
     </span>
    </p>
   </div>
   <div class='ocr_carea' id='block_1_91' title="bbox 1057 1569 1846 1614">
    <p class='ocr_par' dir='ltr' id='par_1_91' title="bbox 1057 1569 1846 1614">
     <span class='ocr_line' id='line_1_91' title="bbox 1057 1569 1846 1614; baseline 0.014 -19"><span class='ocrx_word' id='word_1_698' title='bbox 1057 1569 1207 1597; x_wconf 82' lang='lat' dir='ltr'><strong>nevoleutia</strong></span> <span class='ocrx_word' id='word_1_699' title='bbox 1230 1571 1342 1604; x_wconf 83' lang='lat' dir='ltr'><strong>fruetur,</strong></span> <span class='ocrx_word' id='word_1_700' title='bbox 1362 1573 1425 1600; x_wconf 92' lang='lat' dir='ltr'><strong>dum</strong></span> <span class='ocrx_word' id='word_1_701' title='bbox 1441 1574 1466 1602; x_wconf 92' lang='lat' dir='ltr'><strong>id</strong></span> <span class='ocrx_word' id='word_1_702' title='bbox 1486 1575 1565 1603; x_wconf 81' lang='lat' dir='ltr'><strong>efficit</strong></span> <span class='ocrx_word' id='word_1_703' title='bbox 1579 1582 1607 1603; x_wconf 82' lang='lat' dir='ltr'><strong>ut.</strong></span> <span class='ocrx_word' id='word_1_704' title='bbox 1632 1585 1684 1604; x_wconf 89' lang='lat' dir='ltr'><strong>non</strong></span> <span class='ocrx_word' id='word_1_705' title='bbox 1698 1578 1777 1605; x_wconf 89' lang='lat' dir='ltr'><strong>modo</strong></span> <span class='ocrx_word' id='word_1_706' title='bbox 1799 1587 1846 1614; x_wconf 87' lang='lat' dir='ltr'><strong>per</strong></span> 
     </span>
    </p>
   </div>
   <div class='ocr_carea' id='block_1_92' title="bbox 1056 1615 1846 1658">
    <p class='ocr_par' dir='ltr' id='par_1_92' title="bbox 1056 1615 1846 1658">
     <span class='ocr_line' id='line_1_92' title="bbox 1056 1615 1846 1658; baseline 0.013 -17"><span class='ocrx_word' id='word_1_707' title='bbox 1056 1615 1190 1649; x_wconf 88' lang='lat' dir='ltr'><strong>scipsum,</strong></span> <span class='ocrx_word' id='word_1_708' title='bbox 1214 1617 1260 1644; x_wconf 91' lang='lat' dir='ltr'><strong>sed</strong></span> <span class='ocrx_word' id='word_1_709' title='bbox 1288 1619 1366 1646; x_wconf 88' lang='lat' dir='ltr'><strong>etiam</strong></span> <span class='ocrx_word' id='word_1_710' title='bbox 1390 1627 1437 1653; x_wconf 89' lang='lat' dir='ltr'><strong>per</strong></span> <span class='ocrx_word' id='word_1_711' title='bbox 1458 1628 1504 1648; x_wconf 88' lang='lat' dir='ltr'><strong>eos</strong></span> <span class='ocrx_word' id='word_1_712' title='bbox 1524 1622 1568 1656; x_wconf 89' lang='lat' dir='ltr'><strong>qui</strong></span> <span class='ocrx_word' id='word_1_713' title='bbox 1593 1622 1680 1657; x_wconf 88' lang='lat' dir='ltr'><strong>ipsum</strong></span> <span class='ocrx_word' id='word_1_714' title='bbox 1700 1624 1846 1658; x_wconf 86' lang='lat' dir='ltr'><strong>respiciunt</strong></span> 
     </span>
    </p>
   </div>
   <div class='ocr_carea' id='block_1_93' title="bbox 1056 1661 1845 1704">
    <p class='ocr_par' dir='ltr' id='par_1_93' title="bbox 1056 1661 1845 1704">
     <span class='ocr_line' id='line_1_93' title="bbox 1056 1661 1845 1704; baseline 0.014 -18"><span class='ocrx_word' id='word_1_715' title='bbox 1056 1661 1184 1689; x_wconf 87' lang='lat' dir='ltr'><strong>Dominus</strong></span> <span class='ocrx_word' id='word_1_716' title='bbox 1206 1669 1270 1690; x_wconf 90' lang='lat' dir='ltr'><strong>suus</strong></span> <span class='ocrx_word' id='word_1_717' title='bbox 1290 1665 1448 1692; x_wconf 88' lang='lat' dir='ltr'><strong>celebretur.</strong></span> <span class='ocrx_word' id='word_1_718' title='bbox 1469 1666 1517 1698; x_wconf 83' lang='lat' dir='ltr'><strong>Qui</strong></span> <span class='ocrx_word' id='word_1_719' title='bbox 1546 1667 1696 1702; x_wconf 87' lang='lat' dir='ltr'><strong>hujusmodi</strong></span> <span class='ocrx_word' id='word_1_720' title='bbox 1717 1674 1771 1701; x_wconf 86' lang='lat' dir='ltr'><strong>est,</strong></span> <span class='ocrx_word' id='word_1_721' title='bbox 1799 1678 1845 1704; x_wconf 84' lang='lat' dir='ltr'><strong>per</strong></span> 
     </span>
    </p>
   </div>
   <div class='ocr_carea' id='block_1_94' title="bbox 1055 1709 1845 1749">
    <p class='ocr_par' dir='ltr' id='par_1_94' title="bbox 1055 1709 1845 1749">
     <span class='ocr_line' id='line_1_94' title="bbox 1055 1709 1845 1749; baseline 0.011 -15"><span class='ocrx_word' id='word_1_722' title='bbox 1055 1713 1195 1735; x_wconf 77' lang='lat' dir='ltr'><strong>Sexcentas</strong></span> <span class='ocrx_word' id='word_1_723' title='bbox 1212 1709 1314 1744; x_wconf 86' lang='lat' dir='ltr'><strong>linguas</strong></span> <span class='ocrx_word' id='word_1_724' title='bbox 1327 1716 1353 1738; x_wconf 87' lang='lat' dir='ltr'><strong>et</strong></span> <span class='ocrx_word' id='word_1_725' title='bbox 1367 1719 1414 1746; x_wconf 87' lang='lat' dir='ltr'><strong>per</strong></span> <span class='ocrx_word' id='word_1_726' title='bbox 1435 1713 1515 1740; x_wconf 86' lang='lat' dir='ltr'><strong>multa</strong></span> <span class='ocrx_word' id='word_1_727' title='bbox 1532 1722 1578 1740; x_wconf 91' lang='lat' dir='ltr'><strong>ora</strong></span> <span class='ocrx_word' id='word_1_728' title='bbox 1597 1715 1694 1749; x_wconf 73' lang='lat' dir='ltr'><strong>gratias</strong></span> <span class='ocrx_word' id='word_1_729' title='bbox 1712 1720 1739 1742; x_wconf 91' lang='lat' dir='ltr'><strong>et</strong></span> <span class='ocrx_word' id='word_1_730' title='bbox 1754 1716 1845 1744; x_wconf 84' lang='lat' dir='ltr'><strong>laudes</strong></span> 
     </span>
    </p>
   </div>
   <div class='ocr_carea' id='block_1_95' title="bbox 1054 1752 1845 1793">
    <p class='ocr_par' dir='ltr' id='par_1_95' title="bbox 1054 1752 1845 1793">
     <span class='ocr_line' id='line_1_95' title="bbox 1054 1752 1845 1793; baseline 0.013 -14"><span class='ocrx_word' id='word_1_731' title='bbox 1054 1752 1147 1780; x_wconf 69' lang='lat' dir='ltr'><strong>offeret</strong></span> <span class='ocrx_word' id='word_1_732' title='bbox 1160 1755 1343 1783; x_wconf 70' lang='lat' dir='ltr'><strong>universorum</strong></span> <span class='ocrx_word' id='word_1_733' title='bbox 1356 1758 1420 1784; x_wconf 88' lang='lat' dir='ltr'><strong>Deo.</strong></span> <span class='ocrx_word' id='word_1_734' title='bbox 1433 1758 1522 1793; x_wconf 81' lang='lat' dir='ltr'><strong>Neque</strong></span> <span class='ocrx_word' id='word_1_735' title='bbox 1536 1760 1606 1786; x_wconf 90' lang='lat' dir='ltr'><strong>enim</strong></span> <span class='ocrx_word' id='word_1_736' title='bbox 1619 1761 1673 1788; x_wconf 86' lang='lat' dir='ltr'><strong>uoti</strong></span> <span class='ocrx_word' id='word_1_737' title='bbox 1684 1761 1769 1788; x_wconf 88' lang='lat' dir='ltr'><strong>solum</strong></span> <span class='ocrx_word' id='word_1_738' title='bbox 1784 1762 1845 1789; x_wconf 76' lang='lat' dir='ltr'><strong>vita:</strong></span> 
     </span>
    </p>
   </div>
   <div class='ocr_carea' id='block_1_96' title="bbox 1054 1799 1841 1839">
    <p class='ocr_par' dir='ltr' id='par_1_96' title="bbox 1054 1799 1841 1839">
     <span class='ocr_line' id='line_1_96' title="bbox 1054 1799 1841 1839; baseline 0.013 -14"><span class='ocrx_word' id='word_1_739' title='bbox 1054 1799 1123 1826; x_wconf 86' lang='lat' dir='ltr'><strong>illius</strong></span> <span class='ocrx_word' id='word_1_740' title='bbox 1138 1805 1229 1833; x_wconf 87' lang='lat' dir='ltr'><strong>testes,</strong></span> <span class='ocrx_word' id='word_1_741' title='bbox 1245 1806 1271 1828; x_wconf 89' lang='lat' dir='ltr'><strong>et</strong></span> <span class='ocrx_word' id='word_1_742' title='bbox 1285 1802 1357 1829; x_wconf 90' lang='lat' dir='ltr'><strong>illum</strong></span> <span class='ocrx_word' id='word_1_743' title='bbox 1374 1808 1400 1830; x_wconf 88' lang='lat' dir='ltr'><strong>ct</strong></span> <span class='ocrx_word' id='word_1_744' title='bbox 1411 1803 1493 1838; x_wconf 79' lang='lat' dir='ltr'><strong>ipsius</strong></span> <span class='ocrx_word' id='word_1_745' title='bbox 1510 1805 1649 1832; x_wconf 87' lang='lat' dir='ltr'><strong>Dominutn</strong></span> <span class='ocrx_word' id='word_1_746' title='bbox 1666 1807 1841 1839; x_wconf 81' lang='lat' dir='ltr'><strong>admirantur,</strong></span> 
     </span>
    </p>
   </div>
   <div class='ocr_carea' id='block_1_97' title="bbox 1053 1844 1843 1887">
    <p class='ocr_par' dir='ltr' id='par_1_97' title="bbox 1053 1844 1843 1887">
     <span class='ocr_line' id='line_1_97' title="bbox 1053 1844 1843 1887; baseline 0.013 -17"><span class='ocrx_word' id='word_1_747' title='bbox 1053 1844 1100 1871; x_wconf 87' lang='lat' dir='ltr'><strong>sed</strong></span> <span class='ocrx_word' id='word_1_748' title='bbox 1113 1846 1194 1872; x_wconf 89' lang='lat' dir='ltr'><strong>etiam</strong></span> <span class='ocrx_word' id='word_1_749' title='bbox 1209 1854 1259 1872; x_wconf 90' lang='lat' dir='ltr'><strong>non</strong></span> <span class='ocrx_word' id='word_1_750' title='bbox 1276 1848 1331 1874; x_wconf 90' lang='lat' dir='ltr'><strong>noti</strong></span> <span class='ocrx_word' id='word_1_751' title='bbox 1344 1848 1378 1875; x_wconf 91' lang='lat' dir='ltr'><strong>ab</strong></span> <span class='ocrx_word' id='word_1_752' title='bbox 1393 1849 1452 1876; x_wconf 87' lang='lat' dir='ltr'><strong>aliis</strong></span> <span class='ocrx_word' id='word_1_753' title='bbox 1466 1850 1609 1884; x_wconf 84' lang='lat' dir='ltr'><strong>discentes,</strong></span> <span class='ocrx_word' id='word_1_754' title='bbox 1624 1856 1678 1878; x_wconf 91' lang='lat' dir='ltr'><strong>tum</strong></span> <span class='ocrx_word' id='word_1_755' title='bbox 1692 1853 1735 1887; x_wconf 89' lang='lat' dir='ltr'><strong>qui</strong></span> <span class='ocrx_word' id='word_1_756' title='bbox 1753 1854 1843 1887; x_wconf 89' lang='lat' dir='ltr'><strong>procul</strong></span> 
     </span>
    </p>
   </div>
   <div class='ocr_carea' id='block_1_98' title="bbox 1053 1889 1840 1929">
    <p class='ocr_par' dir='ltr' id='par_1_98' title="bbox 1053 1889 1840 1929">
     <span class='ocr_line' id='line_1_98' title="bbox 1053 1889 1840 1929; baseline 0.013 -14"><span class='ocrx_word' id='word_1_757' title='bbox 1053 1889 1190 1923; x_wconf 89' lang='lat' dir='ltr'><strong>habitant,</strong></span> <span class='ocrx_word' id='word_1_758' title='bbox 1206 1896 1232 1918; x_wconf 91' lang='lat' dir='ltr'><strong>et</strong></span> <span class='ocrx_word' id='word_1_759' title='bbox 1246 1892 1325 1927; x_wconf 86' lang='lat' dir='ltr'><strong>longo</strong></span> <span class='ocrx_word' id='word_1_760' title='bbox 1344 1894 1484 1922; x_wconf 80' lang='lat' dir='ltr'><strong>intervallo</strong></span> <span class='ocrx_word' id='word_1_761' title='bbox 1503 1896 1587 1923; x_wconf 87' lang='lat' dir='ltr'><strong>dissiti</strong></span> <span class='ocrx_word' id='word_1_762' title='bbox 1603 1902 1675 1929; x_wconf 83' lang='lat' dir='ltr'><strong>sunt,</strong></span> <span class='ocrx_word' id='word_1_763' title='bbox 1697 1905 1748 1924; x_wconf 92' lang='lat' dir='ltr'><strong>nou</strong></span> <span class='ocrx_word' id='word_1_764' title='bbox 1764 1899 1840 1925; x_wconf 85' lang='lat' dir='ltr'><strong>amici</strong></span> 
     </span>
    </p>
   </div>
   <div class='ocr_carea' id='block_1_99' title="bbox 1053 1936 1840 1972">
    <p class='ocr_par' dir='ltr' id='par_1_99' title="bbox 1053 1936 1840 1972">
     <span class='ocr_line' id='line_1_99' title="bbox 1053 1936 1840 1972; baseline 0.011 -10"><span class='ocrx_word' id='word_1_765' title='bbox 1053 1936 1141 1968; x_wconf 87' lang='lat' dir='ltr'><strong>modo,</strong></span> <span class='ocrx_word' id='word_1_766' title='bbox 1156 1937 1202 1964; x_wconf 90' lang='lat' dir='ltr'><strong>sed</strong></span> <span class='ocrx_word' id='word_1_767' title='bbox 1221 1939 1300 1965; x_wconf 83' lang='lat' dir='ltr'><strong>etiam</strong></span> <span class='ocrx_word' id='word_1_768' title='bbox 1320 1939 1436 1972; x_wconf 91' lang='lat' dir='ltr'><strong>inimici,</strong></span> <span class='ocrx_word' id='word_1_769' title='bbox 1453 1940 1557 1968; x_wconf 89' lang='lat' dir='ltr'><strong>virtutis</strong></span> <span class='ocrx_word' id='word_1_770' title='bbox 1578 1943 1748 1970; x_wconf 88' lang='lat' dir='ltr'><strong>eminentiam</strong></span> <span class='ocrx_word' id='word_1_771' title='bbox 1764 1952 1840 1971; x_wconf 72' lang='lat' dir='ltr'><strong>reie-</strong></span> 
     </span>
    </p>
   </div>
   <div class='ocr_carea' id='block_1_100' title="bbox 1053 1981 1839 2023">
    <p class='ocr_par' dir='ltr' id='par_1_100' title="bbox 1053 1981 1839 2023">
     <span class='ocr_line' id='line_1_100' title="bbox 1053 1981 1839 2023; baseline 0.011 -16"><span class='ocrx_word' id='word_1_772' title='bbox 1053 1981 1190 2009; x_wconf 88' lang='lat' dir='ltr'><strong>rebuutnr.</strong></span> <span class='ocrx_word' id='word_1_773' title='bbox 1206 1983 1290 2010; x_wconf 86' lang='lat' dir='ltr'><strong>Tanta</strong></span> <span class='ocrx_word' id='word_1_774' title='bbox 1301 1984 1397 2019; x_wconf 88' lang='lat' dir='ltr'><strong>quippe</strong></span> <span class='ocrx_word' id='word_1_775' title='bbox 1408 1991 1448 2012; x_wconf 85' lang='lat' dir='ltr'><strong>est</strong></span> <span class='ocrx_word' id='word_1_776' title='bbox 1461 1986 1530 2013; x_wconf 92' lang='lat' dir='ltr'><strong>illius</strong></span> <span class='ocrx_word' id='word_1_777' title='bbox 1547 1987 1642 2022; x_wconf 80' lang='lat' dir='ltr'><strong>virtus,</strong></span> <span class='ocrx_word' id='word_1_778' title='bbox 1656 1991 1685 2015; x_wconf 82' lang='lat' dir='ltr'><strong>ut</strong></span> <span class='ocrx_word' id='word_1_779' title='bbox 1697 1989 1777 2015; x_wconf 88' lang='lat' dir='ltr'><strong>ctiatu</strong></span> <span class='ocrx_word' id='word_1_780' title='bbox 1790 1996 1839 2023; x_wconf 85' lang='lat' dir='ltr'><strong>op-</strong></span> 
     </span>
    </p>
   </div>
   <div class='ocr_carea' id='block_1_101' title="bbox 1051 2029 1837 2069">
    <p class='ocr_par' dir='ltr' id='par_1_101' title="bbox 1051 2029 1837 2069">
     <span class='ocr_line' id='line_1_101' title="bbox 1051 2029 1837 2069; baseline 0.011 -16"><span class='ocrx_word' id='word_1_781' title='bbox 1051 2029 1222 2062; x_wconf 77' lang='lat' dir='ltr'><strong>pugnantium</strong></span> <span class='ocrx_word' id='word_1_782' title='bbox 1246 2037 1275 2057; x_wconf 71' lang='lat' dir='ltr'><strong>se</strong></span> <span class='ocrx_word' id='word_1_783' title='bbox 1287 2038 1333 2057; x_wconf 87' lang='lat' dir='ltr'><strong>ora</strong></span> <span class='ocrx_word' id='word_1_784' title='bbox 1355 2031 1475 2058; x_wconf 85' lang='lat' dir='ltr'><strong>obstruat</strong></span> <span class='ocrx_word' id='word_1_785' title='bbox 1491 2037 1518 2059; x_wconf 88' lang='lat' dir='ltr'><strong>et</strong></span> <span class='ocrx_word' id='word_1_786' title='bbox 1539 2033 1653 2068; x_wconf 79' lang='lat' dir='ltr'><strong>linguam</strong></span> <span class='ocrx_word' id='word_1_787' title='bbox 1676 2041 1837 2069; x_wconf 87' lang='lat' dir='ltr'><strong>compescat.</strong></span> 
     </span>
    </p>
   </div>
   <div class='ocr_carea' id='block_1_102' title="bbox 1050 2074 1837 2108">
    <p class='ocr_par' dir='ltr' id='par_1_102' title="bbox 1050 2074 1837 2108">
     <span class='ocr_line' id='line_1_102' title="bbox 1050 2074 1837 2108; baseline 0.01 -8"><span class='ocrx_word' id='word_1_788' title='bbox 1050 2074 1088 2100; x_wconf 86' lang='lat' dir='ltr'><strong>Ac</strong></span> <span class='ocrx_word' id='word_1_789' title='bbox 1103 2075 1326 2108; x_wconf 86' lang='lat' dir='ltr'><strong>quemadmodum</strong></span> <span class='ocrx_word' id='word_1_790' title='bbox 1345 2078 1445 2105; x_wconf 87' lang='lat' dir='ltr'><strong>solares</strong></span> <span class='ocrx_word' id='word_1_791' title='bbox 1464 2078 1552 2106; x_wconf 92' lang='lat' dir='ltr'><strong>radios</strong></span> <span class='ocrx_word' id='word_1_792' title='bbox 1571 2079 1668 2107; x_wconf 88' lang='lat' dir='ltr'><strong>ialirmi</strong></span> <span class='ocrx_word' id='word_1_793' title='bbox 1687 2081 1771 2108; x_wconf 88' lang='lat' dir='ltr'><strong>oculis</strong></span> <span class='ocrx_word' id='word_1_794' title='bbox 1789 2082 1837 2108; x_wconf 82' lang='lat' dir='ltr'><strong>ob-</strong></span> 
     </span>
    </p>
   </div>
   <div class='ocr_carea' id='block_1_103' title="bbox 1051 2119 1836 2161">
    <p class='ocr_par' dir='ltr' id='par_1_103' title="bbox 1051 2119 1836 2161">
     <span class='ocr_line' id='line_1_103' title="bbox 1051 2119 1836 2161; baseline 0.011 -16"><span class='ocrx_word' id='word_1_795' title='bbox 1051 2119 1118 2146; x_wconf 90' lang='lat' dir='ltr'><strong>tueri</strong></span> <span class='ocrx_word' id='word_1_796' title='bbox 1134 2128 1186 2147; x_wconf 89' lang='lat' dir='ltr'><strong>non</strong></span> <span class='ocrx_word' id='word_1_797' title='bbox 1201 2121 1311 2156; x_wconf 86' lang='lat' dir='ltr'><strong>audent,</strong></span> <span class='ocrx_word' id='word_1_798' title='bbox 1325 2123 1363 2150; x_wconf 93' lang='lat' dir='ltr'><strong>sic</strong></span> <span class='ocrx_word' id='word_1_799' title='bbox 1376 2131 1426 2150; x_wconf 90' lang='lat' dir='ltr'><strong>nec</strong></span> <span class='ocrx_word' id='word_1_800' title='bbox 1442 2124 1564 2152; x_wconf 85' lang='lat' dir='ltr'><strong>virtutem</strong></span> <span class='ocrx_word' id='word_1_801' title='bbox 1582 2133 1705 2160; x_wconf 88' lang='lat' dir='ltr'><strong>umquam</strong></span> <span class='ocrx_word' id='word_1_802' title='bbox 1720 2128 1836 2161; x_wconf 86' lang='lat' dir='ltr'><strong>nequitia</strong></span> 
     </span>
    </p>
   </div>
   <div class='ocr_carea' id='block_1_104' title="bbox 1049 2165 1838 2207">
    <p class='ocr_par' dir='ltr' id='par_1_104' title="bbox 1049 2165 1838 2207">
     <span class='ocr_line' id='line_1_104' title="bbox 1049 2165 1838 2207; baseline 0.011 -16"><span class='ocrx_word' id='word_1_803' title='bbox 1049 2165 1151 2193; x_wconf 89' lang='lat' dir='ltr'><strong>obtucri</strong></span> <span class='ocrx_word' id='word_1_804' title='bbox 1168 2168 1273 2201; x_wconf 81' lang='lat' dir='ltr'><strong>poterit,</strong></span> <span class='ocrx_word' id='word_1_805' title='bbox 1290 2169 1336 2195; x_wconf 87' lang='lat' dir='ltr'><strong>sed</strong></span> <span class='ocrx_word' id='word_1_806' title='bbox 1353 2170 1458 2197; x_wconf 90' lang='lat' dir='ltr'><strong>recedet</strong></span> <span class='ocrx_word' id='word_1_807' title='bbox 1472 2175 1499 2197; x_wconf 85' lang='lat' dir='ltr'><strong>et</strong></span> <span class='ocrx_word' id='word_1_808' title='bbox 1510 2175 1582 2206; x_wconf 87' lang='lat' dir='ltr'><strong>terga</strong></span> <span class='ocrx_word' id='word_1_809' title='bbox 1593 2172 1675 2205; x_wconf 86' lang='lat' dir='ltr'><strong>dabit,</strong></span> <span class='ocrx_word' id='word_1_810' title='bbox 1690 2173 1838 2207; x_wconf 84' lang='lat' dir='ltr'><strong>victamque</strong></span> 
     </span>
    </p>
   </div>
   <div class='ocr_carea' id='block_1_105' title="bbox 1049 2213 1836 2251">
    <p class='ocr_par' dir='ltr' id='par_1_105' title="bbox 1049 2213 1836 2251">
     <span class='ocr_line' id='line_1_105' title="bbox 1049 2213 1836 2251; baseline 0.01 -12"><span class='ocrx_word' id='word_1_811' title='bbox 1049 2219 1078 2239; x_wconf 86' lang='lat' dir='ltr'><strong>se</strong></span> <span class='ocrx_word' id='word_1_812' title='bbox 1093 2213 1225 2240; x_wconf 78' lang='lat' dir='ltr'><strong>fatebitur.</strong></span> <span class='ocrx_word' id='word_1_813' title='bbox 1241 2214 1316 2247; x_wconf 87' lang='lat' dir='ltr'><strong>Quod</strong></span> <span class='ocrx_word' id='word_1_814' title='bbox 1335 2223 1393 2242; x_wconf 88' lang='lat' dir='ltr'><strong>ctnn</strong></span> <span class='ocrx_word' id='word_1_815' title='bbox 1410 2224 1565 2251; x_wconf 88' lang='lat' dir='ltr'><strong>persuasum</strong></span> <span class='ocrx_word' id='word_1_816' title='bbox 1588 2219 1663 2246; x_wconf 87' lang='lat' dir='ltr'><strong>nobis</strong></span> <span class='ocrx_word' id='word_1_817' title='bbox 1683 2220 1728 2251; x_wconf 82' lang='lat' dir='ltr'><strong>sit.</strong></span> <span class='ocrx_word' id='word_1_818' title='bbox 1747 2220 1836 2247; x_wconf 91' lang='lat' dir='ltr'><strong>virtuti</strong></span> 
     </span>
    </p>
   </div>
   <div class='ocr_carea' id='block_1_106' title="bbox 1048 2258 1835 2296">
    <p class='ocr_par' dir='ltr' id='par_1_106' title="bbox 1048 2258 1835 2296">
     <span class='ocr_line' id='line_1_106' title="bbox 1048 2258 1835 2296; baseline 0.01 -12"><span class='ocrx_word' id='word_1_819' title='bbox 1048 2258 1207 2289; x_wconf 75' lang='lat' dir='ltr'><strong>luercamus.</strong></span> <span class='ocrx_word' id='word_1_820' title='bbox 1224 2264 1302 2295; x_wconf 87' lang='lat' dir='ltr'><strong>atque</strong></span> <span class='ocrx_word' id='word_1_821' title='bbox 1326 2260 1429 2288; x_wconf 82' lang='lat' dir='ltr'><strong>fortiter</strong></span> <span class='ocrx_word' id='word_1_822' title='bbox 1442 2266 1468 2288; x_wconf 85' lang='lat' dir='ltr'><strong>et</strong></span> <span class='ocrx_word' id='word_1_823' title='bbox 1483 2267 1540 2289; x_wconf 89' lang='lat' dir='ltr'><strong>tuto</strong></span> <span class='ocrx_word' id='word_1_824' title='bbox 1555 2264 1634 2291; x_wconf 89' lang='lat' dir='ltr'><strong>vitam</strong></span> <span class='ocrx_word' id='word_1_825' title='bbox 1652 2264 1835 2296; x_wconf 76' lang='lat' dir='ltr'><strong>instituamus.</strong></span> 
     </span>
    </p>
   </div>
   <div class='ocr_carea' id='block_1_107' title="bbox 1047 2305 1836 2344">
    <p class='ocr_par' dir='ltr' id='par_1_107' title="bbox 1047 2305 1836 2344">
     <span class='ocr_line' id='line_1_107' title="bbox 1047 2305 1836 2344; baseline 0.011 -14"><span class='ocrx_word' id='word_1_826' title='bbox 1047 2307 1074 2331; x_wconf 86' lang='lat' dir='ltr'><strong>et</strong></span> <span class='ocrx_word' id='word_1_827' title='bbox 1087 2313 1145 2339; x_wconf 70' lang='lat' dir='ltr'><strong>qua:</strong></span> <span class='ocrx_word' id='word_1_828' title='bbox 1158 2305 1266 2332; x_wconf 90' lang='lat' dir='ltr'><strong>minima</strong></span> <span class='ocrx_word' id='word_1_829' title='bbox 1280 2306 1401 2334; x_wconf 88' lang='lat' dir='ltr'><strong>videntur</strong></span> <span class='ocrx_word' id='word_1_830' title='bbox 1415 2313 1534 2342; x_wconf 86' lang='lat' dir='ltr'><strong>peccata,</strong></span> <span class='ocrx_word' id='word_1_831' title='bbox 1549 2310 1604 2337; x_wconf 88' lang='lat' dir='ltr'><strong>sive</strong></span> <span class='ocrx_word' id='word_1_832' title='bbox 1618 2310 1644 2337; x_wconf 90' lang='lat' dir='ltr'><strong>in</strong></span> <span class='ocrx_word' id='word_1_833' title='bbox 1658 2311 1763 2344; x_wconf 88' lang='lat' dir='ltr'><strong>verbis,</strong></span> <span class='ocrx_word' id='word_1_834' title='bbox 1780 2313 1836 2339; x_wconf 87' lang='lat' dir='ltr'><strong>sivc</strong></span> 
     </span>
    </p>
   </div>
   <div class='ocr_carea' id='block_1_108' title="bbox 1047 2349 1834 2392">
    <p class='ocr_par' dir='ltr' id='par_1_108' title="bbox 1047 2349 1834 2392">
     <span class='ocr_line' id='line_1_108' title="bbox 1047 2349 1834 2392; baseline 0.013 -17"><span class='ocrx_word' id='word_1_835' title='bbox 1047 2349 1072 2375; x_wconf 93' lang='lat' dir='ltr'><strong>in</strong></span> <span class='ocrx_word' id='word_1_836' title='bbox 1087 2350 1227 2384; x_wconf 85' lang='lat' dir='ltr'><strong>operibus,</strong></span> <span class='ocrx_word' id='word_1_837' title='bbox 1249 2352 1341 2379; x_wconf 86' lang='lat' dir='ltr'><strong>scdulo</strong></span> <span class='ocrx_word' id='word_1_838' title='bbox 1361 2353 1483 2381; x_wconf 85' lang='lat' dir='ltr'><strong>vitemus.</strong></span> <span class='ocrx_word' id='word_1_839' title='bbox 1498 2355 1541 2382; x_wconf 88' lang='lat' dir='ltr'><strong>Sic</strong></span> <span class='ocrx_word' id='word_1_840' title='bbox 1559 2356 1629 2383; x_wconf 89' lang='lat' dir='ltr'><strong>enim</strong></span> <span class='ocrx_word' id='word_1_841' title='bbox 1647 2365 1789 2392; x_wconf 80' lang='lat' dir='ltr'><strong>nuntquam</strong></span> <span class='ocrx_word' id='word_1_842' title='bbox 1806 2359 1834 2385; x_wconf 87' lang='lat' dir='ltr'><strong>in</strong></span> 
     </span>
    </p>
   </div>
   <div class='ocr_carea' id='block_1_109' title="bbox 1047 2395 1834 2438">
    <p class='ocr_par' dir='ltr' id='par_1_109' title="bbox 1047 2395 1834 2438">
     <span class='ocr_line' id='line_1_109' title="bbox 1047 2395 1834 2438; baseline 0.013 -17"><span class='ocrx_word' id='word_1_843' title='bbox 1047 2395 1147 2430; x_wconf 80' lang='lat' dir='ltr'><strong>majora</strong></span> <span class='ocrx_word' id='word_1_844' title='bbox 1161 2396 1324 2430; x_wconf 87' lang='lat' dir='ltr'><strong>incidemus,</strong></span> <span class='ocrx_word' id='word_1_845' title='bbox 1345 2399 1391 2425; x_wconf 91' lang='lat' dir='ltr'><strong>sia</strong></span> <span class='ocrx_word' id='word_1_846' title='bbox 1409 2401 1495 2434; x_wconf 88' lang='lat' dir='ltr'><strong>parvis</strong></span> <span class='ocrx_word' id='word_1_847' title='bbox 1514 2402 1713 2430; x_wconf 89' lang='lat' dir='ltr'><strong>abstineamus:</strong></span> <span class='ocrx_word' id='word_1_848' title='bbox 1728 2411 1758 2430; x_wconf 89' lang='lat' dir='ltr'><strong>ac</strong></span> <span class='ocrx_word' id='word_1_849' title='bbox 1773 2411 1834 2438; x_wconf 89' lang='lat' dir='ltr'><strong>pro-</strong></span> 
     </span>
    </p>
   </div>
   <div class='ocr_carea' id='block_1_110' title="bbox 1046 2441 1832 2483">
    <p class='ocr_par' dir='ltr' id='par_1_110' title="bbox 1046 2441 1832 2483">
     <span class='ocr_line' id='line_1_110' title="bbox 1046 2441 1832 2483; baseline 0.013 -16"><span class='ocrx_word' id='word_1_850' title='bbox 1046 2441 1157 2469; x_wconf 83' lang='lat' dir='ltr'><strong>cedente</strong></span> <span class='ocrx_word' id='word_1_851' title='bbox 1173 2448 1293 2477; x_wconf 90' lang='lat' dir='ltr'><strong>tempore</strong></span> <span class='ocrx_word' id='word_1_852' title='bbox 1304 2446 1458 2478; x_wconf 84' lang='lat' dir='ltr'><strong>poterimus,</strong></span> <span class='ocrx_word' id='word_1_853' title='bbox 1474 2454 1588 2481; x_wconf 88' lang='lat' dir='ltr'><strong>superna</strong></span> <span class='ocrx_word' id='word_1_854' title='bbox 1610 2447 1714 2476; x_wconf 80' lang='lat' dir='ltr'><strong>favente</strong></span> <span class='ocrx_word' id='word_1_855' title='bbox 1730 2450 1813 2483; x_wconf 86' lang='lat' dir='ltr'><strong>gratia</strong></span> <span class='ocrx_word' id='word_1_856' title='bbox 1825 2470 1832 2482; x_wconf 88' lang='lat'>.</span> 
     </span>
    </p>
   </div>
   <div class='ocr_carea' id='block_1_111' title="bbox 1044 2489 1832 2529">
    <p class='ocr_par' dir='ltr' id='par_1_111' title="bbox 1044 2489 1832 2529">
     <span class='ocr_line' id='line_1_111' title="bbox 1044 2489 1832 2529; baseline 0.011 -16"><span class='ocrx_word' id='word_1_857' title='bbox 1044 2494 1177 2514; x_wconf 84' lang='lat' dir='ltr'><strong>summam</strong></span> <span class='ocrx_word' id='word_1_858' title='bbox 1203 2489 1326 2517; x_wconf 88' lang='lat' dir='ltr'><strong>virtutem</strong></span> <span class='ocrx_word' id='word_1_859' title='bbox 1352 2492 1498 2526; x_wconf 84' lang='lat' dir='ltr'><strong>attingere.</strong></span> <span class='ocrx_word' id='word_1_860' title='bbox 1526 2493 1690 2520; x_wconf 83' lang='lat' dir='ltr'><strong>reconditam</strong></span> <span class='ocrx_word' id='word_1_861' title='bbox 1716 2494 1832 2529; x_wconf 74' lang='lat' dir='ltr'><strong>effugere</strong></span> 
     </span>
    </p>
   </div>
   <div class='ocr_carea' id='block_1_112' title="bbox 1044 2538 1832 2572">
    <p class='ocr_par' dir='ltr' id='par_1_112' title="bbox 1044 2538 1832 2572">
     <span class='ocr_line' id='line_1_112' title="bbox 1044 2538 1832 2572; baseline 0.01 -13"><span class='ocrx_word' id='word_1_862' title='bbox 1044 2541 1149 2567; x_wconf 68' lang='lat' dir='ltr'><strong>pinnam</strong></span> <span class='ocrx_word' id='word_1_863' title='bbox 1164 2539 1191 2561; x_wconf 88' lang='lat' dir='ltr'><strong>et</strong></span> <span class='ocrx_word' id='word_1_864' title='bbox 1211 2539 1309 2562; x_wconf 75' lang='lat' dir='ltr'><strong>:rtcrna</strong></span> <span class='ocrx_word' id='word_1_865' title='bbox 1332 2538 1457 2570; x_wconf 83' lang='lat' dir='ltr'><strong>consequi</strong></span> <span class='ocrx_word' id='word_1_866' title='bbox 1481 2538 1581 2568; x_wconf 78' lang='lat' dir='ltr'><strong>bona‘.</strong></span> <span class='ocrx_word' id='word_1_867' title='bbox 1606 2539 1688 2572; x_wconf 85' lang='lat' dir='ltr'><strong>gratia</strong></span> <span class='ocrx_word' id='word_1_868' title='bbox 1709 2545 1735 2566; x_wconf 90' lang='lat' dir='ltr'><strong>et</strong></span> <span class='ocrx_word' id='word_1_869' title='bbox 1758 2540 1832 2567; x_wconf 50' lang='lat' dir='ltr'><strong>beni.</strong></span> 
     </span>
    </p>
   </div>
   <div class='ocr_carea' id='block_1_113' title="bbox 1042 2580 1828 2620">
    <p class='ocr_par' dir='ltr' id='par_1_113' title="bbox 1042 2580 1828 2620">
     <span class='ocr_line' id='line_1_113' title="bbox 1042 2580 1828 2620; baseline 0.009 -14"><span class='ocrx_word' id='word_1_870' title='bbox 1042 2580 1142 2614; x_wconf 81' lang='lat' dir='ltr'><strong>gnitale</strong></span> <span class='ocrx_word' id='word_1_871' title='bbox 1162 2580 1266 2608; x_wconf 88' lang='lat' dir='ltr'><strong>Domini</strong></span> <span class='ocrx_word' id='word_1_872' title='bbox 1289 2583 1370 2609; x_wconf 87' lang='lat' dir='ltr'><strong>nostri</strong></span> <span class='ocrx_word' id='word_1_873' title='bbox 1392 2582 1452 2610; x_wconf 88' lang='lat' dir='ltr'><strong>.lcsu</strong></span> <span class='ocrx_word' id='word_1_874' title='bbox 1480 2583 1587 2617; x_wconf 76' lang='lat' dir='ltr'><strong>Christi,</strong></span> <span class='ocrx_word' id='word_1_875' title='bbox 1604 2592 1664 2611; x_wconf 88' lang='lat' dir='ltr'><strong>cum</strong></span> <span class='ocrx_word' id='word_1_876' title='bbox 1691 2593 1744 2620; x_wconf 88' lang='lat' dir='ltr'><strong>quo</strong></span> <span class='ocrx_word' id='word_1_877' title='bbox 1759 2585 1828 2613; x_wconf 85' lang='lat' dir='ltr'><strong>Patri</strong></span> 
     </span>
    </p>
   </div>
   <div class='ocr_carea' id='block_1_114' title="bbox 1042 2627 1830 2665">
    <p class='ocr_par' dir='ltr' id='par_1_114' title="bbox 1042 2627 1830 2665">
     <span class='ocr_line' id='line_1_114' title="bbox 1042 2627 1830 2665; baseline 0.009 -12"><span class='ocrx_word' id='word_1_878' title='bbox 1042 2631 1187 2662; x_wconf 86' lang='lat' dir='ltr'><strong>sanctoque</strong></span> <span class='ocrx_word' id='word_1_879' title='bbox 1200 2627 1308 2663; x_wconf 89' lang='lat' dir='ltr'><strong>Spiritui</strong></span> <span class='ocrx_word' id='word_1_880' title='bbox 1322 2630 1355 2655; x_wconf 86' lang='lat' dir='ltr'><strong>sit</strong></span> <span class='ocrx_word' id='word_1_881' title='bbox 1370 2629 1464 2663; x_wconf 81' lang='lat' dir='ltr'><strong>gloria,</strong></span> <span class='ocrx_word' id='word_1_882' title='bbox 1481 2629 1631 2664; x_wconf 84' lang='lat' dir='ltr'><strong>imperium,</strong></span> <span class='ocrx_word' id='word_1_883' title='bbox 1647 2630 1744 2665; x_wconf 90' lang='lat' dir='ltr'><strong>honor,</strong></span> <span class='ocrx_word' id='word_1_884' title='bbox 1759 2641 1830 2660; x_wconf 84' lang='lat' dir='ltr'><strong>nunc</strong></span> 
     </span>
    </p>
   </div>
   <div class='ocr_carea' id='block_1_115' title="bbox 1042 2674 1679 2707">
    <p class='ocr_par' dir='ltr' id='par_1_115' title="bbox 1042 2674 1679 2707">
     <span class='ocr_line' id='line_1_115' title="bbox 1042 2674 1679 2707; baseline 0.009 -9"><span class='ocrx_word' id='word_1_885' title='bbox 1042 2676 1068 2698; x_wconf 92' lang='lat' dir='ltr'><strong>et</strong></span> <span class='ocrx_word' id='word_1_886' title='bbox 1082 2679 1198 2707; x_wconf 87' lang='lat' dir='ltr'><strong>semper,</strong></span> <span class='ocrx_word' id='word_1_887' title='bbox 1214 2679 1240 2700; x_wconf 86' lang='lat' dir='ltr'><strong>et</strong></span> <span class='ocrx_word' id='word_1_888' title='bbox 1255 2674 1279 2701; x_wconf 92' lang='lat' dir='ltr'><strong>in</strong></span> <span class='ocrx_word' id='word_1_889' title='bbox 1293 2674 1387 2701; x_wconf 72' lang='lat' dir='ltr'><strong>srccula</strong></span> <span class='ocrx_word' id='word_1_890' title='bbox 1401 2675 1570 2702; x_wconf 71' lang='lat' dir='ltr'><strong>smculorum.</strong></span> <span class='ocrx_word' id='word_1_891' title='bbox 1584 2676 1679 2707; x_wconf 82' lang='lat' dir='ltr'><strong>Amen.</strong></span> 
     </span>
    </p>
   </div>
   <div class='ocr_carea' id='block_1_116' title="bbox 1067 2771 1823 2814">
    <p class='ocr_par' dir='ltr' id='par_1_116' title="bbox 1067 2771 1823 2814">
     <span class='ocr_line' id='line_1_116' title="bbox 1067 2771 1823 2814; baseline 0.017 -19"><span class='ocrx_word' id='word_1_892' title='bbox 1067 2771 1074 2786; x_wconf 83' lang='lat'>&#39;</span> <span class='ocrx_word' id='word_1_893' title='bbox 1093 2774 1145 2796; x_wconf 84' lang='lat' dir='ltr'><strong>Post</strong></span> <span class='ocrx_word' id='word_1_894' title='bbox 1156 2772 1200 2798; x_wconf 86' lang='lat' dir='ltr'><strong>has</strong></span> <span class='ocrx_word' id='word_1_895' title='bbox 1207 2780 1292 2814; x_wconf 50' lang='lat' dir='ltr'><strong>Epeos,</strong></span> <span class='ocrx_word' id='word_1_896' title='bbox 1303 2776 1495 2814; x_wconf 56' lang='lat' dir='ltr'><strong>consgquijpnn,</strong></span> <span class='ocrx_word' id='word_1_897' title='bbox 1516 2778 1610 2804; x_wconf 84' lang='lat' dir='ltr'><strong>additur</strong></span> <span class='ocrx_word' id='word_1_898' title='bbox 1627 2780 1652 2805; x_wconf 90' lang='lat' dir='ltr'><strong>iu</strong></span> <span class='ocrx_word' id='word_1_899' title='bbox 1664 2781 1757 2811; x_wconf 76' lang='lat' dir='ltr'><strong>savilio.</strong></span> <span class='ocrx_word' id='word_1_900' title='bbox 1770 2789 1823 2814; x_wconf 64' lang='lat' dir='ltr'><strong>qum</strong></span> 
     </span>
    </p>
   </div>
   <div class='ocr_carea' id='block_1_117' title="bbox 1033 2803 1820 2858">
    <p class='ocr_par' dir='ltr' id='par_1_117' title="bbox 1033 2803 1820 2858">
     <span class='ocr_line' id='line_1_117' title="bbox 1033 2803 1820 2858; baseline 0.018 -33"><span class='ocrx_word' id='word_1_901' title='bbox 1033 2806 1076 2836; x_wconf 70' lang='lat' dir='ltr'><strong>nos</strong></span> <span class='ocrx_word' id='word_1_902' title='bbox 1085 2807 1176 2858; x_wconf 48' lang='lat' dir='ltr'><strong>mune;</strong></span> <span class='ocrx_word' id='word_1_903' title='bbox 1176 2803 1288 2835; x_wconf 80' lang='lat' dir='ltr'><strong>colligere</strong></span> <span class='ocrx_word' id='word_1_904' title='bbox 1299 2803 1398 2831; x_wconf 75' lang='lat' dir='ltr'><strong>eveniat.</strong></span> <span class='ocrx_word' id='word_1_905' title='bbox 1418 2803 1510 2839; x_wconf 43' lang='lat' dir='ltr'><strong>Morel”</strong></span> <span class='ocrx_word' id='word_1_906' title='bbox 1523 2803 1578 2841; x_wconf 61' lang='lat' dir='ltr'><strong>qtae</strong></span> <span class='ocrx_word' id='word_1_907' title='bbox 1588 2803 1820 2838; x_wconf 46' lang='lat' dir='ltr'><strong>inusitate;</strong></span> 
     </span>
     <span class='ocr_line' id='line_1_118' title="bbox 1033 2836 1184 2858; baseline -0.007 0"><span class='ocrx_word' id='word_1_908' title='bbox 1033 2836 1075 2858; x_wconf 72' lang='lat' dir='ltr'><strong>aut</strong></span> <span class='ocrx_word' id='word_1_909' title='bbox 1085 2838 1150 2858; x_wconf 73' lang='lat' dir='ltr'><strong>eram</strong></span> <span class='ocrx_word' id='word_1_910' title='bbox 1178 2850 1184 2857; x_wconf 90' lang='lat'><strong>.</strong></span> 
     </span>
    </p>
   </div>
   <div class='ocr_carea' id='block_1_118' title="bbox 1033 2836 1184 2861">
    <p class='ocr_par' dir='ltr' id='par_1_118' title="bbox 1033 2836 1184 2861">
     <span class='ocr_line' id='line_1_119' title="bbox 1033 2836 1184 2861; baseline 0.026 -7"><span class='ocrx_word' id='word_1_911' title='bbox 1033 2836 1075 2861; x_wconf 78' lang='lat' dir='ltr'><strong>qut</strong></span> <span class='ocrx_word' id='word_1_912' title='bbox 1085 2836 1184 2858; x_wconf 77' lang='lat' dir='ltr'><strong>cremat.</strong></span> 
     </span>
    </p>
   </div>
  </div>
