2060 3122
189 96 230 124 Ill
513 92 541 120 S.
561 90 700 120 JOANN‘IS
720 87 957 119 CIIRYSOSTOMI
980 86 1135 116 ARCillEP.
1151 89 1417 119 CONSTANTINOP.
1774 93 1822 119 112

469 150 607 177 liOlllldA
622 150 690 177 XIV.

190 217 221 243 Et
235 216 329 250 accepit
343 214 466 241 Dominus
484 214 552 241 Deus
564 215 699 245 hominem,
717 210 790 248 quem
807 212 940 247 formavit,
956 217 979 238 et

224 261 306 295 posuit
320 269 377 287 eum
399 259 423 286 in
439 260 558 294 paradiso
580 260 714 294 voluptatis
725 280 731 291 ,
748 265 773 286 ut
789 264 936 294 operaretur
956 264 979 285 et

222 307 357 336 custodiret
372 307 444 334 illum
458 307 535 341 (Gen.
549 307 575 333 9..
596 307 649 342 15).

225 377 249 404 1.
262 375 370 409 lterum,
384 377 406 403 si
418 376 506 407 vultis,
519 375 650 403 hesternae
662 375 798 402 conrionis
810 375 887 402 seriei
902 374 981 402 hodic

190 422 354 454 insistentes,
381 421 442 448 hinc
462 421 536 448 vobis
555 420 719 455 spiritualem
741 420 892 447 doctrinam
917 427 982 446 con-

189 473 280 494 texere
293 467 455 494 curabimtts.
473 466 553 493 Multa
566 466 636 493 enim
654 465 679 492 in
695 465 736 497 iis,
751 473 810 500 qua:
829 465 908 492 modo
921 468 983 491 sunt

191 513 269 545 lecta,
290 513 426 540 recondita
449 512 488 539 vis
502 516 553 545 est,
578 515 605 538 et
618 519 667 546 par
688 516 728 538 est
748 518 796 537 nos
812 511 836 538 in
854 509 982 544 profunda

190 562 371 592 penetrantes,
395 561 474 592 atque
488 561 611 584 accurate
630 556 719 583 omnia
740 555 923 590 explorautcs,
941 555 982 582 lu—

191 611 265 630 crum
283 604 343 630 inde
358 604 512 638 decerpere.
529 602 595 630 Natu
613 602 633 629 si
650 601 666 628 ii
679 602 723 636 qtti
742 602 873 636 pretiosos
884 601 984 636 lapides

192 649 217 676 itt
247 649 312 675 mari
343 649 483 683 exquirere
515 649 640 684 cupiunt,
675 652 776 674 tantum
808 647 927 675 laborem
958 652 986 674 et

192 694 339 721 molestiam
364 695 492 727 subeunt,
520 694 710 728 incompositos
733 700 862 728 aquarum
889 692 986 720 ﬂuctus

192 740 335 773 adeuntes,
358 746 385 767 tit
404 741 502 775 optantis
529 741 664 776 potiantur
689 749 696 766 :
720 740 803 766 multo
828 739 911 774 magis
937 746 986 766 nos

192 787 309 813 auitnum
333 785 470 813 intendere
492 793 540 821 par
556 791 613 817 est,
633 790 661 812 ut
679 785 845 819 perlustratis
876 785 907 811 iis
927 791 986 820 quin

195 832 220 857 in
247 831 379 865 profundo
398 831 529 858 dictorum
545 831 637 862 latent,
661 831 699 858 sic
715 830 845 865 pretiosos
871 830 929 857 illos
950 830 985 856 la-

194 878 268 912 pides
283 879 480 906 nanciscamur.
495 878 547 906 Sed
563 886 595 905 nc
608 879 710 911 timeas,
725 878 831 910 dilecte,
847 885 906 907 cum
922 884 985 912 pro-

196 923 305 951 t'undum
321 924 408 952 audis.
420 923 478 951 Non
494 924 564 950 enim
578 923 622 951 hic
637 923 751 958 impetus
765 928 806 950 est
817 922 986 950 :cstuantium

195 970 337 1003 undarum,
353 970 400 997 sed
422 969 537 1004 Spiritus
550 970 633 1004 gratia
660 974 775 996 mentem
796 973 914 996 nostram
929 968 987 995 illu-

195 1021 295 1047 strans,
321 1023 380 1049 quae
403 1015 429 1041 id
455 1019 573 1049 pra-stat,
601 1019 629 1041 ut
655 1015 765 1049 quatsita
793 1014 894 1041 facilius
915 1014 988 1040 inve-

195 1061 317 1091 niantur,
334 1064 361 1087 et
375 1060 492 1087 laborem
510 1067 614 1086 omnem
633 1060 716 1086 levem
733 1059 824 1086 efﬁcit.
840 1059 901 1086 lllos
915 1062 988 1086 certe

197 1105 301 1139 lapillos
315 1105 448 1132 invenisse
458 1109 621 1132 scrutantem
635 1112 686 1131 non
698 1105 808 1131 multum
822 1104 907 1138 juvat,
917 1111 988 1137 smpc

196 1156 285 1178 autem
297 1152 320 1178 ei
336 1153 427 1179 nocuit
438 1157 465 1179 ct
480 1151 551 1178 mille
563 1151 760 1186 naufragiorum
774 1158 854 1178 causa
869 1151 925 1183 luit,
939 1158 989 1177 nec

198 1201 297 1223 tantam
315 1198 456 1232 reperienti
472 1197 589 1224 lzetitiant
605 1198 718 1232 peperit,
733 1201 859 1232 qttatttam
876 1197 989 1232 repertis

198 1242 250 1269 illis
264 1243 412 1269 molestiam
427 1247 552 1276 expertus
565 1247 615 1275 est,
628 1242 777 1270 invidorum
792 1250 889 1276 nempe
903 1241 988 1269 oculis

198 1289 338 1315 :Ith’ul‘stltll
356 1295 385 1315 se
400 1288 551 1321 concitatis,
568 1293 594 1315 et
609 1289 695 1315 avaris
710 1288 744 1315 ad
758 1288 857 1315 bellum
875 1288 924 1314 sibi
947 1288 989 1314 itt-

198 1334 335 1361 t‘erendmn
350 1334 470 1362 armatis.
482 1334 518 1361 lta
533 1343 585 1362 non
603 1335 682 1362 modo
696 1335 795 1362 nullam
811 1336 949 1362 utilitatem
963 1335 988 1362 in

200 1381 280 1407 \itam
294 1380 421 1408 inducunt
438 1381 536 1415 reperti
551 1382 586 1408 illi
601 1381 716 1416 lapides;
731 1381 777 1408 sed
791 1382 871 1409 etiam
892 1381 990 1408 multo-

199 1433 256 1452 rum
271 1430 331 1452 sunt
348 1434 426 1453 causa
447 1427 589 1454 bellorum.
605 1427 728 1454 Avaritiae
743 1434 858 1462 namque
879 1427 989 1454 materia

199 1477 250 1505 est,
273 1477 300 1500 et
321 1473 455 1500 caminum
479 1473 631 1508 cupiditatis
653 1472 809 1506 incendens,
830 1480 922 1500 eorum
945 1473 990 1507 qui

200 1517 249 1552 ipsi
273 1517 356 1545 dediti
377 1523 437 1545 sunt
461 1519 579 1545 animum
595 1523 742 1554 oppugnat.
758 1518 785 1546 ln
809 1519 991 1554 spiritualibus

199 1568 293 1589 eontra
308 1562 382 1590 hisce
402 1563 526 1597 pretiosis
542 1563 673 1598 lapidibus
688 1564 752 1590 nihil
768 1564 920 1599 lmjusmodi
937 1572 992 1590 tne-

201 1609 340 1642 tuendum,
354 1609 401 1637 sed
415 1609 514 1637 divitia;
528 1609 589 1637 hinc
598 1610 718 1637 collecta:
733 1611 871 1638 immensa:
883 1615 955 1644 sunt,
966 1615 993 1638 ct

201 1654 323 1689 voluptas
350 1655 595 1688 immarcescibilis,
622 1661 649 1683 et
677 1656 757 1692 longo
784 1657 921 1684 intervallo
948 1664 994 1684 su-

202 1708 298 1734 perans
309 1709 416 1729 omnem
431 1702 548 1729 Iretitiam
561 1702 697 1730 hominum
713 1710 744 1730 ex
761 1704 920 1738 supradictis
931 1711 992 1738 par-

203 1751 267 1772 tam.
283 1747 338 1774 lloc
349 1747 441 1774 audias
455 1747 561 1775 beatum
579 1748 702 1776 Davidctu
716 1749 849 1776 dicentem
865 1759 870 1776 :
886 1749 992 1776 Deside-

205 1792 295 1819 rabilia
309 1793 412 1827 eloquia
429 1799 471 1820 tua
485 1802 561 1828 super
579 1802 669 1820 aurum
689 1799 713 1820 et
728 1794 838 1829 lapidem
859 1795 994 1829 pretiosum

203 1840 307 1866 multum
321 1839 406 1875 (Psal.
420 1841 463 1867 18.
476 1840 532 1875 11).
544 1839 690 1875 Viden‘quo
699 1846 777 1876 pacto
787 1841 924 1868 materiam
938 1848 996 1868 om-

203 1885 276 1912 nium
298 1885 516 1920 pretiosissimam
539 1885 654 1913 habitam
670 1886 696 1912 in
714 1886 829 1913 medium
849 1886 993 1919 adducens,

203 1937 255 1957 ιιοη
270 1930 350 1957 modo
365 1930 409 1958 tali
427 1931 625 1966 comparatione
645 1936 786 1958 contenttts
804 1939 856 1958 non
876 1936 933 1963 est;
949 1931 994 1960 sed

202 1975 308 2010 adjecit,
324 1975 444 2008 Multum,
460 1984 513 2011 quo
534 1977 616 2004 verbo
638 1977 714 2004 nobis
736 1977 794 2012 ejus
814 1977 994 2012 prarstantiam

204 2020 367 2049 declaravit?
380 2022 466 2057 Super
477 2031 579 2055 aurum,
592 2023 685 2058 inquit,
702 2029 724 2050 et
735 2023 845 2058 lapidem
859 2024 996 2058 pretiorum

205 2067 312 2094 multant
325 2075 335 2094 :
349 2075 401 2095 non
416 2068 485 2102 quod
500 2073 571 2095 tanta
586 2068 673 2096 solum
695 2069 798 2096 ratione
810 2068 995 2096 desiderabilia

205 2112 259 2138 sint
278 2112 366 2139 divina
391 2113 512 2148 eloqttia,
529 2113 576 2140 scd
598 2113 659 2148 quia
681 2113 751 2140 solas
774 2113 852 2141 hasce
873 2114 996 2141 materias

207 2157 276 2191 apud
293 2157 414 2185 homines
429 2159 509 2185 sciret
523 2159 548 2185 in
564 2166 669 2185 summo
683 2158 774 2186 haberi
797 2159 892 2194 pretio,
915 2159 954 2186 Itis
970 2160 995 2186 in

208 2203 323 2230 tnediutn
339 2203 459 2231 adductis
474 2205 508 2231 ita
524 2204 729 2238 prmct-llentiam
751 2204 892 2236 indicavit,
909 2210 935 2232 et
947 2205 994 2232 dc-

206 2249 332 2276 siderium
345 2250 510 2284 eloquiorum
523 2250 635 2285 Spiritus
650 2251 833 2279 vehementius
847 2260 905 2279 esse
919 2252 994 2279 dixit.

208 2293 241 2320 Et
251 2299 278 2320 ut
288 2294 396 2322 tliscatis
412 2295 481 2322 lntuc
496 2303 602 2330 semper
617 2303 676 2323 esse
687 2304 787 2324 morem
799 2296 941 2332 Scripturrc
954 2297 996 2324 di-

207 2340 275 2366 vina:
284 2340 462 2374 spiritualibus
474 2341 553 2368 rebus
564 2341 686 2369 conferre
695 2350 754 2369 eam
765 2350 825 2377 qua:
836 2343 896 2371 inde
909 2348 997 2370 manat

211 2385 363 2418 utilitatem,
379 2391 406 2413 et
416 2386 454 2412 sic
465 2386 672 2420 princellentiam
686 2388 837 2421 ostendere,
854 2388 942 2415 audite
955 2396 998 2415 se-

207 2431 314 2464 quentia
327 2440 333 2457 :
347 2431 378 2458 Et
391 2432 506 2459 dulciora
519 2433 678 2468 supermelet
693 2433 786 2467 favum.
804 2434 836 2461 Et
846 2434 997 2469 lticquoque

209 2484 260 2503 non
275 2477 343 2511 quod
356 2481 430 2503 tanto
443 2478 530 2505 solutn
542 2479 659 2506 dulciora
674 2480 741 2513 sint,
757 2488 804 2507 nec
816 2481 884 2515 quod
898 2485 996 2507 tantam

209 2524 310 2556 possint
322 2531 416 2557 parere
438 2524 598 2558 voluptatem
611 2546 617 2555 ,
634 2525 680 2552 sed
695 2527 755 2561 quia
780 2526 845 2554 niltil
867 2527 957 2554 habuit
972 2528 996 2553 in

209 2569 288 2595 rebus
303 2569 453 2601 sensilibus,
468 2570 538 2604 quod
560 2571 680 2598 conferre
702 2577 790 2606 posset
811 2573 936 2606 voluptati
959 2573 997 2600 di-

210 2615 332 2641 vinorum
347 2615 512 2649 eloquiorum
524 2625 530 2643 :
543 2616 640 2644 idcirco
655 2617 696 2645 his
709 2619 871 2649 memoratis,
887 2619 925 2645 sic
940 2618 998 2645 illo-

211 2668 269 2687 rum
283 2661 453 2688 cminentiam
468 2661 608 2697 descripsit
618 2684 624 2695 ,
637 2670 668 2690 ac
683 2663 831 2690 divinorum
845 2663 996 2698 dogmatnnt

211 2706 372 2740 voluptatem
393 2707 519 2742 majorem
539 2715 598 2735 esse
622 2708 698 2735 dixit.
720 2709 820 2735 Eadem
843 2716 933 2735 norma
960 2710 999 2736 in-

210 2751 300 2779 venies
306 2751 438 2780 Christttm
446 2753 471 2780 in
478 2753 621 2788 evangeliis
629 2761 715 2780 usum.
723 2753 788 2781 Natu
795 2761 854 2781 cum
861 2754 997 2789 discipulis

210 2796 370 2831 loqueretur,
386 2798 553 2832 cupientibus
571 2798 812 2833 interpretationem
831 2798 934 2827 discere
953 2807 997 2835 pa-

1033 145 1130 172 rabolae
1146 145 1301 173 seminantis
1316 146 1414 173 bonum
1429 154 1520 174 semen
1537 147 1562 173 in
1577 154 1641 181 agro
1653 154 1719 179 suo,
1734 152 1761 174 et
1775 148 1822 175 ini-

1033 190 1091 216 mici
1104 190 1203 216 zizania
1217 190 1286 217 inter
1299 191 1414 218 triticum
1426 191 1562 226 jacientis,
1575 191 1724 218 minutatim
1741 196 1822 219 totam

1033 235 1172 270 explicavit
1186 235 1349 269 parabolam,
1365 237 1456 263 dicens
1469 237 1528 271 quis
1541 236 1622 263 fuerit
1632 236 1654 269 is
1669 236 1712 271 qui
1726 236 1823 264 bonum

1034 288 1123 308 semen
1146 282 1304 313 seminavit,
1318 283 1378 317 quis
1392 290 1470 317 ager,
1491 290 1550 317 qua:
1576 282 1691 315 zizania,
1715 282 1773 318 quis
1795 291 1824 310 ea

1035 327 1215 360 seminaverit,
1230 327 1276 362 qui
1291 335 1434 361 messores,
1446 336 1505 363 qua:
1517 329 1628 356 messis:
1644 334 1671 356 ct
1686 334 1826 364 postquam

1034 371 1122 399 omnia
1145 372 1186 399 eis
1207 373 1292 407 palam
1315 373 1431 405 fecisset,
1456 378 1517 401 tunc
1537 374 1574 401 ait
1591 384 1596 401 :
1613 374 1681 401 Justi
1697 375 1827 410 fulgebunt

1035 419 1098 444 sicut
1113 418 1152 445 ιοι
1166 419 1192 445 in
1204 427 1280 454 regno
1296 419 1381 447 Patris
1395 428 1480 447 eorum
1501 421 1608 456 (Matth.
1632 421 1673 448 15.
1688 422 1732 456 45)
1750 430 1756 447 :
1774 430 1826 448 nun

1036 463 1105 498 quod
1119 471 1208 498 parem
1225 469 1325 493 tantutn
1342 465 1470 500 fulgorem
1486 466 1600 494 ltahituri
1616 467 1669 494 sint
1685 467 1765 501 justi,
1780 467 1827 494 sed

1036 509 1153 537 osmndit
1175 511 1259 537 multo
1275 510 1402 546 majorem
1427 519 1505 539 esse:
1523 516 1624 539 tantum
1643 517 1731 539 autent
1745 513 1827 542 dixit.

1036 554 1106 589 quod
1132 555 1216 589 major
1242 555 1293 583 hac
1317 556 1404 591 imago
1428 557 1453 583 in
1474 557 1623 584 visibilibus
1644 557 1754 592 reperiri
1776 566 1828 585 non

1038 606 1137 634 posset.
1149 601 1216 627 Cum
1232 601 1312 636 igitur
1323 601 1386 636 quid
1404 602 1492 629 simile
1504 603 1639 635 audimus,
1657 611 1689 630 ne
1708 603 1734 629 itt
1752 603 1829 630 dictis

1039 652 1141 674 tantum
1156 647 1282 675 sistamus
1291 648 1412 683 gradum,
1426 649 1472 676 sed
1486 657 1517 676 ex
1530 650 1572 681 iis,
1585 657 1643 684 qua:
1658 650 1708 676 sub
1722 656 1829 677 sensum

1038 698 1065 719 et
1085 693 1135 719 sub
1160 698 1298 727 aspectum
1320 693 1432 727 cadunt,
1457 694 1633 728 spiritualium
1658 695 1829 722 eminentiam

1038 739 1210 766 mstimemus.
1226 739 1444 775 Quandoquidem
1472 740 1551 775 igitur
1579 741 1620 767 hic
1647 740 1831 768 vehementius

1038 785 1200 813 desiderium
1217 785 1328 812 inveniri
1351 790 1438 820 potest
1458 785 1556 821 (divina
1577 786 1707 821 siquidem
1728 791 1790 814 sunt
1803 791 1830 813 ct

1039 831 1184 865 spiritualia
1207 831 1323 865 eloquia,
1339 839 1398 866 qua:
1423 839 1544 866 magnam
1568 832 1670 866 possint
1693 832 1719 858 itt
1741 832 1831 858 animo

1041 884 1133 911 parere
1153 876 1316 911 spiritualem
1339 876 1481 911 laetitiam),
1503 884 1563 904 cum
1585 876 1672 904 studio
1697 876 1781 903 multo
1800 883 1831 902 ac

1041 921 1190 949 vehementi
1201 921 1334 948 desiderio
1347 921 1424 948 dictis
1434 929 1513 948 aures
1528 921 1702 956 przehcamus,
1717 926 1745 947 ut
1756 928 1831 948 veras

1040 967 1150 994 divitias
1164 966 1225 994 inde
1239 967 1319 998 nacti,
1337 971 1363 994 et
1377 966 1410 994 ad
1430 974 1489 994 eam
1505 975 1564 1002 qua:
1578 966 1725 993 secundum
1748 966 1830 993 Demn

1040 1018 1081 1041 est
1095 1013 1290 1048 philosophiam
1303 1014 1392 1042 multis
1407 1015 1537 1049 susceptis
1549 1014 1694 1041 seminibus
1705 1035 1712 1047 ,
1733 1014 1771 1041 sic
1782 1014 1831 1040 do-

1041 1067 1112 1087 mum
1127 1064 1301 1088 revertamur.

1075 1108 1102 1134 2.
1124 1107 1269 1135 Audiamus
1282 1107 1361 1142 igitur
1376 1114 1436 1142 qua:
1450 1106 1530 1134 hodie
1543 1106 1608 1133 lecta
1620 1105 1672 1133 sint
1685 1114 1691 1132 :
1708 1106 1755 1134 sed
1769 1106 1829 1132 ani-

1042 1161 1113 1180 mum
1129 1153 1263 1183 adhibete.
1284 1156 1310 1179 et
1325 1159 1434 1179 excussa
1458 1152 1560 1187 ignavia
1575 1159 1690 1187 curaque
1713 1152 1832 1179 smculari

1026 1199 1125 1231 .omni,
1141 1199 1178 1225 sic
1192 1198 1269 1225 dictis
1280 1198 1410 1225 attendite
1424 1207 1430 1224 :
1447 1198 1543 1225 divina:
1557 1205 1670 1232 namque
1685 1197 1759 1233 leges
1772 1203 1834 1224 sunt

1042 1252 1074 1271 ex
1098 1243 1171 1270 cretis
1185 1243 1219 1270 ob
1233 1243 1345 1270 salutem
1361 1247 1479 1270 nostram
1495 1243 1626 1270 demissze.
1644 1243 1708 1270 Nam
1724 1243 1757 1276 si,
1773 1251 1833 1270 cum

1043 1289 1220 1323 imperatoriae
1241 1289 1326 1315 litera:
1346 1288 1478 1323 leguntur,
1494 1297 1617 1323 magnum
1631 1288 1727 1324 ubique
1741 1294 1782 1316 est
1797 1289 1834 1314 si-

1043 1334 1152 1361 leutiunt
1163 1355 1170 1365 ,
1185 1339 1212 1361 et
1231 1334 1319 1361 omnis
1337 1334 1464 1361 tumultus
1480 1334 1658 1368 strepitusque
1672 1333 1833 1365 eliminatur,

1043 1379 1166 1407 munibus
1187 1386 1265 1406 aures
1288 1379 1482 1414 arrigentibus,
1506 1385 1534 1406 et
1554 1378 1645 1406 audire
1669 1378 1836 1413 cupientibus

1043 1426 1106 1460 quid
1124 1426 1303 1460 imperatoriae
1323 1425 1407 1452 literae
1420 1425 1567 1456 declarent,
1583 1428 1610 1451 ct
1625 1432 1747 1460 maguum
1763 1425 1834 1459 peri-

1043 1472 1131 1498 culum
1152 1471 1228 1499 adest
1251 1471 1293 1498 Vel
1310 1471 1439 1498 tantillum
1465 1471 1654 1504 tumultuanti,
1670 1475 1696 1498 ct
1716 1471 1836 1498 lectionis

1044 1518 1142 1549 seriem
1157 1516 1342 1544 interturbanti
1357 1526 1363 1544 :
1379 1517 1462 1543 multo
1475 1517 1558 1551 magis
1572 1516 1614 1544 hic
1626 1524 1687 1544 cum
1701 1517 1795 1544 timore
1810 1521 1837 1543 ct

1045 1567 1161 1590 tremore
1183 1563 1351 1595 adstandum.
1367 1567 1394 1590 et
1406 1563 1488 1590 altum
1502 1562 1652 1590 habendum
1668 1563 1802 1590 silentium
1816 1564 1835 1594 ι,

1044 1609 1288 1644 cogitationumque
1300 1608 1427 1636 tumultus
1437 1608 1567 1636 arcendus
1577 1617 1584 1640 ς
1600 1614 1629 1635 ut
1643 1616 1701 1643 qua:
1709 1608 1838 1636 dicuntur

1046 1654 1192 1690 intelligere
1206 1655 1330 1690 possitis,
1348 1659 1375 1682 et
1395 1660 1423 1681 ut
1441 1654 1641 1689 obsequentiam
1657 1658 1772 1681 vestram
1787 1661 1837 1688 ap-

1046 1700 1161 1734 probans
1175 1699 1230 1727 Rex
1245 1700 1371 1727 caelorum
1383 1721 1390 1733 ,
1405 1699 1549 1735 majoribus
1569 1707 1615 1727 vos
1628 1699 1781 1726 muneribus
1794 1699 1838 1726 di—

1046 1749 1152 1780 guetur.
1170 1745 1310 1772 Videamus
1323 1745 1402 1780 igitur
1412 1745 1474 1780 quid
1490 1753 1540 1773 nos
1552 1753 1621 1772 nunc
1634 1745 1729 1773 doceat
1744 1745 1837 1772 beatus

1046 1791 1168 1827 Moyses,
1188 1798 1240 1818 non
1257 1791 1363 1826 propria
1387 1795 1488 1819 tantum
1504 1791 1608 1826 lingua,
1625 1790 1670 1818 sed
1693 1795 1720 1818 et
1738 1789 1837 1825 Spiritu

1047 1843 1139 1867 sancto
1154 1839 1260 1866 alllatus
1273 1838 1330 1865 hinc
1351 1839 1531 1873 loquens,t5.
1550 1838 1581 1865 Et
1599 1838 1713 1871 accepit,
1736 1838 1837 1872 inquu,

1050 1885 1173 1912 Dominus
1189 1884 1257 1912 Deus
1277 1885 1412 1915 hominem,
1427 1892 1499 1919 quem
1515 1885 1640 1919 formavit.
1657 1884 1728 1910 Bene
1749 1883 1838 1909 statim

1047 1939 1062 1959 a
1079 1931 1205 1966 principio
1219 1932 1275 1958 lucc
1287 1930 1340 1957 duo
1353 1931 1439 1966 posuit
1453 1939 1459 1956 :
1472 1937 1523 1956 non
1534 1930 1604 1957 enim
1615 1929 1688 1961 dixit,
1702 1928 1837 1959 Dominus,

1048 1983 1075 2006 et
1088 1979 1188 2009 tacuit,
1204 1977 1251 2005 sed
1264 1977 1363 2004 addidit
1379 1976 1466 2007 Deus;
1482 1975 1523 2002 hic
1538 1975 1636 2010 aliqttid
1651 1975 1736 2002 latens
1750 1978 1777 2001 et
1794 1981 1839 2000 oc-

1048 2025 1146 2052 cultum
1161 2023 1238 2050 nobis
1256 2022 1383 2054 indicans,
1405 2027 1433 2048 ut
1446 2021 1592 2052 discamus,
1609 2021 1664 2047 sive
1679 2019 1816 2047 Dominum
1830 2040 1839 2052 ,

1049 2071 1105 2098 sive
1121 2071 1203 2098 Deum
1219 2069 1358 2096 audiamus
1368 2089 1375 2102 ,
1392 2068 1493 2096 nullunt
1507 2075 1567 2095 esse
1583 2068 1651 2094 inter
1663 2067 1719 2094 lucc
1733 2066 1840 2093 nomina

1049 2116 1203 2143 discrimen.
1217 2115 1272 2142 lloc
1286 2119 1374 2141 autem
1390 2122 1442 2142 non
1457 2114 1514 2140 sine
1529 2120 1608 2140 causa
1623 2111 1844 2143 commemoravi;

1049 2161 1096 2189 scd
1107 2167 1135 2188 ut
1148 2169 1208 2188 cum
1221 2161 1336 2188 audieris
1346 2160 1455 2187 Paulum
1468 2159 1612 2190 (licentem,
1627 2158 1698 2185 Unus
1709 2157 1776 2183 Dem
1788 2157 1841 2182 l’o-

1051 2214 1096 2239 ter,
1111 2215 1142 2234 ea;
1155 2215 1203 2242 quo
1218 2207 1312 2239 omnia,
1329 2211 1352 2233 et
1365 2214 1430 2232 unus
1441 2205 1565 2232 Dominus
1575 2204 1650 2230 Iesus
1659 2202 1784 2233 Christus,
1798 2210 1842 2236 per

1049 2262 1121 2288 quem
1136 2254 1220 2280 omnia
1242 2253 1286 2287 (1.
1302 2252 1360 2279 Cor.
1376 2253 1401 2279 8.
1417 2252 1469 2287 6),
1485 2259 1519 2278 ne
1534 2255 1610 2285 putes
1625 2249 1800 2276 diﬁcrentiam
1816 2248 1841 2273 in

1050 2299 1160 2326 vocibus
1172 2306 1231 2326 esse
1242 2319 1249 2331 ,
1263 2303 1288 2325 et
1303 2298 1413 2324 alteram
1427 2297 1522 2331 majus,
1537 2297 1647 2322 alterunt
1666 2294 1753 2321 minus
1767 2293 1844 2326 quid-

1050 2346 1120 2381 piam
1143 2344 1303 2380 siguiﬁcare.
1326 2343 1386 2371 Ideo
1401 2342 1630 2370 indiscrintiuatim
1650 2340 1786 2374 Scriptura
1802 2338 1843 2364 his

1051 2392 1134 2419 utitur
1147 2390 1307 2421 nominibus,
1323 2394 1351 2416 ut
1365 2388 1539 2425 contentiosis
1559 2394 1610 2413 non
1631 2386 1708 2412 liceat
1722 2384 1748 2411 id
1770 2383 1840 2418 quod

1052 2439 1101 2474 ipsi
1114 2437 1352 2466 comminiscantur
1368 2436 1436 2462 inter
1452 2439 1524 2461 recta
1539 2433 1662 2468 dogmata
1680 2430 1791 2458 rel‘errc.
1809 2429 1842 2456 Et

1052 2490 1081 2512 ut
1102 2485 1190 2512 discas
1211 2483 1326 2511 divinam
1347 2482 1510 2516 Scripturam
1529 2484 1652 2508 neutrum
1668 2479 1762 2505 horum
1778 2483 1842 2510 qua—

1052 2533 1113 2559 dam
1124 2531 1246 2558 distincta
1263 2529 1455 2564 signiﬁcatione
1474 2530 1577 2553 servata
1590 2525 1724 2560 proferre,
1741 2531 1772 2549 ex
1792 2522 1843 2548 hoc

1053 2579 1110 2612 ipso
1131 2576 1201 2612 quod
1223 2575 1319 2603 dicitur
1340 2575 1480 2609 diligenter
1501 2571 1638 2599 considera
1662 2579 1668 2597 :
1686 2568 1717 2595 Et
1736 2567 1841 2601 accepit.

1053 2623 1153 2658 inquit,
1177 2621 1302 2648 Dominus
1324 2620 1398 2646 Deus.
1422 2619 1458 2646 De
1482 2626 1534 2652 quo
1555 2616 1608 2643 vult
1629 2614 1770 2642 haereticus
1784 2619 1843 2640 esse

1053 2668 1178 2696 dictum?
1213 2667 1250 2694 De
1285 2666 1361 2693 Patre
1393 2664 1502 2691 solum?
1536 2662 1610 2689 Esto.
1649 2659 1715 2688 Audi
1755 2659 1843 2692 itaque

1055 2715 1163 2742 Paulum
1192 2713 1322 2740 dicentem
1350 2719 1356 2737 ε
1389 2710 1460 2737 Unus
1495 2709 1564 2736 Deus
1600 2707 1695 2737 Pater,
1731 2713 1762 2732 es
1789 2712 1841 2738 quo

1086 2804 1093 2818 ι
1112 2801 1203 2830 Morel.,
1215 2804 1237 2825 et
1248 2806 1335 2832 magna
1346 2799 1455 2824 habenda
1469 2796 1599 2828 diligetuia.
