2060 3122
175 157 225 184 IIS

175 214 271 246 omnia,
297 219 320 241 et
348 223 412 242 unus
434 214 557 242 Dominus
580 215 654 242 Iesus
675 215 800 249 Christus,
827 225 871 250 per
894 225 967 252 quem

175 260 270 287 omnia.
294 260 361 288 Vide
375 261 507 295 quomodo
529 269 636 292 nomen.
659 261 791 294 Domimts,
815 262 968 289 Filioattri-

177 304 238 332 boat
249 304 262 330 ἲ
276 304 331 332 Cur
344 313 408 340 ergo
418 305 508 333 dicant
518 313 624 339 nomen,
642 306 774 339 Dominus,
790 307 897 342 majoris
909 314 968 334 esse

176 351 314 386 dignitatis
335 359 413 386 quam
438 351 512 384 illud,
535 351 624 379 Deus?
647 352 739 379 Videte
759 360 839 387 quam
861 352 896 379 sit
919 351 970 380 boc

181 397 336 429 absurdum,
350 401 377 424 et
388 402 485 431 quanta
499 397 671 432 blasphemia:
684 398 811 433 gravitas.
822 398 887 425 Cant
897 397 969 424 enim

178 441 238 475 quis
258 441 372 469 noluerit
389 441 486 469 divina:
507 442 651 477 Scriptum
674 450 794 469 normam
818 441 904 477 sequi,
921 441 968 470 sed

179 488 236 515 suis
254 488 400 515 ratiociniis
425 489 511 515 locum
539 488 603 516 dare
623 488 833 523 prmsumpserit,
860 495 968 515 sensum

181 533 288 561 turlrare
298 534 375 566 solet,
389 539 416 561 et
430 534 547 561 infinitas
559 534 744 562 contentiones
756 533 970 568 quaestionesque

183 584 273 606 movet
285 579 410 607 adversus
424 587 515 607 sanam
531 580 689 606 doctrinam.
707 578 740 605 Et
753 579 858 613 accepit,
874 579 968 614 inquit,

182 623 306 651 Dominus
316 624 384 651 Deus
395 625 531 658 hominem,
542 633 615 659 quem
627 625 753 661 formavit,
765 629 789 651 et
802 624 884 659 posuit
898 624 970 650 illum

180 670 205 695 in
215 669 333 704 paradiso
344 671 489 705 voluptatis,
503 676 531 697 ut
544 676 690 706 operaretur
702 676 725 698 et
740 671 875 697 custodiret
885 670 968 696 illum.

182 714 246 742 Vide
268 721 392 750 quantatn
414 716 496 742 creati
517 716 630 742 hominis
653 715 845 750 providentiam
863 715 968 742 habeat.

183 760 323 796 l'ostquam
339 761 409 788 enim
436 761 492 788 heri
514 768 562 787 nos
579 761 669 788 docuit
687 761 780 788 beatus
803 760 907 795 Moyses
929 760 970 787 his

181 805 287 832 verbis:
304 805 432 832 Plantavit
447 805 514 833 Dens
525 806 681 840 paradisum,
695 810 718 832 et
732 806 814 840 posuit
825 805 878 832 illic
890 805 971 831 [tomi-

182 859 237 878 nem
252 859 262 878 :
277 851 301 878 id
325 856 377 883 est,
401 851 487 878 Voluit
504 857 531 878 ttt
558 852 592 878 ibi
613 851 777 879 domicilium
803 851 923 884 haberet,
944 856 971 878 et

182 897 295 931 paradisi
309 897 411 925 deliciis
426 898 556 925 frueretttr
571 907 577 925 :
593 898 670 925 hodie
686 897 781 925 iterum
792 897 908 924 declarat
922 905 972 924 no-

184 943 224 969 bis
238 942 397 970 int-flabilem
413 943 459 970 Dei
473 944 651 974 clementiam,
666 951 745 978 quam
757 943 827 970 circa
838 943 912 970 illutn
925 950 972 970 ex-

182 987 264 1019 hibet,
278 993 304 1014 et
318 996 458 1015 resumens
473 996 626 1015 sermonem
640 988 677 1015 ait
693 997 699 1015 :
716 988 750 1014 Et
771 988 868 1023 accepit
883 987 971 1014 Domi-

181 1041 229 1059 nus
243 1032 312 1059 Deus
334 1033 468 1065 hominem,
484 1041 557 1069 quem
572 1034 699 1068 formavit,
727 1038 749 1060 et
771 1033 853 1068 posuit
867 1041 923 1059 eum
944 1033 970 1059 in

181 1077 301 1111 paradiso
314 1077 449 1112 uoluptatis
458 1085 467 1109 ;
482 1085 535 1104 non
549 1076 580 1104 In
596 1078 716 1112 paradiso
729 1078 814 1105 solum
830 1077 906 1109 dixit,
923 1077 969 1104 sed

180 1124 294 1157 addidit,
314 1123 466 1158 Voluptatis,
489 1129 518 1151 ut
538 1125 681 1159 ingentem,
698 1132 748 1158 qtta
769 1124 794 1150 in
811 1124 854 1150 illa
869 1124 970 1151 habita-

181 1169 254 1196 tiotte
279 1169 431 1201 fruebatur,
452 1169 614 1204 Voluptatem
640 1169 719 1196 ttobis
743 1169 890 1196 declararet
911 1178 918 1196 :
939 1177 970 1196 ac

180 1220 321 1250 postquam
341 1216 420 1248 dixit,
437 1215 526 1243 Posuit
546 1216 618 1243 illum
633 1216 658 1243 in
682 1216 801 1250 paradiso
822 1216 968 1250 voluptalis,

179 1260 265 1293 addit,
278 1259 312 1288 Ut
323 1266 469 1296 operaretur
479 1266 502 1288 et
512 1261 646 1288 custodiret
659 1260 742 1287 illum.
758 1260 872 1296 lugentis
883 1265 909 1287 ct
921 1260 971 1288 hoc

180 1306 352 1339 providentia:
365 1311 414 1333 est.
431 1306 560 1340 Quoniam
574 1306 644 1334 enim
657 1306 683 1333 in
700 1305 849 1340 ltujusmodi
863 1305 971 1332 sedibus

179 1351 253 1377 omni
277 1351 427 1385 replebatur
442 1352 586 1386 voluptate,
609 1356 636 1379 et
658 1357 781 1386 aspectus
792 1351 968 1386 jucunditate,

178 1404 211 1423 ac
226 1396 315 1422 laetitia
331 1396 391 1424 itide
406 1401 480 1431 parta
495 1397 640 1430 fruebatur,
656 1405 689 1424 ne
703 1405 735 1424 ex
750 1397 830 1424 nitnia
845 1397 970 1424 felicitate

178 1441 261 1468 homo
283 1442 454 1469 ittsolescerct
478 1442 597 1478 (Omnem
618 1443 700 1476 enim,
726 1443 821 1478 inquit,
846 1443 970 1470 malitiam

178 1487 264 1513 docuit
279 1488 357 1513 otium
370 1487 461 1522 (Eccli.
477 1489 521 1515 53.
542 1488 601 1523 29),
617 1487 676 1515 ideo
693 1489 818 1523 prtccepit
833 1489 912 1521 Deus,
936 1488 969 1516 Ut

177 1537 334 1566 operaretur,
355 1538 378 1559 et
391 1533 525 1560 custodiret
539 1534 621 1560 illum.
635 1533 703 1567 Quid
721 1539 820 1565 autent,
837 1534 921 1566 dices,
937 1533 970 1560 il-

179 1578 230 1604 lius
244 1586 307 1604 cura
321 1579 413 1613 egebat
426 1579 582 1613 paradisus?
595 1579 652 1606 Non
669 1580 719 1606 hoc
731 1579 811 1612 dico;
827 1579 872 1606 sed
889 1579 971 1606 voluit

179 1628 268 1650 tamen
278 1629 305 1651 ut
320 1624 450 1650 modicam
463 1631 553 1651 curam
564 1629 668 1659 gereret
680 1625 774 1659 partim
783 1624 969 1658 custodiendo,

177 1675 205 1696 ct
220 1669 316 1703 partim
338 1670 499 1704 operando‘.
525 1670 553 1698 Si
575 1670 647 1697 enim
663 1671 734 1698 omni
756 1677 865 1705 prorsus
879 1669 970 1697 labore

179 1723 279 1743 vacuus
294 1716 396 1749 fuisset,
413 1724 445 1743 ex
466 1716 547 1743 nitnio
561 1716 614 1743 otio
627 1716 716 1743 statim
732 1716 757 1743 in
773 1715 904 1751 ignaviam
920 1715 969 1743 de-

179 1762 307 1789 clinassct
323 1771 330 1788 :
346 1767 373 1789 at
396 1770 455 1789 cum
471 1762 619 1796 opt-rationi
642 1769 701 1789 sese
716 1761 793 1788 daret
807 1762 864 1789 sine
878 1761 970 1789 dolore

179 1808 221 1834 vel
236 1807 368 1840 molestia,
384 1808 574 1842 temperantior
584 1813 643 1834 esse
656 1811 769 1841 poterat.
787 1806 853 1833 lllud
866 1810 967 1839 autem,

180 1853 215 1881 Ut
229 1859 386 1888 operaretur,
399 1861 451 1880 non
465 1854 523 1880 sine
536 1860 615 1879 causa
630 1852 734 1885 dicitur,
751 1852 798 1879 sed
817 1856 859 1879 est
874 1856 969 1878 attent—

179 1905 300 1934 peratum
315 1899 426 1932 dictutn,
448 1903 476 1925 ιιι
491 1899 568 1933 plane
583 1898 672 1930 sciret,
696 1904 724 1924 se
737 1897 846 1924 domino
863 1897 967 1924 cuidam

178 1946 283 1980 subjici,
299 1946 342 1981 qui
357 1950 435 1972 tanta:
450 1944 591 1979 voluptatis
606 1944 795 1971 habitationem
817 1943 867 1970 sibi
880 1942 971 1970 dedis—

177 1998 230 2024 set,
249 1997 276 2019 ct
297 1991 416 2026 ejusdem
441 1991 491 2018 sibi
504 1990 651 2018 custodiam
666 1989 792 2017 traderet.
810 1989 879 2016 Detts
897 1989 968 2016 cuitu

178 2039 268 2065 omnia
283 2037 346 2065 facit
369 2042 396 2064 et
417 2041 543 2071 operatur
563 2040 671 2072 propter
685 2039 802 2063 nostram
817 2035 968 2068 utilitatem,

178 2091 211 2110 ac
222 2091 283 2110 cum
304 2083 348 2110 illa
370 2083 449 2110 etiatn
466 2083 617 2110 fruitionem
633 2083 835 2116 libertatemque
858 2081 968 2116 pra-bet.

179 2128 244 2155 Nam
255 2129 277 2155 si
291 2137 323 2155 ex
337 2129 465 2156 immensa
479 2136 526 2155 sua
540 2127 712 2162 benignitate,
723 2127 801 2154 etiam
817 2128 968 2161 priusquam

180 2183 228 2203 nos
244 2175 412 2210 produceret,
429 2175 570 2202 ineffabilia
592 2175 635 2201 illa
659 2174 726 2200 bona
742 2173 817 2200 nobis
834 2181 967 2207 praepara-

179 2221 226 2253 vit,
237 2220 459 2256 quemadmodum
477 2220 522 2247 ille
534 2219 599 2247 dicit
614 2229 620 2246 :
643 2219 738 2251 Venite,
750 2218 870 2245 benedicti
883 2217 968 2244 Putris

178 2266 238 2299 mei,
264 2265 400 2292 hereditate
421 2265 526 2300 accipite
549 2269 665 2300 paratum
692 2263 760 2290 vobis
785 2271 889 2298 regnum
911 2268 968 2289 ante

178 2311 380 2338 constitutione»:
402 2311 490 2338 mundi
507 2310 612 2344 (Matth.
633 2310 678 2337 25.
701 2308 746 2345 54)
761 2318 768 2336 :
785 2309 868 2336 tnulto
886 2309 969 2343 magis

178 2357 320 2390 prmscntia
335 2355 423 2383 omnia
437 2356 543 2390 largiter
555 2355 690 2390 praebebit.

215 2402 242 2428 5.
263 2400 329 2434 Qttia
349 2401 428 2436 igitur
447 2406 484 2428 tot
499 2401 627 2428 beneficia
653 2400 679 2427 in
699 2404 816 2428 creatum
833 2400 968 2427 hominem

177 2446 301 2478 contulit,
315 2447 453 2481 primoque
468 2455 498 2472 ex
514 2446 598 2473 nihilo
613 2445 744 2480 produxit,
766 2451 794 2472 et
815 2453 847 2472 cx
861 2446 969 2479 pulvere

178 2499 275 2526 corptts
291 2491 406 2518 lortnare
421 2492 543 2526 dignatus
557 2495 608 2524 est,
625 2495 777 2525 posteaque,
789 2490 859 2524 quod
881 2491 970 2518 excel-

178 2537 279 2564 lentius
291 2541 359 2570 crat,
374 2537 488 2564 animam
504 2537 686 2571 incorpoream
702 2543 749 2570 per
764 2535 969 2563 inSufllationem

177 2583 261 2616 dedit,
280 2583 430 2618 deindeque
445 2583 594 2618 paradisutn
611 2589 681 2614 esse,
701 2586 728 2609 et
750 2590 810 2608 cum
827 2581 881 2609 illic
894 2589 970 2609 corn-

176 2629 276 2656 tttorari
289 2629 377 2663 jussit,
392 2633 452 2663 post
467 2628 523 2655 haec
534 2632 562 2654 ut
575 2633 649 2662 pater
661 2627 744 2662 prolis
756 2634 859 2660 atnans,
876 2631 969 2654 tenero

178 2675 233 2702 lilio
245 2675 326 2702 multa
342 2674 464 2702 libertate
480 2679 506 2701 et
524 2675 615 2709 requie
637 2674 743 2706 fruenti,
759 2682 793 2701 nc
810 2674 968 2707 insolescat,

176 2729 287 2757 parvam
298 2721 440 2756 quamdam
452 2725 479 2748 et
492 2720 654 2748 moderatatn
666 2727 756 2747 curam
770 2720 917 2755 excogitat;
932 2720 971 2748 sic

208 2812 216 2826 ι
235 2808 306 2834 savii.
328 2813 354 2834 et
374 2813 433 2841 Reg.
443 2815 506 2834 unus
516 2809 551 2841 sic
561 2809 669 2834 habent:
733 2809 821 2841 partim
832 2809 969 2841 operando;

176 2842 228 2865 tunc
240 2844 322 2865 autent
340 2840 448 2871 operatio
462 2840 539 2871 omnis
561 2843 613 2864 erat
633 2847 721 2871 expers
732 2840 829 2871 laboris,
846 2840 970 2866 tribuerat

175 2871 212 2896 illi
226 2875 291 2897 Deus
301 2869 401 2901 operam
412 2871 462 2897 sine
473 2870 555 2896 dolore
567 2874 589 2896 et
597 2870 648 2897 sine
658 2869 766 2896 miseria.

724 159 754 187 IN
773 160 846 188 CAP.
859 159 889 188 ll.
910 161 1032 189 GENES.
1053 161 1166 190 llOMIL.
1187 162 1255 189 XlV.
1762 167 1810 194 ιη

1023 217 1094 244 Deus
1110 217 1211 246 Adamo
1225 218 1407 252 operationem
1422 223 1449 246 et
1470 220 1617 248 custodiam
1634 220 1768 255 prmccpit,
1783 227 1811 248 ut

1021 270 1081 289 cum
1104 263 1185 290 multa
1209 263 1354 298 voluptate,
1376 265 1518 293 securitate
1539 270 1621 300 atque
1641 267 1731 302 qttiete
1754 267 1811 294 hare

1021 307 1074 334 duo
1089 307 1211 341 haberet,
1227 316 1286 344 qua:
1307 310 1499 344 aliquantulum
1514 311 1674 346 impedirent
1694 321 1727 339 nc
1743 314 1810 339 ultra

1021 355 1105 379 metas
1128 353 1292 386 procederet.
1319 354 1379 381 llaec
1397 355 1503 389 quidem
1525 357 1611 390 primo
1630 357 1726 383 collata
1750 363 1811 384 sunt

1021 397 1129 424 condito
1153 398 1273 431 homini;
1288 407 1347 434 qua:
1365 404 1454 427 autem
1476 401 1526 427 sub
1549 401 1606 428 haec
1625 401 1727 436 adjecta
1751 407 1810 429 sunt

1022 451 1143 479 magnam
1158 453 1219 480 erga
1232 445 1306 472 illum
1320 445 1456 473 declarant
1469 446 1659 481 benignitatem
1672 452 1753 482 atque
1769 448 1810 474 itt-

1022 489 1194 524 dulgentiam,
1223 497 1302 525 quam
1324 498 1357 518 ex
1377 499 1424 519 sua
1447 491 1565 519 bonitate
1586 492 1715 520 exhibuit.
1743 492 1810 526 Quid

1022 535 1092 563 enim
1106 535 1169 563 dicit
1182 536 1337 571 Scriptura?
1351 536 1383 563 Et
1397 537 1514 572 praecepit
1526 537 1647 565 Dominus
1661 538 1729 565 Deus
1739 539 1810 565 Adae.

1057 581 1151 608 Contra
1165 590 1206 609 cos
1218 583 1262 617 qui
1278 583 1399 616 quasdam
1413 590 1482 610 voces
1503 583 1587 616 Patri,
1603 585 1725 619 quosdam
1745 583 1812 610 Filio

1022 627 1204 654 adscribebant.
1217 642 1252 647 —
1264 628 1334 655 Ecce
1347 628 1441 655 iterutn
1458 628 1500 656 hic
1514 629 1607 656 eadem
1623 629 1814 656 consuetudine

1024 672 1116 704 utitur,
1133 677 1160 698 ut
1174 671 1269 699 iisdem
1291 672 1444 707 frequenter
1465 674 1587 708 repetitis
1601 673 1750 701 accuratius
1764 673 1812 700 do-

1022 717 1134 744 ctrinam
1147 718 1320 753 excipiamus,
1337 723 1363 745 et
1377 726 1410 745 tte
1426 719 1493 745 ultra
1508 718 1624 746 feranttts
1638 727 1694 752 eos,
1710 719 1754 754 qui
1767 727 1814 746 au-

1022 762 1085 790 dent
1106 764 1211 790 nomina
1227 771 1274 798 pro
1294 763 1370 791 libito
1385 763 1559 799 distinguere,
1584 770 1611 792 et
1637 765 1707 792 aliud
1730 765 1812 792 Patri.

1022 809 1094 836 aliud
1118 810 1186 837 Filio
1215 810 1378 838 adscribere.
1405 811 1471 843 Quia
1497 811 1567 838 enim
1593 812 1731 846 utriusque
1762 819 1812 838 una

1022 856 1169 883 substantia
1183 861 1234 887 est.
1256 857 1314 884 ideo
1326 857 1414 884 divina
1434 858 1569 892 Scriptura
1583 858 1812 885 indiscriminatim

1023 902 1165 936 aliquando
1183 902 1266 934 Patri,
1279 902 1422 936 aliquando
1436 902 1506 929 Filio
1519 903 1621 929 tribuit.
1636 902 1670 929 Et
1683 904 1812 937 prarcepit,

1024 947 1117 982 inquit,
1133 947 1256 974 Dominus
1271 948 1338 975 Deus
1354 949 1414 975 Adae
1428 949 1521 976 dicens.
1536 949 1584 976 llic
1598 949 1695 976 merito
1709 954 1813 982 stupea-

1024 1001 1081 1020 mus
1093 993 1140 1020 Dei
1153 993 1324 1021 clementiam
1339 995 1417 1021 verba
1437 995 1526 1022 munia
1541 999 1711 1029 superantem
1722 995 1813 1021 viden-

1024 1044 1073 1072 tes,
1088 1047 1166 1074 qnam
1191 1040 1265 1066 brevi
1286 1039 1335 1066 hac
1357 1040 1474 1068 dictione
1495 1040 1612 1067 exhibet.
1637 1039 1671 1066 Et
1683 1041 1810 1075 prwwpit,

1023 1085 1117 1120 inquit.
1128 1085 1195 1113 Vide
1209 1086 1296 1113 statim
1310 1086 1343 1113 ab
1356 1086 1439 1119 initio,
1454 1090 1553 1121 quanto
1563 1086 1665 1114 honore
1678 1086 1812 1113 hominem

1024 1131 1201 1165 prosequitur.
1217 1130 1308 1165 Neque
1316 1131 1385 1157 enitn
1397 1131 1464 1158 dixit
1476 1139 1482 1157 :
1499 1131 1649 1165 Imperavit,
1662 1131 1702 1158 vel
1712 1130 1812 1158 iussit:

1023 1177 1070 1204 scd
1085 1177 1147 1212 quid
1159 1177 1170 1203 ?
1182 1176 1318 1210 Prwcepit.
1331 1177 1404 1204 Sicut
1414 1177 1516 1204 amicus
1528 1176 1614 1204 amico
1628 1177 1661 1203 dc
1673 1176 1752 1203 rebus
1768 1185 1815 1203 ue-

1023 1222 1145 1250 ceSSariis
1162 1223 1316 1257 praecipiens
1337 1223 1461 1257 loquitur,
1481 1223 1515 1249 ita
1535 1227 1562 1250 et
1582 1223 1651 1249 Deus
1664 1230 1726 1257 erga
1741 1223 1812 1249 Ada-

1023 1270 1112 1297 mum'
1128 1269 1242 1296 afﬁcitur
1255 1278 1261 1296 :
1272 1269 1346 1304 quasi
1366 1269 1416 1296 hoc
1428 1269 1530 1296 honore
1543 1268 1629 1303 ipsutn
1642 1268 1675 1296 ad
1688 1268 1816 1296 obedien—

1024 1316 1087 1344 dum
1102 1317 1133 1344 iis
1144 1324 1225 1351 quaen
1241 1324 1270 1343 se
1286 1315 1516 1351 pracipicbantur,
1532 1320 1701 1342 attracturus.
1720 1314 1763 1341 l6.
1781 1313 1813 1341 Et

1023 1364 1141 1399 prazcepit
1157 1363 1282 1390 Dominus
1298 1363 1366 1389 Deus
1387 1362 1449 1389 Λάαν
1470 1363 1555 1389 dicens
1569 1369 1577 1388 :
1591 1361 1630 1388 De
1651 1361 1719 1388 onmi
1732 1361 1812 1395 ligno,

1023 1410 1089 1444 quod
1103 1414 1139 1436 est
1163 1410 1189 1436 in
1205 1409 1333 1444 paradiso,
1355 1407 1506 1435 comedenda
1524 1407 1637 1434 comedas
1651 1407 1714 1434 :17.
1736 1406 1766 1433 de
1780 1406 1812 1432 li-

1022 1464 1071 1491 gno
1086 1460 1169 1482 autent
1191 1455 1286 1482 sciendi
1309 1454 1400 1480 bonum
1424 1459 1447 1481 et
1470 1453 1572 1486 malum,
1596 1461 1644 1479 non
1669 1451 1811 1478 comedetis.

1024 1501 1186 1535 Quocumque
1197 1505 1277 1526 autem
1293 1500 1333 1526 die
1346 1499 1502 1526 contedcritis
1521 1507 1552 1525 ex
1565 1507 1604 1531 co,
1624 1503 1704 1524 morte
1721 1498 1812 1524 morie-

1023 1547 1094 1573 mini.
1110 1546 1201 1582 lllagua
1227 1546 1304 1580 hujus
1324 1545 1448 1580 praecepti
1472 1544 1584 1571 facilitas
1599 1548 1649 1571 est.
1666 1543 1728 1575 Sed,
1744 1543 1811 1569 tlile~

1023 1597 1074 1624 cte,
1090 1599 1169 1627 grave
1183 1591 1280 1619 malum
1298 1596 1339 1618 est
1352 1590 1471 1622 desidia;
1487 1591 1557 1617 sicut
1568 1590 1638 1617 cuitu
1653 1589 1696 1615 illa
1712 1588 1774 1614 facit
1785 1592 1811 1614 ut

1022 1638 1108 1666 facilia
1121 1637 1209 1666 omnia
1224 1636 1363 1664 vidcantur
1375 1636 1502 1669 difficilia,
1516 1636 1556 1662 sic
1568 1635 1683 1662 studium
1700 1638 1726 1661 et
1745 1633 1814 1667 vigi-

1022 1685 1113 1717 lantia,
1136 1684 1215 1711 etiam
1239 1683 1328 1710 omnia
1350 1682 1432 1709 ardua
1452 1687 1479 1709 ct
1493 1681 1610 1709 difficilia
1630 1679 1715 1707 facilia
1736 1679 1814 1706 nobis

1022 1729 1144 1757 reddunt.
1159 1729 1227 1762 Quid
1247 1729 1330 1761 enini,
1348 1728 1402 1760 die,
1419 1735 1520 1762 quatso,
1536 1726 1586 1754 hoc
1605 1725 1730 1753 mandato
1748 1724 1815 1751 faci-

1023 1773 1094 1800 lius?
1108 1774 1174 1808 quid
1189 1773 1241 1800 hoc
1257 1773 1358 1800 honore
1371 1772 1457 1807 majus
1465 1773 1476 1798 ‘!
1489 1771 1658 1799 Concedcbat
1671 1770 1771 1798 versari
1787 1769 1812 1796 in

1022 1819 1154 1854 paradiso,
1172 1819 1313 1846 visibilium
1325 1819 1490 1846 formositate
1505 1817 1643 1850 obiectari,
1660 1815 1813 1852 aspicienda

1021 1866 1162 1893 exhilarari
1182 1870 1208 1892 ct
1222 1864 1334 1892 fruendo
1348 1872 1467 1899 magnam
1484 1865 1646 1898 voluptatem
1661 1863 1811 1898 percipere.

1021 1911 1112 1947 Cogita
1126 1919 1204 1946 quam
1220 1911 1366 1946 jucuudtttn
1381 1911 1457 1938 fuerit
1474 1911 1566 1938 videre
1592 1910 1702 1937 arbores
1719 1908 1811 1935 fructi-

1023 1957 1070 1984 bus
1090 1963 1223 1989 oneratas,
1241 1957 1335 1982 florum
1351 1957 1516 1988 varietatem,
1541 1956 1683 1983 bet-barum
1698 1953 1811 1981 diversi-

1023 2007 1113 2035 tatem,
1130 2002 1253 2029 l‘oliormn
1269 2009 1370 2033 comas,
1382 2005 1461 2035 atque
1473 2001 1523 2028 alia
1538 2010 1598 2036 quas
1613 2001 1756 2028 verisimile
1770 2003 1812 2026 est

1023 2051 1048 2076 in
1066 2049 1188 2084 paradiso
1208 2048 1298 2080 fuisse,
1324 2052 1351 2074 et
1376 2048 1400 2074 itt
1424 2048 1545 2081 paradiso
1568 2055 1582 2074 a
1610 2048 1662 2074 Deo
1683 2048 1808 2082 plantato.

1023 2095 1133 2128 Propter
1155 2094 1206 2121 hoc
1225 2094 1295 2120 enim
1320 2093 1442 2127 superius
1465 2093 1554 2119 divina
1578 2093 1714 2127 Scriptura
1736 2092 1810 2121 dicit.

1023 2142 1149 2168 Produrit
1168 2141 1251 2167 adhuc
1265 2149 1296 2167 ea:
1310 2146 1375 2167 terra
1391 2148 1463 2166 omne
1476 2140 1571 2175 lignum
1586 2139 1719 2174 pulchrum
1739 2147 1815 2172 aspe-

1022 2194 1083 2221 ctu,
1103 2193 1126 2214 ct
1147 2188 1237 2214 bonunt
1259 2187 1293 2213 ad
1318 2186 1508 2218 comedendum,
1532 2190 1561 2212 ttt
1580 2186 1649 2212 scire
1670 2185 1811 2219 possimus,

1022 2238 1119 2269 quanta
1136 2233 1226 2260 frttctts
1241 2233 1370 2262 ubertate,
1386 2239 1433 2265 per
1447 2238 1567 2265 magnam
1581 2230 1816 2264 intemperantiam

1021 2286 1048 2307 et
1075 2280 1272 2314 negligentiam,
1292 2278 1383 2305 dattttn
1411 2277 1460 2304 sibi
1483 2277 1634 2304 mandatum
1662 2277 1811 2304 violaverit.

1021 2326 1123 2361 Cogita,
1138 2326 1260 2358 obsecro,
1277 2324 1385 2351 honoris
1397 2324 1579 2357 eminentiam,
1595 2323 1739 2358 quasillum
1752 2330 1815 2357 pro-

1022 2377 1149 2406 sequutus
1163 2376 1214 2405 cst,
1228 2371 1288 2399 data
1303 2371 1339 2398 illi
1355 2378 1445 2398 mensa
1467 2370 1570 2405 propria
1589 2375 1614 2397 et
1635 2373 1771 2404 segregata
1786 2369 1813 2395 in

1024 2418 1155 2452 paradiso,
1168 2422 1194 2444 ut
1210 2425 1243 2444 ne
1259 2421 1362 2452 putaret
1384 2416 1505 2444 eamdem
1529 2415 1577 2442 sibi
1591 2420 1619 2442 et
1630 2415 1758 2449 jmncntis
1773 2414 1813 2440 in-

1022 2464 1099 2497 strui,
1123 2463 1170 2491 scd
1196 2463 1305 2490 haberet
1333 2463 1407 2498 quasi
1431 2470 1493 2495 rex,
1520 2462 1544 2488 in
1572 2460 1694 2496 paradiso
1719 2468 1813 2495 agens,

1022 2510 1177 2538 deliciarum
1197 2510 1311 2544 copiam,
1330 2513 1358 2536 ct
1371 2509 1446 2543 quasi
1468 2508 1591 2535 dominus
1607 2507 1749 2542 separatim
1763 2507 1811 2533 de-

1022 2560 1108 2590 geret,
1120 2559 1200 2589 atque
1214 2555 1292 2581 aliam
1308 2561 1386 2588 quam
1399 2553 1512 2580 ministri
1528 2553 1716 2579 habitationem
1731 2552 1812 2579 sorti-

1024 2606 1105 2628 retur.
1128 2600 1161 2627 Et
1186 2601 1304 2635 prwcepit
1327 2599 1452 2625 Dominus
1476 2598 1544 2625 Deus
1569 2598 1631 2625 Adit:
1654 2597 1814 2625 dicens:E:s

1023 2646 1091 2673 omni
1103 2646 1181 2681 ligno,
1195 2645 1264 2680 quod
1281 2649 1316 2671 est
1330 2644 1356 2670 in
1371 2643 1500 2678 paradiso,
1516 2643 1668 2670 comedenda
1682 2644 1815 2671 comedas:

1023 2700 1054 2719 ex
1070 2692 1137 2726 ligno
1149 2695 1231 2717 autent
1245 2689 1339 2716 sciendi
1349 2689 1442 2715 bonum
1456 2694 1481 2715 et
1493 2689 1599 2722 malum,
1616 2697 1666 2716 non
1681 2690 1815 2716 comedetis

1022 2745 1054 2763 es;
1066 2745 1104 2763 eo.
1122 2736 1283 2769 Quocumque
1295 2739 1379 2760 autem
1391 2734 1431 2760 dte
1445 2734 1612 2766 contederitis,
1627 2739 1706 2760 morte
1721 2734 1814 2760 morie-

1023 2782 1083 2809 mini
1097 2789 1107 2808 :
1119 2781 1194 2816 quasi
1209 2780 1310 2807 diceret
1323 2779 1356 2806 ad
1370 2779 1442 2806 illum
1458 2788 1465 2806 :
1479 2779 1547 2806 Num
1560 2779 1700 2807 molestum
1714 2778 1815 2814 aliquid:

1056 2871 1063 2887 ¹
1081 2870 1219 2901 savtl.,ttog.
1234 2872 1260 2895 et
1269 2868 1384 2899 Colbcrt.,
1396 2875 1455 2902 ergo
1466 2875 1539 2902 genus
1550 2868 1688 2894 humanum.
