2060 3122
97 183 139 210 117
623 176 654 203 ΙΝ
670 175 744 203 CAP.
756 175 787 202 ll.
811 173 933 202 GENES.
959 174 1069 200 llO_\llL.
1094 173 1152 202 XV.

94 238 174 266 ontnia
188 237 268 265 etiam
286 237 340 264 illis
358 235 544 262 truculentiora
566 233 598 260 ad
614 233 686 260 illutn
702 233 776 267 quasi
789 231 876 258 domi-

95 293 151 312 num
173 283 245 311 omni
260 290 321 310 cum
342 281 504 315 subjectione
518 282 697 311 accesserunt,
723 283 750 305 ct
772 277 878 304 nomina

95 333 264 364 acceperunt,
281 335 330 354 nec
345 327 424 353 ullum
438 326 541 352 illorum
562 325 661 352 veritus
674 328 714 350 est
731 323 824 350 Adam.
841 322 879 349 Ne

96 377 169 410 igitur
182 378 275 408 arguat
289 372 393 406 aliquis,
407 370 477 406 quod
500 377 514 396 a
530 370 584 397 Deo
606 369 659 396 sint
679 373 778 400 creata,
794 375 879 401 neque

96 425 184 448 contra
207 417 333 453 Opiﬁcem
359 417 473 450 linguam
498 420 585 446 acuat,
611 415 664 440 imo
685 417 778 440 contra
803 420 878 438 suum

97 470 182 500 caput,
197 464 311 492 dicendo
333 463 377 490 illa
398 463 489 488 insana
510 461 591 488 verba
607 460 706 493 :anns
718 459 801 494 gratia
818 458 880 485 fera:

99 511 227 547 producta:
237 510 319 537 sunt?
334 508 397 535 Nam
407 508 495 535 omnia
508 507 618 542 perinde
631 514 662 533 ac
675 511 809 532 mansueta
823 512 879 532 ser-

97 559 203 584 vitutem
224 557 404 591 agnoverunt;
428 557 456 581 et
479 552 625 579 dominium
645 550 783 578 manifeste
804 550 881 577 nobis

99 606 223 630 monstrat
249 601 384 627 nominum
414 598 557 633 impositio.
581 597 693 624 Nomina
715 596 796 629 enim,
821 603 881 630 qua:

99 647 217 683 imposuit
232 646 294 678 illis,
311 652 394 679 usque
411 644 437 671 in
453 643 611 671 hodiernum
625 643 694 670 diem
705 645 880 677 permanent:

100 695 130 721 ita
143 693 210 720 enim
224 692 282 718 haec
303 690 417 717 firmavit
431 689 509 721 Deus,
525 693 555 716 ut
568 692 721 723 perpetuam
738 687 882 714 habeamus

101 738 245 767 memoriam
274 737 393 768 honoris,
420 743 497 770 quem
525 735 600 761 initio
619 734 703 761 Adam
732 741 748 760 a
770 733 883 760 Domino

101 785 209 811 omnium
224 784 340 817 accepit,
354 783 430 809 bruta
445 782 495 809 sibi
512 781 615 808 subdita
632 781 741 812 habens,
756 784 783 807 et
802 779 883 806 ablati

101 831 174 864 hujus
185 837 290 856 causam
307 829 344 856 illi
362 828 553 858 adsrribamus,
568 827 613 861 qui
626 830 733 860 peccato
753 832 801 852 suo
816 825 884 852 hanc

101 884 167 903 suam
186 879 345 910 potestatem
370 873 510 900 mutilavit.
529 873 574 900 20.
599 872 633 899 Et
654 872 765 903 donavit,
788 872 882 906 inquit,

102 921 175 948 Adam
196 921 300 947 nomino
315 920 431 947 omnibus
446 918 586 953 pecoribus,
602 922 625 944 et
646 918 760 944 omnibus
774 917 884 944 volatili-

102 967 141 993 bus
153 966 214 998 cali,
228 970 251 992 ιι
261 965 379 991 ouinibus
394 964 475 991 bestiis
490 968 571 990 terrae.
586 963 652 990 Hinc
663 963 716 997 jam
734 962 884 996 considera,

102 1013 198 1044 dilecte,
209 1011 358 1038 voluntatis
372 1011 532 1041 libertatem,
547 1014 574 1037 et
594 1009 730 1044 sapientia)
746 1009 803 1042 ejus
817 1008 882 1035 emi-

102 1058 219 1090 nentiam,
233 1061 301 1084 etne
312 1056 385 1083 dicas
399 1063 459 1083 eum
474 1056 610 1089 ignorasse
622 1054 683 1089 quid
699 1054 807 1085 bonum,
824 1053 885 1088 quid

103 1103 202 1130 malum.
217 1103 282 1130 Nam
306 1103 350 1137 qui
365 1103 450 1137 potuit
463 1102 589 1136 congruis
605 1101 756 1128 nominibus
766 1101 885 1135 jutnenta

102 1150 236 1184 appellare,
261 1153 290 1176 et
311 1149 428 1176 volatilia
450 1148 519 1178 czeli.
545 1153 572 1175 et
593 1147 658 1174 alias
675 1147 783 1179 bestias,
801 1153 886 1181 neque

102 1195 212 1221 ordinem
227 1194 363 1226 confudit,
379 1201 464 1229 neque
479 1194 626 1220 mansuetis
648 1193 806 1220 animalibus
819 1200 885 1218 con-

104 1239 226 1267 venientia
242 1239 309 1266 feris
323 1240 458 1275 imposuit,
481 1246 530 1266 nec
546 1239 608 1266 feris
623 1238 795 1272 congruentia
809 1245 885 1264 man-

102 1286 176 1312 suetis
185 1286 320 1317 attribuit,
335 1285 381 1312 sed
403 1285 526 1312 omnibtts
541 1293 588 1312 sua
603 1284 676 1311 dedit
690 1283 806 1314 nomina,
821 1291 886 1317 quo-

103 1331 173 1358 nmdo
187 1339 238 1358 non
253 1332 329 1358 omni
343 1332 471 1366 sapientia
486 1335 513 1358 et
527 1330 654 1358 industria
671 1330 806 1364 pollebat?
821 1329 886 1356 llinc

102 1377 188 1410 Cogita,
214 1382 314 1411 quanta
341 1377 420 1411 hujus
443 1377 568 1411 spiraculi
592 1376 617 1402 in
643 1376 688 1402 illo
710 1375 837 1410 potentia.
861 1379 888 1401 et

102 1428 188 1457 quanta
202 1424 372 1458 incorporea".
386 1424 482 1451 animm
504 1424 644 1459 sapientia,
661 1431 738 1458 quam
761 1423 887 1450 Dominus

103 1468 134 1494 illi
146 1468 225 1500 dedit,
240 1477 305 1496 cum
321 1469 478 1496 admirabile
493 1474 521 1496 et
543 1469 700 1496 rationabile
725 1469 775 1496 hoc
788 1469 887 1496 animal

102 1522 130 1540 ex
149 1514 247 1541 duabus
267 1515 373 1541 naturis
388 1515 562 1547 constituens,
586 1515 768 1550 incorporeum
792 1515 887 1542 animm

103 1559 279 1593 substantiam,
300 1568 348 1587 ceu
372 1560 500 1594 optimum
527 1561 668 1593 artiﬁcem,
692 1560 797 1594 corpori
812 1561 888 1595 quasi

103 1604 268 1631 instrumento
294 1605 443 1637 ennjttnxil.
470 1605 550 1639 igitur
566 1613 625 1631 eum
649 1611 735 1632 tecum
760 1605 888 1640 cogitabis

104 1656 191 1676 tantam
213 1650 297 1684 hujus
312 1651 436 1677 animalis
450 1650 617 1685 sapientiam,
633 1651 766 1677 admirare
781 1650 888 1685 Opiliris

105 1695 248 1729 potentiam.
264 1695 333 1722 Nam
349 1696 370 1722 si
384 1697 440 1723 εξειί
457 1696 623 1730 pulchritudo
634 1703 648 1722 a
660 1696 769 1724 cordato
783 1700 887 1730 speeta-

104 1746 153 1768 tnre
164 1742 226 1774 visa,
242 1742 319 1768 illum
335 1741 369 1768 ad
383 1741 555 1768 celebrandas
567 1741 719 1769 Conditoris
734 1741 824 1768 laudes
840 1741 888 1768 ad-

103 1787 167 1813 ducit
178 1795 184 1814 :
195 1792 300 1820 quanto
313 1788 396 1821 magis
410 1787 537 1815 rationale
552 1787 602 1814 hnc
616 1788 711 1814 animal
726 1789 815 1820 homo,
827 1795 887 1814 cum

103 1839 168 1858 suam
189 1831 388 1864 formationem,
404 1832 512 1858 honoris
527 1840 541 1859 a
564 1833 618 1859 Deo
632 1833 681 1859 sibi
696 1832 749 1859 dati
770 1833 889 1859 eminen-

104 1877 169 1909 tiam,
184 1878 399 1912 magnitudinem
415 1878 544 1904 donorum
561 1884 587 1905 et
605 1878 746 1905 inell‘abilia
761 1879 889 1906 beneﬁcia

103 1923 254 1956 considerat,
277 1927 415 1950 auctorem
431 1923 525 1950 horum
537 1924 668 1951 continuis
683 1924 804 1951 laudibus
819 1932 888 1959 prat-

103 1968 199 2013 dirare,
228 1973 255 1996 et
283 1977 332 2004 pro
357 1969 412 1996 suis
437 1969 538 1996 viribus
559 1969 668 2004 gloriam
695 1970 748 1997 Deo
777 1970 889 1998 reddere

104 2015 212 2049 poterit?

136 2059 237 2088 Moralis
256 2061 410 2088 exhortatio.
432 2076 467 2081 ——
490 2061 589 2088 Vellem
610 2066 636 2088 et
660 2061 693 2088 de
716 2063 888 2097 sequentibus

103 2111 174 2138 agere
189 2114 195 2132 :
213 2106 260 2133 sed
279 2114 312 2133 ne
335 2106 503 2133 multitudine
517 2114 608 2133 eorum
622 2114 680 2141 qua:
699 2107 822 2134 dicuntur
835 2107 888 2142 jam

104 2150 224 2177 dictormn
245 2151 358 2178 obruant
376 2153 529 2178 memoriam
541 2172 548 2183 ,
564 2159 652 2185 operas
672 2153 786 2186 pretium
812 2152 890 2180 fuerit

104 2195 223 2223 doctrina:
244 2205 400 2224 sermonem
421 2197 472 2224 hoc
485 2197 544 2224 loco
561 2197 695 2224 claudere.
717 2197 806 2232 Neque
819 2198 889 2225 enim

105 2240 150 2267 hoc
160 2243 242 2268 solum
257 2242 334 2269 nobis
347 2250 417 2269 curre
430 2246 479 2275 est,
493 2246 521 2269 ut
531 2243 611 2269 multa
622 2243 739 2270 dicamus
753 2251 759 2268 :
775 2244 820 2271 sed
831 2244 890 2271 idm

104 2285 208 2313 dicimus
221 2308 227 2320 ,
246 2292 274 2314 ut
290 2294 419 2322 perpetuo
433 2288 457 2314 in
475 2288 570 2314 animis
586 2289 681 2315 vcs1ris
696 2288 781 2315 delira
797 2297 890 2316 serve-

106 2333 135 2357 tis
145 2353 151 2365 ,
167 2338 246 2368 utque
269 2342 322 2360 non
338 2334 424 2360 solum
440 2341 487 2361 vos
499 2334 547 2369 ipsi
562 2334 652 2361 sciatis
664 2342 694 2362 ea
710 2343 768 2370 qua:
783 2336 808 2362 in
824 2335 892 2362 divi-

106 2377 143 2403 nis
156 2377 298 2412 Scripturis
310 2379 489 2410 continentur,
505 2379 551 2406 sed
566 2383 594 2406 ut
608 2384 634 2406 et
647 2380 757 2406 aliorum
770 2381 827 2408 sitis
840 2381 891 2408 do-

106 2430 196 2455 ctores,
213 2425 374 2459 posisitisque
389 2429 416 2451 et
437 2425 503 2452 alios
529 2425 682 2452 admouere.
703 2425 891 2461 Unusquisque

107 2469 178 2503 igitur
192 2475 319 2501 vestrum,
331 2470 453 2500 obsocro.
471 2470 533 2497 hinc
547 2478 685 2505 egressus,
699 2479 757 2498 cum
772 2472 892 2506 proximo

106 2521 150 2541 suo
164 2515 291 2542 dictorum
302 2515 459 2542 memoriam
474 2515 591 2547 refricet,
605 2520 632 2543 et
642 2524 700 2550 qua:
716 2517 772 2550 ipse
784 2517 893 2544 retinuit

107 2559 225 2594 atterens,
241 2569 270 2589 ea
285 2569 345 2596 qua:
360 2561 428 2588 alius
442 2562 569 2589 memoria
581 2566 653 2589 tenet
666 2563 787 2597 accipiat.
812 2564 845 2590 Et
857 2564 891 2591 ita

107 2607 189 2633 omnia
204 2607 361 2642 colligentes
382 2611 460 2642 atque
484 2608 612 2635 memoria
635 2613 768 2642 tenentes,
784 2609 891 2636 domum

108 2653 250 2686 concedite,
263 2653 335 2688 apud
352 2660 399 2680 vos
419 2653 490 2687 ipsos
508 2653 675 2681 ruminantcs
693 2654 795 2682 divinas
815 2655 893 2682 hasce

110 2697 256 2726 doctrinas:
273 2705 301 2726 ut
315 2700 368 2726 huc
380 2699 453 2726 omni
468 2706 529 2726 cura
544 2705 631 2726 vestra
646 2706 894 2733 conversa,mente-

110 2751 156 2776 que
174 2744 201 2771 in
221 2745 261 2772 his
287 2750 430 2780 occupata,
448 2745 554 2779 possitis
579 2745 654 2773 facile
678 2751 706 2773 et
731 2747 894 2774 turbulentas

111 2789 186 2815 animi
197 2790 351 2818 affectiones
363 2790 481 2823 vincere,
495 2794 522 2817 et
535 2790 630 2817 diaboli
649 2790 756 2817 insidias
767 2791 892 2826 ell'ugere.

112 2831 171 2861 Nam
181 2842 240 2862 cum
254 2836 340 2862 malus
358 2835 403 2863 ille
415 2835 519 2862 daemon
535 2835 605 2862 videt
626 2836 739 2863 animam
754 2836 788 2864 de
799 2836 894 2864 divinis

113 2878 186 2907 trbus
199 2880 348 2913 sollicitant,
364 2884 390 2908 ct
404 2884 530 2915 perpetuo
545 2880 603 2907 illas
621 2881 779 2916 cogitantem
794 2885 820 2909 et
833 2889 892 2910 ver-

1671 172 1722 200 «ιι

932 235 1044 263 saniem,
1057 239 1091 258 ne
1104 231 1232 259 accedere
1245 231 1350 266 quidem
1366 231 1473 265 pr0pius
1487 230 1577 264 audet.
1593 231 1639 258 sed
1651 232 1723 258 cele-

932 277 996 304 riter
1010 277 1107 310 resilit,
1122 285 1137 304 a
1149 277 1264 312 Spiritus
1276 277 1431 312 operatione
1455 276 1530 312 quasi
1554 284 1569 303 a
1593 284 1723 304 succenso

932 331 996 358 rogo
1006 323 1124 351 abactas.
1143 323 1176 351 Ut
1191 324 1270 359 igitur
1279 328 1307 350 et
1321 323 1396 350 nobis
1408 323 1549 357 plurimum
1560 323 1595 349 sit
1607 323 1683 355 lucri,
1695 328 1723 351 et.

932 367 1004 395 illum
1028 368 1134 396 vincere
1151 368 1297 402 valeatnus,
1311 373 1338 394 et
1358 375 1474 402 superne
1497 367 1573 394 nobis
1589 367 1723 401 copiosior

933 417 1071 447 pra-stetur
1082 414 1176 448 gratia,
1190 414 1216 440 in
1228 413 1269 440 his
1279 413 1396 440 animum
1408 416 1527 440 nostrum
1537 419 1722 440 exerceamus.

932 459 997 486 Nam
1025 459 1059 486 ita
1082 460 1306 494 prosperabuntur
1324 460 1351 487 in
1371 459 1493 486 manibus
1506 459 1603 485 nostris
1621 458 1723 491 omnia,

932 509 1010 531 erunt
1025 504 1111 532 facilia
1123 513 1183 540 qua:
1195 504 1313 531 difﬁcilia
1328 508 1405 531 erant
1421 514 1427 531 :
1443 511 1502 538 quae
1517 502 1628 530 molesta
1648 501 1724 529 vide-

934 552 1029 579 bantur
1041 559 1111 583 esse,
1127 551 1225 578 bonum
1241 551 1340 578 exitum
1350 550 1505 582 sortientur,
1518 556 1568 576 nec
1580 547 1724 583 quidquam

933 597 1104 632 prmsentium
1119 604 1168 624 nos
1183 596 1289 624 tristitia
1302 595 1410 623 afficere
1426 595 1536 630 poterit.
1555 593 1728 628 Quandoqui—

934 642 994 669 dem
1008 643 1030 670 si
1043 642 1121 669 nobis
1134 650 1206 670 cura:
1221 642 1318 669 fuerint
1331 641 1429 672 divina,
1453 641 1509 675 ipse
1529 646 1634 674 quoque
1656 639 1727 666 Deus

936 696 984 722 pro
996 688 1073 715 nobis
1087 688 1215 715 sollicitus
1228 688 1289 720 erit,
1305 691 1331 714 et
1345 694 1440 721 magna
1460 686 1602 713 securitate
1620 692 1669 719 per
1682 691 1728 718 pe-

934 735 1009 769 lagus
1022 734 1099 769 hujus
1113 735 1171 761 vitae
1186 734 1377 769 navigabinms,
1396 740 1427 759 ac
1440 732 1588 760 deducente
1607 738 1656 757 nos
1669 737 1728 756 ma—

935 787 986 815 gno
1001 780 1046 807 illo
1061 780 1239 815 gubernatore
1264 780 1318 806 Deo
1338 779 1404 814 ipso,
1421 778 1454 805 ad
1481 778 1553 805 illius
1579 777 1728 804 clementiae

937 831 1041 861 portum
1052 826 1214 860 appellemus
1232 834 1238 851 :
1252 826 1294 852 cui
1314 825 1395 860 gloria
1411 826 1430 858 ',
1445 829 1471 852 et
1488 824 1642 858 imperium.
1658 831 1728 850 nunc

936 877 963 899 et
977 879 1091 906 semper,
1107 876 1133 898 et
1155 871 1182 898 in
1208 871 1309 898 infinita
1326 871 1422 898 saecula
1439 871 1607 898 szeculorum.
1628 871 1726 897 Amen.

1226 937 1364 966 HOMILIA
1386 938 1441 964 XV.

938 995 1000 1022 Alite
1010 1003 1066 1022 vero
1080 1003 1130 1022 non
1145 995 1261 1022 inventus
1272 1000 1309 1022 est
1322 995 1425 1030 adjulor
1437 994 1526 1021 similis
1537 993 1585 1020 illi.
1602 993 1633 1020 Et
1645 994 1729 1020 immi-

973 1041 1005 1067 sit
1027 1041 1094 1068 Deus
1106 1048 1234 1067 excessum
1247 1041 1272 1066 in
1287 1040 1380 1072 Adam,
1392 1045 1415 1066 et
1429 1039 1557 1066 dormivit.
1578 1038 1611 1065 Et
1635 1039 1730 1071 accepit

972 1095 1047 1114 unum
1060 1092 1185 1114 costarum
1198 1087 1263 1122 ejus,
1278 1090 1300 1112 et
1313 1086 1423 1120 impleuit
1435 1093 1534 1112 carnem
1549 1093 1594 1119 pro
1616 1085 1670 1111 illa.
1696 1083 1730 1110 Et

973 1133 1107 1166 tt'di/icm'it
1122 1132 1190 1159 Deus
1205 1138 1298 1159 costam
1310 1153 1316 1161 .
1330 1139 1406 1166 quam
1428 1131 1522 1166 accepit
1543 1130 1574 1157 de
1590 1130 1688 1163 Adam,
1704 1130 1730 1156 in

973 1177 1102 1204 mulierem
1118 1176 1194 1210 (Gen.
1210 1177 1237 1203 2.
1251 1176 1357 1211 εἶθ-9⁵2).

975 1234 1001 1260 Ι.
1024 1232 1060 1260 De
1072 1241 1157 1260 amore
1176 1233 1242 1260 verbi
1253 1232 1330 1259 divini
1341 1232 1392 1258 suis
1404 1231 1560 1258 auditoribus
1576 1230 1730 1266 gratulatur.

937 1294 973 1299 —
988 1279 1106 1313 lllagnam
1121 1278 1196 1306 vobis
1205 1278 1289 1304 habeo
1299 1277 1421 1312 gratiam,
1433 1276 1503 1311 quod
1513 1281 1582 1303 tanta
1593 1275 1732 1303 alacritate

939 1325 1089 1352 lit-sternam
1105 1331 1190 1350 meum
1204 1323 1362 1356 acceperitis
1376 1321 1595 1351 admonitionem.
1610 1324 1637 1348 et
1647 1320 1731 1346 dicto-

941 1379 998 1397 rum
1015 1370 1166 1404 prolixitale
1187 1377 1239 1396 non
1260 1369 1346 1396 solum
1369 1375 1422 1395 non
1446 1367 1504 1395 sitis
1518 1367 1622 1399 offensi,
1641 1365 1688 1394 sed
1705 1366 1731 1393 in

939 1416 1075 1442 concionis
1089 1416 1157 1442 serie
1171 1418 1325 1449 perpetuum
1337 1413 1461 1440 audiendi
1475 1412 1636 1439 desiderium
1650 1419 1732 1446 usque

939 1461 972 1488 ad
989 1462 1068 1488 linem
1083 1460 1250 1488 servaveritis
1266 1466 1273 1484 :
1288 1459 1358 1486 unde
1372 1466 1465 1493 magna
1478 1458 1555 1485 nobis
1566 1465 1627 1492 spes
1634 1461 1676 1485 est
1685 1464 1732 1484 vos

940 1507 1066 1541 operibus
1078 1506 1143 1540 ipsis
1158 1505 1267 1533 consilia
1289 1503 1379 1532 nostra
1398 1507 1559 1538 sequuturos
1578 1510 1646 1530 esse.
1667 1502 1731 1529 Nam

940 1553 984 1586 qui
998 1555 1069 1579 tanta
1087 1551 1221 1585 voluptate
1233 1550 1322 1580 audit.
1336 1549 1454 1576 declarat
1477 1548 1510 1575 ad
1533 1556 1614 1583 opera
1622 1554 1731 1583 quoque

941 1598 1060 1625 iacienda
1080 1605 1109 1624 se
1134 1602 1253 1631 paratum
1271 1606 1278 1624 :
1293 1595 1391 1630 alioqui
1413 1594 1537 1629 frequens
1559 1594 1638 1621 etiam
1663 1600 1733 1619 nunc

941 1645 991 1671 iste
1005 1648 1094 1670 vester
1108 1646 1253 1669 εοηνρηιυς
1266 1645 1369 1668 eertum
1388 1644 1573 1674 argumentum
1595 1642 1636 1666 est
1654 1645 1732 1672 quam

942 1690 1009 1716 bene
1032 1689 1118 1716 anima
1144 1688 1265 1715 valeatis.
1287 1687 1352 1714 Nam
1371 1687 1439 1713 sicut
1459 1685 1562 1712 esurire
1575 1685 1678 1719 signum
1693 1687 1732 1710 est

942 1737 1017 1764 bona:
1030 1735 1188 1763 valetudinis
1203 1734 1359 1768 corporalis.
1370 1733 1405 1760 ita
1418 1739 1508 1759 atnare
1516 1731 1608 1758 divina
1617 1730 1732 1764 eloquia,

941 1782 1087 1816 spiritualis
1104 1780 1225 1808 sanitatis
1244 1779 1370 1806 indicium
1393 1778 1469 1804 fuerit
1487 1777 1644 1804 maximum.
1660 1775 1733 1808 Quo-

943 1829 1012 1855 niam
1027 1833 1114 1854 autem
1129 1827 1229 1854 fructus
1252 1826 1332 1852 vestri
1348 1824 1427 1851 studii
1442 1823 1581 1858 pollicetur
1591 1842 1597 1854 ,
1614 1828 1662 1848 vos
1675 1829 1733 1855 quae

941 1874 1051 1901 audistis
1065 1873 1220 1907 impleturos
1233 1879 1303 1904 esse,
1319 1878 1367 1905 age
1381 1875 1408 1897 et
1424 1877 1472 1896 nos
1486 1867 1636 1896 mercedem
1653 1875 1731 1901 quatit

943 1921 998 1947 lteri
1018 1919 1218 1954 pollicebamur,
1235 1917 1313 1944 hodie
1340 1921 1433 1943 vestra:
1456 1915 1559 1942 caritati
1582 1915 1734 1940 dinumere-

942 1974 1010 1994 mus.
1031 1965 1199 2000 Spiritualem
1225 1965 1291 1990 hanc
1313 1962 1460 1990 doctrinam
1486 1961 1635 1988 mercedrm
1659 1960 1730 1992 dico,

941 2020 1000 2047 qum
1009 2016 1094 2045 ροιεει
1108 2014 1135 2037 et
1148 2017 1233 2036 meam
1247 2016 1344 2043 attgere
1353 2007 1527 2034 substantiam
1535 2013 1594 2033 cum
1607 2012 1731 2032 numera-

941 2066 1016 2089 vero,
1033 2063 1059 2085 et
1076 2065 1121 2084 vos
1133 2057 1176 2091 qui
1192 2055 1320 2090 recipitis,
1335 2054 1445 2081 ditiores
1460 2053 1556 2080 facere.
1579 2052 1634 2079 lloc
1660 2051 1732 2078 enim

942 2105 1021 2133 modo
1035 2113 1063 2132 se
1077 2104 1174 2131 habent
1186 2102 1330 2137 spiritualia
1350 2101 1438 2127 omnia
1453 2111 1459 2127 :
1474 2099 1499 2126 id
1514 2098 1582 2133 quod
1600 2098 1625 2124 in
1650 2097 1730 2124 rebus

942 2150 1110 2178 sensibilibns
1126 2157 1178 2176 non
1189 2151 1239 2175 est.
1256 2147 1320 2174 Nam
1337 2147 1361 2173 in
1376 2146 1426 2173 illis
1437 2165 1444 2176 ,
1458 2145 1502 2179 qui
1523 2144 1673 2171 dinumerat
1688 2150 1733 2176 pe-

943 2197 1058 2227 cuniam,
1075 2203 1149 2222 suam
1167 2193 1300 2221 imminuit
1309 2191 1482 2219 substantiam
1495 2191 1515 2223 ¹,
1538 2194 1564 2217 et
1579 2189 1734 2223 locupletio-

942 2250 998 2269 rem
1009 2241 1090 2269 efﬁcit
1102 2249 1163 2268 eutn
1178 2240 1222 2275 qui
1236 2239 1330 2273 recipit
1344 2246 1350 2263 :
1367 2238 1409 2265 hic
1420 2241 1508 2264 autem
1518 2243 1569 2263 non
1585 2236 1633 2266 sic.
1648 2235 1694 2262 sed
1707 2239 1734 2261 et

943 2291 965 2316 is
975 2289 1020 2323 qui
1037 2292 1175 2317 nutrierat.
1192 2293 1254 2313 suas
1270 2285 1408 2312 facultates
1425 2283 1508 2318 magis
1523 2287 1615 2316 auget,
1628 2286 1653 2308 et
1665 2280 1733 2307 reci-

944 2331 1236 2368 pientibnsdivitiarnm
1256 2330 1366 2356 multum
1381 2328 1493 2356 accedit.
1515 2327 1605 2361 Itaque
1627 2333 1686 2352 cum
1707 2329 1734 2351 et

945 2379 1019 2406 nobis
1035 2382 1153 2412 prompta
1164 2377 1199 2404 sit
1210 2375 1402 2407 benevolentia,
1419 2378 1446 2401 et
1459 2381 1505 2400 vos
1513 2372 1664 2407 spirituales
1676 2370 1734 2397 illas

944 2432 1009 2459 opes
1026 2423 1173 2457 suscepturi
1189 2422 1263 2449 sinus
1279 2420 1377 2447 mentis
1397 2423 1504 2453 paratos
1527 2416 1646 2444 habeatis
1660 2423 1666 2440 :
1685 2422 1733 2449 age

946 2475 1101 2505 praestemus
1115 2468 1185 2503 quod
1198 2469 1225 2494 in
1239 2473 1286 2493 nos
1299 2465 1459 2499 recepimus,
1470 2468 1497 2490 et
1508 2463 1602 2489 iterum
1618 2460 1732 2494 acceptis

945 2517 986 2548 iis,
1000 2523 1059 2550 qua:
1069 2522 1102 2542 ex
1110 2517 1234 2542 contextu
1249 2512 1318 2539 beati
1331 2510 1412 2538 Mosis
1423 2510 1491 2536 lecta
1504 2512 1575 2538 sunt,
1589 2505 1650 2533 inde
1659 2505 1733 2532 vobis

946 2561 1094 2590 mercedem
1121 2560 1329 2587 dinumeremus.
1363 2556 1427 2589 Qua:
1453 2555 1531 2589 igitur
1557 2552 1636 2580 hodie
1663 2551 1731 2577 locta

945 2613 1005 2636 sunt
1021 2608 1046 2634 in
1061 2606 1176 2634 medium
1191 2604 1276 2631 allerri
1292 2602 1399 2633 debent,
1414 2604 1443 2627 ut
1456 2600 1593 2626 thesauros
1605 2603 1732 2624 sensuum

947 2655 972 2680 in
987 2652 1074 2679 verbis
1089 2652 1209 2678 latentes.
1226 2649 1365 2682 diligenter
1373 2645 1508 2681 quaesitos,
1519 2642 1622 2671 caritati
1635 2645 1732 2669 vestra:

974 2699 982 2714 ι
1000 2697 1125 2722 Coislin....
1138 2693 1294 2726 appellemus,
1313 2691 1392 2726 gratia
1402 2693 1431 2726 et.
1446 2685 1731 2726 misericordiam-omini

943 2716 1183 2754 ηοειιξυάξξιῖέῖῆνῖἒῆ
1188 2716 1304 2755 ἶῶὶῖᾳυὸ
1313 2716 1344 2747 'éit
1359 2721 1467 2755 _l’(lll:l:_el
1479 2718 1577 2755 spiritui
1583 2722 1671 2755 sancto
1682 2716 1730 2755 glo-

943 2749 1000 2790 ’
1009 2749 1178 2784 eiciln‘hisee’
1186 2749 1274 2783 verbis,
1293 2760 1348 2790 qua:
1359 2749 1729 2790 homiliasVclanduntkqiultiiu

944 2779 1256 2819 ίιῖἧιέέτνίιίίῖςᾟῶἐῆθων
1266 2779 1378 2819 varietas,
1390 2786 1419 2819 ut
1424 2779 1712 2819 ‘monet‘etia‘anavilius.

1100 2812 1194 2846 habent
1206 2824 1300 2847 vocem,
1313 2814 1470 2849 substantiam
1484 2814 1536 2849 (τῂν
1548 2812 1658 2849 0156(9),
1665 2817 1729 2849 prte-

945 2859 984 2881 ter
999 2842 1203 2885 ἶίὲέῖῖιῆἶιῖιῖ-έι
1219 2842 1303 2874 Morel.
1314 2846 1357 2878 qui
1376 2845 1477 2876 habent,
1488 2842 1660 2869 abundantiam
1677 2842 1729 2871 (τήν

946 2887 1081 2919 περιουσίαν
1085 2893 1091 2912 ι
1097 2902 1102 2908 .
