2060 3122
323 166 376 195 119

323 230 512 259 proponamus.
534 223 652 252 Audistis
665 225 737 252 enim
752 225 830 252 modo
843 226 1006 260 Seripturam
1021 225 1113 253 dicen.

323 274 377 295 tem
393 268 455 297 :90.
469 269 533 296 Atla:
543 277 599 296 vero
613 278 663 297 non
677 271 791 298 inventus
802 277 838 298 est
850 272 954 305 adjutor
966 272 1054 298 tiuttilis
1064 271 1113 299 illi.

322 313 390 348 Quid
411 314 460 341 sibi
481 315 535 341 vult
551 315 639 342 brevis
665 317 722 344 hate
742 317 833 349 dictio,
850 318 912 344 Ade:
935 318 1011 344 vero?
1032 325 1114 352 quare

321 360 430 394 apponit
439 360 765 395 conjunctionem?annon
772 362 916 390 sulliciebat
923 363 1021 395 dicere,
1031 363 1115 390 Adae?

322 405 378 431 Nott
392 405 491 440 absque
506 406 608 433 ratintte
619 427 626 439 ,
639 414 724 441 neque
738 408 898 434 curiositatis
920 409 1003 443 gratia
1030 407 1116 442 inqui-

321 452 398 478 rendi
415 452 475 478 talia
490 453 566 480 nobis
585 453 688 479 aninms
700 459 755 485 est,
771 453 818 480 sed
830 457 859 480 ut
873 453 1013 488 diligenter
1026 454 1115 481 omnia

321 496 398 523 vobis
412 497 627 531 interpretantes,
640 497 781 526 doceamus
797 506 844 526 vos
866 506 951 532 neque
971 498 1114 526 dictionem

321 547 442 575 parvam,
457 550 543 578 neque
557 543 685 579 syllabam
702 552 780 570 unam
795 544 821 571 in
837 544 933 572 divinis
944 544 1039 572 Literis
1050 553 1116 572 cnn-

324 590 423 614 tentam
436 595 497 615 esse
515 589 738 623 prtrlct'eundtlm.
757 589 813 616 Non
839 590 910 617 enittt
923 590 1002 618 verba
1015 590 1116 626 qualia-

322 639 437 668 cumque
451 637 521 662 sunt.
536 634 583 662 sed
597 634 709 668 Spiritus
723 635 808 662 sancti
826 635 921 666 verba,
933 639 961 662 et
975 640 1114 670 propterea

324 686 448 714 magnum
468 680 502 706 ibi
518 682 669 708 thesaurum
685 681 805 708 invenire
826 681 903 714 licet,
921 681 1000 708 etiam
1021 682 1047 708 in
1063 690 1113 708 una

323 725 434 759 syllaba.
449 727 602 754 Auscultate
618 727 706 761 igitur,
723 728 844 758 obsecro,
854 735 948 762 magna
960 727 1113 762 diligentia;

324 771 411 798 nullus
431 771 519 804 deses,
540 773 627 800 nullus
654 773 850 800 somniculosus
870 775 1020 805 sit,ontnes
1044 773 1115 808 vigili

323 818 412 844 animo
425 817 531 851 atleSte;
544 818 631 846 nttlltts
644 819 761 846 externis
771 819 988 853 occupationibus
999 824 1114 846 utentem

322 862 461 895 distrahat,
479 864 581 891 nullum
594 865 736 891 stecnlares
748 872 819 891 etme
832 865 974 898 abripiant,
984 865 1030 892 sed
1044 865 1116 899 cogi—

324 912 361 935 tet
376 910 556 945 unusquisque
580 911 726 945 spiritualis
751 910 828 945 hujus
849 911 1061 946 congregationis
1077 911 1116 938 di-

322 954 459 988 gnitatem,
474 960 500 982 et
513 962 544 982 ea
557 963 617 990 qua:
639 956 787 983 audivimus
801 957 884 984 Deum
898 957 974 984 nobis
996 965 1042 991 per
1055 965 1115 991 pro-

324 999 461 1033 phetarum
473 1001 588 1036 tinguant
602 1002 692 1029 dicere
704 1011 711 1029 :
725 1003 814 1037 sicque
827 1011 906 1030 aures
919 1003 1017 1038 arrigat
1034 1008 1060 1030 et
1074 1003 1114 1030 ἱιμ

324 1050 422 1072 tentant
449 1051 565 1074 ntentettt
591 1047 732 1079 adhibeat,
757 1056 789 1075 ne
811 1048 910 1082 aliqttid
936 1056 1028 1076 eorum
1056 1057 1115 1083 qua:

323 1091 495 1124 sentinamus,
512 1093 537 1119 in
554 1098 654 1127 petraut
669 1093 756 1126 cadat,
768 1094 809 1121 vel
819 1102 897 1122 secus
906 1095 984 1125 viam.
995 1095 1035 1122 vel
1048 1095 1116 1122 inter

322 1135 492 1170 spinas;.sed
506 1145 586 1165 omne
606 1146 698 1165 semen
715 1141 739 1165 in
755 1143 852 1166 terram
868 1140 979 1170 bonant,
994 1140 1114 1167 latitudi-

324 1188 383 1208 nem
409 1181 470 1209 dieo
496 1183 593 1210 mentis
617 1189 722 1217 vestra‘,
743 1185 900 1220 projectum,
916 1186 1016 1220 largum
1040 1187 1115 1213 voltis

323 1227 435 1256 l'rttetum
447 1229 542 1257 aﬂ'erre
557 1237 645 1265 queat,
660 1237 686 1259 et
701 1240 714 1257 a
730 1233 805 1259 uoltis
820 1233 971 1261 concredita
986 1234 1114 1269 multipli-

322 1278 375 1301 (ξι-ι.
395 1274 526 1302 Caeterum
542 1276 679 1304 videamus
692 1277 753 1311 quid
765 1278 814 1304 sibi
831 1278 894 1305 velit
908 1278 987 1313 hujus
998 1279 1112 1312 conjun-

323 1321 419 1348 ctionis
431 1322 524 1356 copula
542 1331 547 1348 :
564 1322 628 1349 Atla:
655 1331 711 1350 vero
738 1332 788 1350 non
815 1325 987 1353 inrcniebatur
1013 1326 1116 1360 arljutor

323 1366 413 1392 similis
427 1366 476 1393 illi.
500 1367 574 1400 Vide,
590 1368 711 1400 obsecro,
725 1369 822 1396 divinat
843 1370 986 1405 Scriptura:
1005 1379 1115 1398 accura-

325 1417 377 1438 tam
388 1412 562 1447 diligentiam.
578 1415 718 1450 Postquam
729 1415 805 1448 dixit,
821 1416 883 1443 Adw
896 1425 952 1444 vero
966 1426 1016 1444 non
1029 1418 1116 1444 inven-

324 1463 363 1485 tus
377 1459 524 1494 utadjutar
540 1461 548 1476 ί
565 1469 572 1485 :
590 1468 642 1488 non
657 1462 692 1488 ibi
703 1462 830 1494 substitit,
841 1463 887 1490 sed
903 1463 1018 1498 adjecit,
1035 1464 1116 1491 Simi-

324 1505 355 1531 lis
370 1505 408 1532 illi
421 1513 431 1532 .'
442 1505 621 1534 additamenta
636 1506 682 1534 illo
703 1515 809 1535 causam
824 1509 900 1535 nobis
914 1509 1067 1541 declarans,
1081 1510 1116 1537 ob

324 1558 403 1585 quam
418 1551 612 1586 conjunctionis
623 1554 743 1588 copulam
759 1555 901 1582 addiderit.
915 1555 1048 1583 Existimo
1056 1564 1118 1583 acu-

323 1598 405 1626 tiores
428 1599 580 1634 conjectare
601 1609 678 1635 posse
692 1623 699 1631 ,
720 1607 748 1629 et
770 1603 916 1636 pra-videre
938 1603 998 1637 quid
1020 1604 1115 1631 dicturi

323 1643 416 1671 simus.
438 1644 535 1672 Verum
546 1646 607 1681 quia
623 1647 705 1673 nostri
719 1647 798 1674 ol‘licii
814 1653 853 1674 est
866 1668 873 1681 ,
888 1649 932 1683 qui
948 1656 1115 1676 communem

324 1689 447 1717 omnibus
458 1689 604 1718 doctrinam
622 1692 789 1726 proferimus,
805 1694 928 1720 omnibus
938 1694 1017 1720 etiam
1032 1694 1118 1721 maui-

325 1734 391 1762 lesta
408 1735 494 1763 facere
506 1744 566 1772 qua:
579 1746 593 1764 a
607 1738 683 1766 nobis
697 1739 821 1766 dicuntur
833 1760 840 1771 ,
855 1748 903 1775 age
913 1741 1056 1768 doceamus
1069 1749 1116 1769 vos

323 1781 398 1815 cujus
409 1782 492 1816 gratia
506 1783 546 1810 sic
558 1783 670 1816 dixerit;
683 1784 728 1811 sed
743 1792 885 1819 parumper
895 1786 1033 1813 sustinete.
1049 1786 1115 1813 Nam

323 1832 463 1861 postquam
483 1827 508 1854 in
524 1829 705 1862 superioribus
716 1829 803 1862 dictis,
818 1831 885 1858 sicut
897 1839 1029 1859 memores
1040 1832 1114 1864 estis,

324 1871 459 1906 Scriptura
485 1873 573 1900 divina
596 1874 727 1906 dixisset,
753 1875 889 1903 Faciamus
914 1877 953 1904 illi
974 1878 1116 1912 adjutorem

324 1917 461 1943 secundant
471 1926 546 1945 eum:
562 1920 650 1946 statim
661 1919 752 1947 docuit
766 1928 814 1947 nos
830 1921 983 1955 bestiarum,
998 1927 1023 1950 et
1036 1924 1117 1958 repti-

324 1963 388 1990 liutn
401 1968 428 1990 et
440 1964 576 1991 brutoruut
588 1966 705 1993 omnium
720 1966 922 2000 formationem;
937 1968 972 1995 ait
985 1970 1068 2002 enim,
1083 1969 1115 1996 Et

324 2008 440 2041 formavit
451 2009 520 2036 Deus
530 2010 614 2038 adhuc
627 2011 657 2037 tle
667 2016 732 2039 terra
743 2020 828 2039 omnes
842 2013 942 2045 bestias,
963 2019 988 2041 et
1004 2015 1117 2042 uolucres

323 2055 389 2085 caeli,
401 2055 503 2082 etduxil
514 2056 559 2082 illa
573 2056 607 2083 ad
619 2056 709 2090 Adam,
727 2062 753 2084 ut
766 2058 857 2085 videret
868 2059 930 2094 quid
940 2065 1037 2086 vocarat
1058 2060 1115 2087 illa.

327 2099 360 2126 lit
372 2100 447 2134 quasi
458 2101 582 2128 dominus
595 2103 720 2130 omnibus
733 2104 858 2138 imposuit
872 2105 990 2138 nomina,
1004 2110 1031 2132 et
1055 2107 1115 2133 titti—

325 2145 421 2180 cuique
445 2146 600 2180 bestiarum,
614 2152 640 2174 et
664 2148 811 2180 volucrum,
827 2155 854 2177 et
878 2150 1014 2178 brutorunt
1043 2153 1115 2179 omni

324 2191 415 2224 generi
439 2199 516 2219 suum
533 2193 690 2221 vocabulum
714 2195 860 2222 secundum
886 2204 1039 2225 concessam
1066 2198 1116 2226 sibi

325 2237 482 2271 sapientiam
492 2238 636 2273 assignavit
648 2249 654 2266 :
670 2241 778 2268 utseire
792 2249 940 2276 possemus,
953 2251 1044 2270 omnes
1060 2244 1117 2271 illas

325 2287 471 2315 creaturas,
486 2284 548 2311 licet
571 2285 671 2312 homini
695 2287 847 2314 ministrent
871 2292 899 2315 ct
920 2296 968 2315 nos
992 2290 1117 2324 adjnvent

325 2328 494 2362 cooperando
507 2329 655 2362 nobiscum,
676 2332 870 2360 irrationabiles
891 2339 978 2361 tanton
1003 2340 1118 2368 esse,et

326 2374 434 2401 homine
456 2375 532 2410 longe
556 2376 712 2410 inferiores;
728 2379 798 2406 ttmle
820 2388 853 2407 tte
868 2385 990 2414 putentus
1004 2389 1063 2408 ettm
1083 2382 1116 2409 de

325 2419 379 2446 illis
391 2420 500 2453 dixisse,
521 2420 658 2449 Faciamus
671 2423 709 2450 illi
723 2424 876 2459 adjutorem.
889 2425 954 2453 Nam
968 2427 1028 2453 licet
1041 2427 1117 2461 adju-

325 2470 399 2497 Vent,
414 2473 441 2493 et
456 2467 482 2494 itt
504 2467 594 2495 multis
605 2469 752 2496 ministerio
772 2478 820 2497 suo
834 2472 932 2499 homini
956 2474 1033 2500 utiles
1050 2474 1113 2507 sint,

326 2513 429 2540 ratione
444 2518 531 2541 tamen
543 2519 644 2542 carent.
666 2516 736 2543 Sane
751 2518 820 2552 quod
841 2517 933 2552 juvent
946 2527 1011 2552 ttos,
1027 2528 1115 2547 rerum

324 2558 402 2586 docet
414 2561 586 2594 experientia.
599 2562 655 2588 Alia
666 2563 736 2590 enim
746 2564 817 2591 utilia
827 2569 888 2591 sunt
898 2565 929 2591 ad
943 2566 1116 2593 conrehenda

328 2607 489 2638 necessaria,
501 2607 551 2633 alia
566 2607 598 2634 ad
613 2608 751 2635 colendam
766 2614 874 2637 terrant.
898 2610 1115 2646 Quandoquidem

307 2662 310 2683 ι
325 2651 374 2678 bos
386 2655 502 2678 aratrum
515 2652 603 2686 trahit,
618 2654 707 2681 sulcos
722 2659 804 2686 secat,
818 2660 845 2682 et
862 2657 935 2682 varia
948 2657 1116 2690 agricultura:

325 2704 406 2731 opera
417 2704 538 2731 exercet;
551 2700 641 2727 asinus
649 2700 681 2727 ad
688 2701 859 2728 conveltenda
868 2703 1015 2729 necessaria
1024 2703 1117 2731 admo-

324 2742 388 2770 dum
401 2744 473 2771 utilis
483 2749 524 2772 est
535 2765 542 2777 ,
557 2750 582 2773 et
593 2746 718 2781 pleraque
728 2746 851 2773 animalia
865 2747 916 2774 alia
931 2749 1050 2783 corporis
1067 2757 1117 2776 tto-

326 2788 373 2816 stri
397 2789 456 2816 usui
482 2791 609 2818 serviunt.
631 2791 735 2818 Etenim
757 2799 820 2819 ores
833 2792 920 2820 lanam
936 2794 969 2821 ad
986 2796 1116 2829 parandas

355 2878 363 2893 ¹
382 2878 450 2904 savii.
465 2884 488 2905 et
501 2881 604 2912 Cnislin.,
619 2882 714 2912 udjutor
726 2882 810 2908 similia
824 2882 866 2908 illi,

677 166 705 195 S.
725 167 864 195 JOANNIS
873 166 1109 195 ClliiYSOSTOMl
1129 167 1287 196 ARCIIIEP.
1307 168 1570 196 CONSTANTINOP.

1916 163 1966 189 iii)

1170 230 1257 252 vestes
1273 225 1401 260 pratbeut,
1416 231 1443 253 et
1464 233 1550 260 caprze
1563 233 1597 253 ex
1610 225 1666 252 suis
1679 225 1737 260 pilis
1757 225 1856 261 aliquid
1869 229 1965 252 uestro

1168 271 1318 298 ntinisterio
1342 271 1465 301 alierum.
1483 271 1601 305 laeteque
1626 275 1653 298 et
1673 270 1726 297 alio
1750 278 1856 305 quoque
1880 270 1963 297 modo

1168 324 1256 344 escam
1271 317 1400 351 pra-bent.
1421 316 1535 344 Proinde
1550 323 1583 343 ne
1592 316 1744 348 existimes,
1759 316 1783 343 id
1796 315 1868 350 quod
1880 323 1963 349 supra

1169 362 1243 395 dicit,
1257 361 1396 389 Facianms
1408 362 1447 389 illi
1463 362 1615 396 adjutorem,
1631 362 1664 389 de
1679 362 1732 389 illis
1745 361 1843 389 dictum
1867 369 1874 387 :
1901 360 1963 388 ideo

1169 415 1240 435 ttttuc
1264 415 1415 435 sermonem
1439 407 1577 441 incipiens,
1593 407 1688 442 inquit,
1703 407 1765 434 Adre
1782 414 1840 433 vero
1856 414 1907 432 non
1922 406 1964 432 iu-

1169 457 1256 480 ventus
1270 458 1305 479 est
1316 453 1419 488 adjutor
1441 452 1531 480 similis
1548 453 1571 479 ei
1581 460 1591 480 :
1603 453 1677 488 quasi
1686 452 1793 479 doceret
1809 459 1856 479 nos
1869 451 1964 478 beatus

1169 499 1256 526 Moses
1268 519 1276 532 ,
1291 503 1318 526 et
1333 498 1391 526 inec
1410 497 1512 525 diceret
1533 498 1614 525 verba
1631 506 1637 524 :
1655 498 1718 525 llaec
1742 497 1830 524 omnia
1853 497 1964 532 quidem

1170 544 1297 579 producta
1312 549 1383 576 snnt,
1400 544 1468 571 etab
1482 543 1567 571 Adam
1588 551 1635 571 Sua
1659 547 1820 578 acceperunt
1842 544 1963 574 nomina,

1169 591 1270 618 nulluut
1285 595 1374 618 tamen
1395 599 1427 618 ex
1443 591 1475 618 iis
1502 590 1626 617 omnibus
1638 589 1746 625 dignum
1763 589 1812 616 fuit
1826 589 1963 616 inventum

1167 637 1238 672 quod
1254 637 1327 664 illutn
1341 637 1487 671 adiuvaret.
1511 637 1571 663 ideo
1585 636 1677 663 volens
1691 643 1739 662 nos
1753 635 1850 662 docere
1866 634 1966 669 produ-

1168 683 1246 710 cendi
1265 683 1389 710 animalis
1412 682 1609 715 humationem,
1625 686 1653 709 et
1667 681 1785 708 indicare
1799 681 1897 708 animal
1913 680 1965 707 ltoe

1170 729 1369 764 producendum
1396 729 1464 756 istud
1479 729 1565 763 ipsuut
1589 736 1648 755 esse
1661 728 1694 755 de
1709 735 1763 762 quo
1776 727 1891 758 dicebat,
1913 726 1965 753 Fa-

1169 775 1266 801 ciamus
1292 775 1331 801 illi
1352 774 1494 809 adjutorettt
1519 773 1655 800 secundum
1675 773 1759 806 illum,
1787 772 1900 799 similem
1927 772 1964 798 illi

1170 819 1265 854 inquit,
1283 819 1335 846 ltoc
1356 825 1408 852 cst,
1429 819 1548 853 ejusdem
1572 819 1736 849 substantiae,
1762 818 1820 853 ipso
1841 818 1963 853 dignum,

1171 866 1228 900 ipso
1242 865 1306 893 nihil
1322 865 1472 893 inferiorem
1486 873 1492 891 :
1510 870 1535 892 et
1550 865 1618 892 ltatte
1637 865 1672 892 ob
1693 873 1749 892 rem
1771 864 1886 897 dicebat,
1901 865 1964 891 Ade:

1169 920 1226 939 vero
1240 920 1291 939 non
1314 911 1485 938 inveniebatur
1505 911 1608 945 adjutor
1621 911 1710 937 similis
1734 910 1772 936 illi
1787 918 1795 937 :
1811 915 1963 937 monstrans

1171 957 1247 984 ttobis
1260 957 1354 984 beatus
1366 957 1409 984 ille
1419 977 1427 989 ,
1439 961 1682 991 quantuntcnntque
1695 955 1771 982 nobis
1786 955 1962 982 ministerium

1169 1003 1312 1030 exhibeant
1329 1002 1385 1029 ltatc
1402 1002 1495 1034 bruta,
1511 1001 1582 1028 aliud
1597 1005 1683 1028 tamen
1696 1000 1830 1036 quoddam
1856 1000 1962 1034 adjuto-

1167 1048 1236 1075 ritutt
1250 1055 1310 1076 esse
1320 1048 1409 1074 multis
1423 1048 1540 1075 numeris
1553 1047 1734 1078 excellentius,
1746 1046 1815 1081 quod
1828 1054 1842 1072 a
1852 1045 1963 1072 muliere

1169 1095 1234 1122 Adae
1250 1099 1399 1129 praestatur.

1203 1142 1230 1168 2.
1253 1141 1342 1177 Itaque
1355 1142 1417 1176 quia
1429 1141 1552 1168 omnibus
1565 1140 1723 1167 animalibus
1742 1139 1796 1173 iam
1815 1138 1962 1173 productis,

1168 1193 1195 1215 et
1209 1197 1286 1215 snnnt
1311 1195 1407 1215 nomen
1424 1195 1438 1214 a
1455 1188 1540 1220 priuto
1566 1186 1673 1214 ltomitte
1696 1185 1809 1219 sortitis,
1834 1184 1962 1218 benignus

1170 1235 1297 1262 Dominus
1311 1234 1424 1261 similem
1441 1234 1479 1260 illi
1493 1233 1642 1268 adjutorem
1653 1236 1682 1258 ut
1696 1231 1856 1266 produceret
1874 1229 1963 1264 inqui-

1169 1280 1244 1307 rebat
1259 1280 1323 1314 :qui
1345 1279 1434 1307 omnia
1449 1283 1555 1313 propter
1575 1278 1709 1305 [remittent
1722 1284 1737 1303 a
1763 1284 1793 1303 se
1820 1275 1962 1302 formatum

1168 1325 1314 1360 dispensat,
1329 1329 1355 1351 et
1370 1328 1477 1359 propter
1490 1325 1560 1351 ltuttc
1573 1330 1679 1350 omnem
1702 1321 1832 1349 visibilem
1856 1325 1962 1347 creatu-

1169 1379 1224 1398 ram
1246 1370 1380 1405 produxit,
1393 1370 1415 1397 is
1438 1377 1499 1397 cum
1528 1369 1588 1396 aliis
1615 1368 1738 1395 ontnihus
1764 1371 1791 1394 et
1818 1366 1961 1393 mulierem

1168 1417 1275 1445 format.
1297 1417 1331 1444 Et
1355 1416 1416 1443 vide
1437 1424 1515 1451 quam
1536 1416 1680 1450 diligenter
1704 1414 1891 1442 lormatioucttt
1914 1420 1963 1440 nos

1169 1463 1271 1490 doceat.
1293 1462 1357 1490 Nam
1375 1466 1514 1497 postquam
1529 1469 1578 1488 nos
1589 1461 1689 1493 docuit,
1705 1467 1734 1487 se
1750 1459 1816 1486 velle
1831 1458 1962 1493 produce-

1170 1518 1198 1536 re
1212 1510 1249 1536 illi
1261 1509 1420 1542 adjutorium
1442 1508 1528 1535 stmile
1545 1507 1596 1542 ipsi
1612 1516 1619 1533 :
1634 1514 1694 1533 ttam
1713 1506 1835 1540 superius
1848 1505 1961 1536 dixerat,

1171 1554 1306 1581 Faciamus
1320 1555 1356 1581 illi
1371 1554 1527 1589 adjutorium
1546 1552 1684 1580 secundum
1705 1551 1777 1578 illum
1792 1559 1801 1578 :
1823 1555 1850 1578 et
1866 1550 1909 1577 ltic
1923 1550 1964 1576 in-

1169 1600 1236 1634 quit,
1256 1599 1315 1626 Non
1329 1599 1497 1626 inveniebatur
1522 1598 1625 1633 adjutor
1646 1597 1735 1624 similis
1750 1597 1789 1624 illi
1813 1604 1822 1623 :
1844 1603 1904 1623 eant
1929 1595 1964 1622 ob

1169 1653 1276 1672 causam
1288 1653 1320 1672 ex
1335 1645 1404 1671 illius
1423 1643 1571 1671 substantia
1595 1643 1677 1678 ipsam
1693 1641 1799 1673 format,
1814 1646 1842 1668 et
1855 1641 1962 1675 inquit:

1169 1690 1214 1717 21.
1229 1690 1260 1717 Et
1274 1690 1375 1725 immisit
1391 1689 1516 1716 Dominus
1542 1688 1611 1715 Deus
1633 1695 1760 1714 excessum
1784 1687 1811 1712 in
1829 1685 1925 1718 Adam,
1941 1690 1963 1712 et

1170 1737 1296 1763 dormivit.
1312 1735 1346 1762 Et
1360 1735 1456 1770 accepit
1468 1742 1545 1761 unam
1560 1739 1686 1760 costarum
1709 1733 1788 1763 illius,
1804 1736 1827 1758 ct
1852 1731 1965 1765 implevit

1170 1790 1271 1809 carnem
1301 1789 1348 1817 pro
1373 1781 1428 1808 illa.
1453 1779 1498 1807 22.
1525 1779 1723 1814 JL‘tliﬁcavitque
1748 1777 1870 1804 Dominus
1895 1776 1964 1802 Deus

1170 1833 1264 1855 costam
1278 1848 1285 1860 ,
1301 1835 1376 1862 quant
1388 1827 1484 1861 accepit
1498 1826 1529 1852 de
1543 1825 1623 1851 Adam
1636 1845 1642 1856 ,
1657 1825 1684 1851 in
1698 1823 1839 1856 mulierem,
1855 1828 1878 1848 et
1891 1822 1964 1848 duxit

1170 1873 1240 1900 illam
1254 1873 1288 1900 ad
1306 1872 1398 1899 Adam.
1415 1873 1506 1906 Magna
1528 1871 1669 1898 verborum
1693 1870 1732 1897 vis
1745 1874 1801 1901 est,
1817 1873 1844 1895 et
1855 1875 1964 1895 onmem

1171 1918 1315 1945 humanum
1334 1922 1440 1952 captum
1471 1916 1675 1944 transcendens.
1699 1915 1757 1942 Non
1785 1914 1856 1941 enim
1886 1913 1965 1940 aliter

1171 1968 1281 1998 possunt
1295 1963 1351 1990 hate
1374 1970 1467 1997 magna
1482 1962 1603 1997 intelligi,
1617 1969 1697 1996 quant
1721 1960 1781 1987 lidei
1795 1959 1881 1986 oculis
1896 1966 1964 1986 con-

1170 2017 1191 2043 s,
1202 2014 1271 2036 ecta.
1293 2009 1325 2035 Et
1340 2009 1442 2035 immisit
1464 2008 1542 2040 Deus,
1566 2007 1669 2041 inquit.
1685 2013 1812 2032 excessuttt
1827 2005 1853 2030 in
1870 2004 1962 2034 Adam,

1170 2060 1193 2081 et
1204 2054 1331 2081 dormivit.
1345 2054 1411 2081 Vide
1421 2061 1499 2088 qttam
1510 2057 1632 2080 accurata
1641 2053 1676 2079 sit
1685 2057 1712 2079 et
1723 2051 1819 2079 eximia
1829 2051 1962 2078 doctrina.

1172 2100 1289 2135 Utraque
1309 2099 1398 2134 posuit
1420 2099 1514 2126 beatus
1536 2098 1581 2125 ille
1604 2097 1752 2133 propheta,
1769 2097 1822 2123 imo
1847 2096 1964 2130 Spiritus

1171 2151 1277 2174 sanctus
1291 2153 1338 2180 per
1352 2145 1421 2172 illius
1436 2145 1551 2179 linguam
1567 2164 1575 2177 ,
1589 2144 1690 2170 docens
1703 2150 1752 2170 nos
1776 2142 1905 2169 laetorum
1922 2149 1964 2168 se-

1171 2193 1248 2219 riem.
1266 2191 1385 2224 Immisit,
1402 2191 1496 2224 inquit,
1514 2198 1640 2217 excessum
1654 2189 1680 2215 in
1693 2188 1785 2219 Adam,
1796 2193 1822 2214 et
1834 2187 1962 2214 dormirit.

1170 2238 1246 2271 Quod
1261 2242 1325 2265 tuttc
1341 2237 1431 2269 ﬁebat,
1445 2244 1529 2271 neque
1547 2243 1674 2263 excessus
1688 2235 1773 2262 solum
1789 2238 1862 2267 erat,
1878 2241 1964 2267 neque

1170 2291 1280 2311 somnos
1295 2283 1389 2310 solitus
1403 2292 1409 2308 :
1424 2282 1470 2309 sed
1481 2282 1541 2317 quia
1555 2282 1662 2316 sapietts
1671 2287 1698 2308 et
1709 2281 1794 2308 solers
1807 2284 1906 2306 nostra:
1919 2288 1964 2306 na-

1170 2333 1237 2357 turas
1250 2329 1342 2364 Opilex
1356 2336 1435 2355 tinam
1449 2336 1482 2356 ex
1503 2328 1585 2355 costis
1606 2327 1678 2354 illius
1700 2327 1838 2354 ablaturus
1850 2332 1920 2359 erat,
1936 2331 1963 2352 ut

1170 2383 1204 2403 tte
1218 2375 1356 2403 sentiendo
1371 2375 1502 2407 dolorem,
1517 2374 1620 2401 mulieri
1635 2381 1668 2400 ex
1683 2378 1757 2400 costa
1771 2381 1818 2400 sua
1842 2374 1962 2399 formatae

1171 2426 1263 2455 postea
1287 2420 1388 2447 doloris
1413 2427 1515 2447 memor
1540 2418 1660 2446 infensus
1683 2423 1774 2452 esset,
1802 2423 1961 2453 eapropter.

1171 2467 1290 2494 immisso
1316 2473 1436 2497 excessu,
1454 2469 1527 2492 tanto
1554 2465 1626 2492 illum
1651 2471 1747 2491 somno
1774 2464 1918 2498 oppressit,
1935 2468 1962 2490 ut

1170 2513 1245 2548 qttasi
1265 2512 1410 2547 gravedine
1435 2510 1548 2545 quadam
1568 2515 1721 2545 correptus,
1736 2510 1836 2536 nullum
1851 2509 1889 2536 rei
1902 2517 1963 2544 qua

1171 2560 1365 2586 liebatseusum
1377 2561 1494 2592 caperet,
1515 2557 1562 2585 sed
1583 2557 1652 2584 sicut
1671 2557 1786 2591 optimus
1803 2555 1899 2583 artifex
1917 2565 1966 2583 an-

1172 2605 1338 2640 ierretqnod
1363 2605 1414 2631 sibi
1442 2603 1592 2637 videbatur,
1620 2608 1648 2631 et
1667 2604 1804 2638 suppleret
1827 2603 1871 2630 ubi
1900 2603 1964 2637 quid

1170 2651 1272 2684 deerat,
1287 2656 1313 2678 et
1326 2650 1396 2686 quod
1411 2650 1472 2678 inde
1484 2654 1645 2684 sumpserat,
1660 2649 1806 2676 secundum
1817 2656 1893 2676 suam
1908 2648 1965 2675 lor-

1171 2703 1255 2725 maret
1290 2697 1468 2725 clementiam.
1503 2695 1629 2728 Immisit,
1657 2695 1761 2730 inquit,
1783 2703 1913 2722 excessum
1939 2695 1965 2720 in

1171 2743 1263 2775 Adam,
1278 2747 1301 2769 et
1315 2742 1441 2769 dormivit.
1457 2742 1607 2776 Accepitque
1622 2749 1698 2767 unam
1710 2745 1836 2767 castarum
1849 2739 1931 2771 illius,
1941 2745 1965 2766 et

1171 2789 1281 2823 implerit
1293 2796 1393 2814 carnem
1409 2795 1454 2822 pro
1468 2786 1514 2813 illa
1529 2795 1538 2813 :
1551 2791 1580 2814 ut
1603 2794 1637 2813 ne
1663 2791 1764 2822 posset,
1778 2785 1901 2812 discusso
1922 2793 1965 2812 so-

1171 2842 1234 2861 tttno
1250 2854 1258 2865 ,
1281 2832 1350 2868 quod
1377 2833 1473 2860 laetum
1495 2836 1553 2858 erat
1576 2839 1609 2859 ex
1633 2831 1737 2859 defectu
1758 2832 1871 2859 seruire.
1899 2832 1965 2858 Nam

1172 2880 1294 2915 quamvis
1319 2887 1352 2907 eo
1371 2884 1491 2913 tempore
1500 2897 1509 2912 ,
1536 2885 1589 2912 quo
1611 2877 1796 2912 auferebatur,
1821 2878 1963 2913 ignoravit,
