2060 3122
127 121 170 149 l2!
683 124 715 152 IN
734 124 849 153 CAPJI.
870 124 994 152 GENES.
1016 124 1133 152 IlO.\lll..
1155 125 1210 152 XV.

127 184 217 213 postea
232 184 325 207 tamen
341 181 492 216 cogniturus
504 185 571 208 erat.
591 181 682 215 Itaque
709 186 737 208 ut
762 189 794 208 ne
808 181 881 208 illum
897 180 924 207 in

131 223 277 251 auferendo
292 224 400 259 dolore,
413 233 496 259 neque
517 225 551 251 ob
573 225 731 252 ablationem
750 225 855 252 tristitia
867 225 926 252 affl-

130 273 210 299 ιιι-ιρι,
226 274 343 304 uti-aque
356 271 394 297 sic
407 271 576 305 dispensavit,
593 275 621 297 ιιι
643 274 671 297 et
692 270 758 297 citra
777 272 923 297 cruciatum

129 314 200 343 illius
220 315 350 346 auferret,
366 319 393 342 et
417 314 524 349 impleto
543 323 576 342 co
600 315 660 342 loco
680 315 749 342 unde
767 315 923 349 abstulerat,

130 359 260 388 factorum
276 368 384 387 sensum
395 361 530 395 percipere
545 369 598 388 non
610 361 719 388 sineret.
744 361 825 396 Igitur
847 368 924 388 acce-

131 410 203 439 ptant
218 405 285 431 lianc
298 410 399 432 costam
415 405 554 433 :t-dillcavit
571 406 697 432 Dominus
709 406 777 433 Deus
789 406 814 432 iii
831 407 925 434 mulie‘

132 457 202 476 rem.
220 450 384 477 Admirabile
411 451 527 483 dictum,
543 456 659 478 nostram
686 451 816 478 rationem
843 451 924 478 nimia

131 495 290 522 excellentia
305 496 424 523 vincetis.
454 497 591 530 Ejusmodi
606 497 678 524 enim
691 501 754 524 sunt
765 497 854 523 omnia
865 504 925 531 qua:

133 539 203 567 liunt
216 548 230 567 a
241 540 360 568 Domino.
382 540 453 567 lSIIltl
467 541 554 573 enim,
569 549 647 575 quam
659 541 794 568 hominem
803 550 817 568 c
829 541 925 576 pulve-

132 593 163 612 re
179 585 298 617 forniari,
314 594 367 612 non
389 591 429 613 cst
446 587 542 613 minus.
565 587 597 613 Et
611 586 670 613 vide
684 587 778 613 iterum
792 586 927 621 quomodo

132 631 223 657 divina
253 632 387 666 Scriptura
413 632 502 659 verbis
521 637 618 659 nostra:
644 631 789 659 infirmitati
818 640 926 659 accum-

134 677 222 703 tnodis
237 684 282 703 usa
297 677 340 703 sit.
359 677 390 704 Et
403 678 508 712 accepit,
520 678 613 712 inquit,
623 686 698 704 unum
711 684 836 705 costarum
847 678 926 705 illius.

171 721 206 749 Ut
220 721 299 748 Deum
314 723 383 749 decet
398 726 451 749 lucc
466 723 539 750 verba
555 724 734 757 intelligenda;
757 723 879 750 Dominus
905 727 929 750 ct

135 767 203 795 Deus
219 769 249 795 de
267 769 342 796 Putre
355 774 378 795 et
393 769 471 796 Filio.
482 770 562 796 -—Ne
582 770 697 796 humano
719 777 793 796 more
816 769 929 803 accipias

134 822 194 848 qua:
205 814 340 847 dicuntur,
355 815 402 842 sed
416 822 504 842 crassa
530 815 609 842 verba
623 815 745 843 humana:
756 816 929 843 imbecillitati

134 861 279 887 convenire
293 860 404 895 cogites.
418 860 483 887 Nam
499 861 548 887 nisi
564 859 605 887 his
617 860 706 887 verbis
720 860 854 894 Scriptura
865 860 929 887 tuis-

134 912 177 931 set
198 913 255 937 usa,
271 905 405 940 quomodo
418 911 470 933 tam
486 914 579 933 arcana
604 906 729 940 mysteria
754 906 857 933 discere
882 914 930 940 po-

136 951 300 978 tuissemus?
315 960 349 978 ue
369 952 448 986 igitur
471 952 561 980 verbis
586 956 685 979 tantum
709 952 807 979 addicti
835 953 929 985 simus,

136 996 184 1023 sed
206 997 295 1023 iunnia
317 1001 344 1023 ut
359 1005 407 1031 par
419 1002 460 1024 est
473 997 505 1024 de
518 998 572 1024 Deo
586 998 742 1025 sentiamus.
757 998 930 1032 Quandoqui-

135 1043 197 1069 dem
217 1043 280 1069 duui
296 1042 401 1076 dicitur,
428 1044 539 1079 Accepit,
565 1049 592 1071 et
615 1044 702 1071 omnia
730 1045 801 1076 talia,
825 1049 932 1079 propter

138 1093 258 1114 nostram
280 1088 459 1116 infirmitatem
490 1090 524 1115 ita
551 1089 620 1116 dicta
644 1094 715 1116 sunt.
743 1089 931 1116 Anittiadverle

136 1138 227 1159 autem
239 1133 372 1167 quntiiodo
387 1139 411 1161 et
424 1134 466 1161 hic
483 1134 575 1161 eadem
593 1142 640 1162 usa
659 1140 700 1162 est
721 1135 912 1162 consuetudine
923 1154 931 1167 ,

136 1185 188 1211 qua
203 1186 294 1212 supra,
311 1186 370 1204 cum
394 1179 426 1205 de
447 1179 530 1206 Adam
544 1185 643 1214 ageret.
659 1179 724 1206 Nam
740 1185 768 1207 ut
782 1181 815 1207 ibi
828 1182 909 1208 semel
922 1201 931 1214 ,

137 1231 169 1249 ac
179 1223 288 1256 iterum,
304 1229 329 1251 ct
343 1224 439 1258 smpius
449 1225 524 1257 dixit,
550 1225 582 1251 Et
596 1225 691 1260 accepit
718 1225 841 1253 Dominus
864 1226 932 1254 Di'us

137 1269 265 1296 hominem
278 1278 284 1296 :
301 1275 328 1296 el
342 1270 447 1303 iterum,
465 1271 498 1296 Et
510 1272 627 1306 praealti!
638 1271 759 1298 Dominus
774 1272 841 1299 Deus
853 1273 933 1300 Adtz:

139 1319 166 1340 et
176 1314 283 1347 iterum,
297 1315 415 1350 Dixitque
425 1315 548 1343 Dominus
563 1316 631 1344 Deus
643 1317 796 1344 :Faciunins
810 1319 847 1345 illi
857 1319 933 1355 adju-

138 1365 220 1385 torem
233 1360 340 1387 similem
355 1361 393 1388 illi
406 1370 416 1388 .'
431 1362 468 1389 sic
481 1366 507 1389 et
529 1369 599 1390 nunc
620 1363 713 1398 inquit,
742 1363 776 1390 Et
799 1364 934 1398 aediﬁcavit

140 1403 268 1430 Dominus
297 1405 363 1433 Deut
389 1411 493 1439 costam,
516 1415 590 1441 quam
615 1408 710 1442 erupit
736 1408 767 1434 ab
794 1408 885 1442 Adam,
908 1410 934 1436 in

140 1450 289 1482 mulierem;
301 1455 326 1478 et
339 1452 417 1486 paulo
426 1453 559 1486 superius,
575 1452 606 1479 Et
617 1454 719 1480 immisit
732 1453 854 1481 Dominus
868 1455 935 1482 Deut

139 1503 271 1522 excessum
295 1496 321 1523 in
341 1497 442 1524 Adam:
457 1502 485 1524 ut
505 1498 592 1525 discas
616 1499 714 1525 nullam
730 1499 814 1526 Patris
829 1505 855 1526 et
876 1499 933 1526 Filii

140 1540 324 1568 diversitatem
343 1541 392 1569 has
411 1542 539 1570 dictiones
559 1543 674 1570 indicare
692 1553 698 1570 :
714 1544 774 1579 quia
799 1544 935 1578 utriusque

141 1591 184 1614 est
208 1595 259 1614 una
288 1588 420 1620 essentia,
449 1588 675 1616 indiscriminatim
707 1590 857 1616 izoiiiiiiibus
880 1590 935 1616 istis

141 1633 279 1669 Scriptura
293 1634 387 1661 utitur.
400 1634 467 1662 Ecce
487 1635 565 1670 igitur
577 1639 606 1662 et
618 1634 687 1662 hanc
696 1635 914 1662 consuetudinem
927 1655 934 1667 ,

142 1688 207 1708 cuni
227 1681 262 1709 de
283 1682 441 1709 formatione
455 1683 573 1710 mulieris
592 1683 655 1718 agit,
668 1681 789 1709 aimiliter
801 1682 915 1710 servavit
926 1702 935 1716 ,

143 1727 259 1755 dicetis:
275 1727 307 1755 Et
326 1728 460 1762 tediﬁcuvit
485 1727 610 1755 Dominus
634 1729 702 1756 Deus
731 1733 837 1761 costam,
861 1735 936 1762 quum

142 1772 240 1804 accepit
254 1771 285 1797 ab
306 1771 396 1802 Adam,
416 1771 442 1797 in
463 1772 602 1798 mulierem.
620 1772 688 1805 Quid
702 1780 767 1808 ergo
785 1774 828 1801 hic
848 1774 937 1801 dicent

143 1816 264 1843 haeretici
277 1838 283 1850 ,
298 1816 343 1852 qui
355 1817 443 1843 omnia
457 1817 591 1845 curiosius
611 1819 753 1853 explorare
779 1821 880 1852 volunt,
909 1827 937 1848 ct

142 1862 297 1889 Conditoris
311 1862 428 1889 omnium
446 1863 645 1896 generationem
660 1865 893 1899 comprehendisse
905 1874 936 1894 se

143 1909 258 1942 putant?
272 1909 336 1943 Quis
348 1916 438 1936 sermo
449 1909 499 1937 hoc
511 1909 644 1944 explicare
663 1911 777 1944 poterit?
790 1919 848 1945 qua:
862 1920 937 1939 mens

141 1954 393 1988 e=nipreliciidcre7
415 1954 499 1982 Unam
522 1959 641 1989 costam,
659 1955 754 1991 inquit,
768 1958 886 1992 accepit;
911 1962 938 1985 ct

144 1997 280 2031 quomodo
295 2005 327 2025 ex
350 1998 400 2026 hac
414 2000 489 2027 unica
502 2005 575 2028 casta
587 2005 669 2028 totum
687 2003 783 2029 animal
795 2002 938 2030 formavit?

146 2041 180 2069 Et
195 2043 258 2078 quid
272 2042 342 2076 dico,
356 2045 490 2079 quomodo
502 2053 534 2072 cii
549 2046 598 2073 hac
618 2054 668 2073 una
682 2048 780 2074 animal
791 2048 937 2076 formavit?

145 2087 194 2114 Dic
204 2109 211 2120 ,
227 2088 348 2121 obsecro,
363 2091 496 2124 quomodo
512 2091 610 2118 ablatio
636 2092 702 2119 facta
724 2095 782 2120 est?
804 2095 938 2128 quomodo

145 2133 243 2166 Adam,
265 2142 324 2161 cuni
344 2135 493 2163 auferretur
512 2142 596 2169 costa.
623 2145 675 2165 non
695 2139 857 2168 sensiIYSed
873 2141 938 2168 nihil

145 2178 241 2207 horum
253 2181 343 2209 dicere
360 2183 459 2217 poteris
475 2191 482 2209 ε
496 2191 562 2210 unus
581 2184 651 2211 cniin
678 2189 778 2212 tantum
805 2187 864 2218 scit,
893 2187 936 2222 qui

144 2229 188 2251 est
198 2225 255 2259 ipse
269 2225 406 2254 Conditor.
420 2227 496 2260 Quod
509 2229 531 2255 si
548 2229 604 2256 haec
615 2237 675 2264 qua:
688 2230 713 2257 in
729 2231 850 2259 manibus
864 2237 936 2265 sunt,

143 2274 171 2296 et
187 2271 310 2298 animalis
323 2271 350 2298 ill
362 2280 394 2299 us
403 2273 472 2307 quod
487 2273 564 2300 nobis
574 2282 654 2302 carne
666 2281 806 2310 cognatum
824 2281 866 2304 est
885 2277 939 2304 fur-

146 2315 291 2343 inationcm
316 2326 369 2345 non
394 2319 660 2353 comprehendimus;
681 2322 772 2356 quanti
795 2322 883 2350 delirii
911 2329 937 2350 et

145 2362 271 2389 amentia:
285 2362 365 2390 fuerit
380 2363 510 2391 curiosius
521 2365 655 2400 inquirere
667 2374 726 2401 qua:
742 2367 825 2401 ipsius
838 2368 938 2396 Condi-

145 2407 212 2433 toris
226 2413 298 2440 sunt,
314 2413 341 2435 et
353 2409 442 2437 dicere
455 2417 484 2437 se
502 2410 545 2437 illa
557 2411 796 2446 comprehendere,
823 2421 936 2448 quorum

145 2460 232 2487 neque
248 2453 411 2489 iucorporcze
421 2459 448 2482 et
457 2455 554 2483 divine
565 2457 674 2484 virtutes
686 2457 784 2492 justam
797 2459 936 2486 scientiam

145 2497 254 2530 habent,
270 2499 317 2527 sed
328 2508 388 2527 cuni
412 2501 507 2529 timore
519 2506 547 2529 et
568 2507 683 2530 tremore
698 2503 723 2530 in
737 2503 840 2532 assidua
853 2503 938 2539 glori-

143 2544 266 2571 ticatione
289 2547 478 2580 perseverant?

179 2591 206 2618 5.
220 2591 253 2618 Et
264 2591 401 2625 aediﬁcavit
415 2592 537 2620 Dominus
550 2593 618 2621 Deus
631 2599 736 2627 costum,
755 2603 828 2628 quam
841 2595 937 2629 accepit

142 2637 174 2662 ab
199 2637 292 2670 Adam,
307 2638 334 2664 in
359 2638 499 2666 mulierem.
517 2639 581 2666 Vide
603 2639 746 2674 Scriptura;
762 2640 935 2674 diligentiam.

141 2681 201 2709 Non
214 2683 285 2710 enim
294 2682 350 2718 jam
364 2682 439 2716 dicit,
454 2684 596 2717 For-mavit,
613 2685 670 2716 sed,
687 2685 839 2720 /Ediﬁcatvit
854 2693 863 2712 :
876 2687 935 2721 quia

141 2735 173 2755 ex
181 2728 238 2763 jam
252 2728 369 2756 formato
381 2733 482 2764 partem
495 2730 606 2764 accepit,
632 2735 658 2758 et
677 2732 751 2765 quasi
766 2731 866 2758 diceret
889 2732 937 2759 ali-

141 2775 211 2810 quis,
240 2775 312 2810 quod
339 2775 433 2803 deerat
455 2775 538 2803 dedit.
567 2776 627 2804 Ideo
652 2776 725 2810 dicit,
743 2776 937 2811 Eltl'tllﬁcltvll:

141 2828 193 2848 nou
214 2820 297 2848 aliain
326 2820 515 2850 formationem
539 2821 610 2855 fecit,
636 2821 684 2850 sed
703 2830 735 2850 ex
748 2831 780 2850 co
800 2823 870 2858 quod
881 2822 935 2858 jam

1720 124 1771 153 lii

980 181 1120 207 funuatum
1140 185 1208 212 emt,
1229 185 1336 215 accepta
1358 181 1524 216 portiuncula
1549 182 1674 217 quadam,
1700 183 1767 209 hanc

980 229 1080 259 partem
1093 225 1243 256 mditicavit,
1259 231 1285 253 et
1296 226 1440 260 perfectum
1465 228 1527 254 fecit
1541 229 1649 255 animal.
1664 227 1768 262 Quanta

978 271 1071 304 optimi
1094 271 1230 298 architecti
1258 271 1306 298 Dei
1329 272 1457 307 potentia,
1473 280 1531 306 quia
1544 281 1577 300 ex
1594 273 1694 300 tantilla
1708 281 1769 305 par-

980 315 1058 342 ticula
1085 319 1124 342 tot
1149 320 1176 342 et
1199 321 1251 342 tam
1280 316 1409 351 elegantia
1437 317 1554 343 iiiciuhra
1581 316 1769 344 concinnavit,

980 365 1067 388 tantos
1085 360 1208 388 formavit
1233 368 1341 394 seti5iis,
1355 369 1387 388 ac
1406 362 1562 395 perfectum,
1579 361 1719 396 integrum,
1743 367 1770 389 et

979 407 1131 434 absolutum
1155 407 1252 434 animal
1268 407 1339 439 fecit,
1366 407 1435 441 quod
1459 408 1540 441 possit
1554 411 1580 433 et
1594 407 1720 442 colloqui,
1744 413 1771 434 et

979 452 1167 479 communione
1190 452 1344 479 substantia:
1367 452 1424 479 viro
1443 452 1523 479 multa
1548 452 1647 483 alferre,
1662 453 1770 479 solatia!

980 496 1046 523 Nam
1059 497 1092 524 ad
1105 497 1163 530 ejus
1173 497 1382 524 consolationem
1396 497 1492 524 animal
1502 497 1551 524 hoc
1567 497 1707 524 formatum
1720 502 1770 524 cst.

982 542 1058 570 Unde
1068 548 1095 570 et
1104 543 1201 570 Paulus
1216 542 1342 570 dicebat:
1360 541 1420 569 Non
1444 543 1510 569 enim
1533 545 1656 578 formatus
1678 547 1714 569 est
1736 543 1773 568 rir

981 593 1084 623 propter
1110 589 1249 620 mulierem,
1261 588 1305 615 sed
1320 588 1409 614 mulier
1429 593 1532 623 propter
1547 589 1626 615 virum
1648 589 1691 623 (l.
1708 587 1767 615 Cor.

982 633 1025 660 ll.
1040 633 1084 665 9).
1102 633 1183 660 Vides
1203 633 1338 668 quomodo
1349 633 1436 660 omnia
1452 639 1560 668 propter
1582 634 1665 660 virum
1689 633 1774 660 fiant?

981 677 1092 704 Condita
1106 677 1176 704 enim
1191 683 1323 711 creatura,
1342 678 1478 712 productis
1490 677 1584 710 brutis,
1612 683 1639 705 ct
1664 678 1724 706 cibo
1747 684 1774 704 et

983 724 1129 750 ministerio
1150 724 1264 756 utilibus,
1294 725 1355 758 quia
1381 724 1509 750 formatus
1532 723 1612 750 limite
1635 723 1771 758 indigebat

982 769 1070 804 aliquo
1083 769 1291 800 cciifabulatore.
1307 773 1334 796 et
1359 777 1391 795 eo
1416 769 1459 803 qui
1482 769 1614 804 particeps
1635 769 1693 803 ejus
1706 769 1771 795 Stib-

982 814 1087 842 stantiic
1109 815 1221 841 multum
1241 815 1326 841 solatii
1337 814 1434 841 afferre
1446 820 1544 849 posset,
1561 814 1620 842 ideo
1643 822 1674 841 cx
1689 814 1773 841 latere

983 859 1052 886 illius
1064 860 1115 886 hoc
1129 860 1258 886 rationale
1269 860 1367 886 animal
1392 859 1498 893 format,
1519 865 1546 886 et
1564 859 1708 886 secundum
1735 859 1775 886 in-

983 905 1111 931 dustriam
1124 912 1199 931 suam
1211 909 1238 932 et
1251 905 1406 939 sapientiam
1423 905 1567 939 perfectum
1583 910 1609 932 et
1624 905 1774 932 absolutum

984 950 1034 976 hoc
1046 949 1118 982 facit,
1132 951 1281 984 peremnia
1297 950 1395 977 homini
1409 951 1506 984 simile,
1529 950 1554 977 id
1566 956 1615 982 est,
1632 950 1772 980 rationale,

983 995 1052 1030 quod
1071 996 1095 1022 ei
1124 1000 1212 1029 posset
1235 996 1261 1022 iii
1275 996 1478 1022 iieceSsitatibus
1493 1000 1519 1022 ct
1533 995 1682 1023 commodis
1698 996 1776 1030 hujus

985 1041 1045 1067 vita:
1067 1041 1186 1068 subsidio
1199 1048 1268 1068 csse.
1286 1041 1357 1068 Deus
1383 1041 1453 1068 enim
1470 1048 1537 1075 erat,
1561 1042 1604 1076 qui
1626 1042 1714 1068 omnia
1734 1049 1777 1068 sa.

985 1086 1066 1121 pienti
1081 1087 1194 1120 quadam
1223 1087 1326 1114 ratione
1347 1087 1465 1114 condidit
1486 1092 1513 1114 ct
1532 1087 1695 1114 moderatur.
1720 1087 1775 1114 Etsi

984 1131 1055 1159 enim
1081 1139 1130 1159 nos
1152 1132 1196 1166 qui
1223 1136 1274 1159 tam
1299 1132 1423 1160 imbecilli
1446 1138 1535 1160 mente
1549 1140 1651 1164 sumus,
1668 1133 1774 1160 modum

984 1184 1037 1211 quo
1049 1176 1116 1203 facta
1131 1181 1193 1203 sunt
1206 1177 1275 1204 Scire
1291 1185 1343 1203 non
1360 1184 1509 1211 possumus.
1532 1178 1665 1204 credimus
1688 1183 1775 1204 tamen

986 1223 1115 1250 voluntati
1137 1223 1206 1249 illius
1230 1222 1317 1249 omnia
1337 1223 1461 1255 cessisse,
1477 1227 1504 1250 et
1521 1222 1646 1258 quidquid
1662 1223 1776 1257 impera-

984 1270 1033 1302 vit,
1055 1269 1153 1296 factuni
1177 1277 1247 1296 esse.
1272 1269 1315 1296 22.
1335 1269 1368 1295 Et
1378 1269 1521 1303 wdiﬁcuvit,
1546 1269 1640 1304 inquit,
1656 1269 1778 1296 Dominus

987 1314 1054 1341 Deus
1061 1320 1166 1348 costam,
1176 1323 1251 1349 quant
1261 1315 1354 1349 accepit
1367 1317 1398 1341 ab
1410 1314 1502 1348 Adam,
1512 1315 1537 1341 in
1548 1315 1674 1341 mulierem
1683 1320 1721 1341 :et
1729 1315 1776 1341 ad-

986 1361 1057 1387 duxit
1069 1360 1138 1387 illum
1147 1360 1181 1386 ad
1192 1360 1273 1386 Adam
1284 1360 1445 1387 :osteudeiis
1459 1367 1488 1386 se
1499 1365 1605 1395 propter
1614 1361 1687 1386 illuni
1701 1360 1777 1387 istam

986 1406 1147 1438 condidisse,
1163 1406 1272 1433 adduxit
1286 1406 1355 1432 illam
1369 1405 1401 1433 ad
1421 1406 1514 1432 Adam.
1529 1406 1659 1438 Quoniam
1679 1406 1777 1439 nullus,

987 1452 1082 1486 inquit,
1100 1452 1125 1479 in
1141 1452 1264 1478 omnibus
1275 1452 1334 1479 aliis
1348 1451 1453 1486 adjutor
1472 1451 1518 1478 tibi
1539 1452 1663 1478 inventus
1681 1456 1722 1478 est
1743 1452 1780 1478 si-

987 1497 1066 1530 milis,
1094 1504 1156 1524 ccce
1180 1497 1229 1524 hoe
1253 1497 1322 1532 quod
1340 1497 1484 1531 pollicebar
1504 1496 1631 1532 (promisi
1645 1497 1716 1523 enim
1733 1497 1778 1524 tibi

988 1542 1118 1570 facturum
1134 1550 1176 1570 me
1189 1543 1337 1577 adjutorem
1361 1542 1474 1570 similem
1498 1541 1574 1577 tibi),
1597 1550 1668 1569 nunc
1694 1542 1779 1576 perfe—

987 1593 1059 1614 ctum
1088 1588 1162 1615 trado
1184 1589 1241 1615 tibi.
1254 1588 1367 1615 Adduxit
1377 1587 1460 1621 illaut,
1476 1587 1570 1622 inquit,
1584 1587 1617 1614 ad
1630 1587 1722 1614 Adam.
1732 1587 1777 1614 9.5.

988 1632 1022 1659 Et
1036 1633 1099 1660 dixit
1114 1634 1205 1666 Adam,
1221 1633 1278 1661 Hoc
1289 1641 1354 1660 nunc
1364 1641 1392 1660 οι
1406 1641 1438 1661 ea:
1450 1633 1548 1660 ossibus
1561 1634 1662 1668 meis,“
1681 1641 1740 1660 caro
1749 1641 1780 1660 ex

987 1687 1063 1705 carne
1073 1687 1137 1706 mea.

1023 1724 1104 1751 Adam
1128 1725 1301 1760 propheticum
1325 1725 1434 1759 gratiam
1453 1725 1557 1757 accepit.
1580 1739 1615 1744 —
1636 1724 1702 1752 Vide
1720 1724 1777 1756 hic,

988 1777 1090 1804 quaso,
1109 1769 1243 1804 quomodo
1257 1777 1317 1797 cum
1342 1769 1466 1796 ineffabili
1488 1769 1532 1796 illa
1547 1769 1687 1804 sapientia,
1702 1769 1750 1796 libi
1764 1777 1780 1797 ti

991 1815 1045 1841 Deo
1070 1815 1253 1850 suppeditata,
1279 1816 1356 1849 cujus
1380 1815 1457 1842 nobis
1479 1815 1575 1842 iudicia
1599 1814 1780 1842 demonstrata

989 1866 1051 1888 Sunt
1067 1869 1113 1896 per
1131 1862 1268 1889 nominum
1293 1862 1502 1896 iiiipositiunem,
1517 1869 1577 1896 qua:
1591 1866 1629 1888 tot
1644 1861 1780 1888 brutorutu

989 1906 1143 1933 animaliqu
1154 1906 1297 1941 generibus
1311 1907 1416 1939 indidit,
1427 1907 1506 1934 etiam
1523 1906 1704 1941 propheticum
1719 1914 1780 1940 gra-

990 1953 1053 1979 tiam
1076 1951 1180 1986 accipit.
1195 1951 1260 1979 Nam
1281 1951 1380 1979 idcirco
1403 1956 1481 1980 antea
1502 1952 1592 1978 docuit
1619 1958 1667 1978 nos
1689 1952 1781 1978 beatus

991 1998 1035 2025 ille
1049 1998 1187 2033 propheta,
1203 2005 1264 2024 cum
1287 2003 1315 2024 et
1336 2005 1440 2028 somno,
1457 2001 1484 2024 et
1506 1996 1604 2024 exstasi
1627 2001 1779 2031 correptum

989 2043 1093 2071 fuisse:
1115 2044 1149 2071 ita
1179 2048 1206 2070 ut
1230 2051 1263 2071 ne
1277 2050 1384 2071 sensum
1400 2042 1506 2077 quidem
1528 2042 1608 2069 ullum
1630 2041 1687 2075 ejus
1710 2041 1780 2075 quod

990 2089 1070 2116 fiebat
1085 2089 1234 2124 perciperet
1246 2098 1253 2116 :
1267 2093 1304 2122 ut,
1314 2095 1374 2115 cum
1392 2095 1461 2115 nunc
1475 2088 1564 2119 discis,
1580 2094 1640 2115 eum
1652 2086 1708 2112 visa
1723 2093 1781 2112 uiu-

990 2135 1055 2163 liere
1079 2135 1220 2170 diligenter
1234 2135 1303 2170 quod
1324 2134 1422 2161 factum
1447 2137 1505 2160 erat
1526 2141 1662 2164 camare.
1687 2131 1781 2160 credas

990 2186 1074 2214 certo,
1095 2189 1154 2208 emn
1177 2185 1285 2214 accepta
1311 2179 1464 2215 prophetica
1490 2179 1591 2214 gratia,
1617 2183 1645 2206 et
1665 2178 1780 2214 Spirittts

990 2229 1073 2256 sancti
1089 2228 1209 2256 doctrina
1223 2228 1340 2255 afﬂatum
1361 2227 1418 2254 hate
1428 2226 1511 2262 loqui.
1529 2226 1632 2261 Quippe
1643 2233 1704 2253 cum
1715 2225 1780 2252 tiihil

990 2275 1024 2302 de
1053 2275 1085 2302 iis
1107 2282 1166 2309 qua:
1187 2274 1253 2301 facta
1270 2279 1347 2301 erant
1363 2273 1454 2305 sciret,
1469 2277 1609 2308 postquam
1631 2272 1700 2299 Deus
1714 2271 1782 2298 hanc

991 2320 1030 2348 illi
1044 2320 1163 2353 adduxit,
1179 2320 1274 2354 inquit,
1289 2318 1346 2346 Hoc
1359 2327 1425 2345 nunc
1447 2327 1475 2345 οε
1497 2326 1528 2345 επ
1541 2318 1637 2345 ossibus
1663 2317 1734 2349 nteit,
1759 2321 1782 2343 et

990 2374 1049 2393 caro
1064 2373 1095 2393 ea:
1111 2373 1187 2392 clune
1211 2373 1277 2392 mea.
1291 2365 1367 2392 Alius
1380 2371 1444 2391 vero
1460 2363 1567 2398 quidam
1583 2363 1714 2398 interpres
1725 2361 1762 2397 (it)
1772 2381 1780 2393 ,

987 2419 1039 2449 pro
1052 2410 1140 2449 Νιιιιτ,
1152 2410 1232 2438 vertit
1245 2409 1302 2437 Hoc
1318 2409 1404 2442 semel,
1423 2409 1562 2440 declarans
1574 2408 1656 2435 semel
1676 2411 1780 2434 tantum

990 2457 1041 2485 hoc
1051 2456 1148 2484 factum
1160 2464 1230 2490 esse,
1253 2464 1338 2491 neque
1351 2456 1418 2483 ultra
1433 2455 1489 2482 fore
1502 2454 1580 2482 talem
1596 2453 1713 2481 mulieris
1724 2452 1780 2480 for-

989 2503 1144 2530 motionem.
1159 2502 1250 2534 Nunc,
1271 2502 1364 2536 inquit,
1387 2501 1453 2528 facta
1474 2505 1516 2527 est
1535 2507 1567 2526 ex
1591 2499 1648 2526 viro
1663 2498 1759 2526 mulier
1771 2519 1778 2530 ,

991 2549 1101 2584 posthac
1126 2557 1178 2575 llml
1205 2549 1244 2575 sic
1258 2548 1319 2580 erit,
1346 2547 1390 2574 sed
1412 2555 1444 2574 ex
1460 2546 1568 2572 tuuliere
1586 2545 1641 2577 vir',
1659 2545 1711 2571 imo
1726 2553 1779 2571 non

991 2602 1023 2622 cx
1044 2594 1165 2626 muliere,
1188 2592 1235 2620 sed
1251 2600 1282 2620 ex
1306 2592 1442 2626 utriusque
1456 2590 1657 2626 cooperatioiie;
1672 2590 1739 2617 sicut
1753 2595 1780 2616 et

991 2639 1087 2667 Paulus
1098 2639 1200 2674 inquit:
1217 2638 1276 2665 Non
1292 2642 1328 2664 est
1343 2637 1408 2664 enim
1421 2637 1457 2663 vir
1469 2644 1499 2663 ex
1509 2635 1622 2669 muliere,
1636 2635 1680 2662 sed
1690 2636 1780 2662 mulier

989 2692 1021 2713 ex
1039 2686 1091 2712 viro
1105 2690 1147 2712 :et
1161 2692 1211 2712 non
1225 2683 1340 2711 conditus
1353 2687 1390 2709 est
1409 2683 1446 2709 vir
1459 2686 1561 2717 propter
1576 2682 1721 2713 mulierem,
1736 2680 1780 2708 sed

1026 2761 1061 2792 (ιι)
1074 2759 1127 2783 Non
1140 2764 1203 2783 unus
1216 2759 1319 2785 tantum,
1329 2755 1374 2792 sed
1383 2755 1433 2779 duo
1445 2756 1504 2792 sunt
1514 2755 1674 2792 interpretes,
1682 2755 1724 2783 qut
1736 2758 1778 2775 vo-

994 2789 1129 2822 casm-1
1142 2793 1188 2818 Ππ
1206 2790 1376 2823 νθηυιιιηιιοο
1391 2791 1464 2823 umet
1483 2790 1565 2823 (soi-go
1584 2789 1672 2823 ἂπᾳξῃ
1690 2793 1779 2823 nempe

995 2820 1157 2856 Symmachus
1167 2826 1194 2848 et
1206 2821 1351 2853 Thcodou'o,
1366 2825 1392 2847 ut
1404 2822 1488 2847 videas
1499 2821 1524 2846 iti
1542 2820 1663 2850 Hexaplis
1679 2821 1778 2843 ιιοδιηι.
