2060 3122
276 143 326 171 123

274 199 366 226 mulier
378 200 478 231 propter
504 194 582 220 virum
604 193 648 228 (l.
665 193 723 220 Cor.
739 193 781 220 Η.
797 193 823 220 8.
848 192 895 227 9).
918 193 952 218 At
976 191 1068 218 istluec

277 245 344 278 ipsa,
357 243 427 270 dicet
440 241 544 276 aliquis,
566 248 625 276 qua:
639 240 709 267 dicta
723 244 794 271 sunt,
808 239 953 266 ostendunt
971 237 1068 265 mulie-

276 298 332 317 rem
343 297 375 317 ex
387 289 443 316 viro
458 288 551 315 lactant
565 295 634 314 esse.
653 287 750 314 Verum
765 289 900 320 exspecta.
924 289 950 312 et
967 283 1068 311 videbis

277 339 426 362 accuratam
454 333 601 360 doctrinam
625 340 704 367 quant
725 331 842 366 suhjieit.
867 331 936 357 Dicit
961 330 1031 357 enim
1060 337 1066 354 :

280 380 456 408 Verumtamen
469 387 547 413 neque
562 379 600 404 vir
612 379 665 404 sine
678 378 792 408 muliere,
809 384 890 411 neque
908 376 1000 402 mulier
1015 374 1069 401 sine

276 427 330 453 viro
350 425 434 461 (Ibid.
459 433 483 451 υ.
496 425 524 452 Η
540 424 548 458 )
563 432 569 450 :
583 431 636 458 quo
656 422 734 450 docet
751 430 800 449 nos
816 426 906 456 postea
931 421 1069 454 utriusque

275 477 429 506 congressu.
443 474 614 503 utrortunque
629 472 655 495 et
667 468 714 495 viri
730 471 757 494 et
770 467 887 494 mulieris
901 465 1069 493 constitutio-

277 525 338 543 nem
363 523 431 543 cSSc.
447 515 549 542 Idcirco
562 520 589 541 et
603 514 687 541 Adam
702 513 806 540 dicebat
820 521 825 538 :
843 511 899 538 Hoc
911 519 977 538 nunc
993 517 1022 537 os
1039 517 1070 537 ea:

275 562 373 590 ossibus
382 562 452 593 meis,
468 565 490 587 ιιι
503 569 563 587 caro
577 568 609 587 ex
625 568 701 586 carne
717 567 782 585 mea.

310 608 337 635 4.
355 607 456 634 Deinde
476 610 505 633 ut
519 607 588 633 scias
608 605 687 640 hujus
708 603 854 639 prophetia:
868 602 1067 635 certitudinem,

274 658 301 681 et
315 653 449 688 quomodo
462 653 488 679 in
501 653 570 679 hunc
580 651 650 679 dietn
663 655 690 678 et
703 657 786 685 uSque
804 649 837 676 ad
859 647 1069 676 consummatio-

275 709 336 728 nem
344 700 487 735 affnlgeant
494 699 563 727 illius
571 699 651 726 dicta.
660 698 719 724 audi
728 696 928 732 sequentia.‘25.
937 695 990 722 Ista
997 702 1069 721 voca-

275 747 340 774 bitur
351 745 450 778 mulier,
466 745 560 780 inqttit,
572 745 630 780 quia
644 752 674 770 ex
688 744 740 770 uiro
753 751 798 769 suo
824 746 924 776 sumpta
943 746 980 768 est
1002 742 1067 774 ipsa.

275 792 320 818 ει.
338 791 446 826 Propter
461 791 508 817 Itoe
523 790 676 824 derelinquet
691 789 764 815 homo
777 793 873 823 patrem
882 795 965 820 suum,
980 792 1003 812 et
1016 794 1070 812 nta-

276 841 338 862 trem
351 845 433 869 suam,
446 841 469 862 et
483 835 620 862 adlttvrebit
640 834 713 861 ua'ori
735 841 797 865 sum,
826 838 849 859 et
872 838 946 859 erunt
969 832 1019 857 duo
1043 831 1069 856 in

275 889 375 908 carnem
388 889 474 908 unam.
492 880 588 908 Vidisti
598 879 732 915 quotnodo
745 879 832 906 omnia
846 877 923 905 nobis
930 877 1070 911 diligenter

275 927 390 961 aperuit,
405 931 432 953 et
448 926 550 961 singula
567 933 615 960 per
630 924 796 959 prophetiam
811 931 884 950 suam
905 921 1068 956 explanavit.

277 971 333 998 Ista
344 993 351 1004 ,
368 972 462 1006 inquit,
479 971 607 997 vocabitur
622 970 721 1001 mulier,
736 969 795 1004 quia
806 968 837 994 de
851 968 903 994 viro
914 975 959 994 suo
969 972 1070 1002 sumpta

277 1024 322 1045 est.
345 1019 441 1045 ltcrunt
456 1018 533 1045 nobis
545 1017 707 1044 ablutionem
727 1020 808 1043 eostze
823 1014 956 1041 insinuat:
974 1013 1070 1040 deinde

277 1073 336 1099 qua:
363 1065 449 1091 futura
474 1069 551 1092 erant
577 1063 733 1094 declarans,
757 1061 861 1096 inquit,
888 1059 996 1094 Proplt’r
1024 1059 1070 1085 hoc

275 1109 400 1144 relinquet
429 1111 503 1135 Itonia
532 1113 629 1143 putrem
646 1115 738 1138 suum,
768 1111 792 1132 et
819 1110 924 1132 mutrem
940 1112 1032 1136 suam,
1046 1108 1070 1130 et

275 1155 412 1182 nil/uerebit
434 1155 508 1182 uxori
532 1162 585 1181 sua!
597 1173 604 1186 ,
619 1158 642 1180 et
657 1156 728 1179 erunt
745 1152 794 1178 duo
817 1152 842 1177 iu
866 1158 966 1177 carnem
980 1157 1068 1176 unum.

278 1201 370 1234 Unde,
399 1201 462 1233 die,
491 1207 559 1233 oro,
588 1199 669 1226 subiit
693 1198 731 1225 illi
761 1198 786 1224 in
814 1201 930 1224 mentem
957 1201 986 1222 ut
1013 1195 1071 1223 hzec

276 1246 397 1274 diceret?
413 1246 483 1273 unde
498 1245 598 1272 sciebat
613 1244 699 1271 futura
712 1264 719 1275 ,
731 1247 758 1270 et
772 1241 998 1276 multiplicandum
1011 1247 1070 1267 esse

276 1292 421 1319 humanum
440 1291 577 1326 genuslet
589 1289 658 1324 quod
671 1290 773 1316 futurus
783 1292 854 1315 esset
869 1287 916 1314 viri
936 1286 1069 1313 mulieris-

276 1346 329 1372 que
340 1344 498 1371 congressus
516 1335 586 1362 ttnde
606 1333 924 1368 noseebat?Congressus
933 1333 1003 1359 euint
1018 1331 1062 1358 ille

277 1387 337 1416 post
349 1382 591 1416 prrevaricationem
604 1380 653 1407 fuit
665 1388 671 1405 :
687 1387 748 1406 natn
763 1386 845 1413 usque
859 1378 892 1405 ad
909 1377 981 1404 illam
995 1377 1069 1412 quasi

275 1427 363 1462 angeli
383 1427 557 1454 versabantur
577 1427 602 1453 in
622 1425 756 1460 paradiso,
778 1432 829 1451 non
849 1423 1071 1458 ceneupiseentiis

279 1473 421 1507 ﬁagrautes
433 1493 441 1505 ,
465 1480 518 1499 non
537 1473 570 1499 ab
587 1471 646 1498 aliis
670 1470 854 1498 affectionibus
875 1469 1000 1501 intestati,
1018 1476 1070 1496 non

277 1523 380 1544 nature
407 1517 614 1545 necessitatibus
636 1517 755 1549 obnoxii,
779 1517 826 1543 sed
852 1523 960 1550 prorsus
983 1516 1071 1542 ineor-

277 1564 416 1599 rnptibiles
435 1569 462 1591 et.
485 1564 651 1591 immortales
671 1563 788 1594 conditi,
811 1570 897 1597 neque
923 1562 964 1589 vel
989 1562 1071 1588 vcsti-

279 1614 431 1637 mentorum
452 1611 549 1637 amictu
577 1609 611 1636 ibi
637 1609 749 1644 egebant
771 1618 777 1635 :
799 1609 844 1635 9.5.
874 1608 955 1635 Erant
983 1608 1049 1634 enim
1063 1628 1070 1639 ,

278 1655 384 1690 inquit,
409 1655 481 1682 ambo
510 1655 590 1688 nudi,
619 1659 641 1682 et
668 1663 718 1682 non
745 1654 929 1681 erubesrebant.
959 1653 1072 1680 l‘eecato

278 1703 349 1729 enini
375 1707 401 1729 et
425 1701 646 1736 przcvaricationc
661 1701 778 1727 notulum
801 1704 932 1735 pravsente
943 1720 950 1732 ,
966 1699 1050 1733 gloria
1063 1719 1070 1730 ,

279 1756 338 1783 quae
352 1756 466 1783 superne
479 1752 600 1779 venerat,
614 1747 703 1774 vestiti
718 1752 791 1774 crant
803 1766 812 1780 ,
828 1751 854 1773 et
869 1746 929 1773 ideo
943 1753 994 1772 non
1010 1753 1072 1772 ern-

280 1793 443 1825 beseebant;
459 1798 518 1827 post
533 1793 770 1828 transgrchioncm
784 1797 871 1818 antetn
888 1791 1022 1826 prmcepti.
1033 1790 1073 1817 iti-

279 1843 412 1874 trogressa
421 1843 497 1866 estet
506 1839 698 1869 erubescenda,
708 1842 734 1865 et
743 1837 868 1864 nudilatis
878 1837 986 1872 agnitio.
997 1836 1073 1864 Unde

281 1883 370 1918 igitur,
384 1884 426 1911 die
438 1905 445 1917 ,
458 1891 549 1919 quwso
561 1904 568 1916 ,
585 1884 611 1910 in
625 1888 714 1910 mcntc
727 1883 827 1913 habuit.
844 1887 873 1909 ιιι
886 1883 942 1909 lucc
952 1881 1074 1909 diceret?

281 1938 369 1958 annon
384 1931 470 1965 palatn
485 1935 525 1957 est
537 1937 598 1957 eum
614 1929 775 1964 propltcticm
788 1929 880 1963 gratim.
893 1928 1049 1963 participem
1064 1947 1072 1960 ,

282 1977 372 2002 omnia
384 1976 440 2003 lucc
449 1975 631 2010 spiritualihns
644 1975 741 2001 vidisse
752 1974 854 2001 oculis?
866 1974 927 2001 “me
939 1982 1008 2001 nttttc
1021 1981 1074 2000 non

279 2021 380 2056 absque
399 2022 506 2049 ratione‘
521 2021 598 2053 dico,
623 2020 669 2048 scd
681 2025 709 2047 ut
730 2020 809 2047 etiam
836 2019 896 2046 hinc
917 2019 1074 2046 immensam

282 2067 329 2094 Dei
344 2067 533 2101 benignitatetn
544 2065 662 2098 discatis,
677 2073 755 2100 quam
770 2065 886 2092 humano
901 2064 990 2100 generi
1001 2064 1076 2090 exhi-

282 2113 340 2139 buit
353 2133 360 2143 ,
385 2112 444 2139 data
465 2113 502 2139 illi
523 2111 557 2138 ab
578 2111 652 2138 initio
669 2111 722 2137 vita
744 2111 872 2145 angelica,
889 2115 915 2138 et
931 2110 1075 2137 ittnutneris

283 2159 397 2185 inillnnt
410 2158 512 2184 collatis
523 2157 668 2189 beuctieiis,
680 2164 711 2184 ac
719 2164 780 2183 eum
793 2157 852 2183 aliis
863 2157 985 2183 omnibus
996 2156 1074 2182 etiam

282 2203 436 2237 prophetica
449 2203 576 2237 dignitate
589 2209 715 2229 concessa
729 2211 736 2228 :
749 2206 777 2228 ut
789 2208 848 2228 eum
863 2201 982 2228 videritis
991 2200 1077 2227 homi-

282 2256 342 2275 nem
358 2252 418 2282 post
431 2252 469 2274 tot
485 2247 612 2274 benelieia
625 2247 743 2274 desidem
756 2254 826 2280 esse,
841 2247 945 2282 culpam
955 2247 981 2274 in
993 2246 1076 2274 Deum

283 2301 318 2321 ne
340 2294 497 2328 rejeccritis,
522 2294 568 2321 sed
594 2293 642 2328 ipsi
660 2298 742 2320 totum
767 2293 909 2327 imputetis.
929 2292 986 2327 Ipse
1005 2293 1076 2319 enim

285 2339 442 2374 sibimetipsi
466 2339 584 2366 omnium
605 2339 735 2366 malorum
751 2344 843 2366 attctor
865 2339 930 2371 fuit,
955 2339 1024 2372 quod
1051 2343 1078 2365 et

285 2389 376 2419 postea
389 2385 507 2417 discetis,
520 2389 574 2412 tum
590 2385 690 2412 scilicet
704 2385 773 2419 quod
786 2385 866 2412 tantis
879 2386 955 2412 bonis
971 2385 1078 2412 excide-

285 2432 330 2463 rit,
347 2435 401 2458 tum
416 2431 485 2466 quod
506 2431 540 2458 ob
559 2431 803 2465 prmvarieationem
825 2431 1017 2458 condemnatus
1031 2430 1075 2457 sit.

283 2476 348 2504 Nam
368 2484 427 2504 cum
447 2477 533 2511 cogito
551 2477 612 2504 vitae
629 2477 699 2504 illius
716 2481 824 2509 statuat,
836 2485 913 2511 quem
931 2477 968 2503 illi
986 2477 1077 2504 Donii-

283 2530 332 2550 nus
351 2522 433 2555 dedit,
456 2527 508 2549 tam
521 2523 663 2549 multifaria
683 2523 708 2550 in
727 2523 812 2558 ipsum
834 2523 962 2550 beneﬁcia
984 2531 1077 2550 cumu-

283 2569 382 2601 lando;
398 2575 425 2596 et
440 2569 552 2604 primttm
568 2569 674 2604 quidem
686 2591 694 2602 ,
722 2570 791 2604 quod
802 2591 809 2601 .
825 2575 886 2597 ante
914 2571 995 2604 ipsius
1021 2569 1076 2596 for-

287 2617 441 2648 mationem,
459 2621 568 2650 propter
591 2617 676 2651 ipsum
703 2622 786 2644 totum
805 2618 874 2644 lntnc
901 2617 1027 2644 mundum
1051 2622 1078 2645 et

285 2665 420 2688 creaturas
430 2662 592 2694 eondidit,ct
605 2668 696 2697 postea
709 2663 792 2696 ipsum
803 2663 934 2693 formavit,
951 2669 977 2690 nt
994 2663 1077 2691 lactus

286 2707 433 2735 \‘isibilibns
445 2709 568 2737 omnibus
584 2709 715 2737 frueretur
725 2717 733 2740 ;
742 2709 802 2736 dein
812 2709 880 2743 quod
894 2714 922 2736 Ill
932 2710 1008 2744 jussit
1017 2718 1077 2737 esse

288 2754 438 2788 paradisum
452 2776 459 2787 ,
475 2757 500 2782 iit
515 2755 560 2783 illo
574 2756 662 2782 statim
677 2755 763 2789 ipsum
784 2756 863 2783 vitam
885 2763 964 2790 agere
977 2756 1058 2783 voluit
1068 2777 1075 2787 ,

287 2800 409 2828 animalia
422 2801 497 2828 bruta
512 2801 546 2828 ab
562 2801 607 2828 illo
621 2801 752 2835 separavit
765 2822 771 2834 ,
786 2806 813 2828 et
827 2801 944 2828 omnium
957 2802 993 2828 illi
1004 2801 1078 2829 dedit

287 2850 453 2880 potestatem,
470 2847 544 2882 quasi
557 2846 691 2874 dominum
706 2849 790 2874 servis
802 2851 828 2874 et
842 2846 953 2874 subditis
968 2847 1073 2874 nomina

647 138 676 166 S.
696 136 835 165 JOANNIS
853 133 1087 164 CIIRYSOSTOMI
1107 134 1266 162 ARCIIIEP.
1287 134 1554 164 CONSTANTINOI‘.

1871 138 1920 166 lii

1124 193 1261 224 imponere
1271 191 1389 224 iubendo
1401 199 1407 223 ;
1421 197 1512 225 postea
1530 199 1601 224 vero,
1617 192 1676 226 quia
1691 193 1762 221 solus
1776 200 1845 225 erat.
1859 202 1920 222 cum

1125 236 1255 270 indigeret
1269 236 1360 271 aliquo
1373 237 1494 271 adiutore
1504 258 1511 270 ,
1538 238 1581 273 qui
1596 243 1696 265 natura:
1711 240 1770 273 ejus
1786 240 1921 274 particeps

1121 285 1210 312 esset,
1241 289 1327 316 neque
1355 281 1406 309 hoc
1433 282 1542 314 omisit,
1572 283 1619 310 sed
1649 283 1775 317 producta
1807 285 1922 312 muliere

1122 326 1201 354 modo
1213 335 1266 362 quo
1280 327 1329 354 sibi
1344 328 1451 362 placuit,
1467 328 1538 354 illam
1552 328 1600 362 ipsi
1620 329 1645 355 in
1665 336 1758 356 manus
1777 330 1920 357 concredi-

1121 372 1170 404 dit.
1184 380 1215 400 ac
1229 378 1324 407 prtcter
1338 373 1395 400 haec
1408 373 1496 400 omnia
1511 373 1656 408 prophetiae
1668 381 1773 408 quoque
1786 375 1916 409 dignitate

1122 418 1195 444 illum
1217 419 1365 451 insignivit;
1380 423 1406 445 et
1421 423 1480 453 post
1493 419 1621 446 innuensa
1636 419 1680 446 illa
1696 420 1821 447 beneﬁcia
1835 425 1917 455 caput

1121 463 1200 490 etiam
1213 464 1330 490 omnium
1343 463 1507 496 donavitilli,
1522 465 1590 491 utttb
1607 465 1730 492 omnibus
1737 465 1807 492 curis
1817 470 1844 492 et
1852 466 1922 492 solli-

1121 508 1282 536 citudinibus
1300 510 1418 544 corporis
1439 510 1507 536 liber
1528 514 1600 537 esset
1611 530 1618 542 ,
1633 517 1719 544 neque
1733 511 1792 537 ullis
1804 511 1919 538 vestium

1122 553 1294 586 indumentis,
1307 561 1394 588 neque
1406 554 1457 581 alio
1470 555 1558 589 aliquo
1570 555 1688 590 indigere
1702 555 1773 582 illutn
1786 556 1918 589 permisit,

1123 600 1169 626 sed
1179 621 1186 632 ,
1203 604 1231 626 ut
1245 600 1298 626 dixi
1312 621 1318 631 ,
1333 600 1407 634 quasi
1423 601 1543 635 angelum
1560 605 1712 628 terrestrem
1728 609 1808 637 super
1821 607 1921 629 terram

1122 645 1194 672 illttm
1219 646 1317 672 versari
1333 646 1415 672 voluit
1431 655 1437 672 :
1454 653 1514 673 cum
1530 647 1608 681 igitur
1632 647 1688 673 lure
1703 647 1790 674 omnia
1814 655 1920 675 meeum

1123 695 1232 724 reputo,
1247 691 1408 725 obstupesco
1425 696 1451 718 et
1473 691 1575 718 Domini
1597 691 1763 718 clementiam
1785 692 1810 718 in
1824 693 1923 719 huma-

1122 743 1185 762 num
1195 743 1289 770 genus.
1305 742 1330 763 et
1347 736 1461 762 hominis
1474 734 1602 763 desidiam
1614 758 1620 767 ,
1637 741 1665 763 et
1679 737 1775 764 diaboli
1797 737 1921 764 inviden-

1123 782 1186 808 tiam
1203 790 1208 807 :
1225 789 1276 808 non
1300 782 1370 808 enim
1395 781 1495 808 ferebat
1521 782 1607 809 malus
1634 782 1678 809 ille
1705 782 1810 809 daemon
1830 783 1922 810 videre

1123 827 1149 854 in
1171 835 1284 862 corpore
1311 828 1444 855 hominem
1460 829 1604 862 angelicam
1620 829 1700 855 vitam
1715 836 1754 863 agt
1765 834 1847 856 ntem.

1158 874 1184 900 5.
1206 873 1314 899 Moralis
1325 874 1456 908 epilogus;
1479 874 1616 900 liberalitas
1635 874 1682 900 Dei
1699 875 1725 901 in
1739 875 1862 901 homines.
1885 889 1922 895 -—

1121 918 1254 946 Cancrum
1264 926 1297 945 ne
1308 919 1387 946 nimia
1397 919 1560 954 longitudine
1570 927 1720 947 sermonem
1731 920 1920 952 extendamus.

1123 964 1144 990 si
1160 964 1256 998 placet,
1269 964 1311 991 hic
1325 964 1404 991 ﬁnem
1416 964 1542 1000 loquendi
1558 965 1694 998 facientes,
1711 973 1871 1000 reponemus
1893 967 1920 993 in

1125 1015 1260 1044 posterutn
1276 1018 1306 1037 ea
1328 1018 1387 1045 quae
1401 1010 1434 1038 de
1455 1011 1551 1038 diaboli
1569 1011 1671 1039 insidiis
1693 1017 1850 1047 sequuntur,
1873 1021 1922 1039 ve-

1123 1062 1205 1083 stram
1226 1061 1333 1083 orantes
1358 1056 1505 1089 caritatem,
1522 1062 1550 1084 Itt
1567 1057 1708 1092 diligenter
1719 1065 1750 1084 ea
1765 1065 1824 1092 qua!
1850 1058 1920 1085 dicta

1123 1105 1186 1128 sunt
1206 1102 1342 1128 memoria:
1358 1102 1560 1134 eonimcndetis,
1575 1107 1602 1129 et
1614 1103 1749 1129 vobiscum
1764 1103 1922 1137 expet-datis

1123 1155 1154 1174 ea
1169 1147 1268 1179 omnia,
1283 1152 1308 1174 ut
1320 1147 1476 1182 profundius
1490 1148 1515 1174 in
1529 1149 1732 1183 cogitationibus
1745 1150 1842 1175 vestris
1855 1156 1922 1176 con-

1123 1192 1220 1219 sidant.
1236 1192 1302 1219 Natu
1315 1193 1337 1219 si
1351 1193 1478 1220 continuo
1488 1193 1676 1221 beneiiciorum
1691 1195 1747 1227 Dei,
1759 1203 1817 1229 qua:
1832 1195 1858 1221 in
1873 1202 1921 1220 no-

1123 1242 1207 1264 strum
1215 1245 1298 1272 genus
1309 1239 1429 1269 contulit,
1443 1239 1622 1271 recordemur,
1636 1244 1662 1266 et
1673 1239 1720 1273 ipsi
1733 1240 1798 1274 gnati
1810 1240 1921 1272 eritntts,

1124 1290 1150 1313 et
1164 1285 1196 1312 ad
1212 1286 1317 1313 virtutis
1328 1287 1396 1312 viant
1413 1294 1506 1321 magna
1520 1286 1544 1313 id
1554 1286 1605 1313 crit
1616 1287 1804 1313 exstimulatio.
1817 1286 1922 1320 Quippe

1125 1332 1294 1359 manifestum
1308 1337 1357 1365 est,
1375 1341 1435 1360 enm
1449 1333 1492 1367 qui
1509 1333 1637 1360 beneﬁcia
1652 1334 1695 1360 Dei
1711 1341 1803 1360 secum
1815 1334 1921 1368 recogi-

1126 1382 1172 1410 tat,
1189 1385 1297 1412 operam
1311 1377 1434 1405 daturum
1449 1385 1482 1405 ne
1505 1378 1554 1404 illis
1577 1378 1698 1413 indignus
1719 1379 1850 1411 videatur,
1873 1379 1921 1406 sed

1126 1423 1191 1449 tanti
1212 1423 1291 1450 studii
1305 1427 1331 1450 et
1351 1428 1402 1450 tam
1425 1424 1492 1458 grati
1508 1424 1588 1450 animi
1611 1424 1737 1454 futurum.
1764 1429 1793 1451 ut
1815 1429 1842 1451 et
1869 1424 1921 1451 alia

1124 1473 1320 1504 consequenter
1335 1475 1479 1497 mereatur.
1503 1470 1632 1497 Liberalis
1649 1471 1747 1505 quippe
1760 1475 1800 1497 est
1828 1471 1920 1497 Domi-

1126 1523 1175 1542 nus
1191 1520 1291 1548 nostcr,
1319 1520 1345 1543 et
1368 1515 1475 1550 quando
1497 1515 1567 1542 videt
1579 1523 1627 1542 nos
1649 1521 1724 1551 grato
1745 1516 1834 1543 animo
1862 1524 1922 1544 esse

1125 1562 1194 1589 circa
1210 1569 1239 1588 ea
1260 1570 1319 1596 qua:
1339 1562 1393 1596 jam
1415 1563 1491 1589 nobis
1505 1563 1648 1596 concessit,
1665 1564 1732 1590 ultra
1754 1571 1803 1590 nos
1824 1564 1920 1598 potiori

1125 1609 1208 1643 gratia
1223 1608 1421 1644 majoribusque
1435 1609 1587 1636 muneribus
1603 1609 1694 1644 implet
1710 1619 1716 1636 :
1729 1615 1828 1636 tantum
1844 1609 1921 1636 nobis

1126 1660 1216 1681 nostra
1241 1654 1313 1681 salus
1340 1662 1410 1682 cura:
1425 1655 1477 1687 sit,
1505 1663 1538 1682 ne
1561 1655 1597 1682 ita
1621 1655 1795 1690 incogitanter
1816 1660 1922 1689 tcmim

1126 1701 1314 1735 transigamus,
1343 1708 1428 1735 neque
1455 1700 1506 1728 ltoc
1528 1701 1705 1732 attendamus,
1733 1702 1754 1727 si
1783 1701 1921 1728 dimidium

1125 1745 1339 1780 Quadragesima:
1354 1746 1498 1777 transierit,
1520 1746 1566 1772 scd
1582 1746 1603 1772 si
1619 1754 1667 1780 qua
1683 1746 1708 1773 in
1731 1746 1781 1774 hnc
1802 1752 1922 1782 tempore

1126 1798 1141 1817 a
1156 1791 1232 1818 nobis
1255 1791 1322 1818 bene
1346 1797 1419 1826 gesta
1435 1796 1507 1824 sunt,
1523 1796 1548 1818 et
1563 1792 1585 1818 si
1597 1799 1663 1826 quas
1685 1792 1839 1820 aﬁ‘cctiones
1862 1801 1923 1826 ιιιιιιι

1127 1844 1175 1864 nos
1196 1837 1350 1873 perturbant
1364 1838 1568 1864 corrcxerimue.
1585 1837 1648 1864 Nam
1665 1838 1686 1864 si
1702 1839 1819 1872 quotidie
1841 1839 1922 1873 spiri-

1127 1883 1189 1910 tuali
1201 1883 1321 1910 doctrina
1334 1883 1436 1914 reiecti,
1454 1891 1559 1918 semper
1581 1883 1658 1910 iidem
1673 1885 1858 1916 manserimus,
1874 1893 1922 1912 ne-

1127 1937 1178 1964 que
1203 1930 1228 1956 in
1242 1930 1383 1957 virtutibus
1396 1930 1570 1960 creveritnus,
1583 1938 1668 1964 neque
1684 1935 1851 1964 peccatorum
1875 1938 1922 1964 ge-

1128 1982 1191 2001 nera
1207 1982 1221 2001 c
1237 1975 1389 2008 pectoribus
1405 1975 1500 2001 nostris
1516 1975 1729 2009 eﬁ‘ngaverimus,
1753 1983 1804 2001 non
1834 1975 1922 2001 solum

1128 2020 1189 2047 inde
1202 2019 1266 2046 nihil
1281 2020 1329 2046 erit
1345 2020 1472 2047 utilitatis.
1490 2019 1536 2046 sed
1552 2024 1579 2045 et
1590 2019 1730 2053 pluritnum
1746 2020 1897 2050 nocumenti
1916 2029 1922 2046 :

1128 2065 1342 2102 quandoquidem
1356 2065 1399 2100 qui
1416 2070 1486 2092 tanta
1499 2073 1560 2092 cura
1574 2065 1678 2092 habitus
1692 2066 1756 2092 nihil
1769 2066 1832 2092 lucri
1849 2066 1921 2097 facit,

1129 2111 1336 2146 nequeprotieit,
1346 2111 1474 2145 majorem
1485 2111 1532 2137 sibi
1541 2111 1921 2145 eoaecrt'atgclteunzeignem.

1130 2159 1191 2186 [dco
1207 2166 1265 2191 oro,
1280 2162 1309 2184 ιιι
1322 2158 1415 2184 Saltem
1429 2158 1558 2192 reliquutn
1572 2158 1666 2193 jcjunii
1682 2163 1787 2193 tempus
1806 2164 1833 2185 ut
1846 2159 1901 2186 dce.
1914 2164 1923 2184 t

1131 2204 1305 2235 insumamus,
1318 2208 1345 2229 ut
1358 2203 1468 2238 singulis
1483 2203 1666 2231 hebdomadis.
1681 2204 1733 2230 imo
1747 2203 1858 2238 singulis
1868 2203 1924 2230 dit:-

1131 2249 1179 2276 btts
1193 2257 1241 2276 nos
1261 2249 1332 2283 ipsos
1355 2248 1565 2280 censideremus,
1591 2254 1616 2275 et
1636 2249 1697 2275 vitia
1723 2249 1756 2275 ab
1785 2249 1924 2276 animabus

1131 2295 1229 2322 nostris
1242 2295 1416 2329 expcllamus,
1439 2303 1470 2322 ac
1489 2295 1619 2322 honorum
1641 2302 1751 2330 operum
1773 2296 1923 2330 posscssio-

1131 2348 1191 2368 nem
1212 2341 1409 2376 conquiraunts,
1425 2341 1492 2367 sicut
1515 2340 1642 2375 propheta
1667 2346 1757 2368 noster
1775 2341 1922 2372 admonuit.

1131 2387 1296 2414 declinentth
1310 2394 1323 2413 a
1347 2387 1424 2413 malis
1438 2386 1446 2422 (
1460 2385 1532 2413 Psal.
1549 2387 1593 2413 56.
1612 2386 1647 2413 27
1662 2386 1682 2421 ),
1697 2391 1723 2413 et
1743 2386 1775 2412 ad
1798 2387 1922 2414 virtutem

1133 2437 1300 2458 transeamus
1316 2440 1323 2457 :
1340 2431 1390 2458 hoc
1407 2432 1508 2459 etenim
1530 2438 1623 2458 verum
1640 2435 1681 2457 est
1700 2431 1841 2465 jcjunitnn.
1870 2432 1924 2458 ira-

1131 2478 1233 2504 cundus
1253 2477 1367 2504 ferocem
1388 2477 1612 2511 perturbationem
1637 2478 1679 2510 pia
1701 2477 1864 2511 cogitatione
1890 2476 1924 2503 ab

1131 2523 1219 2549 anima
1234 2522 1365 2553 eliminet,
1382 2521 1610 2547 mansncttnliucm
1625 2527 1712 2548 autem
1735 2525 1762 2548 et.
1785 2522 1922 2549 lenitatem

1131 2569 1307 2603 amplexetur.
1332 2568 1413 2594 Deses
1438 2567 1667 2601 ctiutemperans,
1693 2572 1719 2594 ct
1746 2567 1922 2595 formosorum

1131 2621 1273 2648 corporum
1288 2613 1408 2640 curiosus
1420 2616 1553 2646 spectator
1567 2612 1740 2647 cogitationes
1762 2621 1825 2640 suas
1840 2612 1924 2640 reire-

1132 2664 1195 2690 nct,
1223 2664 1250 2686 et
1277 2658 1301 2685 in
1331 2657 1467 2684 latitudine
1489 2657 1586 2684 mentis
1604 2665 1659 2684 sum
1686 2658 1813 2685 inseriliat
1838 2658 1923 2693 legem

1131 2706 1229 2733 Chriin
1248 2705 1391 2736 dicentem,
1417 2704 1466 2737 Qui
1488 2705 1622 2739 inspexerit
1643 2705 1772 2731 mulierem
1787 2713 1815 2731 ut
1832 2713 1924 2731 conru-

1133 2755 1211 2788 piscat
1232 2752 1322 2783 illaut,
1345 2752 1401 2786 jam
1425 2751 1576 2777 adulterium
1600 2751 1723 2778 commisit
1752 2759 1808 2778 cum
1835 2750 1882 2777 illa
1897 2751 1922 2777 in

1131 2799 1207 2826 rorde
1220 2807 1264 2825 suo
1277 2798 1285 2832 (
1304 2797 1396 2824 Matth.
1411 2797 1437 2824 5.
1462 2796 1528 2831 28),
1544 2797 1742 2824 ineontineutia:
1754 2797 1846 2824 vitium
1857 2795 1923 2823 eﬁ‘u.

1132 2847 1196 2882 giat,
1211 2851 1238 2873 et
1252 2845 1403 2874 sobrietatis
1418 2841 1541 2872 virtutem
1557 2849 1690 2879 operetur.
