2060 3122
200 120 209 148 Ι
218 121 250 149 ἒξ)

233 178 330 205 Contra
348 182 447 213 peccata
467 177 619 212 lingute.'——
633 175 682 209 Qui
704 175 847 210 pnecipitis
862 180 887 202 et
904 178 973 201 teme

198 224 276 250 raria:
297 223 395 258 linguae
407 229 448 250 est
458 244 465 255 ,
481 227 509 249 et
521 229 693 257 qumcuntque
707 221 874 248 ubvenientia
889 220 973 248 elfutit
983 241 989 251 ,

199 268 318 296 imitetur
331 269 436 296 beatum
452 268 619 303 prophetam,
630 272 659 295 et
670 267 740 295 dicat
754 276 760 294 :
777 267 858 300 Pone,
873 267 990 299 Domina,

199 314 340 340 custodiant
364 314 402 340 on'
426 321 494 345 meo,
515 318 538 340 et
557 314 648 340 ostium
671 313 814 340 munitionis
836 313 909 340 labiis
930 313 991 339 meis

201 358 285 393 (Psal.
304 359 364 386 HO.
380 360 407 394 ὅ)
423 366 432 388 :
447 364 472 386 et
491 367 635 394 numquam
650 364 749 386 temere
763 364 790 386 et
808 359 909 394 absque
922 359 992 386 utili-

201 409 253 432 tate
274 405 393 440 proferat
417 407 496 433 verba
510 428 517 439 ,
539 407 585 434 sed
606 407 695 434 audiat
714 406 822 434 Paulum
836 407 966 434 dicentem
982 415 989 433 :

202 451 290 476 Omnis
303 451 463 485 vociferatio,
479 456 502 478 et
516 454 596 486 furor,
609 456 632 478 et
646 452 799 487 blasphemia
809 472 816 483 ,
831 458 854 478 et
868 452 991 479 obscaeni-

202 501 239 523 tas
250 517 258 527 ,
273 501 295 523 et
312 497 450 524 scurrilitas
468 497 572 524 tollatur
589 505 605 524 a
624 498 709 531 vobis,
728 506 785 524 cum
806 498 874 524 omni
894 498 991 524 malitia

202 549 209 573 ι
223 541 315 576 Ephes.
329 542 356 569 4.
372 542 441 578 51);
457 547 484 569 et
499 542 594 569 iterum
611 552 617 570 :
633 543 663 570 Si
679 544 734 577 quis
751 551 832 570 sermo
848 543 942 576 bonus,
958 543 991 570 ad

200 587 391 621 redi/irationem
405 588 473 615 utilis
482 609 490 621 ,
503 593 532 615 ut
545 589 586 615 det
602 589 711 624 gratiam
725 589 884 616 audientibus
901 588 988 624 (Ibid.

199 640 219 658 ν.
236 632 292 667 29).
306 632 460 660 Juramenla
474 641 578 669 quoque
593 634 678 661 modis
692 635 815 662 omnibus
829 634 927 669 fugiat,
943 642 989 661 au-

198 679 273 705 diens
285 680 444 706 sententiam
458 679 566 714 Christi,
581 688 640 715 qua:
652 680 716 708 dicit
729 688 739 707 :
752 680 854 707 Dictum
870 686 906 708 est
921 682 989 708 auti-

197 724 253 757 quis
266 731 276 750 :
290 733 340 751 non
354 724 476 760 pejorabis
489 732 498 752 :
513 733 558 760 ego
572 730 655 752 autent
669 726 725 754 dico
743 727 820 759 vobis,
837 735 888 754 non
897 720 991 762 furan-

197 768 256 794 dum
267 770 369 796 omnino
381 770 488 805 (Matth.
502 771 527 798 ὅ.
540 771 584 800 55.
595 771 653 806 5i).
664 771 702 798 Ne
715 771 793 806 igitur
803 773 873 800 dicat
882 773 988 807 aliquis,

196 811 227 841 In
247 821 275 841 re
293 814 364 848 jusla
384 816 445 849 juro
461 823 468 842 :
485 823 570 850 neque
587 817 658 843 enim
675 817 701 843 in
721 825 750 845 re
767 818 838 852 jnsta
858 826 944 853 neque
964 820 988 845 iu

198 859 293 893 injusta
306 860 399 894 jurare
410 861 481 888 licet.
495 861 593 889 Purum
610 862 712 896 igitura
724 863 881 896 jurameutis
894 871 924 891 os
938 871 991 891 scr-

197 913 288 933 velnus
305 911 353 933 :et
372 906 413 934 his
426 907 550 935 omnibus
566 909 716 937 muniamus
728 916 846 936 nostram
861 910 988 945 linguam,

196 951 274 984 labia,
290 956 317 978 et
331 957 457 985 mentem,
473 961 506 980 ne
522 953 562 980 vel
577 953 639 988 quid
655 955 783 982 malarum
799 956 988 990 cogitationum

196 998 357 1026 intrinsecus
377 1006 515 1031 nascatur,
532 1001 572 1027 vel
586 1008 636 1036 per
648 1000 763 1036 linguam
779 1001 849 1029 foras
870 1002 989 1036 profera-

195 1048 248 1070 tur.
263 1045 348 1071 Aures
359 1052 467 1080 quoque
479 1045 621 1080 diligenter
635 1047 779 1082 scpiamus,
791 1055 825 1075 ue
835 1056 928 1076 vanam
943 1056 990 1075 au-

194 1088 323 1116 ditionem
339 1090 484 1125 suscipiant
497 1099 504 1118 :
517 1092 584 1119 sicut
597 1096 624 1119 et.
638 1092 729 1119 beatus
742 1092 828 1120 Moses
842 1094 987 1129 praecepit,

195 1134 288 1161 dicens
305 1144 312 1162 :
328 1135 490 1163 Auditionem
509 1144 599 1164 vanam
616 1146 666 1165 non
687 1139 807 1174 suscipies
822 1139 894 1174 (Είιῖι
903 1139 927 1169 1.
942 1139 987 1167 25.

196 1180 244 1213 t);
268 1185 296 1208 et
316 1181 412 1208 iterum
436 1182 529 1210 beatus
552 1183 632 1211 David
655 1184 759 1211 dicebat
781 1194 788 1211 :
811 1185 989 1213 Deira/tentent

195 1231 288 1252 secreto
297 1227 416 1261 proximo
434 1236 479 1255 suo
491 1249 498 1260 ,
512 1229 578 1256 hunc
592 1231 756 1264 persequebar
771 1230 855 1267 (Psal.
871 1231 931 1259 100.
948 1232 987 1268 5).

198 1270 302 1304 Vidisti,
317 1271 422 1305 dilecte,
437 1278 535 1308 quanta
548 1275 625 1302 nobis
644 1276 824 1310 contentione,
840 1282 936 1312 quanta
950 1278 988 1305 vi-

196 1318 304 1353 gilantia
317 1319 350 1346 ad
365 1320 488 1348 virtutem
509 1321 653 1356 parandam
667 1330 734 1357 opus
750 1323 803 1350 sit?
815 1324 947 1358 quomodo
962 1328 989 1352 et

197 1373 276 1399 parva
301 1367 430 1401 particula
455 1367 592 1402 neglecta,
617 1369 695 1396 totius
719 1369 864 1403 periculum
888 1371 989 1398 infert?

194 1410 324 1444 Quocirca
338 1417 365 1438 et
379 1411 440 1439 alibi
455 1412 552 1440 clamat
566 1413 659 1441 beatus
678 1414 758 1441 David
768 1435 775 1447 ,
791 1422 919 1443 accusans
939 1415 989 1443 huc

196 1456 336 1483 facientem
351 1466 357 1483 :
373 1457 469 1484 Sedens
483 1459 601 1485 adversus
616 1461 721 1494 fratrem
738 1465 809 1486 tatem
828 1461 968 1495 loquebaris
978 1482 987 1495 ,

195 1505 217 1526 et
235 1506 324 1528 contra
343 1502 425 1535 ﬁlium
445 1504 532 1531 maIris
546 1509 596 1531 tute
613 1505 721 1539 ponebas
732 1506 882 1533 smndalum
895 1506 986 1543 (Psal.

197 1546 239 1573 tl).
255 1546 311 1581 20).
331 1547 358 1574 Si
375 1548 414 1575 sic
434 1553 522 1576 nostra
539 1551 627 1577 omnia
641 1551 760 1579 membra
773 1553 968 1581 muniverituus
979 1574 987 1587 ,

195 1593 340 1626 poterimus
357 1593 390 1620 ad
410 1594 514 1622 virtutis
530 1602 610 1630 opera
629 1596 760 1630 excitari,
781 1601 806 1624 et
826 1597 942 1632 linguam
962 1598 987 1626 in

195 1637 318 1666 laudibus
332 1643 358 1666 et
371 1639 564 1674 giorilicatione
583 1641 629 1669 Dei
645 1649 775 1677 occupare
787 1663 794 1675 ,
807 1650 885 1670 aures
899 1648 988 1671 autem

196 1683 222 1709 in
232 1683 326 1711 auditu
338 1689 366 1711 et
379 1685 518 1720 disciplina
528 1685 677 1714 divinorum
689 1687 865 1722 eloquiorum,
876 1693 903 1716 et
914 1696 989 1716 men-

196 1733 249 1756 tem
270 1729 297 1756 in
312 1729 492 1764 spiritualibus
507 1731 674 1767 dogmatibus
689 1733 917 1768 contemplandis,
932 1742 990 1762 ma-

197 1783 246 1801 nus
260 1783 322 1802 vero
336 1784 387 1804 non
403 1777 429 1804 in
444 1778 536 1813 rapina
551 1783 578 1806 et
589 1779 710 1813 avaritia,
723 1779 769 1807 sed
783 1779 808 1807 in
820 1780 988 1817 eleemosyna

196 1826 223 1847 et
243 1821 318 1848 bonis
331 1822 457 1857 operibus
471 1823 616 1859 faciendis,
630 1828 656 1852 et
675 1824 757 1860 pedes
771 1832 823 1853 non
840 1825 866 1853 in
878 1826 989 1855 theatris

197 1872 223 1893 et
237 1869 396 1902 spectaculis
408 1869 553 1900 damnosis.
570 1871 789 1906 equestribusque
808 1871 887 1905 ludis,
902 1872 948 1900 sed
962 1873 988 1900 in

197 1913 327 1948 ecclesiis,
340 1920 366 1942 et
376 1915 497 1943 dentibus
509 1917 702 1952 precatiouum,
717 1922 745 1945 et
757 1923 909 1946 sanctorum
923 1927 990 1946 mar-

198 1963 285 1993 tyrum
301 1960 394 1988 loculis
407 1962 445 1996 (η)
459 1970 466 1994 ;
481 1967 510 1989 ut
525 1963 559 1990 ab
571 1963 624 1991 illis
637 1964 849 1992 benedictionem
860 1965 942 1999 percit
952 1964 989 1992 ia-

198 2012 265 2035 mus.
280 2010 306 2032 et
318 2013 367 2033 nos
379 2014 393 2034 a
408 2007 547 2035 diabolicis
560 2009 661 2044 laqueis
674 2009 773 2037 irretiri
790 2017 842 2037 non
860 2010 987 2038 sinamus.

199 2048 225 2076 Si
241 2050 279 2077 sic
295 2051 400 2078 solliciti
415 2057 532 2079 nostram
551 2054 663 2082 salutem
678 2055 878 2088 curaverimus,
893 2056 989 2090 poteri-

199 2102 258 2121 mus
270 2101 296 2123 et
309 2104 341 2123 ex
353 2097 456 2132 jejunio
471 2098 570 2126 lucrum
587 2100 683 2132 facere,
695 2105 723 2127 et
736 2101 865 2128 daamonis
881 2101 990 2128 insidias.

199 2142 322 2177 elfugerc,
339 2147 367 2171 et
380 2151 502 2179 magnam
515 2152 629 2180 superne
641 2146 752 2182 gratiam
767 2147 870 2182 assequi
888 2157 894 2175 :
909 2155 988 2182 quam

200 2194 227 2214 ut
242 2196 290 2215 nos
304 2197 396 2216 omnes
415 2197 596 2225 assequamur,
613 2192 740 2219 concedat
758 2193 842 2227 gratia
862 2197 889 2220 et
909 2194 989 2220 misc-

199 2234 312 2261 ricordia
327 2235 428 2262 Domini
448 2236 530 2262 nostri
550 2236 612 2264 Jesu
625 2237 721 2264 Christi
735 2258 742 2269 ,
758 2245 817 2265 cum
832 2245 885 2273 quo
898 2238 967 2266 Patri
981 2259 988 2271 .

199 2283 344 2313 sanctoque
357 2279 465 2314 Spiritui
480 2281 514 2307 all.
527 2282 620 2316 gloria,
635 2282 774 2317 imperium
787 2303 794 2316 ,
807 2283 902 2316 honor,
918 2291 988 2311 nunc

199 2329 226 2351 et
238 2331 355 2359 semper,
370 2330 396 2352 ct
413 2326 438 2354 iu
452 2327 546 2353 saecula
562 2327 732 2357 stt-culorum.
748 2329 842 2356 Amen.

480 2424 617 2453 HOMILIA
637 2424 706 2451 XVI.

201 2469 230 2496 lu
246 2469 491 2505 pra-varicationem
506 2470 619 2504 primum
633 2470 811 2498 creatorum".
821 2469 851 2496 Et
860 2475 929 2497 erant
938 2479 992 2496 am-

235 2518 267 2543 bo
280 2517 342 2543 nudi
351 2537 358 2545 .
374 2521 396 2542 (τι
411 2515 490 2542 Adam
499 2536 506 2549 ,
519 2521 543 2543 et
555 2524 620 2543 uxor
631 2516 686 2549 ejus
695 2536 702 2548 ,
715 2520 738 2542 et
753 2523 801 2542 non
819 2515 992 2542 erubescebant

237 2561 313 2596 (Gen.
328 2561 355 2588 2.
370 2561 426 2596 es).

238 2619 264 2646 Ι.
280 2618 381 2651 Aliquot
393 2617 424 2644 de
437 2617 625 2652 Scripturarum
636 2617 785 2644 inexhausta
795 2617 867 2652 copia
878 2617 950 2644 dictis
959 2615 994 2645 ad

200 2673 306 2699 scriptun
319 2665 409 2699 pergit.
420 2679 455 2684 --
467 2663 550 2692 Hodie
565 2664 639 2692 vobis
651 2684 657 2696 .
671 2663 835 2692 dilectissimi
848 2685 855 2697 ,
871 2664 994 2699 spiritua-

231 2763 269 2793 (a)
285 2766 424 2796 salinarum
436 2766 565 2796 martyrum
576 2763 647 2788 loculi
658 2767 681 2788 et
695 2764 773 2789 thecae
784 2763 927 2796 frequenter
938 2771 990 2789 me-

201 2797 326 2818 morantur
336 2795 351 2817 'a
362 2794 529 2826 (:hrysostomo
539 2795 563 2826 in
575 2796 725 2826 Panegyric-is
742 2800 808 2820 I'omo
820 2794 845 2825 li,
857 2796 898 2820 ubi
906 2795 936 2819 iis
946 2796 987 2820 ha-

201 2827 266 2852 bitus
277 2827 356 2852 honos
367 2833 434 2858 saepe
444 2824 599 2852 describitur.

751 119 783 146 iN
802 117 918 146 C.\P.ll.
934 117 1053 145 CENES.
1078 116 1192 144 ll0\liL.
1211 117 1269 145 XVI

1035 2233 1141 2267 tionem
1164 2233 1215 2260 hoc
1240 2233 1363 2268 loquutus
1385 2238 1426 2261 est.
1448 2233 1577 2269 propheta

1786 121 1833 147 136

1046 173 1097 200 leui
1117 173 1271 201 thesaurum
1286 175 1388 209 aperire
1411 174 1470 202 volo
1480 195 1486 207 ,
1502 175 1565 210 qui,
1580 176 1641 204 licet
1655 177 1723 204 inter
1738 179 1835 206 multo:

1043 218 1193 250 dividatur,
1216 227 1358 254 numquam
1380 225 1467 247 tamen
1489 221 1658 250 absumitur:
1674 223 1719 258 qui
1741 231 1834 251 omnes

1044 264 1208 299 locupletat,
1224 270 1251 292 et
1271 265 1296 292 in
1318 265 1391 293 nullo
1411 266 1594 301 imminuitur,
1611 269 1656 295 sed
1672 275 1698 296 et
1713 275 1832 304 augetur.

1043 309 1273 343 Quemadmodum
1287 311 1357 338 enim
1372 312 1397 338 in
1414 313 1530 339 sensibili
1546 313 1669 341 thesauro
1683 316 1704 341 si
1719 317 1778 349 quis
1793 316 1835 343 vel

1045 364 1151 389 parvam
1166 357 1300 392 acceperit
1319 357 1466 391 portionem
1480 379 1486 387 .
1509 359 1605 386 multas
1622 366 1710 387 tamen
1731 361 1834 388 divitias

1044 403 1106 430 inde
1125 403 1174 430 sibi
1195 404 1297 438 parabit.
1312 413 1318 431 :
1333 404 1368 431 ita
1383 408 1409 431 et
1424 405 1450 431 iu
1466 405 1561 432 divinis
1581 405 1724 440 Scripturis
1734 427 1741 438 ,
1755 407 1834 435 etiam

1044 449 1068 476 in
1085 456 1163 484 parva
1178 449 1293 476 dictione
1306 457 1430 477 sensuum
1444 450 1559 485 gravitas
1572 455 1598 477 et
1610 451 1747 478 immensae
1761 452 1835 480 inve-

1044 495 1151 521 niunlur
1163 495 1271 522 divitiar.
1285 495 1357 523 Talis
1371 496 1441 523 enim
1457 501 1549 524 natura
1566 497 1643 532 hujus
1657 497 1773 525 thesauri
1785 519 1793 531 ,
1809 505 1835 526 ut

1043 542 1182 576 opulentos
1205 540 1284 568 faciat
1303 549 1349 568 eos
1367 543 1412 577 qui
1432 550 1461 570 se
1484 543 1636 575 inveniunt,
1652 549 1678 571 et
1693 552 1834 579 numquam

1042 585 1165 613 deﬁciat:
1179 586 1236 613 fons
1247 587 1318 614 enim
1330 586 1444 622 Spiritus
1457 588 1539 614 sancti
1553 587 1629 622 hujus
1639 589 1772 624 scaturigo
1784 595 1834 617 est.

1042 630 1182 665 Reliquum
1198 631 1295 663 fuerit,
1314 639 1362 659 vos
1374 640 1433 668 qua:
1450 634 1583 668 proposita
1597 639 1659 661 sunt
1676 642 1779 662 summa
1793 635 1832 662 di-

1043 676 1147 710 ligentia
1162 677 1188 703 in
1203 677 1330 704 memoria
1347 682 1474 712 perpetuo
1484 686 1606 711 servare;
1619 683 1646 706 ut
1658 684 1745 707 autem
1760 679 1836 708 facile

1041 722 1112 749 dicta
1129 723 1234 758 assequi
1251 724 1368 758 possitis,
1387 729 1486 751 tantum
1502 725 1572 759 quod
1589 730 1707 753 nostrum
1722 731 1763 754 est
1777 735 1833 754 ma-

1041 776 1093 802 gno
1109 769 1196 796 studio
1209 769 1360 796 aﬂ‘eramus.
1377 770 1465 803 Gratia
1482 772 1552 798 enim
1569 778 1658 805 parata
1673 777 1732 806 est,
1749 778 1776 801 et
1792 781 1836 801 re-

1041 814 1121 848 quirit
1143 822 1189 841 eos
1210 815 1254 849 qui
1278 815 1360 850 ipsam
1384 816 1492 851 largiter
1511 818 1667 852 suscipiant.
1690 818 1835 847 Audiamus

1043 859 1121 893 igitur
1133 867 1192 894 qua:
1211 860 1290 888 hodie
1309 866 1370 888 sunt
1391 862 1475 895 locta,
1491 867 1519 890 ut
1532 863 1666 891 discamus
1678 864 1834 893 immensam

1043 905 1088 932 Dei
1102 905 1301 940 benignitatem,
1316 911 1343 934 et
1354 912 1452 942 quanto
1465 908 1557 936 salutis
1571 913 1669 936 nostra":
1680 910 1765 944 gratia
1780 919 1836 939 scr-

1042 951 1128 978 mouis
1140 955 1350 986 temperamento
1361 953 1396 981 sit
1409 961 1482 982 usus.
1495 954 1540 982 25.
1555 955 1587 982 Et
1597 961 1669 983 erant
1679 957 1752 984 ambo
1763 958 1833 989 nudi,

1041 1001 1093 1022 tam
1104 996 1201 1029 Adam,
1215 1006 1291 1033 quam
1301 1006 1367 1026 uxor
1377 999 1431 1034 ejus
1441 1019 1448 1031 ,
1461 1004 1484 1026 et
1501 1008 1551 1027 non
1563 1001 1749 1030 erubescebant.
1763 1001 1835 1030 Con-

1041 1043 1127 1069 sidera
1138 1063 1145 1076 ,
1159 1050 1250 1078 qumso
1262 1065 1269 1076 ,
1291 1044 1452 1072 eminentem
1475 1045 1663 1074 beatitudinem
1676 1067 1684 1081 ,
1702 1048 1834 1082 quomodo

1041 1089 1191 1123 superiores
1212 1090 1310 1121 fuerint
1331 1091 1454 1118 omnibus
1475 1092 1678 1127 corporalibus,
1702 1094 1834 1128 quomoda

1041 1138 1138 1161 terram
1157 1134 1233 1169 quasi
1255 1135 1348 1163 malum
1370 1135 1549 1170 incoluerint;
1569 1143 1596 1165 et
1615 1146 1676 1166 cum
1698 1144 1789 1167 essent
1807 1141 1833 1167 in

1040 1187 1154 1214 corpore
1169 1179 1233 1208 nihil
1247 1180 1386 1215 corporale
1401 1181 1509 1209 tulerint
1523 1192 1529 1210 :
1544 1190 1631 1218 neque
1645 1188 1714 1212 tecto
1724 1205 1732 1218 ,
1748 1192 1834 1220 neque

1040 1230 1116 1254 veste
1129 1246 1136 1258 ,
1153 1233 1240 1260 neque
1254 1226 1307 1253 alio
1327 1227 1372 1254 tali
1394 1234 1461 1262 opus
1483 1228 1621 1257 habentes.
1642 1229 1725 1258 Porro
1744 1230 1834 1258 divina

1040 1271 1175 1306 Scriptura
1191 1280 1243 1300 non
1258 1273 1414 1307 simpliciter
1426 1278 1453 1301 et
1465 1274 1566 1309 absque
1578 1276 1682 1304 ratione
1696 1277 1835 1306 homobis

1040 1318 1217 1353 significavit,
1237 1319 1285 1346 sed
1305 1323 1333 1346 ut
1353 1327 1412 1347 cum
1435 1320 1605 1349 didicerimus
1624 1322 1705 1350 vitam
1729 1324 1833 1351 illorum

1043 1363 1155 1391 tristitia:
1168 1363 1322 1398 dolorisque
1336 1369 1483 1398 expertem,
1494 1370 1522 1393 et
1533 1367 1680 1402 angelicum
1692 1369 1833 1403 quemdam

1040 1411 1149 1442 scitum,
1167 1413 1195 1436 ut
1214 1409 1248 1436 ila
1264 1409 1360 1443 dicam,
1376 1415 1403 1437 et
1423 1417 1514 1445 postea
1529 1411 1673 1441 viderimus
1687 1421 1734 1442 eos
1748 1417 1833 1442 omni-

1040 1453 1090 1480 bus
1108 1454 1160 1480 illis
1179 1453 1303 1486 destitui,
1319 1459 1346 1482 et
1359 1456 1433 1489 quasi
1446 1464 1462 1483 e
1476 1457 1579 1492 magnis
1590 1458 1689 1486 divitiis
1705 1460 1730 1486 in
1744 1466 1833 1489 extre-

1040 1506 1110 1526 mam
1123 1499 1237 1534 inopiam
1251 1500 1345 1535 redigi,
1360 1501 1476 1536 ipsorum
1488 1503 1654 1538 negligentia:
1666 1509 1750 1534 totum
1761 1507 1830 1542 quod

1041 1545 1068 1572 lit
1082 1546 1255 1573 ascribamus.
1271 1547 1365 1582 Opera:
1387 1549 1500 1583 pretium
1515 1554 1603 1578 autem
1624 1551 1766 1587 lecta~ipsa
1783 1561 1828 1581 au-

1040 1590 1106 1618 dire.
1122 1591 1203 1624 Nam,
1219 1596 1248 1619 ut
1261 1592 1326 1620 dixit
1347 1593 1441 1622 beatus
1456 1594 1542 1623 Moses
1553 1616 1560 1629 ,
1574 1596 1644 1631 quod
1660 1597 1721 1625 nudi
1737 1603 1814 1627 erant
1825 1620 1832 1631 ,

1039 1642 1066 1664 et
1082 1645 1133 1665 non
1152 1637 1346 1666 erubescebant
1362 1639 1465 1675 (neque
1483 1641 1554 1669 enim
1573 1642 1694 1670 sciebant
1705 1651 1735 1671 se
1747 1644 1833 1672 nudos

1039 1691 1099 1711 csse
1112 1704 1120 1717 ,
1137 1684 1201 1711 mira
1216 1684 1298 1719 gloria
1314 1685 1372 1712 illos
1387 1686 1517 1714 vestiente
1530 1691 1557 1714 et.
1570 1688 1656 1723 magis
1669 1697 1749 1724 quam
1765 1690 1832 1718 ullu.‘

1040 1730 1152 1757 vestitus
1165 1730 1304 1764 ornante),
1320 1730 1420 1766 inquit,
1438 1732 1463 1759 l.
1481 1732 1592 1767 Serpens
1610 1738 1693 1761 autent
1705 1740 1758 1762 erat
1772 1744 1831 1770 pra.

1040 1775 1199 1803 deutissimus
1213 1776 1325 1803 onmium
1339 1777 1483 1810 bestiarum,
1498 1786 1554 1813 qua:
1566 1787 1642 1813 super
1655 1784 1757 1814 terram,
1771 1790 1831 1816 quas

1041 1819 1133 1857 fecerat
1150 1821 1271 1849 Dominus
1286 1822 1364 1850 Deus.
1381 1823 1415 1850 Et
1429 1823 1493 1850 dixit
1507 1832 1610 1860 serpens
1629 1826 1727 1854 mulieri
1742 1834 1752 1854 :
1766 1828 1833 1860 Quid

1040 1867 1106 1899 quod
1120 1867 1185 1894 dixit
1207 1867 1274 1894 Deus
1283 1887 1292 1899 ,
1309 1867 1351 1895 Ne
1363 1869 1497 1896 comedetis
1511 1877 1542 1897 ex
1555 1870 1623 1897 omni
1637 1871 1705 1907 ligno
1716 1871 1785 1905 qlod
1798 1880 1832 1900 est

1040 1912 1066 1938 iu
1080 1912 1197 1947 paradiso
1213 1911 1289 1947 (Gen.
1303 1913 1354 1948 '5)?
1371 1913 1436 1942 Vide
1450 1914 1559 1950 maligni
1571 1915 1699 1944 daemonis
1714 1917 1832 1945 inviden-

1041 1957 1123 1989 tiam.
1144 1962 1170 1985 et
1194 1958 1356 1994 multiplices
1378 1959 1498 1987 teehnas.
1517 1960 1736 1997 Quandoquidem
1756 1963 1832 1990 scivit

1042 2002 1174 2030 hominem
1192 2003 1336 2032 formatum
1351 2004 1378 2031 in
1391 2012 1495 2032 summo
1508 2013 1567 2033 esse
1581 2005 1710 2039 honore‘,
1725 2011 1751 2035 ct
1769 2015 1831 2042 pro-

1041 2049 1182 2084 pemodum
1198 2050 1264 2077 nihil
1280 2050 1368 2078 minus
1389 2050 1487 2078 habere
1506 2051 1606 2086 angelis
1626 2052 1690 2087 ipsis
1702 2073 1709 2085 ,
1724 2052 1792 2080 sicut
1807 2059 1832 2081 et

1041 2096 1132 2123 beatus
1148 2095 1227 2123 David
1242 2096 1326 2130 inquit
1338 2105 1344 2122 :
1359 2095 1475 2123 Minuisti
1487 2105 1544 2123 eum
1556 2097 1631 2131 paulo
1649 2097 1730 2125 minus
1742 2099 1772 2125 ab
1783 2106 1832 2124 an-

1040 2142 1102 2177 gelis
1117 2141 1201 2177 (Psal.
1213 2141 1239 2168 8.
1256 2141 1283 2177 6)
1299 2150 1305 2168 :
1320 2145 1399 2176 atque
1414 2141 1465 2169 hoc
1480 2141 1564 2176 ipsum
1578 2141 1662 2169 Paulo
1680 2143 1762 2170 minus
1776 2144 1832 2171 inu-

1041 2187 1181 2215 bedientim
1196 2192 1333 2222 peccatum
1349 2187 1492 2214 introduxit
1505 2196 1512 2219 ;
1529 2196 1588 2215 nam
1603 2193 1663 2223 post
1677 2189 1830 2224 prazvarica-

1600 2243 1606 2262 :
1627 2235 1732 2263 videbat
1755 2237 1834 2271 igitur

1041 2287 1123 2315 super
1137 2284 1235 2307 terram
1248 2279 1370 2314 angelum
1385 2284 1550 2313 terrestrem,
1561 2285 1588 2307 et
1600 2287 1615 2307 a
1630 2287 1677 2307 sua
1691 2281 1834 2309 rodebam:

1043 2325 1139 2352 invidia
1154 2324 1259 2352 damon
1277 2324 1409 2352 malorum
1430 2330 1523 2352 auctor
1537 2334 1544 2352 :
1560 2326 1685 2360 quoniam
1698 2334 1759 2354 cum
1778 2328 1833 2362 ipse

1043 2371 1112 2398 inter
1131 2377 1260 2404 supernas
1281 2370 1393 2398 virtutes
1411 2375 1500 2403 esset,
1517 2375 1544 2398 et
1562 2371 1597 2398 ob
1616 2371 1760 2399 voluntatis
1778 2379 1833 2399 sua:

1042 2416 1195 2452 nequitiam,
1209 2421 1237 2444 et
1252 2416 1385 2452 ingentem
1399 2416 1537 2449 malitiam.
1550 2424 1565 2444 e
1577 2424 1682 2444 summo
1695 2419 1760 2445 ca‘lo
1773 2426 1830 2452 pro-

1040 2463 1128 2498 jeclus
1141 2463 1227 2496 fuerit,
1240 2455 1336 2498 magna
1349 2470 1412 2491 usus
1427 2468 1467 2491 est
1483 2463 1688 2497 machinatione,
1704 2469 1732 2492 ut
1745 2469 1770 2492 et
1787 2466 1822 2493 ho

1043 2509 1141 2537 minem
1154 2509 1239 2544 gratia
1253 2509 1300 2537 Dei
1315 2509 1428 2544 privare,
1444 2513 1471 2536 ct
1485 2509 1616 2544 ingratum
1629 2509 1738 2541 factum.
1755 2512 1832 2538 tantis

1043 2552 1120 2581 bonis
1141 2561 1188 2589 per
1205 2553 1322 2581 divinam
1344 2553 1488 2581 bonitatem
1509 2553 1572 2588 ipsis
1585 2554 1721 2581 concessis
1734 2555 1834 2583 nudare

1044 2603 1142 2634 posset.
1158 2599 1191 2627 Et
1202 2599 1265 2634 quid
1279 2599 1358 2627 fecit?
1371 2598 1480 2626 invento
1491 2599 1598 2626 animali
1610 2599 1670 2633 hoc,
1683 2606 1834 2636 serpentem

1044 2645 1114 2679 dico,
1129 2645 1173 2681 qui
1188 2649 1282 2673 cmtera
1296 2645 1440 2672 calliditate
1451 2652 1499 2672 sua
1512 2644 1644 2679 vincebat,
1658 2645 1727 2674 sicut
1737 2652 1764 2674 et
1778 2647 1834 2675 Μο-

1043 2700 1087 2720 ses
1103 2696 1213 2720 testatus
1226 2695 1283 2723 cst,
1297 2698 1356 2718 cum
1371 2690 1451 2723 dixit,
1473 2690 1536 2718 Erat
1554 2695 1637 2718 autem
1657 2700 1758 2727 serpens
1772 2702 1834 2728 pru-

1044 2739 1202 2767 dentissimus
1216 2738 1326 2765 omnium
1340 2737 1473 2764 bestiarum
1489 2746 1545 2773 qua
1558 2745 1633 2773 super
1647 2743 1739 2766 terram
1751 2760 1758 2773 ,
1768 2747 1834 2774 quas

1076 2817 1084 2832 ¹
1101 2814 1207 2845 Coislin.,
1220 2814 1252 2840 uti
1264 2821 1381 2840 summum
1394 2814 1505 2840 honorem
1515 2814 1588 2847 fuisse
1599 2819 1713 2841 evertam.
