2060 3122
210 123 264 150 1·Ξ“ἴ

211 180 266 205 fecit
290 177 412 204 Dominus
434 175 501 202 Dens
521 183 576 202 :co
596 174 672 208 quasi
695 175 869 201 instrumento
887 171 1001 206 quodam

210 232 272 250 usus
286 228 336 254 est,
354 230 401 257 per
415 221 485 256 quod
500 221 648 252 mulierem,
663 224 753 254 utpote
767 218 912 253 simplicius
927 221 953 244 ct
967 217 1006 244 in-

209 270 311 296 tirmius
322 275 378 301 vas,
391 268 462 294 illitis
473 266 651 293 familiaritate
662 265 688 292 in
702 271 821 291 errorem
833 268 860 290 et
871 263 1006 298 deceptio-

211 322 270 341 ncm
284 319 450 349 prorocaret.
464 312 496 339 Et
509 312 582 343 (limit,
597 310 691 345 inquit,
703 317 804 344 serpens
816 309 926 336 mulieri.
939 308 1007 336 llinc

195 360 304 394 --colligc
318 359 351 386 ab
367 358 442 386 initio
456 357 555 385 nullam
575 356 721 383 bestiarum
736 355 820 382 virum
832 376 839 387 ,
854 355 894 381 vel
910 354 1006 382 mulie-

196 413 266 433 -t'cm
287 406 414 432 tcrruisse
425 425 433 437 ,
449 403 494 431 sed
508 402 654 430 dominium
672 406 697 428 ct
716 401 908 435 subiectionem
922 407 1005 436 agno-

211 454 292 485 visse,
305 457 332 479 et
345 452 413 479 sicut
431 457 499 478 nunc
514 449 659 477 domestiCa
673 447 808 480 animalia,
824 447 858 473 ita
873 451 900 473 ct
914 446 967 472 fera
979 451 1006 473 ct

213 501 387 527 immansueta
403 502 466 524 tunc
479 497 552 524 mitia
568 495 660 522 fuisse.

247 545 274 572 2.
287 545 396 577 Serpens
405 544 448 580 qui
457 543 536 570 Evam
544 541 639 577 decepit
647 549 696 568 non
708 543 761 566 erat
769 538 866 565 ratione
874 537 1004 573 pra-ditus.

209 594 280 620 —At
291 592 357 619 forte
369 591 410 618 hic
420 589 578 618 dubitaverit
589 588 648 623 quis
655 592 680 614 el
692 585 836 621 quaesierit,
847 592 908 610 num
920 587 946 610 et
955 583 1006 610 hoc

211 638 309 665 animal
327 636 439 663 rationis
459 635 539 662 fuerit
558 634 700 669 particeps.
721 630 777 658 Non
792 630 827 656 ita
842 633 902 656 est:
918 628 1003 661 absit;

209 683 256 711 sed
271 683 287 710 ii
308 682 350 717 qui
376 681 528 716 Scripturas
549 682 697 714 sequuntur
720 676 867 711 intelligant
889 678 1004 708 oportet,

211 730 292 756 verba
306 728 414 763 quidem
429 734 488 754 esse
501 725 699 759 diaboli,quem
724 721 821 749 invidia
842 720 1004 752 concitabat,

200 780 240 802 ut
255 775 289 801 ita
301 774 435 801 hominem
458 772 562 799 falleret
578 779 585 798 :
600 769 705 796 animali
719 773 808 795 autem
823 767 875 794 hoc
895 771 924 792 ttt
945 765 1004 793 ido-

212 829 263 848 neo
274 821 452 847 instrutncnlo
464 816 587 844 utebatur
600 815 734 845 diabolus,
749 821 802 848 quo
816 819 924 840 suarum
937 812 1006 839 l'rau~

200 867 284 894 dium
297 872 358 893 esca
373 864 501 895 immissa,
517 861 690 896 supplantare
704 860 816 894 primum
840 863 930 893 posset
945 865 1004 884 mu-

198 912 319 944 lierem,
344 917 404 946 qua:
424 909 526 936 facilius
544 906 630 942 decipi
650 909 754 941 poterat
767 925 775 935 ,
795 909 821 931 et
842 908 933 938 postea
958 910 1006 937 per

198 958 281 984 illam
306 956 386 983 etiam
416 954 606 989 protoplastum
628 950 821 985 supplantaret.
843 949 933 982 Itaque
952 946 1007 974 hoc

198 1003 289 1030 bruto
298 1002 382 1028 utitur
390 999 423 1027 ad
437 999 546 1026 insidias
569 996 720 1027 struendas,
733 999 761 1023 et
773 1002 821 1030 per
841 994 926 1029 ipsum
945 1001 1005 1020 mu-

201 1047 270 1074 llicri
295 1045 422 1081 loquitur,
444 1049 471 1072 et
492 1044 550 1071 ait:
565 1043 652 1075 Quare
672 1041 736 1068 dixit
759 1040 842 1071 Deus,
863 1038 906 1066 Ne
923 1046 1006 1065 come-

201 1092 276 1120 Διιιιιίε
284 1099 317 1119 ea:
330 1091 399 1118 omni
413 1091 482 1125 tigno
493 1088 562 1124 quod
574 1092 610 1115 est
622 1087 649 1114 in
664 1085 803 1122 paradiso?
818 1083 1004 1117 Considerate,

208 1138 331 1170 obsecro,
346 1135 517 1172 malignitatis
526 1133 725 1162 callidissimam
739 1130 921 1158 subtilitatem.
930 1128 1008 1156 Indu-

210 1183 247 1211 cit
268 1184 339 1210 enim
363 1182 466 1209 ratione
488 1179 604 1211 consilii,
627 1183 655 1205 et
676 1175 902 1211 interrogationis,
924 1175 1006 1202 etiam

212 1228 283 1265 quod
298 1229 380 1256 abeo
402 1227 503 1254 dictum
528 1232 581 1252 non
605 1229 673 1257 erat,
696 1222 772 1258 quasi
794 1221 896 1249 scilicet
913 1227 1005 1248 curam

213 1276 330 1311 ipsorum
346 1274 457 1301 haberet
470 1282 476 1300 :
494 1272 519 1299 id
530 1271 600 1306 quod
612 1269 769 1300 ostenditur,
776 1275 835 1296 cum
845 1267 930 1303 inquit
940 1275 946 1293 :
955 1266 1007 1294 Cur

212 1322 275 1348 dixit
290 1320 368 1354 Deus,
382 1319 423 1346 Ne
432 1318 569 1346 comedetis
587 1317 618 1344 de
636 1316 705 1344 omni
719 1315 787 1351 ligno
799 1314 910 1350 quodest
920 1314 946 1340 in
958 1322 1005 1349 pa-

212 1365 317 1394 radiso.’
340 1365 414 1400 quasi
438 1364 539 1391 diceret
559 1362 691 1398 malignus
712 1361 756 1388 ille
776 1359 882 1387 diemon
897 1368 903 1386 :
919 1359 1007 1393 Quare

214 1413 284 1440 Deus
299 1411 414 1446 privavit
425 1417 472 1437 vos
489 1412 561 1436 tanta
577 1406 723 1435 i'ruitione?
741 1413 790 1433 cur
810 1413 863 1432 non
885 1404 1007 1433 concedit

212 1462 242 1485 ut
251 1457 394 1494 participes
407 1456 465 1484 sitis
477 1455 607 1483 bonorum
622 1460 682 1488 qua:
695 1456 756 1479 sunt
769 1451 794 1478 in
806 1451 944 1487 paradiso;
959 1450 1006 1478 sed

211 1503 336 1539 prtcstitit
359 1502 467 1538 quidem
487 1504 516 1528 ut
528 1500 586 1528 visu
610 1498 774 1530 irucremini,
796 1504 849 1524 non
870 1501 959 1524 tamen
974 1503 1007 1524 eo

206 1550 264 1577 .frui
288 1549 360 1582 sinit,
375 1552 403 1576 et
421 1546 516 1582 majori
543 1545 679 1580 Voluptate
704 1541 848 1571 interdicit.
871 1541 923 1569 Cur
944 1542 1008 1568 dixit

202 1595 305 1623 ‘Deus?
314 1595 412 1628 Quare,
428 1593 524 1628 inquit,
540 1592 606 1619 hoc?
617 1599 677 1626 qua:
695 1590 793 1617 utilitas
806 1588 906 1616 versari
921 1588 947 1615 in
958 1595 1006 1623 pa-

215 1641 314 1672 radiso,
329 1645 356 1668 et
370 1647 423 1667 non
431 1638 481 1666 l‘rui
497 1638 538 1665 his
551 1645 611 1672 qum
624 1637 651 1664 in
667 1635 712 1663 illo
725 1639 797 1668 sunt,
809 1633 857 1661 sed
877 1633 938 1661 ideo
951 1640 1006 1660 tua.

211 1690 298 1723 iorem
323 1688 392 1714 ferre
411 1686 550 1716 dolorem,
569 1683 640 1719 quod
663 1686 784 1718 spectare
806 1680 913 1716 quidem
934 1679 1009 1706 vobis

214 1735 301 1767 liceat,
326 1733 378 1761 frui
396 1740 448 1760 non
470 1730 566 1759 liccat?
592 1730 686 1758 Vidisti
706 1727 842 1764 quomodo
854 1734 902 1762 per
915 1726 1006 1759 verba,

214 1780 349 1816 quasiper
369 1786 457 1807 escam
478 1778 550 1805 virus
569 1784 646 1804 suum
669 1773 804 1802 immittit?
818 1773 934 1801 Debebat
948 1780 1008 1799 mu-

199 1827 264 1854 ~lier
275 1833 307 1853 ex
320 1827 377 1861 ipso
391 1830 515 1860 aggressu
527 1821 690 1850 eminentem
701 1819 853 1854 c0njcctare
869 1818 1007 1851 malitiam,

218 1877 272 1898 tum
286 1862 356 1906 quod
368 1871 402 1898 de
418 1869 546 1897 industria
561 1875 622 1903 qua:
641 1874 695 1894 non
719 1871 795 1893 erant
818 1865 929 1898 diceret,
952 1869 1008 1891 tum

199 1918 287 1952 -quod
301 1916 375 1951 quasi
397 1922 488 1943 curam
510 1914 628 1949 ipsorum
650 1916 765 1947 gereret,
782 1915 810 1938 ut
831 1910 900 1938 scire
921 1913 1010 1944 posset

216 1971 275 1998 qua:
296 1963 347 1990 illis
359 1970 373 1988 a
390 1962 444 1989 Deo
465 1964 609 1996 pneccpta,
625 1963 652 1986 et
668 1959 707 1986 sic
720 1957 752 1985 ad
763 1956 1009 1993 prmvaricationcm

216 2011 286 2045 ipsus
300 2009 426 2036 traheret.
443 2007 522 2043 Igitur
533 2014 594 2034 cum
611 2009 703 2041 posset
725 2004 813 2032 statim
836 2004 1009 2038 imposturam

217 2057 319 2088 videre,
335 2059 362 2082 ct
380 2055 497 2082 aversari
521 2054 599 2081 verba
620 2053 658 2080 uti
674 2051 794 2086 nngacia,
810 2055 836 2078 ct
855 2050 970 2084 seipsam
984 2049 1009 2076 in

204 2106 314 2128 .tantam
337 2100 464 2126 vilitatem
481 2106 533 2126 non
547 2097 673 2132 dejicere.
687 2096 782 2123 noluit.
795 2095 951 2130 Oportebat,
967 2094 1009 2120 in—

204 2146 392 2181 vquaui,inilio
405 2145 567 2179 colloquium
583 2143 652 2170 illius
675 2151 726 2169 non
748 2142 827 2174 i'crrc,
845 2141 892 2168 sed
910 2141 946 2167 illi
960 2140 1010 2168 soli

219 2191 300 2226 loqui,
314 2195 421 2225 propter
435 2193 562 2225 quem,et
577 2189 603 2216 in
619 2188 694 2222 cujus
709 2187 868 2222 adjutorium
884 2185 1010 2220 producta

218 2241 284 2268 erat,
300 2236 430 2270 particeps
441 2234 575 2270 dignitatis
590 2234 660 2260 illius
673 2233 750 2260 facta.
765 2232 831 2266 Quia
845 2236 945 2263 autem,
961 2239 1009 2259 ne-

218 2282 272 2309 seio
283 2280 417 2316 quomodo
431 2280 535 2312 allccta,
549 2279 708 2314 colloquium
734 2277 865 2313 serpentis
883 2277 953 2310 tulit,
964 2284 1011 2312 per

218 2335 296 2362 quem
310 2348 317 2359 ,
342 2331 371 2354 ut
392 2327 612 2357 instrumentum,
639 2324 786 2360 perniciOSa
808 2324 906 2351 diaboli
928 2324 1011 2351 verba

218 2373 344 2408 suscepit,
354 2380 499 2408 congruum
512 2375 570 2399 crat
578 2372 667 2398 statim
680 2378 741 2398 cum
752 2370 867 2397 disceret
879 2377 910 2396 ex
923 2369 1011 2397 verbis

215 2422 284 2455 ejus,
300 2428 359 2447 esse
374 2419 416 2446 illa
428 2427 488 2446 cum
505 2419 617 2445 veritate
630 2417 772 2452 pugnantia
786 2421 813 2444 et
831 2416 882 2443 alia
904 2415 1011 2450 qtndent

216 2466 386 2493 Conditorem
412 2465 567 2500 imperasse,
592 2463 643 2491 alia
665 2466 754 2490 autem
779 2461 863 2493 illum,
887 2467 914 2489 ct
934 2462 1012 2496 plane

216 2512 350 2538 contraria
365 2511 419 2537 Deo
441 2510 540 2542 dicere,
553 2513 582 2537 ut
595 2509 651 2544 ipsa
674 2512 852 2539 aversaretur,
868 2512 894 2534 et
909 2506 1012 2542 fugeret

218 2556 290 2582 illius
312 2554 531 2582 consuetudinem
544 2574 551 2586 ,
576 2553 827 2588 abominareturqne
847 2553 920 2579 illum
934 2572 940 2583 ,
958 2551 1012 2588 qui

218 2602 345 2636 linguam,
360 2606 450 2628 contra
465 2600 555 2627 datum
567 2600 618 2628 illis
638 2599 791 2627 mandatum
810 2605 906 2625 acuere
929 2597 1012 2625 audc-

218 2651 267 2672 ret.
285 2646 382 2673 Verum
393 2646 454 2680 quia
467 2654 519 2680 pra:
535 2653 628 2681 magna
641 2644 799 2680 negligentia
815 2651 868 2670 non
886 2643 1010 2670 attende-

219 2692 276 2725 bat,
290 2699 343 2719 non
370 2692 455 2719 solum
478 2700 531 2719 non
553 2697 595 2719 cst
620 2692 692 2719 illum
716 2694 846 2722 aversata,
862 2689 908 2716 sed
933 2696 1012 2716 omne

217 2736 372 2764 mandatum
397 2737 434 2764 illi
455 2737 565 2770 detexit,
581 2741 608 2765 ct
622 2744 704 2772 porco
727 2735 883 2771 margaritas
902 2733 1009 2769 objecit,

219 2782 390 2822 implevitque
400 2783 469 2819 quod
481 2791 496 2810 a
509 2783 617 2811 Christo
638 2783 738 2809 dictum
759 2786 800 2808 est
816 2789 823 2807 :
841 2779 882 2808 Nc
906 2780 1011 2806 niittalis

211 2831 476 2864 annoyarjtasrestras
488 2836 545 2856 ante
558 2835 658 2864 porcos,
676 2836 706 2854 ne
712 2829 782 2862 forte
795 2826 939 2854 conudcent
952 2825 1010 2852 illas

584 118 612 146 S.
632 115 771 144 JOANNIS
790 113 1027 142 οιιῐιγςοςτοιιι
1046 114 1204 142 ΑἶῖίῖΙίΙΕΡ.
1227 114 1490 142 CONSTANTINOP.

1796 114 1852 143 1‘23

1060 172 1164 208 pedibus
1179 172 1241 203 suis,
1254 176 1278 198 et
1290 172 1401 200 conversi
1414 180 1456 200 vos
1472 172 1629 206 disrmnpant
1642 171 1747 206 (Matth.
1763 172 1788 199 7.
1801 173 1828 206 6)
1842 182 1848 199 ε

1059 217 1085 244 id
1101 218 1170 252 quod
1186 222 1213 245 et
1224 217 1266 245 hic
1277 218 1376 246 factum
1390 223 1440 245 est.
1456 218 1584 252 Appnsnit
1598 217 1668 244 enim
1682 224 1773 252 porco,
1790 217 1852 244 huic

1059 263 1136 290 malm
1157 263 1258 296 bestiae,
1280 263 1394 291 dwmoni
1410 263 1604 297 -videlicet,»qui
1621 270 1675 298 .per
1697 267 1851 297 serpentem

1059 309 1229 343 operabatur,
1257 309 1361 337 divinas
1385 309 1551 344 margaritas,
1569 313 1596 336 et
1611 315 1663 335 non
1685 308 1773 335 solum
1793 308 1852 334 illas

1058 354 1233 387 conculcavit,
1249 359 1276 381 et
1291 354 1368 382 dictis
1388 362 1417 382 se
1438 354 1571 389 opposuit,
1587 353 1634 381 sed
1650 358 1678 381 et
1694 361 1851 384 conversus,

1059 407 1111 426 non
1132 400 1216 434 ipsam
1237 400 1335 433 solum,
1349 399 1396 427 sed
1410 407 1470 427 cum
1486 400 1542 435 ipsa
1557 400 1743 434 primigeninm
1767 400 1854 426 homi-

1059 454 1118 474 nem
1141 454 1247 482 quoque
1268 447 1293 474 in
1310 447 1483 483 praecipitium
1505 447 1691 475 inobcdicntia:
1714 447 1849 481 perduxit.

1058 493 1171 520 Tantum
1198 493 1296 520 malum
1315 499 1362 521 est
1377 493 1478 528 absque
1492 493 1595 520 delectu
1610 493 1695 520 cuivis
1708 497 1735 520 et
1751 493 1852 528 promi-

1058 546 1121 566 scue
1140 539 1229 567 divina
1251 540 1374 576 mysteria
1385 540 1519 575 detegere.
1532 539 1650 567 Audiant
1664 539 1709 574 qui
1723 540 1782 566 sine
1793 540 1854 566 dis-

1057 585 1169 612 crimine
1195 585 1351 621 simpliciter
1367 592 1427 613 cum
1442 585 1567 613 omnibus
1587 585 1784 619 colloquuntur.
1797 584 1851 612 Ne.

1058 639 1109 666 quc
1119 632 1191 658 enim
1212 631 1247 659 ibi
1271 632 1394 659 Christus
1413 631 1446 663 de
1467 631 1585 659 sensibili
1609 639 1690 667 porco
1714 631 1850 667 pra‘cepit,

1058 677 1104 704 sed
1116 677 1239 705 homines
1261 678 1377 712 porcinis
1398 678 1518 706 moribus
1540 678 1699 712 subindicat,
1715 678 1760 714 qui
1782 678 1852 706 sicut

1059 723 1135 751 bruta
1150 723 1192 751 illa
1209 724 1236 751 in
1251 724 1351 758 peccati
1365 724 1422 752 luto
1440 723 1621 756 involvuntur,
1635 723 1735 751 docens
1749 731 1807 756 nos,
1823 728 1852 751 nt

1059 776 1234 804 personarum
1246 769 1425 797 diversitatem
1440 769 1638 805 dignoscemus,
1652 774 1679 797 et
1694 770 1753 797 vita:
1768 769 1851 796 ratio-

1057 821 1107 841 nes
1121 814 1295 849 inquiramus,
1308 814 1414 850 quando
1433 814 1534 850 aliquid
1557 814 1707 842 divinorum
1730 814 1851 849 eloquio<

1054 867 1118 888 rum
1133 868 1270 895 exponere
1279 868 1352 895 opus
1364 860 1458 894 fuerit,
1475 868 1508 888 nc
1518 866 1545 888 et
1561 861 1620 888 illos
1635 865 1662 888 et
1676 862 1852 896 nosmetipsos

1059 906 1197 934 L'edamus.
1213 906 1278 933 Nam
1293 907 1338 942 qui
1352 906 1418 935 tales
1428 911 1499 940 sunt,
1516 914 1568 934 non
1587 906 1672 934 solum
1696 907 1762 934 nihil
1786 907 1852 935 lucri

1059 959 1092 979 ex
1105 951 1184 979 dictis
1202 953 1319 987 capiunt,
1336 952 1383 980 sed
1397 956 1425 980 ot
1436 959 1484 980 eos
1493 953 1538 987 qui
1552 952 1635 980 bonas
1651 952 1709 979 illas
1723 952 1852 987 margari-

1056 1001 1099 1024 tas
1113 998 1214 1032 absque
1228 997 1412 1033 disquisitione
1431 998 1483 1026 illis
1499 1002 1708 1034 proposuerant,
1724 1005 1813 1025 secum
1826 998 1852 1025 ia

1059 1050 1115 1070 sua:
1128 1043 1285 1078 perditionis
1299 1043 1459 1078 profundum
1474 1051 1546 1078 smpe
1570 1048 1764 1079 pertraxerunt.
1790 1043 1853 1071 Ideo

1057 1097 1118 1117 cuin
1140 1089 1276 1125 diligentia
1300 1090 1465 1118 observanda
1487 1095 1550 1118 sunt
1564 1090 1631 1123 hmo,
1647 1098 1681 1118 ne
1695 1090 1788 1118 eadem
1803 1097 1852 1125 pa-

1059 1136 1156 1163 tiamur
1165 1143 1224 1171 qua:
1237 1136 1273 1163 illi
1285 1136 1331 1171 qui
1345 1135 1389 1164 hic
1401 1136 1506 1171 decepti
1528 1141 1600 1164 sunt.
1625 1135 1690 1164 Nam
1706 1140 1734 1164 et
1747 1144 1817 1164 nunc
1830 1137 1851 1163 si

1059 1182 1187 1210 voluisset
1207 1183 1303 1210 mulier
1325 1190 1378 1210 non
1403 1190 1554 1218 proponere
1579 1183 1735 1219 margaritas
1759 1190 1851 1217 porco.

1060 1235 1146 1262 neque
1161 1228 1217 1263 ipsa
1230 1228 1256 1254 in
1278 1227 1453 1263 prmoipitium
1477 1227 1585 1261 ruisset,
1597 1235 1684 1263 neque
1706 1227 1790 1255 virum
1806 1235 1851 1255 sc-

1058 1280 1119 1300 cum
1136 1275 1268 1302 traxisset.

1094 1320 1121 1348 3.
1141 1320 1192 1347 Sed
1212 1320 1350 1348 audiamus
1364 1320 1427 1356 quid
1443 1321 1478 1348 illi
1494 1320 1663 1356 respondeat.
1688 1320 1754 1348 Nam
1767 1325 1796 1348 ut
1810 1321 1852 1348 di-

1059 1369 1144 1398 xerat,
1159 1365 1210 1393 Cur
1222 1365 1286 1392 dixit
1298 1365 1378 1400 Deus,
1392 1365 1431 1394 De
1440 1366 1508 1393 omni
1519 1366 1587 1402 ligno
1603 1367 1716 1401 paradisi
1728 1375 1760 1394 ne
1771 1374 1854 1394 come-

1060 1411 1147 1438 datis?
1159 1411 1244 1446 inquit
1256 1411 1351 1439 mulier
1361 1412 1478 1446 serpenti
1496 1421 1501 1438 :
1515 1412 1543 1439 2,
1556 1412 1594 1439 De
1608 1412 1676 1439 omni
1689 1412 1758 1448 ligno
1777 1421 1852 1447 para-

1059 1457 1109 1484 disi
1122 1457 1290 1490 comedimus;
1313 1458 1338 1485 5.
1356 1458 1388 1484 de
1401 1459 1485 1492 fructu
1498 1463 1582 1485 autem
1600 1458 1671 1493 ligni,
1692 1458 1761 1493 quod
1774 1464 1809 1485 ut
1826 1458 1853 1484 in

1059 1504 1141 1530 medio
1160 1503 1283 1539 paradisi,
1310 1503 1373 1530 dixit
1393 1503 1472 1536 Deus,
1494 1511 1524 1530 ne
1542 1503 1688 1535 comedetis,
1701 1511 1778 1538 neque
1791 1504 1853 1529 atti-

1059 1549 1144 1584 geritis
1158 1549 1252 1583 ipsum,
1264 1553 1290 1575 ut
1305 1557 1355 1575 non
1367 1548 1521 1576 moriemini.
1533 1547 1626 1577 Vidisti
1644 1548 1855 1583 malignitatem?

1061 1593 1133 1621 Dixit
1146 1593 1218 1628 quod
1232 1601 1283 1621 non
1298 1598 1366 1626 erat,
1381 1597 1411 1621 ut
1423 1593 1449 1620 in
1465 1593 1625 1628 colloquium
1640 1598 1806 1628 provocat-et,
1827 1598 1854 1620 et

1060 1639 1177 1666 disceret
1195 1639 1220 1666 id
1239 1638 1310 1674 quod
1333 1643 1400 1666 erat.
1416 1638 1509 1666 Mulier
1525 1639 1596 1666 enim
1611 1643 1703 1674 postca
1717 1638 1852 1666 conﬁdens

1061 1684 1135 1719 quasi
1149 1684 1279 1712 benevole
1292 1691 1354 1720 erga
1367 1691 1396 1711 se
1409 1683 1518 1712 edoctus
1530 1689 1612 1716 esset,
1639 1688 1722 1712 totum
1741 1683 1854 1711 manda-

1062 1735 1117 1756 tum
1139 1729 1258 1763 detexit,
1285 1730 1478 1765 diligenterque
1503 1729 1638 1757 recensuit
1649 1729 1748 1762 omnia,
1770 1735 1798 1757 et
1811 1737 1855 1757 re—

1061 1781 1160 1809 sponso
1176 1782 1226 1802 suo
1244 1783 1351 1803 omnem
1370 1775 1526 1810 sibimetipsi
1540 1775 1720 1803 defensionem
1734 1775 1853 1803 abstulit.

1061 1820 1130 1854 Quid
1145 1821 1217 1848 enitn
1231 1825 1306 1856 potes
1317 1821 1417 1855 dicere,
1433 1829 1450 1849 o
1463 1821 1577 1849 mulier?
1599 1821 1671 1849 Dixit
1692 1821 1761 1848 Deus
1777 1822 1796 1854 ι,
1813 1821 1855 1848 Ne

1061 1867 1199 1895 comedam
1213 1867 1245 1894 de
1258 1867 1326 1894 omni
1336 1867 1404 1902 ligno
1416 1867 1483 1901 quod
1498 1872 1533 1894 est
1549 1867 1576 1894 in
1589 1867 1717 1902 paradiso.
1742 1867 1855 1902 Oporto-

1062 1912 1107 1940 bat
1129 1916 1155 1940 te
1174 1912 1291 1939 aversari
1315 1919 1386 1944 eum,
1401 1912 1446 1947 qui
1469 1912 1574 1940 diversa
1590 1920 1604 1938 a
1621 1912 1675 1939 Deo
1688 1912 1801 1944 dixerat,
1827 1917 1855 1940 α

1061 1958 1152 1986 dicere
1179 1966 1186 1984 :
1210 1959 1310 1993 Apage,
1332 1958 1463 1993 impostor
1475 1966 1504 1986 es
1520 1962 1558 1990 tu,
1581 1959 1667 1986 neseis
1681 1966 1766 1993 noque
1778 1966 1854 1985 man—

1062 2005 1117 2032 dati
1138 2004 1215 2032 nobis
1237 2005 1292 2032 dati
1316 2005 1480 2040 potentiam,
1509 2012 1596 2039 neque
1610 2004 1716 2040 quantis
1731 2004 1854 2038 fruimur,

1063 2057 1151 2086 neque
1163 2051 1266 2086 copiam
1279 2057 1373 2078 eorum
1395 2057 1454 2085 qua:
1469 2050 1546 2077 nobis
1565 2050 1776 2085 suppeditantur.
1787 2050 1854 2078 Nam

1064 2101 1092 2124 tu
1111 2096 1216 2132 quidem
1237 2097 1277 2123 ais
1291 2096 1373 2124 Deum
1388 2095 1496 2128 dixisse,
1522 2096 1624 2123 nullum
1645 2103 1693 2123 nos
1715 2096 1856 2131 degustare

1063 2141 1162 2169 debere
1179 2142 1278 2177 lignum
1292 2150 1299 2174 ;
1323 2141 1450 2169 Dominus
1470 2146 1557 2169 autent
1572 2146 1600 2168 et
1613 2141 1741 2168 Conditor
1755 2141 1790 2168 ob
1799 2141 1855 2168 im-

1064 2196 1183 2216 mensam
1197 2195 1272 2216 suatn
1286 2187 1431 2215 bonitatem
1445 2188 1522 2215 nobis
1533 2187 1653 2222 permisit
1666 2187 1727 2220 l'rui,
1739 2192 1767 2214 ct
1778 2192 1855 2222 pote-

1063 2239 1159 2263 statem
1183 2234 1283 2262 habere
1303 2235 1440 2266 omnium;
1460 2234 1494 2261 ab
1517 2241 1570 2260 uno
1598 2237 1697 2260 tantum
1720 2233 1856 2260 abstinere

1061 2281 1150 2316 jussit,
1177 2280 1257 2315 idque
1283 2280 1359 2307 nobis
1382 2279 1535 2312 consulens,
1559 2283 1588 2306 ut
1610 2287 1642 2305 ne
1661 2283 1767 2314 gustato
1793 2278 1853 2310 illo,

1063 2333 1150 2355 morte
1164 2326 1392 2354 occumberemus.
1412 2326 1568 2361 Oportebat,
1585 2326 1607 2352 si
1622 2325 1728 2360 quidem
1739 2325 1855 2360 prudens

1064 2374 1166 2406 inisset,
1191 2373 1232 2401 his
1253 2373 1329 2400 dictis
1349 2373 1422 2400 illum
1443 2372 1552 2399 omnino
1573 2371 1708 2406 aversari,
1735 2371 1855 2406 nihilque

1064 2420 1133 2447 ultra
1154 2419 1190 2446 illi
1214 2419 1300 2453 loqui,
1322 2425 1407 2453 neque
1419 2417 1511 2444 audire
1529 2416 1684 2452 loquentem
1702 2425 1708 2443 :
1725 2416 1853 2448 scdista,

1065 2466 1184 2494 revelato
1206 2469 1355 2500 pl‘a'cepto,
1379 2468 1408 2491 et
1433 2463 1548 2490 narratis
1574 2463 1621 2490 Dei
1644 2463 1751 2496 verbis,
1780 2462 1853 2490 aliud

1063 2511 1196 2540 letiferum
1217 2514 1245 2538 cl
1270 2510 1447 2544 perniciosum
1467 2509 1607 2536 consilium
1629 2509 1664 2535 ab
1684 2508 1730 2536 ilio
1748 2507 1853 2542 accipit.

1064 2558 1128 2586 Nam
1142 2561 1284 2593 postquam
1297 2555 1364 2584 dixit
1377 2556 1472 2582 mulier
1497 2564 1503 2582 :
1527 2554 1567 2581 De
1581 2556 1649 2581 omni
1661 2555 1730 2590 ligna
1743 2554 1855 2589 paradisi

1063 2605 1171 2636 edimus,
1190 2603 1222 2630 de
1243 2604 1327 2639 fructu
1343 2606 1427 2629 autem
1448 2601 1511 2636 ligni
1532 2600 1599 2635 quod
1617 2600 1695 2628 estin
1715 2600 1796 2626 medio
1809 2607 1855 2634 pa-

1064 2652 1153 2683 radisi,
1178 2651 1244 2679 dixit
1266 2649 1348 2684 Deus,
1372 2657 1402 2676 ne
1418 2649 1556 2676 comedetis
1574 2656 1606 2675 ea:
1621 2647 1679 2678 illo,
1700 2654 1778 2682 neque
1794 2646 1855 2672 atti-

1063 2699 1149 2734 geritis
1161 2698 1254 2733 ipsum,
1280 2705 1311 2724 ne
1324 2695 1486 2728 moriemini,-
1504 2695 1601 2722 iterum
1622 2693 1752 2728 malignus
1761 2692 1853 2719 salutis

1096 2797 1103 2812 '
1116 2797 1190 2822 Savil.
1202 2795 1270 2830 addit
1280 2796 1434 2830 ln‘margiue,
1449 2801 1522 2826 quare
1538 2794 1570 2825 (τί
1583 2793 1639 2825 ὃτι),
1651 2792 1852 2818 sententiamque

1065 2827 1244 2859 interrogative
1256 2826 1395 2858 distinguit.
