2060 3122
192 121 240 148 ἱῗὶὶ

191 183 288 205 ιιυδιιω
310 177 436 205 inimicus
463 175 624 203 contrarium
651 174 703 201 Deo
729 174 869 201 consilium
895 172 981 200 all‘crt.

191 225 293 259 Uuippe
313 231 375 251 cum
397 223 524 257 benignus
547 222 615 248 Deus
630 220 664 248 ob
688 227 810 254 magnam
833 219 915 246 nostri
937 227 984 246 cu-

192 278 247 296 ram
274 269 308 296 de
330 269 402 304 ligno
419 275 524 295 sumere
538 265 712 302 prohibuerit,
736 269 765 292 ut
778 273 811 292 nc
825 272 873 299 per
891 264 984 292 iuobe-

191 316 317 344 dieutiam
340 314 467 342 mortales
483 313 607 341 lieremus
631 321 638 340 :
665 312 711 339 lllc
728 311 793 339 dicit
813 311 918 339 mulieri
934 319 942 338 :
956 313 982 339 4.

192 361 254 388 Non
277 366 355 388 morte
372 358 522 386 moriemini.
547 358 623 392 Quali
646 357 722 384 venia
744 357 895 392 dignabitur
916 357 986 385 ullus

192 407 340 438 mulierem,
360 405 434 440 quod
445 405 554 432 omnino
566 411 645 431 aures
663 404 797 437 aperuerit
811 408 864 430 tam
876 403 985 431 audacia

191 451 309 478 dicenti?
343 450 409 477 Nam
441 458 501 477 cum
528 450 596 477 Detts
626 449 734 481 dixerit,
763 448 801 476 Ne
827 448 982 481 contedatis,

193 504 223 525 ut
250 505 283 525 ue
299 496 449 524 utoriatuiui
465 505 470 522 :
487 496 531 524 ille
551 495 645 530 inquit,
664 495 723 521 Non
737 499 816 521 morte
834 494 983 521 moriemini.

193 543 260 570 Dein
283 550 334 569 non
353 547 495 569 contentus
514 541 646 568 contraria
663 541 741 568 dictis
762 541 809 567 Dei
832 540 982 574 protulisse,

190 589 297 615 incusat
321 595 381 615 eum
410 588 491 614 etiam
515 593 542 614 ut
567 586 684 613 invidum
698 586 843 620 Opiﬁcem,
869 593 922 621 quo
945 586 985 614 sic

191 634 311 661 fraudem
336 633 462 661 inducere
486 637 591 668 posset.
627 638 654 660 et
683 632 850 667 supplantata
873 632 983 659 muliere

172 673 356 714 'propositum
381 687 458 707 suum
480 680 610 713 impleret.
643 678 704 705 Non
732 683 811 706 morte
832 678 982 704 moriemini.

190 727 218 753 :‘5.
240 726 339 754 Sciebat
360 727 426 753 enim
443 726 521 759 Deus,
543 726 610 760 quod
629 733 786 760 quocuntque
798 725 838 751 die
851 724 984 751 comedetis

191 782 223 800 ea:
232 781 272 805 eo,
286 772 431 807 aperientur
445 772 512 798 oculi
525 771 609 804 vestri,
625 776 648 797 et
661 770 732 797 eritis
744 771 808 797 sicut
821 770 866 802 dii,
880 770 984 796 scientes

192 820 283 845 bonum
302 824 325 844 et
345 817 449 843 malum.
469 817 537 844 Ecce
561 821 640 843 totatu
662 824 752 843 escam
768 826 774 842 :
789 816 898 843 calicem
913 815 984 842 enim

193 865 342 899 pernicioso
357 872 461 891 veneno
477 864 583 898 plenum
600 863 705 890 mulieri
729 862 821 894 dedit,
845 870 903 896 qum
925 862 984 889 lcti-

193 913 275 938 l‘erum
289 910 339 938 hoc
353 918 412 938 esse
424 911 514 938 videre
529 910 622 937 nolens
640 919 646 936 :
664 914 766 944 poterat
781 909 851 936 enim
862 930 869 942 ,
895 909 917 936 si
940 916 985 935 vo-

193 957 296 989 htisset,
315 957 348 984 ab
361 956 436 983 initio
453 956 502 984 hoc
514 956 601 988 scire;
622 955 669 983 scd
692 960 717 982 ttt
741 955 842 982 audivit
862 955 896 982 ab
921 955 982 988 illo,

191 1002 263 1037 quod
285 1002 344 1030 ideo
357 1010 431 1029 csum
445 1001 516 1029 hunc
529 1001 709 1036 prohibuisset
722 1001 800 1034 Deus,
823 1001 883 1034 quia
904 1001 986 1028 sciret

191 1048 284 1074 oculos
303 1047 421 1082 ipsorum
434 1047 602 1081 aperiendus,
618 1054 718 1081 eosque
738 1047 806 1073 sicut
824 1046 888 1073 deos
911 1046 983 1080 fore,

191 1094 308 1120 scientes
327 1093 426 1120 bonurn
440 1098 467 1120 ct
481 1093 578 1120 utalqu
595 1101 602 1119 ε
619 1092 757 1127 a'quandae
769 1091 914 1119 divinitatis
937 1099 986 1127 spe

192 1138 293 1171 iullata,
318 1146 411 1173 magna
437 1139 558 1173 quiedam
582 1146 673 1166 secum
703 1138 878 1173 concipiebat.
906 1138 985 1166 Tales

191 1184 264 1210 etiim
288 1189 350 1211 sunt
370 1184 579 1211 machinationes
604 1184 720 1217 inimici,
748 1188 777 1211 ut
804 1184 909 1219 quando
939 1191 986 1219 per

191 1229 376 1263 deccptioncm
401 1230 427 1256 in
450 1229 565 1256 sublime
588 1229 761 1262 subduxerit,
778 1229 883 1257 tandem
906 1234 933 1257 et
959 1230 984 1257 in

192 1274 352 1308 profundum
366 1282 414 1309 per
429 1281 548 1309 prmceps
563 1274 679 1308 dejiciat.
704 1274 786 1309 l5itur
808 1278 838 1301 ut
855 1275 984 1309 aequalem

190 1327 222 1346 se
235 1320 292 1347 fore
316 1320 369 1347 Deo
388 1320 530 1354 imaginata
555 1324 605 1351 est,
629 1320 662 1347 ad
676 1328 750 1348 csum
773 1321 935 1356 properavit,
958 1326 986 1348 ct

191 1366 255 1393 illuc
278 1372 369 1401 postea
390 1366 449 1393 ﬁxit
471 1370 499 1394 et
519 1367 708 1401 cogitationem
730 1371 757 1394 et
777 1371 893 1394 tuentem
923 1376 930 1395 :
957 1372 985 1395 ct

190 1411 259 1438 nillil
281 1412 351 1439 aliud
371 1413 556 1440 considerabat
584 1421 663 1447 quam
689 1419 717 1439 ut
739 1413 848 1440 calicem
870 1421 885 1440 a
907 1413 984 1441 mali-

190 1466 245 1492 gno
256 1458 376 1485 dmmone
390 1462 565 1492 temperatum
586 1462 715 1494 epotaret.
729 1458 794 1485 Nam
816 1458 886 1494 quod
907 1466 983 1486 acce-

191 1509 238 1538 pto
255 1504 406 1540 pernicioso
424 1505 471 1532 illo
494 1505 643 1540 scrpentini
666 1505 769 1533 consilii
793 1513 904 1538 veneno,
932 1506 985 1534 tale

191 1550 240 1582 ipsi
256 1550 372 1577 studiutn
388 1550 477 1584 fuerit,
508 1551 570 1578 audi
590 1551 754 1586 Scripturam
779 1551 909 1578 dicentem
926 1560 932 1578 ς
955 1551 983 1578 6.

193 1595 225 1621 Et
238 1595 299 1621 vidit
311 1596 400 1622 mulier
411 1596 478 1631 quod
488 1595 581 1623 bonum
593 1601 655 1623 esset
666 1597 763 1631 lignum
777 1595 811 1622 ad
825 1596 982 1629 vescendum,

191 1645 213 1666 ει
227 1645 327 1674 gratum
341 1639 421 1666 oculis
434 1640 468 1666 nd
477 1640 620 1674 videndum,
633 1642 819 1676 formosumqne
830 1641 864 1667 ad
875 1646 986 1668 contem-

192 1686 314 1720 plandum
329 1694 338 1713 :
351 1691 373 1713 et
386 1687 481 1721 accepit
494 1688 525 1713 de
539 1689 623 1721 fructu
647 1687 717 1714 illitis
736 1692 759 1714 et
784 1687 900 1714 comedit.
914 1687 984 1715 Vere

191 1731 361 1766 Corrumpunt
377 1731 455 1758 bonos
470 1740 550 1759 mares
571 1732 697 1767 colloquia
717 1740 794 1767 praua
810 1733 847 1767 (l.
863 1732 923 1759 Cor.
939 1733 982 1760 15.

191 1777 357 1812 55)..Quare
371 1777 442 1804 enim
461 1785 512 1805 non
528 1783 590 1805 ante
604 1778 766 1805 diabolicum
789 1778 930 1806 consilium
946 1779 982 1806 illi

192 1823 245 1850 tale
266 1823 330 1858 quid
356 1823 382 1851 in
407 1829 522 1851 mentem
544 1824 626 1856 venit,
652 1832 702 1852 ttec
715 1825 815 1859 lignum
831 1825 881 1855 hoc
896 1825 984 1853 consi-

191 1868 303 1902 deravit,
318 1877 367 1897 nec
381 1869 439 1904 ejus
452 1870 674 1905 pulchritttdincm
691 1870 775 1898 vidit?
794 1871 859 1905 Quia
876 1871 983 1899 timebat

192 1914 344 1942 mandatum
367 1915 433 1948 Dei,
459 1921 486 1944 et
508 1915 733 1951 subsequuturum
755 1924 786 1944 ex
811 1925 858 1945 esu
881 1918 982 1953 suppli-

192 1961 260 1988 cium
274 1969 361 1988 :nunc
373 1966 461 1989 autem
477 1966 614 1997 postquam
630 1970 644 1989 a
659 1962 727 1989 mala
743 1962 793 1990 hac
807 1963 891 1990 bestia
904 1963 983 1990 dece-

193 2011 236 2040 pta
253 2011 303 2039 est,
327 2007 362 2034 ita
375 2012 403 2034 ut
417 2007 540 2034 crederet
559 2015 612 2035 non
638 2008 724 2035 solum
740 2008 804 2035 nihil
818 2008 908 2036 damni
922 2008 983 2036 hinc

193 2059 326 2086 passuros,
339 2052 386 2079 sed
399 2056 426 2079 et
440 2053 494 2080 Deo
508 2053 625 2087 :equales
638 2061 698 2080 esse
712 2053 823 2087 futuros,
834 2058 897 2081 tunc
910 2055 981 2082 illam

193 2104 252 2132 spes
263 2097 446 2132 promissionis
460 2098 492 2125 ad
507 2098 665 2126 sumendum
676 2099 763 2127 cibum
777 2099 881 2134 impulit
903 2109 910 2127 :
934 2108 982 2128 ne-

192 2150 242 2176 que
257 2144 325 2169 intra
337 2149 399 2169 suos
410 2142 508 2170 limites
528 2149 664 2176 contenta,
687 2144 734 2172 sed
748 2144 856 2172 inimico
872 2149 898 2172 et
911 2145 981 2172 hosti

191 2187 284 2215 salutis
311 2192 408 2215 nostra:
424 2188 550 2223 majorem
567 2189 644 2216 [idem
659 2189 770 2222 habens,
792 2198 871 2225 quam
893 2191 982 2219 verbis

193 2235 237 2263 Dei
251 2245 258 2263 :
275 2237 437 2272 experientia
456 2245 503 2265 sua
525 2246 578 2265 non
601 2239 685 2266 multo
700 2244 758 2273 post
770 2239 862 2266 didicit
876 2240 981 2267 consilii

193 2283 347 2316 pemiciem,
366 2289 393 2310 et
412 2289 508 2318 quanta
524 2284 661 2311 calamitas
691 2285 762 2318 ipsos
782 2285 981 2320 dcprehensura

190 2332 270 2354 esset.
293 2327 358 2355 Nam
371 2328 404 2356 Ut
418 2330 488 2361 vidit,
504 2329 598 2364 inquit,
615 2330 682 2365 quod
699 2330 796 2365 lignum
814 2335 874 2357 esset
889 2331 981 2358 bonum

190 2372 223 2399 ad
243 2373 401 2406 vescendum,
421 2379 444 2401 et
461 2375 528 2408 quod
542 2375 621 2402 oculis
635 2380 736 2410 gratum
745 2376 779 2402 ad
791 2376 937 2409 videndum,
958 2382 981 2402 et

191 2417 330 2450 formosum
342 2420 377 2446 ad
397 2420 629 2455 contemplandum,
649 2421 774 2456 cogitavit
792 2429 894 2454 secum,
913 2421 981 2449 forte

189 2472 221 2491 ex
240 2464 339 2492 diaboli
353 2465 520 2500 deceptione,
538 2475 617 2502 quam
632 2475 679 2502 per
689 2473 839 2502 serpentem
853 2469 897 2496 ille
916 2469 980 2496 all'e-

190 2509 265 2536 rebat
288 2519 295 2537 :
312 2510 340 2538 Si
358 2515 385 2538 ct
403 2512 437 2539 ad
452 2513 612 2539 vescendum
628 2513 725 2540 bonum
738 2518 779 2541 est
792 2514 902 2549 lignum,
917 2515 979 2542 etsi

189 2560 290 2582 tantum
301 2556 393 2584 Oculos
407 2557 541 2585 oblectare
552 2563 649 2593 potest,
663 2563 691 2586 et
704 2559 900 2594 pulchritudine
913 2568 981 2596 pra:-

189 2600 272 2628 ditum
290 2606 332 2629 est
354 2601 491 2635 ineﬁ‘abili,
511 2603 532 2630 si
554 2603 633 2631 etiam
645 2604 704 2639 ejus
717 2605 832 2639 sumptio
846 2612 979 2634 summum

190 2645 266 2673 nobis
291 2646 423 2681 przebebit
447 2647 594 2681 honorem,
625 2654 651 2676 et
681 2649 837 2677 habebimus
859 2650 980 2678 eamdem

189 2698 268 2725 quam
291 2691 420 2720 Conditor
442 2691 608 2728 dignitatem,
631 2701 713 2729 quare
736 2702 790 2722 non
812 2703 981 2724 sumeremus

190 2736 284 2763 dcent
577 2772 582 2779 ν

223 2783 250 2809 4.
272 2782 366 2811 Vidisti
380 2783 518 2816 quomodo
533 2784 603 2812 illam
616 2783 736 2813 diabolus
749 2786 879 2821 captivam
895 2786 978 2819 duxit,

195 2833 220 2856 et
239 2830 331 2857 allcxit
348 2830 516 2858 ratiocinium
540 2831 614 2866 ejus,
640 2831 752 2868 fecitque
774 2837 804 2861 ut
820 2841 879 2869 qua:
899 2842 977 2872 supra

742 117 775 145 ΙΝ
793 116 908 145 (J;\l‘.|l.
930 116 1053 144 GENES.
1076 117 1189 145 llU.\llL.
1213 116 1281 144 ΧῊ.

1782 118 1836 145 tm.

1041 180 1116 199 suam
1141 172 1296 207 dignitatem
1321 178 1398 200 erant
1420 180 1514 208 sapere
1539 173 1658 206 auderet,
1673 182 1723 209 qui.
1739 175 1828 202 llllltllzi

1038 225 1086 251 spe
1105 225 1183 251 vana,
1212 218 1246 245 ab
1268 217 1309 245 his
1331 225 1438 253 quoque
1460 226 1519 253 qua:
1544 219 1593 254 ipsi
1609 228 1735 247 concessa
1754 227 1835 247 erant.

1038 262 1197 290 excideret?
1212 262 1244 290 Et
1258 264 1354 298 accepit
1367 263 1398 291 de
1414 265 1497 299 [ructu
1515 265 1592 298 illius,
1612 271 1635 292 et
1656 267 1764 293 comedit
1779 275 1789 293 ι
1807 275 1830 294 ct

1038 308 1106 335 dedit
1125 309 1202 335 etiam
1218 309 1271 336 viro
1289 317 1344 341 suo,
1360 314 1383 336 ct
1399 310 1556 337 comederunt
1572 319 1581 337 :
1595 311 1620 338 7.
1636 316 1658 337 et
1672 313 1754 346 aperti
1772 319 1830 339 sunt

1037 355 1104 381 oculi
1124 354 1236 387 illorum,
1260 361 1284 382 et
1303 360 1470 391 cognoverunt
1484 357 1552 391 quod
1571 358 1632 384 nudi
1647 363 1735 385 essent.
1762 360 1829 392 Quid

1037 400 1140 434 fecisti,
1160 408 1176 428 ο
1196 401 1311 429 mulier?
1336 402 1393 429 Non
1418 403 1503 429 solum
1526 403 1674 437 pernicioso
1695 411 1805 439 accepto
1823 407 1828 419 ‘

1037 447 1149 474 consilio
1164 447 1250 482 legem
1267 455 1282 474 a
1303 448 1357 475 Deo
1370 448 1458 475 datam
1471 448 1643 481 ceuculcasti,
1674 453 1701 476 et
1720 450 1829 476 manda-

1038 496 1092 519 tutu
1113 494 1310 528 contempsisti,
1338 499 1365 521 et
1381 495 1406 521 iu
1427 498 1526 521 tantum
1540 495 1633 522 venisti
1651 495 1830 530 llilClllpel'all-

1037 537 1110 570 tiam,
1133 543 1163 566 ut
1185 547 1237 565 ttou
1259 544 1383 566 contenta
1407 545 1445 567 tot
1470 544 1657 575 tantorumque
1682 541 1826 570 fruitione.

1036 584 1116 610 etiam
1141 584 1248 612 unicum
1272 585 1322 612 hoc
1344 585 1467 620 lignum,
1488 585 1523 613 de
1543 594 1596 621 quo
1616 595 1650 614 ne
1673 588 1833 615 comederes

1037 635 1201 665 praeceperat
1217 631 1354 664 Dominus,
1374 639 1437 659 ausa
1452 632 1488 659 sis
1502 640 1618 665 sumere,
1638 637 1665 661 et
1677 633 1729 660 [ide
1744 633 1831 661 habita

1037 675 1069 702 iis
1087 684 1146 711 qua:
1160 685 1175 704 a
1190 682 1317 711 serpente
1331 677 1400 704 dicta
1414 682 1476 705 sunt
1487 698 1496 711 ,
1521 677 1625 706 ﬁdelius
1646 679 1744 713 putasti
1761 679 1831 707 illius

1037 722 1187 756 consilium,
1203 731 1281 757 quain
1301 723 1454 750 mattdatum
1478 731 1493 751 a
1515 724 1660 752 Conditore
1678 726 1780 759 dattuu,
1805 731 1833 754 et

1037 767 1064 795 in
1085 772 1186 795 tantum
1217 768 1326 803 decepta
1348 777 1396 802 es,
1427 774 1455 797 ut
1478 778 1512 798 ne
1533 771 1608 798 venia
1624 771 1731 806 quidem
1752 771 1830 806 digna

1038 812 1097 840 sis?
1146 813 1212 840 Num
1244 814 1316 841 enim
1347 815 1465 849 ejusdem
1492 821 1592 844 natura-
1623 822 1680 844 crat
1707 817 1751 851 qui
1782 818 1831 846 hoc

1038 859 1212 885 consulebat?
1241 860 1278 886 Ex
1302 861 1415 888 sttbditis
1430 867 1457 888 et
1470 863 1565 894 servis,
1589 868 1616 889 cl.
1634 863 1685 890 sub
1699 868 1742 890 tua
1758 869 1831 898 pote-

1037 909 1105 932 state
1133 910 1200 933 eral.
1223 906 1311 940 Quare
1333 907 1372 934 sic
1396 908 1507 942 teipsam
1532 909 1651 942 iindasti,
1663 914 1691 936 ct
1704 910 1748 937 illo
1767 911 1834 937 reli~

1037 956 1090 982 clo,
1109 956 1216 985 propter
1233 960 1311 986 quem
1332 952 1445 980 formata
1472 961 1518 986 es,
1546 954 1578 981 ad
1605 954 1682 989 cujus
1704 956 1830 982 auxilium

1038 995 1165 1030 producta
1199 1004 1248 1029 es,
1282 997 1358 1031 cujus
1390 998 1546 1032 dignitatum
1574 1006 1604 1026 es
1629 1000 1779 1034 particeps,
1805 1006 1832 1028 ct

1037 1049 1098 1069 cum
1125 1050 1178 1077 quo
1198 1043 1317 1078 ejusdem
1335 1051 1363 1070 es
1382 1044 1536 1071 substantia:
1559 1050 1587 1072 ot
1603 1045 1685 1078 vocis,
1710 1046 1736 1073 iu
1757 1047 1832 1073 liuui.

1038 1087 1178 1115 liaritatem
1194 1089 1326 1123 serpentis
1348 1090 1439 1117 venire
1462 1090 1621 1124 sustinuisti,
1649 1095 1677 1117 ιιι
1696 1099 1710 1118 a
1727 1091 1832 1119 diabolo

1038 1140 1085 1168 per
1095 1133 1164 1161 hanc
1177 1134 1289 1161 bestiam
1303 1135 1438 1169 acciperes
1458 1137 1597 1163 consilium
1612 1137 1752 1165 manifeste
1767 1145 1832 1165 con-

1039 1180 1147 1207 trarium
1168 1180 1200 1207 iis
1224 1188 1283 1215 qua:
1314 1189 1328 1208 a
1356 1181 1411 1208 Deo
1433 1186 1496 1208 sunt
1515 1182 1635 1216 iujuncta
1653 1192 1658 1209 :
1675 1191 1761 1218 neque
1795 1185 1834 1212 sie

1037 1231 1156 1253 aversata
1182 1234 1212 1253 es
1234 1226 1326 1260 illum,
1355 1226 1403 1254 sed
1426 1234 1474 1261 spe
1497 1227 1692 1262 prmuissiouis,
1718 1229 1752 1256 de
1773 1230 1834 1257 cibo

1037 1272 1083 1300 illo
1098 1279 1205 1300 sumere
1219 1279 1281 1299 ausa
1299 1273 1344 1300 es?
1361 1273 1425 1300 Esto
1441 1273 1537 1308 igitur;
1563 1275 1674 1309 teipsam
1694 1275 1719 1302 iu
1732 1280 1833 1304 tantum

1038 1318 1213 1353 prmcipitium
1233 1318 1378 1353 depuleris,
1399 1324 1427 1346 et
1442 1320 1543 1346 honore
1564 1321 1680 1348 maximo
1709 1321 1830 1356 privarm

1038 1364 1075 1391 ris
1099 1372 1105 1390 :
1142 1372 1224 1399 quare
1243 1368 1270 1391 et
1291 1364 1376 1391 virum
1402 1369 1484 1391 tanta:
1511 1365 1594 1392 ruiuze
1618 1366 1720 1393 socium
1743 1366 1830 1394 l‘aeis‘i

1038 1414 1065 1438 ct
1087 1411 1165 1445 cujus
1190 1415 1217 1438 te
1231 1411 1388 1445 adjutriCcm
1409 1418 1469 1438 esse
1492 1411 1644 1445 oportebat,
1668 1413 1739 1439 illius
1765 1413 1831 1440 facta

1037 1464 1067 1485 es
1079 1457 1236 1490 insidiatrix,
1260 1461 1287 1484 et
1304 1457 1337 1484 ob
1358 1457 1496 1484 tnininmm
1516 1457 1569 1485 cibi
1585 1458 1658 1485 illum
1672 1466 1778 1493 quoque
1795 1465 1832 1487 tc-

1037 1511 1097 1531 cum
1112 1511 1127 1530 a
1148 1503 1233 1538 gratia
1249 1503 1295 1530 Dei
1310 1503 1468 1531 abalienas‘!
1491 1503 1556 1537 Quae
1577 1508 1603 1532 te
1625 1504 1775 1540 prodigiosa
1791 1507 1831 1532 iu-

1037 1549 1111 1576 sania
1122 1549 1148 1576 in
1162 1553 1260 1576 tantam
1272 1548 1408 1576 audaciam
1425 1549 1545 1576 induxit?
1560 1549 1618 1578 Non
1635 1551 1700 1578 satis
1715 1557 1772 1578 erat
1786 1552 1831 1578 tibi

1037 1594 1141 1621 beatam
1157 1593 1225 1621 hanc
1238 1594 1317 1621 vitam
1331 1601 1421 1629 agere,
1436 1598 1464 1621 et
1475 1602 1589 1629 corpore
1607 1595 1713 1630 quidem
1728 1597 1831 1628 vestiri,

1037 1648 1123 1676 neque
1135 1641 1283 1676 corporalis
1303 1641 1340 1668 rei
1355 1641 1467 1675 alicujus
1483 1641 1597 1676 indigam
1613 1643 1691 1669 esse?
1709 1643 1831 1671 omnibus

1037 1686 1063 1714 iu
1091 1686 1213 1721 paradiso
1234 1685 1302 1718 frui,
1325 1691 1438 1721 excepto
1461 1687 1539 1713 unico
1554 1687 1604 1714 hoc
1617 1687 1830 1722 lignohisibilia

1037 1733 1125 1760 omnia
1142 1731 1193 1759 sub
1205 1735 1293 1759 vestra
1309 1739 1367 1760 csse
1385 1736 1526 1767 potestate,
1550 1737 1577 1760 et
1595 1737 1621 1761 te
1640 1741 1699 1761 esse
1713 1735 1830 1763 omnium

1036 1781 1191 1808 dominam?
1213 1781 1265 1809 Sed
1281 1781 1357 1809 vanis
1372 1781 1482 1816 decepta
1509 1783 1747 1817 promissiouibus,
1771 1791 1830 1819 spes

1037 1827 1099 1854 rasti
1114 1827 1192 1853 etiam
1209 1826 1235 1853 in
1250 1834 1382 1854 summum
1399 1827 1538 1861 pervenire
1553 1827 1664 1855 honoris
1677 1827 1834 1863 fastigium}?

1037 1873 1138 1900 Idcirco
1152 1873 1239 1901 disces
1253 1882 1282 1901 re
1297 1874 1363 1908 ipsa,
1375 1879 1400 1901 te
1415 1881 1466 1901 nott
1482 1873 1567 1901 solum
1582 1874 1626 1900 illa
1643 1882 1699 1902 non
1707 1882 1831 1910 assequu-

1037 1923 1121 1946 tttram
1146 1926 1216 1952 esse,
1239 1919 1286 1946 sed
1310 1924 1337 1946 et
1359 1919 1482 1947 omnibus
1499 1919 1553 1954 jam
1574 1927 1589 1946 a
1614 1919 1668 1946 Deo
1694 1920 1739 1947 tibi
1763 1920 1830 1947 datis

1036 1963 1189 1998 privandatn
1204 1969 1231 1992 et
1246 1964 1368 1998 teipsam,
1395 1969 1422 1991 et
1440 1965 1527 1991 virum
1547 1972 1554 1990 :
1573 1969 1653 1998 atqtte
1675 1964 1700 1991 in
1730 1969 1829 1992 tantam

1035 2010 1219 2046 pmnitentiam
1244 2011 1365 2042 venietis,
1387 2014 1416 2037 ut
1442 2015 1477 2038 ct'
1489 2018 1566 2037 serus
1580 2015 1669 2038 vester
1687 2011 1765 2039 dolor
1790 2011 1828 2039 fu-

1035 2061 1120 2090 turus,
1142 2062 1170 2084 et
1189 2058 1319 2092 malignus
1331 2057 1445 2088 diemon,
1462 2057 1506 2091 qui
1520 2056 1570 2084 hoc
1584 2056 1741 2084 damnosuut
1755 2058 1829 2085 vobis

1034 2103 1175 2131 consilium
1183 2102 1316 2138 suggessit
1329 2102 1441 2136 risurus,
1453 2103 1582 2138 vobisque
1597 2103 1769 2131 insultaturus
1783 2104 1828 2137 sit,

1035 2153 1126 2184 utpote
1146 2148 1306 2184 iacentibus,
1322 2153 1349 2176 et
1363 2148 1456 2177 eadem
1470 2157 1529 2183 quae
1545 2149 1600 2184 ipse
1613 2149 1707 2184 passis.
1723 2149 1831 2179 Etenim

1034 2195 1103 2223 sicut
1117 2195 1160 2222 ille
1171 2202 1250 2230 supra
1263 2201 1343 2230 quam
1364 2194 1475 2222 decebat
1491 2194 1526 2222 de
1543 2202 1572 2222 se
1594 2195 1722 2228 sentiens,
1737 2203 1751 2223 a
1766 2204 1829 2223 cou-

1034 2248 1107 2268 cessa
1123 2240 1250 2276 dignitate
1262 2240 1429 2273 deturbatus,
1453 2245 1480 2267 et
1494 2248 1510 2268 e
1528 2240 1600 2268 cmlis
1617 2240 1643 2267 in
1665 2245 1762 2268 terram
1777 2241 1826 2269 de—

1031 2286 1118 2321 jectus
1137 2291 1178 2314 est
1194 2295 1201 2313 :
1216 2286 1284 2313 istud
1299 2285 1385 2320 ipsum
1399 2289 1426 2312 et
1437 2278 1485 2312 vos
1501 2285 1597 2319 facere,
1613 2290 1639 2313 ct
1652 2294 1700 2321 per
1709 2287 1827 2314 mandati

1034 2332 1279 2366 praevaricationem
1309 2332 1335 2358 iu
1362 2331 1456 2358 mortis
1479 2331 1571 2358 venire
1594 2338 1702 2366 ptenam
1727 2332 1825 2364 voluit,

1034 2378 1069 2405 ita
1091 2386 1147 2405 sute
1159 2377 1439 2405 satisiaciensinvidiaa
1454 2385 1460 2403 :
1477 2378 1546 2404 sicut
1560 2382 1587 2404 et
1599 2376 1705 2411 sapiens
1719 2377 1826 2412 quidam

1033 2423 1136 2451 dicebat
1151 2432 1157 2450 :
1172 2423 1275 2450 Invidia
1292 2427 1375 2450 autem
1395 2422 1500 2454 diaboli,
1524 2430 1591 2449 mors
1605 2422 1632 2448 in
1645 2423 1768 2449 mundum
1787 2424 1827 2450 in-

1033 2469 1106 2496 travit
1127 2469 1205 2504 (Sap.
1219 2469 1247 2495 2.
1261 2468 1320 2502 ‘24).
1344 2468 1378 2494 Et
1397 2468 1475 2500 dedit,
1491 2467 1585 2501 inquit,
1602 2463 1677 2494 etiam
1691 2468 1743 2495 viro
1758 2477 1804 2496 suo
1817 2478 1826 2502 ,-

1033 2520 1060 2542 ει
1075 2515 1252 2546 comederunt,
1277 2519 1300 2541 et
1321 2515 1402 2549 aperti
1424 2518 1481 2540 sunt
1503 2513 1570 2539 oculi
1595 2513 1706 2540 illorum.
1732 2514 1827 2550 Magna

1033 2561 1112 2588 etiam
1137 2561 1185 2587 viri
1207 2560 1374 2595 negligentia.
1394 2559 1458 2586 Nam
1473 2559 1535 2585 licet
1549 2558 1593 2585 illa
1606 2559 1725 2594 ejusdem
1741 2567 1823 2595 gene-

1033 2607 1070 2635 ris
1086 2611 1167 2640 essrt,
1190 2611 1217 2633 et
1237 2613 1313 2640 uxor,
1333 2610 1449 2633 attamen
1474 2604 1614 2639 oportebat
1638 2605 1724 2632 virum
1743 2605 1824 2640 pluris

1034 2654 1121 2682 facere
1144 2658 1302 2689 prmecptutn
1329 2652 1391 2685 Dei,
1419 2659 1498 2686 quam
1524 2651 1640 2679 illicitum
1663 2651 1732 2679 hanc
1755 2652 1824 2680 illius

1033 2700 1284 2735 concupiscentiam,
1307 2703 1334 2725 et
1358 2705 1410 2724 non
1435 2697 1490 2725 ileri
1512 2697 1739 2732 praevaricationis
1762 2705 1820 2732 pars

1034 2747 1150 2781 ticipem,
1164 2752 1249 2781 neque
1268 2745 1303 2772 ob
1313 2743 1440 2772 minimas
1452 2744 1598 2778 voluptates
1611 2743 1691 2770 tantis
1706 2743 1822 2778 seipsum

1068 2838 1076 2853 ι
1094 2835 1164 2861 sarit.
1177 2837 1204 2860 et
1213 2839 1276 2864 Mss,
1286 2838 1305 2859 0
1316 2832 1422 2859 mulier?
1433 2839 1511 2866 quare
1516 2831 1651 2866 pernicioso
1657 2836 1762 2863 accepto.
1775 2837 1822 2856 etc.
