2060 3122
218 125 265 152 ΠΙ
569 120 599 148 S.
617 119 754 147 JOANNIS
771 115 1007 146 CIIRYSOSTOMI
1026 112 1186 142 ARCIIIEP.
1207 110 1471 140 CONSTANTINOP.

219 180 322 215 privare
335 177 421 209 bonis,
437 181 463 204 et
478 175 613 204 oilenderc
631 174 836 206 benefactorem,
859 173 903 208 qni
927 171 1001 199 illum

220 229 290 251 tanta
308 222 469 256 benignitate
485 221 493 236 ί
508 221 674 254 amplexatus
695 225 762 251 erat,
783 220 916 252 vitantque
930 217 1005 244 dolo-

218 269 254 296 ris
274 273 301 295 ct
321 268 418 296 laboris
439 267 526 294 omnis
548 271 683 301 expertem
708 269 887 293 concesserat.
911 265 1006 291 Annon

218 314 290 342 enim
311 313 408 340 licebat
426 312 549 339 omnibus
573 311 631 338 aliis
656 319 715 346 qua:
735 311 760 338 in
781 310 904 345 paradiso
931 311 1008 336 erant

218 360 322 388 abunde
338 359 406 386 frui?
427 367 508 394 quare
528 363 581 386 tam
600 358 658 385 leve
679 357 831 384 mamlatum
854 363 941 389 neque
952 355 1008 389 ipse

219 405 324 433 voluisti
339 405 466 432 servare?
486 404 538 431 Sed
558 404 626 430 forte
645 403 766 430 audivisti
786 411 801 429 ιι
824 401 934 428 muliere
949 407 1009 435 pcr-

221 451 312 479 niciosi
336 451 437 478 consilii
459 450 673 485 promissionem,
697 454 723 475 ct
744 455 791 483 spe
805 448 885 474 etiam
898 447 954 480 ipse
970 445 1010 471 in-

220 498 307 530 ﬂatus,
318 496 369 524 cibi
384 496 472 523 statim
489 495 620 530 particeps
633 494 716 521 factus
730 501 769 520 es.
787 492 887 520 Idcirco
899 495 1010 524 uterque

220 543 376 577 supplicium
391 541 468 568 luetis
480 561 486 573 ,
504 541 660 575 doeebitque
673 547 719 566 vos
729 546 818 566 rerum
828 535 990 572 experientia
1001 555 1008 568 ,

221 597 273 616 noti
295 596 354 616 esse
375 587 426 614 fide
446 587 550 622 dignius
571 585 679 620 maligni
701 583 830 611 dccmornis
853 581 1008 612 consilium,

221 641 299 668 quam
316 633 360 660 Dei
375 637 546 667 prmceptum.
571 630 604 657 Et
619 630 687 657 dedit
702 630 776 656 etiam
786 628 839 655 viro
849 635 911 659 suo;
931 631 953 652 et
966 633 1009 652 co-

221 680 360 712 mederunt,
376 683 398 705 et
412 678 492 713 aperti
506 682 563 704 sunt
579 677 645 703 oculi
655 675 795 707 amborum,
810 679 833 700 et
845 675 1010 708 cognoverunt

221 725 287 760 quod
300 724 361 751 nudi
374 728 464 750 essent.

255 771 281 797 5.
301 768 419 802 Quwstio
429 775 523 802 magna
537 767 613 794 nobis
628 766 689 793 hinc
704 765 820 792 naseitur
830 785 837 795 ,
851 771 882 790 ea
896 762 1009 795 scilicet,

221 822 300 849 quam
321 821 406 848 nul:er
421 811 565 847 pollicebar
579 810 683 838 caritati
705 814 810 836 vestrm.
826 808 920 835 Merito
939 807 1011 834 enim

224 861 283 895 quis
298 859 439 894 rogaverit,
451 866 530 893 quam
544 857 669 884 virtutem
688 855 810 882 habuerit
828 854 879 881 hoc
893 854 991 888 lignum
1002 873 1010 885 ,

223 906 299 940 cujus
314 913 376 933 esus
390 905 493 932 illorum
512 903 602 931 oculos
612 902 763 937 aperuerit,
777 905 804 928 et
820 907 901 935 quare
913 900 1011 934 lignum

223 952 341 980 scientim
352 951 414 978 boni
423 955 449 978 et
459 950 521 977 mali
530 953 648 976 vocetur.
661 948 695 975 Et
709 948 730 975 si
745 947 840 982 placet,
848 950 1010 980 exspectate,

223 1002 252 1024 III.
269 1004 350 1032 pauca
368 996 447 1023 etiam
465 995 499 1022 de
524 995 565 1022 his
581 994 716 1021 disserens
739 993 877 1019 caritatem
898 995 1012 1034 vestram

222 1043 342 1075 doceam,
352 1041 373 1068 si
387 1041 548 1068 voluerimus
557 1039 712 1074 prudenter,
722 1045 781 1073 qum
797 1038 824 1064 in
835 1037 925 1064 divina
940 1035 1013 1063 Scri—

223 1092 299 1122 plura
312 1087 446 1119 dicuntur,
463 1085 620 1120 intelligere,
635 1083 699 1111 nihil
714 1083 844 1110 dictorum
859 1081 936 1109 nobis
950 1080 1014 1108 difﬁ-

222 1134 274 1161 cile
295 1133 380 1160 visrnn
401 1132 444 1159 iri.
458 1131 549 1165 Neque
564 1130 634 1157 enim
657 1137 718 1156 esus
736 1137 768 1155 ex
783 1135 816 1155 eo
831 1128 902 1162 ligno
921 1126 1013 1153 oculos

223 1180 330 1207 illorum
353 1178 477 1212 aperuit:
496 1185 555 1204 nam
582 1181 607 1203 ct
629 1180 692 1203 autc
712 1182 786 1202 esum
811 1174 952 1206 videbant;
967 1172 1014 1200 sed

222 1225 283 1260 quia
298 1231 360 1251 esus
373 1223 417 1250 ille
430 1221 615 1250 inobedientia:
631 1225 689 1247 erat
701 1224 896 1254 argumentum,
908 1223 933 1246 et
947 1225 1015 1253 pra:-

223 1269 350 1297 varicatio
372 1267 488 1295 mandati
509 1275 524 1294 a
540 1267 594 1293 Deo
615 1265 703 1293 traditi
720 1275 726 1291 :
743 1272 822 1299 quam
847 1264 882 1291 ob
904 1270 1013 1290 causam

223 1320 315 1351 postea
338 1314 429 1342 nudati
450 1317 512 1340 sunt
535 1312 633 1347 gloria,
650 1319 710 1347 qua:
732 1311 791 1338 illos
815 1309 1013 1342 circumdabat,

223 1362 284 1396 quia
308 1369 338 1388 se
359 1360 482 1395 indignos
507 1358 553 1386 tali
577 1358 679 1386 honore
706 1358 822 1385 fecerant
842 1366 848 1383 :
874 1361 1014 1392 propterea

225 1407 361 1442 Scriptura
382 1413 484 1434 morem
501 1413 578 1433 suum
601 1404 745 1431 observans
755 1425 762 1437 ,
777 1403 880 1438 inquit:
895 1402 1016 1430 Comedu-

225 1457 302 1484 runt,
314 1457 337 1479 et
350 1453 430 1487 aperti
451 1456 507 1479 sunt
519 1451 586 1478 oculi
595 1450 698 1477 illorum
709 1471 716 1482 ,
732 1455 754 1477 et
766 1454 933 1486 cognoverunt
948 1448 1016 1484 quod

225 1497 287 1525 nudi
297 1502 377 1525 essent
389 1505 398 1529 ;
411 1497 502 1524 nudati
515 1500 625 1531 propter
638 1501 775 1530 peccatum
788 1503 909 1530 superum
924 1493 1016 1529 gratiae

225 1543 323 1570 amictu
334 1563 340 1574 ,
356 1541 491 1569 sensibilis
511 1549 567 1568 sua:
581 1540 706 1568 nuditatis
719 1547 825 1567 sensum
839 1543 1017 1574 acceperunt,

227 1591 254 1614 ut
270 1594 317 1621 per
326 1586 548 1618 erubescentiam,
563 1593 622 1620 qua:
635 1585 776 1612 invadebat
788 1585 869 1620 ipsos,
881 1589 956 1612 certo
965 1583 1018 1611 sci-

228 1636 290 1661 rent
306 1633 333 1659 in
357 1636 482 1667 quantam
500 1631 604 1659 ruinam
627 1631 699 1666 ipsos
724 1630 876 1658 adduxisset
899 1629 1017 1657 mandati

227 1677 353 1705 dominici
376 1677 568 1711 praevaricatio.
590 1676 639 1710 Qui
668 1676 739 1703 enim
762 1681 839 1703 antea
862 1675 1019 1703 fruebantur

227 1727 300 1750 tanta
314 1722 420 1756 ﬁducia,
435 1726 462 1749 et
476 1729 563 1756 neque
576 1721 626 1748 sibi
640 1721 741 1748 conscii
763 1725 840 1748 erant
856 1728 915 1748 sese
932 1720 1018 1748 nudos

228 1775 307 1795 esse:
323 1775 372 1794 nec
396 1767 460 1794 nudi
482 1771 568 1799 erant,
582 1767 795 1802 quandoquidem
809 1774 924 1802 superna
946 1766 1018 1802 ipsos

227 1813 312 1848 gloria
333 1813 427 1848 quovis
454 1814 613 1840 vestimento
641 1812 780 1840 honestius
811 1813 939 1848 tegebat:
958 1817 1019 1848 post

227 1866 313 1890 esum,
327 1858 377 1885 hoc
390 1861 441 1890 est,
458 1863 518 1892 post
531 1858 778 1893 praevaricationem
804 1862 997 1893 prmceptorum
1008 1877 1016 1891 ,

229 1904 254 1930 in
270 1907 368 1930 tantam
384 1903 511 1930 vilitatem
531 1903 633 1931 redacti
651 1908 722 1935 sunt,
737 1908 766 1930 ut
777 1903 812 1930 ob
824 1903 1018 1931 intolerabilem

230 1949 356 1983 pudorem
379 1953 480 1976 vestem
505 1953 568 1976 tunc
588 1953 752 1983 quaererent.
776 1949 879 1984 Quippe
902 1949 1019 1976 mandati

231 1994 414 2029 prtnvaricalio
434 1998 462 2021 ut
480 1994 652 2028 supervenit,
669 1999 770 2021 vestem
789 1993 861 2021 illam
883 2002 977 2022 novam
993 1998 1020 2021 ct

229 2039 423 2073 admirabilem,
437 2039 529 2074 gloria:
542 2040 648 2074 inquam
659 2048 688 2067 ac
699 2048 820 2075 supernae
829 2040 1019 2068 benevolentia:

230 2092 282 2119 qua
296 2085 380 2112 induti
396 2089 473 2112 erant.
484 2105 491 2117 ,
506 2085 630 2118 abstulit,
646 2090 673 2112 ct
687 2086 812 2113 nuditatis
823 2094 931 2113 sensum
950 2094 1019 2121 prte-

231 2130 299 2163 iiuit,
313 2131 427 2164 illosque
441 2131 541 2165 ingenti
557 2131 657 2165 pudore
669 2131 854 2159 circumdedit.
868 2132 895 2159 7.
910 2131 943 2158 Et
956 2140 1020 2159 con-

230 2180 332 2202 suerunt
344 2175 406 2211 {alia
420 2175 494 2210 ficus,
506 2180 528 2202 et
543 2177 654 2211 fecerunt
667 2176 826 2212 sibimetipsis
842 2178 1018 2205 succinctoria.

231 2219 359 2254 Obsecro,
371 2220 483 2253 dilecte,
499 2221 596 2256 cogita,
612 2223 745 2256 quomodo
759 2228 783 2250 et
798 2231 813 2250 a
831 2227 929 2258 quanto
947 2223 1022 2251 fasti-

231 2268 275 2301 gio
294 2266 320 2293 in
343 2266 503 2302 profundum
526 2268 700 2303 praecipitium
723 2269 819 2304 dcjecit
841 2270 902 2298 illos
921 2270 1020 2299 diaboli

229 2313 380 2340 consiliutn.
390 2312 455 2340 Nam
470 2317 542 2341 tanta
564 2314 646 2349 gloria
659 2315 756 2342 dudum
770 2316 936 2350 circumdati,
950 2325 1021 2345 nunc

231 2359 293 2387 folia
308 2360 374 2387 ficus
388 2365 530 2393 oonsuunt,
546 2365 574 2388 et
586 2361 635 2388 sibi
651 2363 824 2390 suceinctoria
838 2364 947 2392 faciunt.
965 2365 1021 2394 Iloc

229 2405 368 2433 diabolica:
382 2405 545 2441 deceptionis
567 2407 668 2435 lucrum
691 2413 750 2436 est:
765 2409 817 2438 hoc
841 2411 944 2438 consilii
962 2411 1020 2447 ejus

231 2451 402 2484 machinatio,
416 2455 445 2479 ut
459 2460 512 2480 non
526 2453 613 2480 solum
625 2453 726 2488 majora
741 2463 793 2482 non
808 2456 958 2491 conferret,
973 2458 1020 2486 sed

229 2500 256 2522 ct
268 2496 405 2531 acquisitis
417 2497 549 2531 nudaret,
569 2503 596 2525 et
607 2498 747 2527 destitutos
766 2501 800 2528 ab
813 2501 844 2528 iis
855 2509 915 2536 quat
939 2502 1021 2531 habe-

233 2541 296 2568 bant
308 2542 472 2570 ostenderet.
486 2543 576 2578 Itaque
588 2545 649 2579 quia
667 2545 718 2573 cibi
736 2547 842 2574 occasio
862 2549 1020 2582 praevarica-

233 2586 330 2614 tionem
350 2587 428 2621 fecit,
443 2588 543 2616 idcirco
569 2590 652 2625 inquit
677 2592 813 2626 Scriptura
829 2593 882 2621 :Et
904 2595 1021 2622 comede-

232 2628 350 2664 runt,“
363 2634 442 2667 aperti
452 2639 510 2662 sunt
525 2636 591 2663 oculi
605 2644 691 2664 eorum
705 2645 714 2664 :
729 2646 780 2665 non
796 2639 830 2666 de
851 2640 1021 2669 sensibilibtts

232 2677 317 2704 oculis
338 2678 439 2712 dicens,
455 2681 502 2708 sed
525 2681 559 2709 de
583 2690 663 2710 sensu
686 2685 793 2712 mentis.
808 2685 874 2712 Nam
896 2687 1020 2721 quoniam

235 2722 357 2751 mandata
373 2727 533 2761 transgressi
544 2733 616 2760 sunt,
630 2729 756 2757 Dominus
768 2737 814 2758 eos
827 2731 928 2760 sentire
937 2732 1022 2760 voluit

265 2818 275 2835 ³
292 2821 329 2845 sic
340 2820 423 2846 Morel.
435 2821 500 2853 Apud
512 2823 578 2848 savii.
593 2828 619 2850 et
629 2827 693 2856 Itss.,
710 2830 775 2852 tanta
786 2828 970 2861 magniﬁcentia.

1797 106 1847 134 139

1063 178 1093 197 ea
1104 177 1163 204 qua:
1175 173 1237 196 ante
1246 168 1281 196 ob
1293 168 1454 203 singularem
1468 167 1539 195 illius
1555 166 1580 193 iii
1594 173 1624 193 se
1636 165 1849 193 benevolentiam

1060 223 1112 242 non
1124 214 1283 242 sentiebant.
1296 213 1376 248 Igitur
1390 220 1450 240 cum
1465 212 1595 243 audieris,
1610 212 1697 246 Aper-ti
1710 216 1769 238 sunt
1783 212 1850 238 oculi

1059 262 1161 288 illorum
1176 268 1186 287 :
1198 260 1249 287 hoc
1261 261 1358 295 cogita,
1370 259 1442 286 illum
1462 258 1582 286 effecisse
1594 263 1622 285 ut
1637 263 1728 293 postea
1742 258 1849 285 nudita-

1061 311 1113 334 tem
1136 307 1266 333 sentirent
1280 310 1305 333 et
1321 305 1496 340 privationem
1520 304 1611 339 glorise
1628 311 1679 339 qua
1699 307 1760 331 ante
1774 311 1850 331 esum

1062 351 1225 380 fruebantur.
1240 351 1316 384 Quod
1337 355 1425 377 autem
1446 350 1504 377 huic
1518 350 1552 376 sit
1573 348 1718 384 Scriptura:
1735 356 1851 377 consue-

1062 397 1135 430 tudo,
1151 397 1213 424 audi
1241 397 1313 423 illam
1333 396 1396 423 alibi
1419 395 1550 423 dicentem
1568 404 1575 422 :
1590 403 1652 422 nam
1672 403 1731 422 cum
1755 395 1850 422 ancilla

1061 443 1148 470 Sarra:
1161 442 1308 470 dominium
1320 442 1423 477 fugiens
1438 445 1549 474 erraret,
1559 446 1587 468 et
1597 441 1684 475 posito
1694 441 1770 476 juxta
1782 441 1852 468 abie

1063 492 1114 516 tem
1126 496 1217 523 puero,
1230 496 1245 515 a
1260 488 1339 522 longe
1352 487 1535 515 consideraret
1558 487 1628 514 illius
1651 492 1764 514 mortem
1777 507 1785 519 ,
1809 487 1852 514 iti-

1062 534 1119 568 quit
1134 543 1141 560 :
1157 534 1262 569 Aperuit
1287 533 1356 561 Deus
1377 534 1463 561 oculos
1486 533 1555 569 Agar
1576 533 1650 568 (Gen.
1664 533 1709 561 21.
1727 533 1782 569 I9),
1799 541 1853 560 non

1062 580 1131 615 quod
1153 581 1266 608 antehae
1290 588 1342 608 non
1367 580 1471 612 viderit,
1488 580 1535 607 sed
1554 579 1625 615 quod
1647 584 1763 607 utentem
1783 580 1854 608 illius

1063 627 1194 653 excitarit.
1214 626 1293 654 Vides
1316 626 1443 659 verbum,
1458 626 1580 660 Aperuit,
1606 633 1659 653 non
1681 626 1714 654 de
1728 633 1856 660 corpora-

1065 672 1133 699 libus
1147 672 1232 699 oculis
1247 672 1309 703 dici,
1326 672 1371 699 sed
1383 671 1416 698 de
1431 679 1511 699 sensu
1528 671 1658 698 mentali?

1099 718 1150 745 Cur
1165 718 1260 752 lignum
1275 718 1385 744 scientiw
1394 717 1541 745 dicatur.—-
1554 717 1669 752 Idipsum
1683 722 1710 744 et
1723 717 1757 744 de
1769 717 1855 744 altera

1064 763 1211 798 qumstione
1242 763 1409 795 dixerimus,
1435 770 1494 798 qua:
1523 762 1585 789 hinc
1608 762 1739 790 exoritur.
1759 763 1857 789 Dicunt

1064 810 1134 837 enim
1148 818 1154 836 :
1168 809 1256 843 Quare
1273 810 1372 844 lignum
1395 809 1513 836 scientia:
1534 809 1595 836 boni
1610 814 1635 837 et
1648 810 1711 836 mali
1725 811 1857 837 vocatur?

1064 856 1131 882 Sunt
1143 855 1214 882 enim
1229 855 1389 882 contentiosi
1411 855 1485 881 multi
1498 854 1542 889 qui
1555 854 1645 882 dicere
1658 855 1773 888 audent,
1791 860 1853 889 post

1065 908 1139 928 esum
1153 900 1216 935 ligni
1231 901 1368 928 scientiam
1388 900 1513 928 habuisse
1537 900 1621 928 Adam
1637 901 1670 928 ad
1693 901 1851 929 discernen-

1065 946 1128 974 dum
1152 946 1251 973 bonum
1278 951 1306 974 et
1322 946 1422 973 malum
1449 955 1455 972 :
1478 947 1503 974 id
1530 947 1601 982 quod
1629 953 1759 975 extrema:
1777 948 1858 975 fuerit

1065 992 1202 1019 amentiaa.
1216 992 1282 1019 Nam
1297 997 1406 1027 propter
1421 992 1472 1020 hoc
1486 1000 1566 1028 nuper
1584 993 1858 1028 cumpraeviderimus

1066 1037 1134 1070 luce,
1149 1038 1182 1065 de
1204 1038 1335 1072 sapientia
1351 1038 1451 1065 homini
1473 1045 1488 1065 a
1504 1039 1559 1066 Deo
1573 1039 1669 1066 tradita
1693 1043 1746 1066 tam
1768 1039 1860 1067 multis

1067 1083 1239 1110 tractavimus
1249 1103 1257 1116 ,
1273 1082 1342 1109 hanc
1356 1082 1529 1110 ostendentes
1543 1091 1574 1110 ex
1589 1083 1725 1110 nominum
1748 1084 1860 1118 imposi-

1068 1129 1149 1160 tione,
1163 1136 1220 1163 quas
1236 1128 1298 1156 feris
1311 1129 1434 1156 omnibus
1457 1134 1484 1156 et
1496 1129 1651 1156 volucribus
1661 1130 1719 1157 caeli
1734 1135 1759 1158 et
1775 1131 1861 1158 brutis

1067 1174 1182 1207 indidit;
1199 1179 1226 1202 et
1241 1175 1311 1210 quod
1327 1183 1387 1202 cum
1400 1176 1450 1202 hac
1465 1175 1637 1203 inenarrabili
1653 1176 1783 1210 sapientia
1796 1185 1860 1212 pro-

1069 1221 1164 1257 phetiaa
1179 1221 1291 1256 gratiam
1312 1221 1390 1248 fuerit
1404 1226 1580 1256 assequutus,
1593 1226 1620 1249 ut
1634 1230 1668 1249 ne
1681 1223 1741 1257 quis
1756 1222 1805 1250 hoc
1820 1223 1861 1250 di-

1068 1275 1129 1294 cere
1141 1267 1220 1294 ausit.
1238 1267 1318 1301 Igitur
1332 1267 1377 1301 qui
1397 1267 1505 1294 nomina
1525 1268 1704 1294 animantibus
1723 1268 1861 1303 imposuit,

1068 1312 1167 1346 quique
1182 1317 1236 1339 tam
1250 1312 1432 1339 admirabilem
1443 1312 1608 1347 prophetiam
1624 1313 1658 1340 de
1674 1313 1785 1341 muliere
1796 1321 1862 1349 pro-

1068 1358 1216 1391 nuntiavit,
1245 1357 1470 1392 quemadmodum
1495 1358 1550 1392 jam
1579 1359 1707 1391 diximus,
1729 1359 1863 1394 quomodo

1069 1402 1203 1437 ignoraret
1217 1402 1279 1437 quid
1294 1402 1391 1429 bonum
1413 1403 1466 1436 sit,
1485 1408 1513 1430 et
1531 1404 1594 1438 quid
1618 1404 1736 1431 malum?
1750 1405 1826 1438 Quod
1840 1406 1863 1433 si

1070 1447 1249 1482 receperimus
1265 1447 1369 1483 (absit),
1383 1447 1478 1475 iterum
1495 1447 1676 1483 blaspltemias
1696 1450 1722 1477 in
1735 1450 1865 1478 Condito-

1070 1499 1126 1520 rem
1144 1491 1345 1520 transferemus.
1369 1493 1434 1520 Nam
1455 1494 1588 1528 quomodo
1604 1500 1764 1530 praeceptum
1787 1496 1865 1524 daret

1069 1537 1202 1573 ignoranti
1214 1560 1220 1570 ,
1233 1539 1472 1573 transgressionem
1487 1546 1548 1566 esse
1563 1540 1683 1567 malum?
1700 1541 1795 1569 Verum
1810 1550 1865 1569 non

1070 1584 1105 1612 ita
1129 1589 1188 1618 est,
1205 1583 1275 1611 absit
1291 1593 1298 1610 :
1312 1584 1359 1612 sed
1384 1585 1462 1612 scivit
1484 1585 1566 1612 clare.
1588 1586 1732 1614 Enimvero
1757 1587 1807 1615 hac
1830 1588 1866 1615 de

1070 1637 1150 1657 causa
1164 1629 1262 1656 animal
1278 1629 1328 1657 hoc
1347 1629 1381 1656 ab
1398 1629 1474 1657 initio
1490 1630 1576 1658 libero
1595 1631 1706 1659 arbitrio
1725 1633 1867 1667 prtcditum

1070 1683 1131 1702 esse
1148 1675 1240 1702 voluit.
1253 1675 1328 1708 Quod
1341 1675 1363 1702 si
1377 1683 1429 1702 non
1445 1675 1553 1710 fuisset,
1571 1685 1659 1712 neque
1674 1686 1735 1706 cum
1755 1679 1867 1707 manda-

1072 1725 1127 1748 tum
1140 1721 1331 1755 praevaricatus
1342 1725 1393 1753 est,
1410 1721 1483 1748 illum
1498 1723 1601 1756 puniri,
1618 1731 1704 1758 neque
1718 1724 1740 1751 si
1759 1732 1866 1752 servas-

1072 1771 1124 1800 set,
1140 1766 1242 1794 Iaudari
1254 1767 1404 1803 oportebat.
1419 1767 1497 1801 Quod
1508 1769 1578 1795 enim
1593 1767 1679 1797 factus
1691 1770 1726 1797 sit
1745 1771 1868 1799 mortalis

1072 1817 1181 1848 propter
1190 1813 1447 1848 prmvaricatiouem,
1461 1817 1488 1841 et
1501 1821 1533 1841 ex
1547 1814 1598 1841 hoc
1609 1815 1743 1848 mandato,
1755 1821 1781 1844 et
1789 1824 1822 1844 ex
1834 1817 1867 1845 iis

1072 1868 1131 1894 qua:
1146 1865 1257 1896 sequuta
1272 1865 1344 1893 sttnt,
1359 1860 1460 1888 clarum
1474 1865 1524 1888 est.
1540 1861 1608 1889 Audi
1631 1863 1702 1890 enitn
1726 1864 1866 1892 mulierem

1073 1906 1157 1940 ipsam
1178 1906 1331 1941 loquentem
1346 1907 1462 1941 serpenti
1478 1916 1484 1934 :
1499 1906 1537 1934 De
1551 1908 1636 1941 fructu
1649 1909 1721 1944 ligni,
1743 1910 1811 1945 quod
1830 1915 1868 1937 est

1072 1952 1100 1978 in
1115 1951 1197 1978 medio
1210 1952 1322 1987 paradisi
1333 1972 1341 1984 ,
1361 1952 1425 1979 dixit
1440 1952 1521 1984 Deus,
1540 1961 1571 1980 ne
1584 1955 1721 1982 comedetis
1733 1963 1764 1982 ex
1776 1963 1805 1982 eo
1816 1977 1823 1988 ,
1840 1961 1868 1982 ut

1073 2005 1123 2024 non
1134 1998 1286 2024 moriemini.
1303 1998 1393 2033 Itaque
1411 2003 1473 2026 ante
1487 2000 1731 2033 prwvaricationcm
1754 2002 1867 2029 immor-

1074 2045 1141 2072 tales
1164 2045 1372 2079 erant;alioqui
1390 2050 1451 2079 post
1466 2046 1554 2073 cibum
1582 2054 1635 2073 non
1662 2047 1784 2082 supplicii
1808 2048 1868 2076 loco

1073 2093 1187 2117 mortem
1202 2090 1381 2125 imposuisset.

1110 2135 1137 2162 6.
1157 2135 1239 2162 Adam
1259 2136 1388 2162 scientiam
1402 2136 1460 2163 boni
1474 2141 1498 2163 et
1511 2137 1572 2164 mali
1585 2145 1635 2164 non
1655 2146 1686 2165 ea;
1698 2146 1742 2165 esu
1765 2148 1781 2165 a
1798 2139 1868 2175 ligno

1074 2182 1180 2217 accepit.
1195 2195 1229 2202 ~—
1240 2182 1305 2215 Quis
1318 2190 1382 2217 ergo
1394 2182 1463 2210 ferat
1473 2190 1520 2210 eos
1531 2184 1575 2218 qui
1586 2184 1675 2211 dicere
1691 2184 1800 2217 audent,
1817 2185 1868 2213 ho-

1075 2228 1174 2256 minem
1197 2233 1257 2263 post
1282 2236 1358 2256 esum
1379 2228 1413 2256 de
1433 2229 1505 2264 ligno
1529 2230 1703 2264 acquisivisse
1728 2231 1867 2259 scientiam

1075 2275 1138 2302 boni
1152 2279 1179 2302 et
1191 2275 1265 2306 mali,
1281 2274 1326 2309 qui
1340 2279 1369 2302 et
1383 2279 1444 2302 ante
1455 2283 1529 2302 esum
1545 2281 1616 2303 tanta
1630 2277 1760 2312 sapientia
1772 2278 1868 2313 plenus

1075 2324 1143 2352 erat,
1158 2323 1258 2347 etcum
1278 2319 1389 2346 scientia
1409 2320 1489 2347 etiam
1506 2321 1661 2356 prophetica
1675 2323 1760 2358 gratia
1776 2323 1869 2358 digna-

1076 2369 1119 2392 tus
1131 2365 1194 2393 est?
1208 2365 1242 2392 Et
1256 2365 1392 2400 quomodo
1406 2365 1458 2393 hoc
1481 2366 1578 2394 rationi
1603 2375 1752 2396 consonum
1775 2373 1868 2402 esset,

1074 2419 1170 2446 capras
1183 2411 1290 2447 quidem
1313 2417 1339 2439 et
1362 2419 1427 2439 oves
1441 2413 1616 2447 omniumque
1635 2414 1774 2443 brutorum
1789 2421 1867 2444 natu-

1075 2463 1133 2486 ram
1146 2458 1234 2491 scire,
1249 2465 1308 2492 qua:
1323 2457 1405 2485 herba
1419 2458 1454 2485 sit
1469 2459 1609 2493 salutaris,
1626 2464 1652 2487 et
1664 2461 1725 2488 cibo
1739 2462 1810 2488 utilis
1820 2482 1827 2494 ,
1841 2467 1869 2490 et

1075 2511 1134 2539 quae
1149 2503 1310 2539 perniciosa,
1322 2508 1351 2530 ut
1366 2504 1438 2531 illam
1451 2504 1539 2537 adeat,
1551 2505 1620 2532 hanc
1631 2506 1751 2534 studiose
1767 2507 1846 2542 fugiat
1858 2518 1866 2535 :

1076 2554 1104 2577 et
1116 2549 1264 2582 hominem,
1280 2549 1412 2577 rationale
1431 2550 1528 2578 animal
1540 2571 1548 2584 ,
1564 2552 1670 2579 nescire
1683 2552 1746 2587 quid
1768 2553 1868 2581 bonum

1076 2594 1179 2630 etquid
1194 2595 1294 2622 malum
1305 2595 1316 2622 ?
1328 2595 1381 2623 Sed
1402 2603 1465 2623 ecce
1475 2617 1483 2630 ,
1500 2596 1595 2632 inquit.
1616 2598 1752 2632 Scriptura
1769 2605 1868 2634 nguum

1076 2640 1129 2668 hoc
1143 2646 1221 2669 vocat
1244 2641 1346 2677 lignum
1362 2641 1481 2669 scientia:
1497 2642 1559 2670 boni
1576 2647 1602 2670 et
1618 2644 1692 2671 mali.
1715 2644 1806 2680 Neque
1825 2654 1870 2674 me

1077 2687 1129 2715 hoc
1143 2688 1209 2715 latet
1226 2697 1233 2715 :
1247 2688 1294 2715 sed
1309 2688 1332 2715 si
1347 2688 1524 2723 proprietates
1543 2689 1641 2717 divina:
1659 2690 1806 2726 Scriptura:
1825 2691 1869 2719 di-

1077 2741 1152 2762 scere
1166 2734 1297 2767 volueris,
1310 2734 1379 2762 scies
1389 2735 1536 2772 querellae
1548 2743 1645 2763 nomen
1658 2736 1720 2764 huic
1734 2737 1805 2772 ligno
1820 2737 1869 2764 tri-

1076 2779 1143 2808 buit.
1157 2779 1215 2807 Non
1225 2780 1296 2807 enim
1312 2780 1383 2815 quod
1406 2780 1507 2808 homini
1531 2781 1668 2808 scientiam
1690 2781 1814 2814 dederit,
1830 2783 1869 2809 sic

1078 2830 1201 2855 vocatum
1214 2829 1272 2854 est:
1287 2825 1332 2854 sed
1343 2826 1403 2861 quia
1415 2833 1464 2861 per
1478 2825 1543 2854 illud
1558 2825 1625 2854 facta
1637 2832 1678 2854 est
1692 2829 1869 2863 transgressio
