2060 3122
290 157 340 185 155

285 213 396 241 disc-uis
417 220 497 248 quant
518 211 656 239 incll'abilis
677 212 712 238 sit
727 211 774 238 Dei
796 210 943 245 benignitas
959 230 967 242 ,
988 218 1077 245 opera)

283 259 397 294 pretium
420 258 500 285 fuerit
512 257 605 285 audire
623 265 683 292 qua:
697 257 764 284 lecta
779 261 851 284 sunt.
871 255 905 283 Et
924 256 1057 283 audierunt
1068 276 1076 289 ,

282 303 366 338 inquit
377 324 384 335 .
399 311 482 330 uocem
496 302 597 329 Domini
607 301 656 329 Dei
674 301 859 329 deambulanti:
871 301 896 328 in
912 301 1031 336 paradiso
1043 301 1078 327 ad

281 350 410 377 meridiem
423 370 431 383 ,
448 353 472 376 et
482 348 634 375 delituerant
648 353 699 374 tam
712 347 804 379 Adam,
814 355 892 382 quam
904 355 967 374 uxor
978 347 1048 373 illius
1061 355 1078 373 a

283 397 347 431 facie
361 394 461 422 Domini
472 395 497 421 in
512 393 594 420 medio
608 393 671 428 ligni
686 393 807 428 paradisi.
824 392 863 420 Nc
877 391 1076 419 inconsideran-

280 445 331 473 tcr,
347 440 449 474 dilecti,
464 444 653 474 prtetercatnus
662 446 721 473 qua:
732 445 748 465 a
758 437 845 465 divina
858 438 992 472 Scriptum
1006 437 1076 464 dicta

279 491 352 520 sunt,
367 494 455 522 neque
469 486 494 513 iu
507 485 595 514 verbis
607 485 672 521 ipsis
684 485 849 517 hmreamus,
864 483 911 511 sed
924 483 1076 512 considero-

280 541 339 560 mus
355 533 390 560 ob
405 537 522 560 nostram
545 531 753 559 imbecillitatem
770 534 872 557 tantam
891 530 935 558 hic
953 529 1074 558 adhiberi

280 580 423 606 verborum
439 579 624 610 humilitatem,
640 582 668 605 et
682 578 718 605 ob
727 577 839 605 salutem
853 581 970 604 nostram
984 577 1073 604 omnia

279 630 310 653 ut
322 626 377 653 Deo
389 625 498 659 dignum
507 630 548 653 est
561 625 614 660 agi.
627 624 693 651 Nam
706 624 728 651 si
740 623 869 651 vellemus
878 623 956 651 verba
971 627 1000 650 ut
1012 627 1075 651 sunt

280 672 448 706 pronuntiata
463 671 570 703 sectari,
584 675 673 697 etnon
687 670 803 704 indigne,
815 673 844 696 ut
854 669 886 696 de
898 669 952 696 Deo
964 670 1074 704 loquen-

281 720 322 743 tes
335 715 432 749 decet,
447 723 590 752 expoiwre.
605 716 663 746 dic.
678 723 785 750 quaeso,
801 722 891 742 annon
907 715 987 742 multa
1011 714 1073 742 hinc

278 766 459 796 sequerentur
478 762 616 788 absurda?
630 762 698 788 Ecce
717 761 789 789 enim
808 761 897 788 statim
917 768 949 788 ex
970 761 1002 787 iis
1013 768 1073 795 qua:

277 808 408 842 principio
423 808 490 836 lecta
503 812 580 840 sunt,
597 808 647 835 ltoc
661 813 784 842 spectare
803 807 875 835 licet.
888 807 924 834 Et
937 807 1073 834 audierunt

275 860 358 880 vacem
370 853 472 880 Domini
487 853 533 880 Dei
547 853 700 880 antbulantis
713 854 739 880 in
754 853 873 887 paradiso
882 853 917 880 ad
927 854 1070 886 meridiem,

275 903 298 924 rt
309 898 468 925 delituerant.
480 898 548 932 Quid
563 899 630 926 dicis
639 899 650 925 ?
659 906 693 925 an
707 898 861 926 deambulat
872 898 940 925 Deus
949 898 962 924 ?
976 906 1009 925 an
1026 906 1073 932 pe-

274 943 322 971 des
338 944 388 978 ipsi
402 945 548 972 tribuemus
560 966 566 976 ,
589 949 616 972 et
630 945 664 972 de
679 952 712 972 eo
726 945 793 972 nihil
812 944 926 972 sublime
944 945 1071 979 cogitabi-

273 990 352 1017 mus?
367 990 424 1017 Non
440 990 561 1018 ambulat
576 991 644 1018 Deus
658 1000 665 1018 :
682 991 761 1018 absit.
777 990 918 1023 Quomodo
929 990 999 1018 enim
1010 998 1069 1018 am-

272 1036 375 1063 bularet
387 1057 395 1069 ,
413 1037 456 1072 qui
473 1037 571 1071 ubique
588 1045 709 1072 pra-scus
731 1041 772 1064 est
784 1056 792 1070 ,
803 1041 830 1064 et
848 1037 936 1063 omnia
958 1036 1072 1071 implet?

270 1082 314 1109 cui
327 1083 425 1110 ctelum
442 1083 567 1115 thronus,
584 1087 611 1110 et
625 1087 695 1110 terra
707 1083 854 1110 scabellum
865 1084 876 1116 (
886 1081 950 1110 lsai.
961 1082 1005 1110 66.
1022 1083 1034 1109 l
1046 1082 1068 1116 ),

271 1127 365 1161 ipsene
378 1128 402 1154 in
415 1127 492 1155 horto
503 1129 673 1156 continetur?
686 1127 750 1161 Quis
760 1128 885 1155 cordatus
896 1127 947 1156 hoc
957 1128 1069 1155 diceret?

270 1172 337 1206 Quid
346 1174 425 1208 igitur
433 1175 626 1207 est,Audierunt
637 1182 721 1201 vocem
730 1173 830 1200 Domini
834 1173 879 1200 Dei
884 1174 1069 1201 deambulanti:

270 1220 296 1246 in
310 1220 380 1247 horto
394 1221 429 1247 ad
446 1221 598 1248 meridiem?
613 1221 640 1248 In
655 1228 762 1247 sensum
783 1220 846 1247 mali
862 1220 922 1247 illos
934 1220 1069 1248 deducere

270 1265 363 1297 voluit,
380 1270 409 1293 ut
425 1266 449 1292 in
459 1273 555 1300 magno
569 1266 664 1293 utentis
677 1272 776 1300 angore
786 1265 1012 1292 constituerentur
1023 1275 1029 1292 :
1042 1265 1067 1292 id

269 1311 340 1346 quod
353 1316 381 1338 et
392 1311 488 1338 factum
502 1316 554 1338 est.
566 1311 652 1338 Tanto
661 1311 790 1346 siquidem
801 1319 880 1338 sensu
897 1311 982 1338 all‘ccti
994 1316 1065 1343 sunt,

269 1361 297 1384 ut
305 1365 366 1384 cum
376 1357 527 1384 advenisset
538 1357 615 1389 Deus,
627 1365 687 1384 sese
696 1357 829 1384 occultare
839 1357 926 1384 conati
935 1357 996 1384 sint.
1006 1357 1067 1385 Mox

269 1403 340 1429 enim
360 1409 388 1430 ut
404 1403 513 1430 intravit
527 1409 676 1438 peccatum,
688 1408 714 1430 et
727 1403 920 1438 prtevaricatiu,
937 1403 1023 1438 pudor
1035 1411 1067 1430 ac

269 1449 430 1476 verecundia
443 1449 503 1476 illos
520 1449 624 1476 invasit.

303 1494 460 1521 Conscientia
480 1495 641 1529 incorruptus
649 1495 740 1530 judex.
762 1495 926 1522 Conscientia
944 1504 1017 1531 opus.
1029 1510 1064 1516 ι-

269 1540 373 1575 Quippc
393 1541 476 1574 judex
498 1541 667 1575 incorruptus
677 1561 684 1572 ,
699 1541 889 1568 conscientiam
909 1541 968 1568 dico
980 1561 987 1574 ,
1003 1549 1064 1568 cum

269 1584 398 1612 adversus
418 1585 553 1612 hominem
582 1590 747 1621 exsurgeret,
757 1586 828 1613 clara
839 1593 904 1613 voce
921 1586 1063 1618 clamabat,

268 1630 409 1657 accusabat
419 1635 446 1657 et
456 1630 623 1663 ostendebat,
636 1635 662 1658 et
672 1631 746 1666 quasi
756 1637 817 1658 ante
827 1631 919 1658 oculos
930 1631 1065 1659 scribebat

267 1675 332 1709 ipsis
354 1680 523 1712 peccatorum
536 1677 755 1712 magnitudinem.
771 1677 832 1704 Ideo
849 1678 918 1704 cnim
934 1677 1064 1713 benignus

271 1722 400 1749 Dominus
420 1723 551 1758 principio
573 1731 633 1750 cum
660 1722 786 1750 formaret
814 1723 948 1752 hominem
966 1745 974 1759 ,
995 1733 1061 1752 con-

270 1767 410 1794 scientiam
434 1768 471 1795 illi
494 1768 588 1795 indidit
602 1769 793 1796 accusatriccm
816 1774 989 1804 perpetuam,
1005 1779 1064 1805 qua:

272 1812 358 1847 decipi
375 1817 403 1840 et
425 1813 555 1841 fallaciam
570 1814 640 1842 ferre
655 1819 745 1849 posset
765 1823 920 1850 numquam.
936 1816 969 1844 Et
1001 1816 1063 1844 licet

268 1858 328 1892 quis
343 1858 460 1886 admisso
476 1864 602 1895 peccato,
618 1865 824 1896 perpetratoque
837 1861 924 1896 aliquo
945 1862 1063 1891 facinore

268 1903 376 1935 illicito,
392 1912 485 1932 omnes
507 1905 628 1933 homines
642 1906 721 1939 celet,
731 1906 801 1933 illam
813 1911 900 1934 tamen
915 1909 1061 1935 accusatri-

267 1957 326 1976 t-em
339 1957 392 1976 non
409 1951 506 1985 poterit
527 1951 609 1978 latere
621 1971 628 1983 ,
649 1951 695 1978 sed
710 1959 877 1987 quocumque
891 1953 979 1983 abeat,
991 1954 1060 1980 illam

266 1999 393 2029 perpetuo
402 1996 472 2023 intra
478 2003 508 2023 se
518 1996 595 2024 habet
605 1996 801 2029 ohturbantetn,
812 1997 964 2031 laniantem,
973 1999 1060 2034 flagel-

265 2040 372 2073 lantcm,
395 2050 539 2076 numquam
562 2043 742 2078 quiescentem
759 2052 766 2071 :
782 2044 829 2072 scd
841 2048 868 2072 et
885 2045 970 2078 domi,
985 2050 1012 2073 et
1034 2047 1060 2074 in

265 2085 334 2119 foro,
343 2087 404 2114 etin
416 2087 540 2121 ctetibus,
550 2089 608 2115 etin
619 2096 721 2122 mensa,
732 2095 755 2116 et
766 2089 953 2124 dormientem,
963 2096 989 2118 et
1000 2099 1061 2119 sur-

263 2137 371 2166 gentem
390 2132 522 2166 adoritur,
542 2133 670 2160 rationem
690 2133 846 2162 delictorum
860 2136 951 2170 exigit,
973 2137 1061 2172 ohque

264 2176 356 2203 oculos
363 2177 435 2211 ponit
443 2183 468 2204 ct
475 2178 630 2205 delictorqu
637 2179 1059 2216 gravitatem,etsubsequuturam

265 2230 387 2257 poenam,
409 2228 436 2250 et
460 2225 533 2259 quasi
554 2225 673 2252 medicus
697 2226 812 2260 optimus
833 2235 885 2254 non
906 2233 994 2256 cessat
1012 2236 1060 2256 sua

264 2267 457 2296 medicamenta
479 2277 614 2304 apponere
629 2279 636 2297 :
652 2275 678 2298 et
698 2272 721 2298 si
733 2272 818 2300 semel
837 2272 994 2308 depellatur,
1010 2282 1059 2302 ne-

266 2321 319 2347 que
340 2314 379 2340 sic
396 2314 508 2348 desistit,
525 2315 571 2342 sed
583 2316 735 2343 continuam
754 2317 958 2346 sollicitudinem
980 2320 1058 2355 gerit.

304 2359 332 2386 2.
353 2359 411 2387 lloc
423 2361 495 2388 enim
509 2362 679 2390 conscientiae
694 2370 760 2397 opus
774 2368 815 2391 est
826 2384 833 2396 ,
850 2368 878 2391 ut
889 2364 986 2400 iugiter
1004 2374 1060 2393 mc.-

265 2406 377 2433 ntoriam
391 2407 510 2442 ingerat,
526 2415 576 2435 nec
590 2409 726 2443 permittat
749 2417 873 2444 umquam
887 2411 913 2438 in
929 2410 1058 2439 faetorutn

262 2452 425 2480 oblivionem
439 2461 488 2480 nos
502 2454 593 2481 venire
610 2463 616 2480 :
632 2454 679 2482 sed
695 2455 729 2482 ob
751 2456 843 2483 oculos
857 2462 1006 2492 proponat,
1021 2457 1060 2485 uti

263 2497 302 2524 vel
320 2498 370 2526 hac
386 2499 486 2527 ratione
498 2507 547 2526 nos
563 2500 692 2528 tardiores
707 2501 793 2535 faciat,
809 2510 842 2529 ne
859 2503 883 2529 in
895 2502 986 2530 cadem
999 2511 1060 2537 pec-

265 2548 323 2570 cata
341 2544 521 2578 prolabamur.
537 2545 603 2573 Nam
618 2546 640 2573 si
654 2555 714 2574 cum
729 2555 759 2574 ex
782 2548 942 2576 conscientia
958 2554 1059 2576 tantunt

265 2589 342 2616 nobis
353 2590 386 2617 sit
400 2591 522 2622 subsidii.
538 2596 564 2619 et
579 2597 681 2620 tantum
696 2593 817 2628 adjutorii
831 2615 838 2627 ,
851 2599 878 2621 et
891 2595 913 2622 si
928 2595 995 2622 hanc
1010 2595 1058 2622 Ita-

265 2636 357 2663 bentes
368 2636 552 2664 vehementem
566 2639 767 2672 accusatricem,
782 2648 840 2675 qua:
853 2645 970 2668 nostram
985 2649 1057 2669 mens

263 2685 316 2707 tem
331 2680 455 2715 flagellet,
471 2688 497 2710 et
512 2690 559 2710 cor
570 2684 697 2718 lancinct,
713 2690 739 2713 et
751 2686 845 2720 quovis
859 2687 983 2715 carnifice
995 2695 1059 2722 gra-

263 2727 321 2754 vius
334 2727 426 2762 instet,
443 2729 561 2764 plerique
574 2738 659 2764 nequc
671 2731 709 2758 sic
722 2731 853 2766 ignaviam
867 2733 998 2760 vincimus
1015 2742 1021 2759 :
1036 2733 1058 2760 si

263 2772 314 2799 hoc
325 2773 531 2802 destitueremur
546 2775 675 2808 subsidio,
688 2784 742 2810 quo
756 2785 808 2804 non
825 2782 888 2805 tunc
909 2779 997 2805 statim
1013 2786 1059 2806 cx-

261 2818 436 2847 eideremusl
458 2820 601 2856 Propterea
625 2821 798 2857 primigenius
824 2823 904 2851 homo
927 2829 955 2851 ιιι
983 2824 1057 2852 illum

261 2873 368 2893 sensum
382 2867 499 2903 accepit,
514 2867 656 2895 adventum
680 2867 785 2896 Dutnini
803 2876 893 2896 secum
915 2870 1035 2904 cogitans
1047 2892 1054 2904 ,

608 155 637 183 S.
657 153 797 182 JOANNIS
814 153 1052 181 CllllYSOSTUﬁil
1074 154 1229 182 AliClllliP.
1249 154 1514 185 CONSTANTI’NGP.

1875 158 1938 186 ηδτ

1135 211 1225 238 statim
1246 220 1276 240 se
1297 213 1448 241 occultavit.
1463 215 1550 249 Quare
1559 235 1568 246 ,
1581 214 1640 247 die,
1653 222 1703 242 oro
1712 213 1870 248 i’QllOlliﬂlll
1884 217 1926 242 vi-

1132 256 1211 284 debat
1225 258 1274 286 sibi
1291 263 1391 287 trucem
1405 260 1511 287 adstare
1523 265 1717 291 aecusatorem,
1731 260 1927 288 oonscientimn

1131 301 1201 329 dico.
1217 303 1308 339 Neque
1320 305 1391 332 enim
1408 305 1488 332 alium
1502 306 1585 333 ullum
1600 306 1798 341 objurgatorcm
1809 305 1926 334 habebat

1130 353 1158 374 et
1173 353 1266 376 testem
1278 355 1466 385 peccatorum,
1475 351 1521 379 sed
1532 352 1637 379 unicum
1648 352 1722 379 illum
1733 360 1811 388 quem
1827 353 1926 380 intrin-

1129 399 1208 420 secus
1233 394 1446 423 circumferebat.
1479 397 1602 425 Attamen
1627 401 1725 432 ιιι-πείθω
1752 397 1927 425 conscientia!

1129 440 1345 473 accusationem,
1358 442 1438 469 etiam
1454 442 1569 477 privatio
1580 442 1686 478 gloriae,
1699 451 1758 478 qua:
1772 443 1831 470 illos
1843 447 1936 470 anteav

1128 485 1203 520 quasi
1225 487 1414 514 vestimentum
1429 487 1556 523 fulgidum
1571 488 1722 520 ambiebat,
1736 488 1850 516 docebat
1864 489 1928 515 illos

1129 538 1176 565 per
1192 531 1275 566 ipsam
1290 532 1436 560 nuditatem
1448 533 1558 560 admissi
1578 533 1679 568 peccati
1699 533 1930 568 magnitudinem.

1127 575 1220 612 Itaque
1230 578 1290 612 quia
1304 583 1364 612 post
1376 585 1457 613 grave
1468 583 1605 613 peccatum
1620 578 1684 606 illud
1697 578 1797 614 pudore
1807 579 1925 606 circum-

1127 621 1178 649 fusi
1193 628 1270 650 erant
1281 644 1289 656 ,
1305 624 1462 652 delitescere
1481 629 1659 652 tentaverunt.
1674 625 1814 652 Audierant
1828 625 1902 653 enim
1917 645 1925 653 .

1127 667 1222 703 inquit,
1235 677 1318 697 vocem
1333 669 1437 698 Domini
1449 670 1691 698 Deidcambulantis
1703 671 1729 697 in
1743 671 1816 698 Itarto
1826 671 1860 698 ad
1871 679 1934 697 me—

1125 714 1224 748 ridiem,
1236 720 1259 742 et
1273 716 1460 744 occultaverunt
1473 725 1500 743 se
1513 721 1565 743 tant
1580 716 1679 750 Adam,
1693 725 1771 752 quam
1784 725 1848 743 uxor
1866 716 1925 752 ejus

1125 767 1140 784 a
1160 760 1226 795 faeie
1237 759 1339 787 Domini
1351 760 1400 788 Dei
1412 761 1439 788 in
1450 761 1532 788 medio
1548 761 1671 796 paradisi.

1161 804 1236 832 Nihil
1245 811 1348 841 peccato
1364 807 1447 842 pejus.
1459 821 1494 826 ——
1502 807 1572 834 Nihil
1587 811 1695 841 peccato
1705 806 1790 842 pejus,
1803 806 1918 835 dilecte;

1125 850 1210 885 ipsum
1225 852 1296 879 enim
1313 857 1341 879 ut
1355 852 1503 885 introierit,
1520 860 1573 880 non
1595 853 1683 879 solum
1699 852 1799 886 pudore
1813 859 1863 878 nos
1876 859 1921 879 re-

1123 896 1188 931 plet,
1206 897 1253 924 sed
1269 902 1295 924 et
1311 898 1466 932 insipientes
1483 898 1571 926 reddit
1580 906 1626 925 eos
1636 899 1680 933 qui
1693 903 1770 925 antea
1784 897 1930 925 intellectu.

1122 946 1150 970 et
1171 943 1300 977 sapientia
1329 943 1411 970 multa
1434 943 1538 979 praditi
1568 943 1682 971 fuerant.
1710 943 1929 976 Animadverte,

1122 987 1247 1021 obsecro,
1258 996 1338 1023 quam
1355 989 1511 1023 insipienter
1523 989 1577 1023 agit
1593 996 1662 1016 nunc
1673 1009 1681 1022 ,
1695 989 1738 1023 qui
1752 993 1831 1016 antea
1847 994 1930 1015 tanta:

1123 1034 1241 1069 pollebat
1264 1035 1392 1070 sapientia
1407 1056 1414 1068 ,
1435 1036 1479 1070 qui
1492 1043 1525 1063 ex
1547 1035 1613 1062 actis
1637 1035 1702 1070 ipsis
1723 1035 1849 1063 traditam
1868 1036 1927 1063 sibi

1121 1083 1278 1118 sapientiam
1300 1084 1376 1111 nobis
1398 1083 1571 1116 declarabat,
1586 1082 1631 1118 qui
1647 1083 1708 1110 talia
1731 1083 1920 1118 prophetabat.

1121 1128 1215 1156 Audita
1233 1137 1291 1156 voce
1307 1129 1409 1156 Domini
1430 1128 1478 1156 Dei
1493 1128 1679 1156 deambulanti:
1691 1129 1716 1155 in
1730 1129 1802 1155 Itorto
1815 1129 1850 1155 ad
1865 1137 1920 1156 me-

1120 1175 1220 1207 ridiem,
1229 1176 1361 1202 occultavit
1383 1184 1409 1202 re
1424 1180 1476 1202 tam
1496 1176 1552 1209 ipse
1565 1183 1642 1209 quam
1655 1182 1719 1201 uxor
1733 1174 1812 1209 ipsius
1825 1183 1840 1199 a
1853 1174 1921 1208 facie

1120 1219 1222 1247 Domini
1240 1220 1288 1248 Dei
1301 1221 1328 1248 in
1347 1221 1428 1248 medio
1445 1222 1507 1256 ligni
1520 1221 1644 1256 paradisi.
1670 1220 1780 1254 Quanta:
1803 1221 1854 1248 hoe
1876 1226 1921 1248 est

1120 1265 1278 1300 insipientia:
1289 1287 1298 1299 ,
1313 1266 1383 1301 quod
1396 1275 1411 1293 a
1427 1266 1481 1293 Deo
1491 1287 1499 1299 ,
1515 1267 1560 1301 qui
1582 1266 1681 1302 ubique
1699 1273 1816 1302 pnesens
1827 1270 1869 1293 est
1881 1286 1889 1298 ,
1903 1275 1927 1293 ιι-

1120 1309 1248 1339 Creatore
1260 1332 1268 1345 ,
1290 1312 1334 1346 qui
1349 1320 1381 1339 ex
1398 1312 1480 1338 nihilo
1495 1319 1539 1339 res
1554 1315 1584 1338 ut
1598 1316 1687 1338 essent
1703 1311 1848 1347 produxit,
1871 1312 1918 1346 qui

1121 1357 1278 1384 abseondita
1291 1358 1342 1384 scit
1360 1357 1370 1393 (
1385 1356 1462 1384 Psal.
1479 1357 1523 1384 32.
1548 1355 1618 1392 15),
1632 1357 1677 1391 qui
1693 1356 1767 1383 finxit
1781 1356 1919 1391 sigillatiin

1117 1403 1198 1430 corda
1215 1403 1350 1429 hominum
1361 1423 1369 1436 ,
1383 1407 1410 1429 et
1424 1402 1547 1437 intelligit
1559 1403 1648 1429 omnia
1662 1409 1742 1437 opera
1751 1410 1855 1434 eorum,
1869 1402 1926 1436 qui.

1117 1452 1252 1475 scrutatur
1272 1447 1352 1475 corda
1372 1451 1399 1474 et
1413 1455 1492 1475 renes
1512 1446 1606 1482 (Ptol.
1629 1447 1654 1473 7.
1671 1446 1740 1482 10),
1762 1447 1805 1482 qui
1833 1447 1925 1474 etiam

1117 1494 1189 1529 ipsos
1203 1494 1291 1521 cordis
1303 1498 1392 1521 motus
1404 1494 1550 1529 cognoscit,
1571 1492 1735 1520 abscondere
1745 1501 1774 1520 se
1784 1497 1918 1520 conentur

1117 1540 1212 1576 (Psal.
1228 1541 1273 1568 45.
1288 1540 1324 1568 22
1335 1540 1364 1576 )?
1375 1541 1426 1568 Sed
1447 1548 1481 1568 ne
1496 1540 1602 1568 mireris
1612 1560 1619 1572 ,
1635 1539 1734 1567 dilecte
1747 1548 1754 1566 :
1768 1540 1829 1566 talis
1841 1539 1915 1567 enim

1117 1588 1280 1622 peccantium
1295 1587 1460 1614 consuetudo
1473 1591 1532 1618 est,
1548 1591 1578 1613 ut
1590 1586 1697 1613 tametsi
1712 1585 1840 1613 occultari
1857 1594 1922 1613 non.

1118 1632 1230 1667 possint,
1242 1632 1371 1660 occultari
1385 1638 1472 1659 tamen
1487 1632 1578 1664 velint,
1588 1636 1615 1658 et
1629 1631 1764 1658 studeant.
1779 1630 1811 1658 Ut
1822 1635 1915 1657 autem

1115 1679 1185 1706 scias
1198 1685 1245 1706 eos
1260 1685 1312 1706 non
1336 1678 1450 1706 ferentes
1464 1677 1592 1712 pudorem
1604 1697 1612 1709 ,
1626 1685 1679 1711 quo
1698 1681 1757 1711 post
1773 1681 1915 1711 peccatum

1114 1731 1174 1751 sese
1186 1723 1361 1756 sull‘uderant,
1375 1723 1465 1751 nudati
1481 1722 1672 1757 iucorruptibili
1688 1722 1731 1748 illa
1746 1722 1827 1757 gloria
1837 1742 1845 1754 ,
1861 1721 1915 1749 hoc

1115 1768 1219 1801 fecisse,
1235 1769 1375 1796 considera
1389 1769 1432 1796 ubi
1443 1769 1626 1801 occultentur;
1643 1768 1668 1795 in
1682 1767 1770 1795 medio
1784 1767 1915 1802 paradisi.

1114 1813 1180 1841 Nam
1194 1814 1266 1841 sicut
1279 1813 1440 1841 verberones
1454 1818 1480 1841 et
1493 1813 1588 1848 ingrati
1602 1813 1710 1848 quidam
1726 1812 1832 1845 famuli,
1849 1821 1919 1840 cum.

1114 1866 1167 1886 non
1179 1859 1283 1894 possint
1296 1866 1325 1886 se
1340 1859 1373 1886 ab
1386 1859 1450 1886 hero
1465 1866 1514 1886 suo
1528 1859 1664 1886 occultare
1675 1879 1683 1891 ,
1697 1858 1749 1886 huc
1764 1863 1790 1886 et
1806 1859 1868 1885 illuc
1883 1858 1920 1885 in

1113 1906 1225 1941 angulos
1236 1905 1331 1933 domus
1343 1913 1451 1933 currere
1463 1905 1551 1932 solent
1563 1926 1570 1937 ,
1585 1910 1657 1933 metu
1675 1905 1778 1932 illorutn
1790 1905 1912 1931 animum

1113 1951 1282 1979 concutiente
1296 1960 1303 1978 :
1320 1951 1355 1978 ita
1376 1956 1403 1978 et
1417 1951 1443 1978 bi
1461 1950 1562 1978 nullum
1577 1950 1741 1977 invenientes
1762 1949 1888 1985 effugium
1902 1970 1918 1983 ,.

1115 1998 1142 2026 in
1158 1998 1213 2033 ipsa
1227 1998 1317 2030 domo,
1331 1997 1462 2032 paradiso,
1479 1998 1586 2032 inquam
1598 2017 1605 2028 ,
1620 1997 1842 2032 circumaguntur.
1855 1995 1911 2023 Nec

1112 2043 1214 2079 absque
1235 2044 1339 2071 ratione
1354 2048 1458 2078 tempus
1472 2043 1625 2078 assignatur
1639 2051 1646 2069 :
1662 2042 1801 2069 Audierant
1816 2042 1887 2069 enim
1899 2062 1915 2075 ν

1113 2089 1196 2124 inquit
1209 2110 1218 2122 ,
1229 2097 1313 2116 vocem
1328 2088 1433 2116 Domini
1447 2088 1496 2116 Dei
1510 2088 1692 2115 deambulanti:
1711 2088 1737 2114 in
1751 2087 1871 2123 paradiso
1879 2087 1907 2114 in

1112 2135 1217 2163 meridie
1232 2143 1242 2162 :
1253 2135 1301 2162 sed
1314 2140 1342 2162 ut
1356 2135 1443 2162 discas
1459 2134 1563 2162 Domini
1576 2134 1775 2169 benignitatem,
1790 2133 1860 2169 quod
1872 2141 1915 2162 no-

1114 2181 1247 2208 modicutn
1267 2181 1374 2216 quidem
1387 2181 1539 2214 distulerit,
1553 2180 1600 2208 sed
1614 2188 1674 2207 mox
1686 2201 1693 2212 ,
1709 2186 1736 2207 ut
1753 2180 1816 2208 vidit
1835 2181 1906 2215 quod

1113 2226 1209 2254 factum
1222 2232 1289 2260 erat,
1304 2232 1331 2254 et
1343 2228 1439 2254 ulceris
1449 2227 1668 2262 magnitudinem,
1680 2227 1712 2254 ad
1723 2227 1908 2261 opitulandum

1112 2272 1275 2300 festinaverit
1287 2293 1295 2305 ,
1310 2277 1338 2299 ut
1359 2280 1392 2300 ne
1412 2273 1487 2300 ulcus
1501 2272 1649 2307 grassando
1665 2272 1740 2300 fieret
1760 2272 1909 2300 iucurabile

1112 2319 1228 2346 vulnus:
1244 2318 1344 2346 idcirco
1361 2323 1390 2346 ut
1404 2318 1550 2354 przeveniat
1563 2319 1713 2350 accelerat,
1733 2323 1761 2345 et
1780 2317 1909 2346 velociter

1112 2366 1242 2394 crescenti
1257 2366 1337 2393 ulceri
1353 2366 1444 2398 adest,
1457 2373 1489 2392 ac
1501 2373 1549 2400 pro
1569 2373 1616 2392 sua
1632 2364 1752 2392 bonitate
1771 2372 1856 2400 neque
1872 2365 1913 2392 ad‘

1112 2420 1221 2447 parvunt
1236 2416 1339 2447 tempus
1352 2419 1366 2439 a
1376 2419 1439 2439 cura
1453 2419 1500 2438 sua
1515 2411 1586 2438 illum
1600 2411 1755 2438 destitutum
1769 2411 1907 2446 relinquit.

1112 2457 1178 2485 Nam
1193 2462 1291 2485 tantam
1308 2465 1361 2492 pra:
1375 2465 1404 2485 se
1416 2457 1516 2484 ferebat
1532 2457 1631 2484 rabiem
1643 2457 1736 2484 salutis
1747 2460 1844 2483 nostra:
1858 2456 1908 2483 ini-

1111 2504 1204 2536 micus,
1221 2503 1265 2539 qui
1283 2511 1390 2538 semper
1401 2503 1500 2530 nostris
1515 2502 1590 2530 bonis
1605 2501 1718 2534 invidet,
1733 2507 1762 2529 ut
1774 2509 1839 2529 mox
1858 2501 1911 2529 sub

1113 2550 1218 2578 initium
1232 2550 1372 2578 moliretur
1385 2549 1511 2583 insidias,
1526 2554 1554 2577 et
1571 2556 1619 2576 suo
1633 2549 1782 2584 pernicioso
1795 2547 1912 2576 consilio

1112 2595 1184 2630 ipsos
1197 2595 1344 2623 admirabili
1358 2595 1402 2622 illa
1417 2595 1468 2621 vita
1483 2595 1609 2629 privaret.
1623 2593 1676 2622 Sed
1690 2593 1775 2621 solers
1787 2593 1832 2621 ille
1843 2593 1912 2620 arti-

1112 2642 1154 2669 fex
1172 2642 1253 2675 Deus,
1266 2641 1310 2676 qui
1323 2648 1370 2668 sua
1385 2641 1513 2675 sapientia
1524 2648 1569 2668 res
1583 2645 1688 2667 nostras
1701 2639 1854 2674 dispensat,
1866 2638 1908 2666 vi-

1111 2687 1288 2715 dens.diaholi
1302 2687 1505 2722 malignitatem,
1518 2691 1546 2714 et
1559 2686 1675 2714 hominis
1689 2686 1841 2721 segnitiem,
1855 2694 1908 2721 qua

1111 2741 1160 2768 per
1169 2734 1308 2761 mulierem
1317 2732 1454 2768 deceptus,
1465 2733 1490 2760 in
1500 2737 1599 2759 tantam
1611 2732 1703 2759 incidit
1712 2731 1909 2763 coniustonem,

1112 2786 1172 2806 mox
1186 2778 1261 2806 adest
1273 2799 1279 2810 ,
1296 2782 1322 2806 et
1341 2778 1416 2813 quasi
1431 2781 1585 2805 mansuetus
1599 2781 1626 2804 et
1643 2776 1773 2812 benignus
1785 2776 1868 2811 jndex
1882 2776 1910 2803 in

1113 2824 1236 2851 tribunali
1250 2829 1352 2851 terrore
1369 2828 1397 2851 et
1410 2823 1521 2851 horrore
1535 2823 1613 2858 pleno
1626 2822 1721 2856 sedet,
1734 2826 1761 2849 ct
1775 2823 1911 2850 examinat

1111 2869 1271 2905 diligenter:
1283 2876 1330 2905 per
1344 2869 1395 2897 hoc
1414 2876 1463 2897 nos
1476 2867 1598 2896 docendo
1609 2887 1617 2902 ,
1639 2879 1673 2898 ne
1687 2874 1856 2905 congcneres
1868 2875 1912 2895 no-
