2060 3122
144 144 154 170 i
163 145 193 170 Τι’

145 206 214 226 slt'os
221 195 495 226 οοιιὼειιιιινιιιηεηιίδί
503 203 580 222 causa
590 200 666 222 antea
674 196 812 229 diligenter
820 196 934 230 Cognita.

179 244 207 270 ὅ.
218 242 367 269 Audiamus
378 241 464 275 igitur,
476 240 497 267 si
511 240 604 273 plaeet.
617 240 765 274 quaijndex
778 241 933 275 interroget.

145 296 204 323 qua:
219 287 257 314 rei
272 286 461 321 respondeant,
477 292 542 319 quas
558 292 648 319 poenas
660 285 753 317 ferant,
773 291 799 311 et
813 286 854 312 cui
870 293 935 312 con-

145 332 312 360 demnationi
327 331 458 358 obnoxius
471 329 549 356 fuerit
562 330 583 356 is
598 329 641 364 qui
658 330 683 356 iii
698 330 756 356 illos
772 334 857 356 tantas
871 330 935 357 insi‘

145 379 203 405 dias
216 377 381 404 machinatus
391 380 440 402 cst.
457 375 519 409 Sed,
535 376 656 408 obsecro,
667 376 783 402 animum
798 376 935 409 attendite,

145 431 170 451 ei
183 424 267 451 multo
275 430 334 450 cum
346 422 440 449 timore
449 422 517 448 dicta
526 421 679 448 auscultate.
691 421 718 448 Si
726 421 807 454 enim,
821 428 880 448 eum
897 422 936 447 vi-

147 470 241 497 demus
257 473 391 496 terrenum
410 468 525 501 judicem
542 467 567 493 in
581 467 688 493 sublimi
704 467 826 494 tribunali
841 467 935 494 seden-

147 520 213 547 tem,
224 521 285 541 reos
299 513 324 539 in
338 513 453 540 medium
468 512 656 546 producentem
668 533 674 544 ,
691 517 717 539 et
731 512 865 546 suppliciis
878 512 936 538 affi-

145 560 278 591 cieiitcm,
294 565 344 585 non
358 557 417 584 sine
431 557 525 583 timore
538 557 673 584 adslamus
683 578 691 589 ,
708 557 800 584 audire
815 557 936 584 volentes

147 604 361 639 quidnatnjudex
375 604 456 635 dicat,
473 609 498 630 et
511 603 574 638 quid
587 603 745 637 respondeat
759 610 820 630 rens
834 612 839 629 :
853 604 936 629 nitilto

147 651 231 685 inagis
246 658 315 677 nunc
327 649 378 676 hoc
391 649 468 676 nobis
483 649 642 681 faciendum,
659 657 719 676 cum
733 649 852 676 videmus
871 648 935 683 Opi—

148 698 222 723 ticem
237 699 337 722 natura:
353 703 456 730 pinnam
470 694 526 721 suis
542 694 670 721 creaturis
684 695 823 721 intentare.
840 694 936 721 Verum

146 743 168 768 si
184 741 326 775 diligenter
340 740 491 772 attendatis,
509 739 630 766 videbitis
641 745 766 774 quantum
778 739 882 766 intersit
895 739 936 766 iit-

148 793 190 814 tcr
209 785 417 813 miscricordiam
433 786 489 815 Dei,
507 790 530 811 et
548 785 683 810 hominum
700 792 760 818 erga
775 792 936 818 coiigcnercs

146 833 327 860 severitatem.
342 831 368 858 9.
394 831 426 858 Et
449 831 543 857 vocavit
568 830 690 856 Dominus
714 829 782 856 Deus
805 830 899 862 Adam,
913 834 937 856 et

146 879 212 905 dia-it
226 878 265 905 illi
281 885 290 904 :
305 877 396 910 Adam,
412 877 454 903 tibi
475 876 524 903 es?
546 876 591 902 Vel
607 884 638 902 ex
660 876 715 910 ipsa
730 876 937 910 interrogatione

146 923 206 958 jure
220 923 439 956 obstupescamus
453 921 484 947 ad
501 922 661 948 eminentem
682 921 727 947 llci
747 921 914 948 clementiam
929 929 935 947 :

147 978 201 997 non
212 970 297 997 solum
308 969 378 1004 quod
395 967 538 1000 vocaverit,
553 967 598 994 sed
614 967 684 1002 quod
699 975 744 1002 per
758 968 873 1001 scipsuin
889 975 937 993 vo-

147 1016 248 1042 caverit
261 1024 268 1042 2
285 1014 310 1041 id
321 1013 391 1049 quod
403 1013 522 1040 homines
535 1012 621 1039 facere
635 1021 778 1048 numquam
790 1013 887 1040 ferrent
898 1013 939 1041 iit-

148 1067 190 1088 tcr
202 1068 242 1091 se.
254 1060 315 1087 licet
329 1059 449 1086 eamdem
465 1063 584 1085 naturam
596 1058 680 1085 sortiti
692 1059 754 1085 sint.
766 1057 844 1086 Scitis
854 1059 936 1091 enim,

146 1115 208 1133 cum
220 1105 324 1140 judices
339 1105 365 1131 in
377 1105 430 1131 alio
443 1104 510 1131 solio
522 1105 625 1136 Sedeat,
637 1104 805 1139 rationesque
815 1109 938 1139 repetunt

146 1161 162 1179 a
179 1151 403 1182 malefactoribus.
420 1158 470 1178 nec
484 1158 532 1177 suo
547 1158 594 1177 cos
604 1157 733 1184 responso
747 1150 848 1185 dignari
864 1159 870 1177 :
888 1151 939 1178 hoc

147 1199 207 1231 ipso
219 1197 389 1225 ostendentes
403 1197 464 1228 illis,
479 1201 574 1230 quanta
590 1196 730 1231 ignominia
746 1203 804 1223 sese
818 1197 874 1223 suis
889 1196 938 1223 lia-

147 1243 219 1277 gitiis
239 1243 418 1277 asperserint:
435 1246 461 1269 et
484 1241 564 1276 judex
585 1242 691 1276 quidem
712 1241 867 1276 respondet,
891 1242 939 1269 sed

147 1289 218 1315 alius
231 1288 360 1323 quispiam
375 1295 390 1314 a
402 1287 490 1322 judice
504 1287 561 1314 ha-c
571 1287 715 1321 excipiens.
730 1294 776 1314 reo
789 1287 937 1321 annuntiat,

148 1341 175 1362 et
188 1334 270 1369 judici
281 1341 385 1368 quoque
402 1341 461 1367 qum
475 1340 536 1359 reus
549 1332 653 1359 dixerat
668 1341 674 1359 :
691 1337 718 1359 et
732 1333 774 1360 hic
787 1332 869 1359 ferme
879 1333 938 1360 ubi-

149 1387 202 1414 que
213 1378 385 1414 indicantium
401 1385 458 1404 mos
472 1382 522 1404 est.
538 1377 635 1404 Verum
657 1377 728 1404 Deus
748 1385 800 1404 non
815 1378 853 1404 sic
867 1378 937 1412 agit,

149 1425 197 1452 sed
216 1425 370 1460 quomodo?
390 1424 448 1458 Ipse
470 1432 516 1458 per
535 1431 594 1451 sese
616 1429 692 1450 vocat
711 1432 717 1449 ε
735 1423 767 1450 Et
782 1423 886 1455 vocarit.
901 1423 941 1450 iii-

149 1471 218 1506 quit,
232 1471 356 1498 Dominus
366 1469 435 1497 Deits
448 1470 539 1501 Adam,
553 1475 575 1496 et
588 1469 651 1496 dixit
665 1470 704 1496 illi
712 1469 822 1501 :Adnm,
837 1469 879 1495 ubi
893 1469 942 1495 es?

153 1517 218 1544 Vide
236 1517 262 1544 in
281 1516 352 1543 brevi
367 1515 417 1542 hac
434 1514 550 1542 dictione
571 1520 668 1550 quanta
689 1515 728 1541 vis
744 1514 878 1541 recondita
893 1514 937 1540 sit.

149 1562 218 1590 Nam
233 1566 259 1589 et.
274 1562 359 1597 ipsum
379 1568 485 1594 vocare,
505 1568 606 1595 magna:
625 1565 651 1587 ct
672 1559 813 1587 ineffabilis
830 1564 872 1587 est
888 1560 943 1586 cle-

152 1609 262 1637 mentite
273 1629 281 1641 ,
299 1608 501 1635 erubescentem
512 1627 519 1638 ,
533 1611 561 1633 et
573 1614 659 1641 neque
679 1614 708 1632 os
721 1606 824 1640 aperire
833 1626 840 1638 ,
857 1613 943 1640 neque

149 1655 271 1690 linguam
289 1661 397 1681 movere
411 1653 551 1680 audentem
569 1660 680 1684 vocare,
695 1658 720 1679 et
734 1660 780 1687 per
793 1652 942 1687 interroga-

152 1701 253 1728 tionem
269 1699 434 1727 occasionem
448 1699 521 1729 darc,
536 1697 561 1725 itl
573 1697 684 1732 ingentis
696 1702 751 1725 erat
763 1697 942 1731 benignitatis:

153 1747 217 1774 illtid
229 1751 316 1773 autem
326 1745 426 1778 dicere,
444 1744 492 1771 Ubi
506 1744 552 1771 es?
572 1744 710 1778 plurimam
725 1751 776 1770 una
790 1751 851 1770 cum
867 1743 943 1769 beni-

151 1793 254 1827 giiitate
267 1792 318 1818 vim
335 1790 421 1817 liabet.
432 1789 554 1816 »Pcrinde
568 1789 637 1816 cnim
661 1788 827 1819 subindicare
840 1788 944 1815 videtur

152 1845 185 1864 ac
195 1837 216 1865 si
226 1837 339 1864 diceret:
351 1835 419 1868 Quid
433 1835 528 1862 factum
542 1835 601 1861 est?
614 1834 642 1860 In
653 1833 706 1861 alio
721 1838 746 1860 te
757 1837 826 1860 statu
839 1833 943 1868 reliqui,

153 1882 180 1909 in
196 1882 249 1908 alio
263 1886 288 1908 te
303 1881 408 1908 invenio
422 1888 430 1906 :
446 1880 528 1915 gloria
544 1875 665 1906 vestitum
681 1883 706 1906 te
721 1879 825 1914 reliqui,
836 1886 905 1906 nunc
918 1879 944 1906 in

151 1929 276 1956 nuditate
298 1933 324 1954 te
343 1927 459 1954 invenio.
479 1925 528 1953 Ubi
542 1926 585 1952 es?
607 1925 683 1953 Unde
702 1925 747 1952 tibi
761 1925 811 1951 hoc
832 1925 945 1952 accidit?

154 1975 222 2007 Quis
234 1980 259 2001 te
276 1974 301 2000 in
317 1978 416 2000 tantam
440 1973 541 1999 induxit
556 1971 784 1999 vicissitudinem?
800 1971 863 2005 Quis
878 1971 945 1998 latro

155 2020 201 2046 vel
214 2018 257 2045 fur
272 2018 310 2045 sic
323 2018 406 2045 semel
420 2025 525 2043 omnem
540 2016 691 2043 divitiarum
709 2016 883 2043 substantiam
897 2024 946 2043 au-

155 2065 258 2095 ferens,
270 2063 295 2090 iu
312 2067 410 2090 tantam
422 2067 448 2089 te
462 2062 576 2097 inopiam
589 2061 716 2088 deduxit?
731 2061 806 2088 Unde
819 2061 945 2088 nuditatis

156 2116 253 2136 sensus
268 2108 313 2135 tibi
329 2107 454 2142 contigit?
467 2107 531 2140 Quis
546 2106 591 2133 tibi
606 2106 631 2133 in
645 2114 724 2133 causa
739 2106 796 2138 fuit,
813 2111 841 2133 ut
855 2106 945 2133 aufer-

157 2159 231 2181 retur
244 2161 258 2180 a
271 2158 296 2181 te
309 2154 494 2181 vestimentum
512 2152 577 2180 illud
591 2152 757 2183 admirabile,
768 2160 820 2187 quo
833 2152 946 2179 amictus

156 2201 238 2228 eras?
258 2201 323 2233 Qua:
343 2201 478 2234 repentina
500 2199 557 2226 lure
576 2198 704 2226 mutatio?
724 2199 789 2232 Qua:
804 2203 946 2233 tempestas

158 2247 192 2273 ita
205 2246 294 2273 subito
306 2253 398 2272 omnes
413 2249 470 2272 tuas
482 2252 584 2272 merces
598 2244 740 2271 demersit?
753 2244 819 2277 Quid
834 2244 944 2276 accidit,

157 2291 228 2326 quod
243 2291 276 2318 ab
296 2299 344 2324 eo,
358 2291 402 2325 qui
425 2291 469 2318 tibi
492 2295 562 2317 tanta
578 2289 704 2316 beneﬁcia
721 2289 859 2324 prmstitit,
880 2294 906 2315 et
920 2289 946 2316 in

160 2342 261 2364 tantum
282 2336 409 2363 honorem
426 2340 450 2362 le
469 2335 573 2367 evexit,
589 2334 715 2362 occultari
736 2334 852 2368 satagis?
863 2333 946 2366 Quem

161 2391 230 2410 nunc
243 2384 353 2416 timens,
369 2382 523 2409 delitescere
543 2380 652 2407 studes?
667 2379 733 2407 Num
749 2379 824 2406 adest
837 2387 947 2406 accusa-

160 2428 221 2456 tor?
234 2437 297 2455 num
313 2428 411 2454 instant
426 2426 526 2453 testes?
539 2426 613 2453 Unde
625 2430 693 2452 tanta
708 2424 831 2457 formido,
848 2429 948 2451 tantus-

159 2483 212 2508 que
224 2478 310 2501 inetus
323 2478 349 2500 Le
366 2472 479 2500 invasit?
494 2471 536 2498 l0.
554 2471 644 2504 Tuum,
657 2471 751 2505 inquit,
767 2470 949 2496 dcaiitbulaulis

160 2521 185 2546 in
210 2520 329 2554 paradiso
347 2527 430 2545 vorent
449 2518 534 2544 audivi
547 2538 553 2549 ,
570 2522 592 2543 et
608 2516 688 2548 timui,
702 2516 761 2550 quia
776 2517 857 2542 nudus
872 2523 927 2542 sum
939 2535 947 2548 ,

161 2571 183 2592 rt
204 2564 324 2592 abscondi
347 2572 387 2590 me
404 2564 424 2590 ¹.
448 2563 523 2591 Unde
547 2563 592 2589 tibi
619 2562 745 2589 imdilatis
768 2562 859 2588 notitia
882 2568 948 2587 con-

161 2610 244 2643 tigit?
267 2609 310 2636 dic
335 2609 399 2636 mihi
423 2617 430 2634 ε
461 2608 523 2643 quid
552 2608 602 2634 hoc
630 2615 727 2634 novum
757 2611 780 2633 et
811 2605 949 2633 insolens?

162 2656 226 2688 Quis
250 2655 301 2681 hoc
327 2661 452 2688 umquam
478 2654 634 2680 aniiunliare
662 2653 789 2687 potuisset
812 2651 875 2683 tibi,
899 2651 949 2677 nisi

161 2700 218 2735 ipse
241 2699 320 2734 huius
345 2699 454 2734 pudoris
478 2703 569 2725 auctor
596 2698 640 2725 tibi
669 2697 781 2724 fuisses?
807 2697 856 2723 nisi
878 2705 893 2723 a
920 2697 952 2723 li—

160 2754 224 2779 gno,
246 2744 280 2772 de
303 2753 355 2779 quo
376 2744 506 2778 praecepi,
531 2748 560 2770 ut
578 2751 610 2770 ex
631 2750 662 2770 eo
683 2743 741 2769 solo
762 2750 814 2769 non
829 2741 951 2769 comede-

195 2812 202 2827 ¹
220 2814 282 2839 Post,
294 2809 407 2835 abscmidi'
419 2816 465 2839 me,
474 2809 569 2840 quidam
587 2811 640 2832 Mss.
653 2811 747 2832 textum
757 2808 883 2839 Scriptura:
896 2814 950 2839 pro-

161 2846 297 2872 sequuntur
307 2847 387 2871 usque
399 2840 436 2866 ad,
446 2839 577 2864 route/iisti.

695 138 726 166 1N
747 139 822 167 ων.
845 139 886 166 Ill.
904 140 1025 168 GENES.
1048 140 1161 168 ilOMlL.
1185 142 1264 169 XVil.

1726 147 1776 174 £33

991 204 1050 227 res.
1073 198 1253 224 conicdisses"
1278 199 1340 225 Vide
1364 200 1495 233 ingentem
1521 202 1727 230 llliﬁt‘l'iCtil‘diiilll
1751 211 1776 230 et

990 241 1141 275 patientiam
1168 243 1280 269 Domini.
1306 244 1370 270 Nam
1395 253 1454 272 cum
1478 252 1567 280 posset
1589 255 1622 274 ne
1647 256 1775 283 responso

989 286 1095 321 quidem
1110 287 1210 322 dignari
1224 296 1285 316 eum
1299 289 1342 324 qni
1358 297 1529 323 peccaverat,
1547 292 1593 318 sed
1611 293 1699 320 statim
1721 301 1776 327 pte.

962 365 967 369 .
990 339 1050 358 nam
1071 332 1204 367 infligere,
1224 341 1301 368 quam
1323 334 1396 368 prius
1416 339 1542 362 statuerat
1562 338 1774 370 prtevarieaturo.

990 377 1119 411 patienter
1133 382 1219 405 tamen
1233 379 1297 413 agit,
1311 379 1415 411 tolerat,
1427 384 1453 406 et
1467 381 1619 415 interrogat,
1630 387 1655 408 ct
1669 390 1776 417 respon-

989 430 1046 448 sum
1059 424 1154 458 accipit
1168 433 1174 450 :
1189 428 1217 451 ct
1231 424 1326 452 iterum
1340 425 1493 460 interrogat,
1506 427 1580 460 quasi
1596 427 1628 454 ad
1642 427 1775 455 defensio-

991 476 1050 494 llt‘lll
1064 477 1124 495 etuti
1142 477 1297 503 piovocans,
1313 475 1341 497 ul.
1353 475 1459 506 arrepta
1469 472 1609 500 occasione
1624 473 1702 500 etiam
1719 479 1777 507 post

991 518 1090 540 tantam
1107 515 1359 548 praevaricationem,
1374 523 1447 542 suam
1460 524 1521 551 erga
1538 517 1611 544 illum
1627 518 1776 545 misericor-

989 557 1058 584 diam
1081 559 1204 586 exhibeat
1219 569 1225 586 :
1241 568 1293 594 quo
1317 562 1395 587 etiam
1420 569 1468 589 nos
1487 563 1573 595 docet,
1588 568 1617 590 ut
1635 564 1739 598 quando
1752 570 1779 591 ct

991 611 1038 630 nos
1055 605 1106 631 rcis
1119 605 1162 639 jus
1175 606 1303 638 dicimus,
1317 614 1369 632 non
1385 611 1435 633 tam
1451 607 1594 634 inhumane
1614 609 1665 635 illis
1684 609 1777 644 loqua-

990 656 1058 680 mur,
1073 657 1157 684 neque
1175 649 1256 677 ferina
1277 651 1302 677 in
1322 651 1380 678 illos
1400 657 1504 678 utamur
1520 653 1619 679 smvitia
1634 662 1640 679 :
1657 654 1703 680 sed
1717 661 1776 681 cutn

992 694 1129 722 tolerantia
1152 696 1233 723 multa
1252 701 1279 723 et
1300 697 1479 724 misericordia
1495 705 1613 733 agamus,
1628 704 1717 733 utpote
1730 707 1779 726 no-

992 741 1052 766 stris
1066 741 1181 775 ipsorum
1200 742 1325 768 membris
1337 742 1380 775 jus
1393 743 1504 776 dicturi,
1519 747 1545 770 et
1557 743 1705 778 cogitantes
1718 745 1777 771 illos

990 786 1065 812 nolis
1076 793 1135 813 esse
1150 793 1323 820 eongcncres,
1339 787 1495 821 supplicium
1512 787 1692 815 misericordia
1710 794 1776 815 teni-

989 839 1122 865 peremus.
1142 831 1199 858 Non
1215 832 1284 858 enim
1299 831 1396 859 frustra
1411 837 1481 860 tanta
1493 833 1632 860 verborum
1648 838 1777 870 attempe-

989 878 1091 904 ratione
1105 877 1186 904 utitur
1198 877 1286 904 divina
1300 878 1433 913 Scriptura
1443 898 1449 910 ,
1470 879 1517 906 sed
1531 879 1617 907 verbis
1634 881 1777 908 humilibus

988 921 1066 949 docet
1091 927 1118 950 et
1136 929 1270 957 provocat,
1291 929 1319 950 ut
1343 932 1389 958 pro
1409 924 1506 952 viribus
1530 925 1651 953 humanis
1673 926 1776 954 Domini

989 967 1177 1002 benignitatem
1188 969 1331 996 imitemur.
1340 969 1350 996 l
1360 970 1382 996 Ι.
1399 969 1518 1004 Dixitque
1528 979 1537 996 :
1551 971 1612 1003 Quis
1620 972 1776 998 annuntiavit

990 1013 1034 1040 tibi
1045 1014 1112 1048 quod
1126 1015 1207 1041 nntius
1221 1023 1300 1046 esses,
1316 1015 1364 1042 nisi
1377 1014 1464 1052 [quod]
1480 1017 1511 1042 de
1526 1017 1603 1051 ligno.
1618 1017 1648 1043 de
1660 1026 1708 1052 qua
1722 1018 1776 1045 solo

990 1060 1098 1094 prmepi
1110 1060 1153 1086 tibi
1164 1068 1194 1087 ne
1205 1061 1355 1094 comedet-es,
1367 1061 1398 1087 de
1407 1061 1451 1087 illo
1462 1061 1515 1096 ipso
1525 1062 1653 1089 contulisti
1662 1063 1675 1089 .7
1689 1063 1775 1096 Unde,

991 1104 1084 1138 inquit,
1100 1112 1191 1139 posses
1205 1104 1254 1132 hoc
1267 1105 1349 1137 scire.
1373 1110 1397 1132 te
1421 1109 1492 1133 tanto
1509 1107 1610 1140 pudore
1631 1107 1709 1140 afﬁci,
1727 1108 1775 1135 nisi

990 1149 1100 1176 multum
1124 1150 1302 1183 intemperans
1326 1149 1440 1183 fuisses,
1463 1154 1490 1177 et
1514 1151 1665 1178 mandatum
1688 1160 1775 1179 meum

990 1195 1216 1229 contempsisses?

1026 1240 1053 1266 tl.
1072 1239 1228 1274 Considera,
1250 1239 1356 1273 dilecte,
1377 1240 1501 1267 bonitatis
1522 1241 1567 1267 Dei
1584 1240 1776 1272 excellentiam,

990 1285 1124 1320 quomodo
1145 1286 1219 1320 quasi
1242 1286 1343 1313 amicus
1362 1286 1447 1313 amico
1468 1286 1592 1321 loquitur,
1606 1292 1633 1314 et
1646 1288 1721 1322 quasi
1734 1295 1778 1315 ex-

992 1330 1107 1366 postulat
1122 1338 1182 1357 cum
1196 1338 1228 1357 co
1240 1331 1285 1365 qui
1300 1331 1420 1358 mandata
1436 1335 1615 1366 transgressus
1627 1337 1693 1359 erat.
1716 1333 1779 1365 Quis

992 1376 1165 1403 atmuntiasset
1179 1376 1223 1403 tibi
1234 1376 1302 1411 quod
1315 1377 1398 1403 nudus
1410 1385 1485 1410 esses,
1500 1377 1548 1404 nisi
1562 1377 1593 1404 de
1607 1377 1674 1412 ligno
1688 1378 1719 1404 de
1730 1386 1779 1413 quo

991 1421 1046 1448 solo
1057 1422 1166 1456 prwcepi
1176 1422 1218 1448 tibi
1233 1430 1263 1448 ne
1277 1423 1428 1455 coniectores,
1443 1422 1473 1449 de
1486 1423 1530 1450 illo
1544 1423 1598 1456 ipso
1612 1424 1779 1451 contulisses?

992 1467 1050 1494 Non
1065 1473 1138 1495 caret
1150 1468 1281 1503 emphasi,
1295 1473 1322 1496 et
1336 1469 1425 1496 latenti
1441 1469 1552 1504 quadam
1568 1470 1605 1503 vi,
1621 1470 1690 1505 quod
1704 1471 1778 1502 dicit,

993 1514 1032 1541 De
1043 1522 1092 1549 quo
1102 1514 1155 1541 solo
1166 1515 1255 1549 :quasi
1266 1514 1376 1547 diceret,
1387 1514 1454 1542 Num
1465 1515 1531 1542 adeo
1541 1521 1665 1550 angustos
1675 1515 1777 1544 fruendi

994 1560 1090 1587 limites
1102 1560 1146 1587 tibi
1159 1560 1322 1594 prmscripsi?
1336 1560 1428 1587 Nonne
1438 1568 1543 1588 onmem
1554 1561 1656 1595 copiam
1668 1562 1777 1595 praibni,

994 1610 1021 1632 et
1034 1605 1151 1632 omnium
1165 1613 1224 1640 qua:
1238 1605 1264 1632 iii
1277 1605 1397 1640 paradiso
1410 1610 1472 1633 sunt
1487 1611 1642 1641 potestatem
1658 1607 1703 1633 tibi
1717 1614 1780 1634 con-

995 1652 1102 1685 cedens,
1116 1652 1149 1679 ab
1162 1653 1212 1680 hoc
1223 1653 1301 1680 unico
1318 1657 1347 1680 ut
1365 1653 1513 1681 abstineres
1532 1654 1655 1689 praecepi,
1670 1660 1697 1681 ni
1711 1654 1781 1681 scire

996 1705 1087 1732 posses
1102 1702 1127 1725 te
1140 1697 1189 1725 sub
1200 1697 1309 1725 domino
1323 1698 1437 1733 quodam
1452 1706 1511 1726 esse
1523 1719 1530 1732 ,
1546 1699 1587 1726 cui
1602 1699 1779 1726 obedientiam

995 1743 1095 1770 debes?
1108 1743 1171 1776 Quae
1186 1743 1264 1777 igitur
1275 1747 1346 1770 tanta
1359 1743 1518 1778 negligentia
1534 1744 1588 1776 illa,
1602 1749 1628 1770 ut
1641 1744 1718 1770 tantis
1727 1743 1781 1770 fru—

996 1788 1082 1815 ctibus
1096 1797 1147 1815 non
1158 1793 1307 1821 contentus,
1319 1789 1351 1815 ab
1362 1789 1412 1816 hoc
1424 1789 1500 1816 unico
1512 1789 1645 1816 abstinere
1654 1789 1780 1822 nolueris,

997 1839 1023 1860 et
1037 1834 1076 1861 sic
1089 1834 1176 1861 statim
1190 1834 1222 1861 ad
1238 1834 1387 1861 violandum
1399 1834 1550 1861 mandatum
1562 1834 1631 1868 quod
1646 1834 1707 1861 dedi
1721 1841 1782 1869 pro-

997 1879 1118 1914 ruperis,
1133 1887 1165 1906 ac
1184 1884 1209 1906 te
1232 1879 1310 1906 tantis
1334 1879 1409 1905 malis
1432 1879 1627 1913 implicavcris?
1650 1879 1714 1912 Qua:
1735 1879 1781 1906 tibi

998 1924 1058 1951 inde
1074 1924 1189 1951 utilitas?
1210 1925 1304 1950 Annon
1320 1924 1376 1950 ha-c
1391 1925 1516 1957 pt-aitlixi?
1535 1931 1623 1950 nonne
1638 1929 1708 1950 itietti
1724 1931 1781 1957 pm-

997 1977 1038 1996 na:
1052 1969 1121 1996 volui
1135 1977 1181 1996 vos
1195 1976 1318 1996 coercere
1331 1974 1357 1996 et
1368 1969 1488 1996 munire?
1503 1976 1590 1995 nonne
1602 1969 1656 1995 dixi
1666 1976 1725 2003 qua:
1737 1976 1781 1994 vo-

997 2013 1038 2040 bis
1051 2019 1176 2041 eventura
1193 2015 1286 2040 erant?
1304 2021 1391 2040 nonne
1407 2013 1456 2039 hac
1467 2014 1500 2040 de
1513 2021 1591 2040 causa
1602 2033 1610 2046 ,
1625 2021 1658 2039 ne
1671 2013 1696 2039 in
1711 2017 1781 2038 tanta

997 2059 1066 2085 mala
1081 2058 1242 2090 incideretis,
1257 2057 1326 2084 hunc
1338 2058 1426 2084 cibum
1442 2057 1580 2092 prohibui?
1593 2057 1657 2090 Quis
1677 2061 1703 2084 te
1722 2061 1783 2091 post

998 2105 1074 2131 venia
1088 2104 1208 2138 dignetur
1222 2124 1228 2136 ,
1250 2104 1292 2138 qui
1310 2108 1366 2138 post
1381 2107 1451 2130 tanta
1467 2103 1588 2130 mandata
1603 2104 1655 2130 Deo
1668 2104 1785 2137 ingratus

998 2149 1095 2176 fueris?
1109 2149 1200 2175 Nonne
1211 2149 1276 2175 sicut
1288 2155 1363 2183 pater
1375 2148 1497 2175 dilectum
1510 2148 1603 2182 tilium,
1615 2149 1648 2175 de
1661 2149 1783 2175 omnibus

998 2195 1062 2221 satis
1075 2194 1186 2222 dilucide
1201 2199 1228 2221 et
1249 2194 1371 2221 distincte
1386 2194 1507 2226 instruxi,
1522 2198 1550 2221 ut
1561 2194 1595 2222 de
1608 2194 1666 2221 aliis
1679 2195 1784 2230 quidem

998 2246 1129 2276 gnstares,
1143 2241 1176 2268 ab
1197 2241 1246 2267 hoc
1265 2246 1351 2267 autem
1372 2240 1535 2273 abstinet-cs,
1552 2244 1580 2267 ut
1593 2248 1626 2267 nc
1639 2241 1726 2267 omnia
1743 2245 1786 2267 tua

1000 2287 1067 2313 bona
1082 2286 1161 2313 simul
1177 2286 1319 2320 perderes?
1331 2285 1383 2313 Sed
1394 2285 1462 2312 forte
1477 2290 1548 2312 ratus
1560 2293 1589 2312 es
1603 2285 1712 2312 alterius
1723 2293 1787 2312 con-

999 2333 1087 2359 silium
1103 2340 1162 2359 meo
1177 2332 1301 2359 mandato
1313 2332 1408 2359 melius
1427 2336 1453 2359 et
1475 2331 1526 2358 fide
1547 2331 1668 2366 dignius;
1692 2336 1719 2358 et
1738 2339 1786 2358 ex-

1000 2379 1160 2413 spectatione
1182 2378 1311 2412 majorum
1336 2377 1465 2404 bonoruin
1489 2377 1544 2404 huic
1567 2377 1660 2410 fecisti,
1675 2381 1701 2404 et
1721 2385 1786 2403 con-

1001 2428 1101 2457 tcmpto
1115 2423 1239 2450 mandato
1252 2430 1323 2455 meo,
1338 2422 1371 2449 de
1385 2423 1454 2457 ligno
1469 2422 1548 2449 edere
1563 2429 1643 2448 ausus
1658 2429 1696 2448 es.
1719 2422 1786 2448 Ecce

1001 2470 1062 2504 quid
1077 2470 1122 2496 tibi
1138 2469 1272 2500 acciderit,
1284 2477 1353 2495 utine
1360 2468 1520 2502 experientia
1534 2467 1661 2494 malorum
1673 2466 1785 2494 didicisti

1001 2521 1098 2552 quanta
1119 2515 1221 2542 consilii
1244 2515 1312 2541 illius
1334 2514 1474 2548 pernicies.
1499 2512 1606 2539 Vidistis
1622 2511 1719 2546 judicis
1732 2512 1786 2538 cie.

1002 2561 1148 2588 mentium?
1163 2560 1264 2586 vidistis
1280 2558 1506 2586 inansnctndiiiciii
1523 2562 1550 2584 et
1565 2557 1732 2584 tolerantiam
1748 2556 1787 2583 in-

1003 2605 1197 2632 cnarrabilcm?
1223 2604 1325 2630 vidistis
1352 2603 1492 2630 verborum
1520 2601 1786 2635 atteiupcrationeui.

1003 2651 1074 2678 omni
1097 2658 1219 2677 sermone
1242 2655 1268 2676 ct
1292 2649 1449 2683 cogitatione
1475 2647 1658 2682 superiorem?
1689 2647 1790 2674 vidistis

1003 2696 1136 2732 quomodo
1147 2703 1193 2730 per
1206 2694 1447 2728 interrogationem,
1460 2698 1485 2719 et
1500 2701 1546 2727 per
1559 2693 1615 2719 lucc
1626 2692 1714 2723 verba,
1729 2693 1790 2724 Quis

1004 2742 1160 2769 annnnliavit
1173 2741 1216 2767 tibi
1230 2741 1295 2774 quod
1309 2739 1390 2765 nudus
1403 2746 1468 2765 esses
1479 2759 1486 2770 ,
1501 2739 1549 2765 nisi
1563 2739 1594 2765 de
1607 2738 1685 2774 ligno,
1699 2738 1729 2764 de
1741 2747 1789 2772 quo

1004 2789 1058 2816 solo
1069 2787 1176 2823 prwcepi
1189 2787 1232 2813 tibi
1245 2795 1275 2812 ne
1287 2785 1437 2818 comederei,
1454 2788 1485 2812 de
1499 2785 1543 2812 illo
1556 2785 1610 2820 ipso
1622 2784 1769 2811 cuniedisscs
1781 2805 1788 2815 ,

1001 2834 1097 2869 ianuas
1111 2832 1147 2859 illi
1160 2831 1263 2867 aperire
1283 2830 1339 2857 vult
1358 2830 1529 2864 defensionis,
1549 2834 1577 2857 nt
1595 2834 1622 2857 et
1643 2829 1787 2856 misericoia

1379 2939 1385 2950 \
