2060 3122
243 133 294 161 139

241 192 311 218 diatn
325 195 398 215 suam
411 193 472 222 erga
486 192 548 213 eum
561 184 605 219 qui
619 188 718 210 tantum
733 187 902 219 peccat-erm,
915 180 1033 208 dedam-

243 235 300 264 ret?
325 234 470 262 Audiamus
489 236 516 258 et
535 238 609 258 reunt
621 250 628 263 ,
648 227 711 264 quid
732 229 764 256 ad
786 229 843 255 lucc
862 224 1030 261 respondeat.

245 281 286 308 I2.
301 279 334 306 Et
347 279 410 305 dixit
425 277 505 304 Adam
517 283 526 303 :
539 275 632 302 Mulier
642 282 720 310 quam
732 274 822 302 dediin
836 278 863 300 ut
877 273 908 299 sit
924 278 1032 301 mecum,

242 326 298 360 ipsa
312 324 373 350 mihi
383 322 451 349 dedit
466 321 498 348 de
512 321 591 356 ligno,
604 324 626 346 et
641 320 751 346 comedi.
771 317 929 346 Miserabilia
940 315 1031 346 verba,

241 377 269 400 et
283 378 376 405 magna
390 368 560 396 miseratione
571 366 660 400 plena,
672 374 703 392 ac
713 366 791 400 digna
802 371 860 399 qua:
873 363 904 390 ad
916 363 1033 389 clemen-

243 417 305 443 tiam
321 415 462 442 Dominum
477 415 638 447 provocent,
654 417 707 439 tam
723 414 888 438 tnansuetum
909 413 935 434 et
957 406 1033 434 boni-

244 467 298 489 tate
317 469 365 488 sua
385 460 532 487 vincentem
552 461 644 485 nostra
667 462 784 492 peccata.
807 455 872 482 Nam
895 458 1033 488 postquam

243 507 354 534 multum
366 504 503 533 tolerando
514 504 583 530 illius
595 508 711 532 mentem
720 501 870 532 commovit,
881 504 908 527 et
920 498 1036 526 ostendit

244 552 344 586 peccati
367 549 586 585 magnitudinem,
603 549 677 584 qttasi
696 547 875 575 defensionem
890 552 984 580 parans
1000 544 1036 570 ait

245 597 281 624 illi
296 596 379 623 Adam
395 605 401 622 :
419 595 511 622 Mulier
521 604 598 630 quam
609 594 699 622 dedisti
709 597 736 620 ut
746 594 777 620 sit
791 599 896 624 uterum,
908 591 963 626 ipsa
975 590 1035 616 mihi

244 642 313 669 dedit
332 642 363 669 de
382 641 429 668 hoc
452 641 532 676 ligno,
551 647 574 669 et
593 641 699 668 comedi.
719 640 791 673 Seio,
808 639 900 673 inquit,
917 646 959 665 mc
972 645 1036 672 pec-

245 695 320 714 casse
335 696 340 714 :
356 687 402 714 sed
417 686 513 714 mulier
525 695 602 722 quam
615 686 709 714 dedisti
726 690 753 712 ut
767 686 800 712 sit
814 692 927 716 meeum,
938 683 971 710 de
985 691 1036 718 qtta

247 734 302 767 ipse
315 731 414 764 dixisti,
437 732 573 760 Faciamus
595 731 633 758 illi
654 732 795 766 adjttlorcm
814 729 949 756 secundant
970 736 1035 758 eunt,

247 780 303 813 ipsa
318 778 381 805 tnihi
397 777 476 814 hujus
492 779 575 806 ruina:
589 785 668 805 causa
682 778 739 804 luit.
755 776 848 803 Mulier
861 783 934 810 quant
947 774 1037 801 dedisti

247 828 274 850 ut
297 824 329 850 sit
351 832 460 852 mecum.
485 823 596 858 Quando
619 823 689 850 enim
710 826 907 856 exspectassem
925 825 952 847 ut
967 825 1038 846 tanta

248 870 390 904 ignominia
405 878 447 898 me
462 870 589 901 afficeret,
604 876 662 903 qua:
676 868 735 896 ideo
750 868 853 894 condita
870 871 920 898 est,
934 869 963 892 ut
975 865 1038 892 milti

248 915 343 943 solatio
357 915 446 943 esset?
468 915 507 942 Tu
525 915 588 941 milii
610 914 692 948 ipsam
707 913 820 944 dedisti,
836 918 862 939 tu
878 912 960 947 ipsam
975 911 1039 939 mihi

250 961 392 988 adduxisti.
414 961 482 996 Ipsa.
499 962 587 987 nescio
603 959 672 986 unde
687 963 768 991 mota,
781 958 854 985 dedit
874 958 937 985 milii
955 958 988 985 de
1007 958 1040 984 li-

250 1013 313 1040 gno,
327 1010 353 1033 et
370 1005 484 1033 comedi.
503 1005 630 1031 Videntur
650 1004 707 1032 lucc
728 1003 834 1038 quidem
858 1002 1040 1030 defensionem

250 1050 391 1085 quamdam
412 1057 466 1084 pra:
488 1057 517 1076 se
537 1048 616 1081 ferre,
641 1048 686 1075 sed
712 1055 819 1083 prorsus
842 1048 919 1075 venia
939 1053 1040 1075 carcttt.

252 1097 309 1129 Qua
324 1096 394 1123 enim
408 1095 485 1123 venia
499 1095 594 1130 dignus
607 1102 647 1126 es.
662 1094 754 1129 inquit,
771 1094 815 1128 qui
835 1101 894 1120 mea
911 1098 1040 1128 pra‘ccpta

251 1142 349 1168 oblitus
374 1141 465 1174 fueris,
486 1145 514 1167 et
535 1141 579 1174 qui
606 1139 724 1167 nmlieris
746 1139 844 1166 donum
868 1139 934 1166 meis
954 1139 1042 1166 verbis

254 1186 444 1222 pra-ferendum
460 1185 612 1221 putaveris?
633 1185 698 1212 Nam
714 1185 775 1211 licet
789 1185 883 1212 mulier
894 1184 981 1211 cibum
996 1185 1042 1211 de-

252 1232 338 1262 derit,
361 1231 507 1258 sufﬁciebat
529 1236 615 1258 tamen
638 1230 790 1257 mandatum
806 1239 904 1262 Ineunt,
918 1236 944 1258 et
964 1230 1042 1257 timor

252 1277 385 1312 supplicii,
401 1282 428 1303 ut
445 1281 470 1304 te
483 1276 517 1303 ab
531 1284 577 1303 esu
591 1275 769 1303 deterrerent.
785 1276 825 1302 An
840 1275 996 1311 ignorabas?
1008 1283 1042 1303 an

255 1321 411 1350 nesciebas?
433 1321 494 1349 Ideo
512 1329 602 1348 curam
619 1321 699 1348 vestri
713 1328 807 1355 gerens
826 1321 934 1355 pncdixi
945 1342 952 1354 ,
970 1328 1002 1348 ne
1016 1321 1043 1348 in

254 1367 312 1394 lucc
334 1367 484 1394 incideretis
499 1374 506 1393 :
523 1366 610 1401 itaque
633 1367 694 1393 licet
714 1366 810 1392 mulier
833 1366 878 1393 tibi
902 1366 935 1393 ad
959 1372 1044 1393 lrans-

253 1411 418 1447 gres-sionem
439 1411 556 1439 mandati
575 1411 743 1442 ministrarit,
758 1417 786 1438 tu
800 1417 937 1446 propterea
953 1412 1044 1439 insitus

255 1465 307 1484 non
319 1458 382 1484 eris.
396 1457 521 1492 Majorem
533 1457 602 1483 enim
616 1456 692 1483 fidem
704 1456 827 1483 mamlato
838 1464 897 1483 meo
909 1461 934 1483 te
946 1456 1044 1484 habere

254 1503 402 1537 oportebat,
423 1507 450 1529 ct
469 1510 520 1529 non
543 1503 628 1529 solum
650 1507 678 1528 ut
697 1506 724 1528 ttt
747 1502 803 1536 ipse
817 1501 850 1528 ab
864 1510 910 1529 esu
923 1509 1042 1535 caveres,

255 1548 301 1576 sed
319 1553 345 1575 et
367 1552 393 1575 ut
415 1548 552 1575 mulierem
572 1547 682 1574 doccrcs
699 1552 869 1581 peccatorum
887 1547 1044 1581 magnitudo

255 1601 326 1621 nent.
342 1593 428 1628 Caput
441 1593 510 1620 enim
527 1600 555 1620 es
569 1592 686 1619 mulieris
700 1592 737 1627 (ι.
754 1592 813 1618 Cor.
829 1592 872 1618 ll.
888 1592 926 1626 5),
942 1597 969 1619 et
982 1600 1043 1626 pro-

255 1643 313 1673 pter
327 1642 352 1665 te
364 1637 405 1664 illa
420 1638 545 1672 producta
556 1643 597 1664 est
612 1646 618 1664 :
634 1642 661 1664 tu
672 1641 758 1663 autem
769 1636 889 1663 ordinetn
904 1637 1043 1669 invertisti,

254 1688 282 1711 et
296 1690 348 1711 non
361 1684 446 1710 solum
462 1684 532 1710 illam
549 1691 600 1709 non
616 1683 754 1709 correxisli
765 1703 771 1715 ,
787 1682 833 1709 sed
848 1687 875 1709 et
895 1683 950 1717 ip5e
966 1682 1045 1709 simul

255 1731 379 1764 abreptus
391 1737 422 1756 es
438 1738 445 1756 :
460 1736 491 1756 ac
505 1737 566 1756 cum
579 1733 715 1763 oporteret
729 1735 826 1763 corpus
847 1728 977 1762 rcliqttunt
998 1735 1045 1754 ca-

257 1776 302 1811 piti
324 1776 444 1810 obsequi,
468 1775 575 1803 diverso
600 1775 679 1801 tnodo
703 1783 746 1802 res
769 1775 866 1806 evenit,
887 1774 1045 1808 corporique

256 1822 358 1857 reliquo
372 1826 450 1856 caput
463 1821 637 1856 obscqttttlutn
653 1825 691 1847 est
703 1840 710 1851 ,
725 1825 752 1847 et
764 1828 823 1854 (μιίο
837 1828 942 1847 sursum
958 1824 1044 1852 erant,

257 1867 282 1894 in
295 1867 412 1894 inlitnunt
425 1866 510 1893 locqu
523 1870 660 1893 venerunt.
673 1865 816 1899 Propterea
828 1866 950 1900 quoniam
963 1869 1045 1892 totum

256 1913 376 1939 ordiuctn
400 1912 539 1945 iuvertisti,
561 1919 593 1939 co
617 1919 686 1938 nunc
711 1912 832 1938 redactus
851 1919 889 1944 es,
905 1911 948 1946 qui
970 1916 1046 1938 antea

258 1963 329 1986 tanta
344 1959 425 1993 gloria
442 1959 549 1985 vestitus
563 1965 632 1985 eras.
646 1957 709 1991 Quis
725 1963 749 1984 te
759 1958 823 1985 satis
834 1957 911 1992 digne
926 1957 1047 1992 deplora-

258 2004 335 2036 rerit,
347 2004 388 2031 cui
403 2008 442 2030 tot
454 1997 481 2030 et
493 2008 563 2030 tanta
581 2004 648 2031 bona
664 2003 749 2030 ablata
763 2003 844 2030 sunt?
860 2003 1046 2030 Vcrumtanten

258 2050 320 2077 licet
340 2049 397 2077 lucc
418 2050 508 2077 omnia
529 2050 574 2076 tibi
595 2049 749 2082 acciderint,
774 2050 836 2076 nulli
862 2054 948 2076 tamen
972 2050 1047 2076 alteri

257 2102 365 2121 causam
379 2094 500 2121 adscriltc
510 2115 518 2126 ,
534 2094 581 2121 scd
595 2095 691 2128 tiltiipsi
704 2099 731 2121 et
745 2099 795 2121 tua:
810 2095 921 2129 ignavia:
939 2104 945 2122 :
960 2094 1046 2121 nenti-

257 2146 336 2172 qttam
350 2139 420 2165 enim
435 2143 460 2165 te
477 2139 608 2166 nolentem
628 2139 721 2166 mulier
741 2140 765 2166 itt
787 2144 885 2166 tantam
900 2139 1048 2167 induxi~set

260 2184 373 2210 ruinam.
390 2183 456 2211 Num
473 2184 573 2211 hortata
587 2185 646 2211 est?
663 2193 725 2211 nttnt
742 2185 884 2212 disseruit?
897 2194 958 2212 nmn
971 2185 1048 2212 dccc-

260 2229 316 2264 pil?
341 2229 417 2256 Dedit
441 2234 552 2262 tantum,
569 2235 594 2257 ct
616 2231 704 2257 statim
726 2236 831 2266 tamque
854 2231 929 2258 facile
949 2232 980 2259 ad
1004 2241 1049 2259 stt-

259 2275 384 2302 luendum
400 2275 486 2303 cibum
500 2275 627 2303 adductus
638 2284 677 2308 es,
692 2277 791 2303 nullant
807 2277 921 2304 mandati
938 2279 978 2305 vel
991 2286 1046 2305 me-

260 2322 370 2348 moriam
390 2321 474 2348 fecisti
491 2322 606 2356 :putasti
627 2330 642 2349 a
662 2330 704 2349 me
728 2327 753 2349 te
775 2322 915 2358 deceptum
938 2332 1006 2356 esse,
1022 2330 1048 2351 et

261 2371 401 2402 propterea
425 2367 512 2394 cihtun
533 2367 603 2394 hunc
624 2367 671 2394 tibi
691 2376 743 2395 non
765 2369 938 2400 concessisse,
965 2375 993 2396 ut
1016 2377 1049 2397 ne

263 2411 405 2446 majoribus
420 2411 554 2439 frui-reris.
578 2413 611 2439 Et
629 2421 680 2447 qua
700 2413 802 2441 ratione
816 2422 864 2449 ego
881 2419 905 2441 te
918 2415 1047 2447 fallerent,

261 2457 304 2491 qui
319 2461 357 2484 tot
370 2456 395 2483 in
412 2462 437 2483 te
451 2457 578 2486 beneficia
591 2458 708 2485 contuli?
723 2458 754 2485 Et
775 2459 842 2485 istuc
857 2460 940 2494 ipsum
953 2465 1050 2494 quanta

262 2504 441 2532 beneficentia:
464 2506 615 2539 magnitudo
636 2511 702 2539 erat,
718 2510 746 2533 ut
769 2506 935 2540 praedicendo
955 2507 1049 2534 distin-

261 2557 368 2583 gucrem
382 2558 396 2577 a
410 2559 462 2584 qtto
477 2551 662 2578 abstinendum
677 2556 758 2585 esset,
772 2557 799 2579 ttt
814 2560 867 2579 non
883 2553 1013 2580 incideres
1024 2553 1049 2579 itt

261 2602 321 2628 qua:
344 2595 474 2622 incidisti?
497 2596 548 2623 Sed
571 2596 628 2624 lure
650 2597 737 2624 omnia
754 2597 827 2624 nihili
839 2598 962 2625 faciebas.
982 2598 1051 2625 Ecce

263 2647 332 2666 ltllllC
343 2641 502 2674 experientia
517 2647 541 2668 te
556 2642 643 2674 docet,
654 2648 751 2678 quanta
763 2648 929 2678 peccatormn
945 2648 1050 2671 tuorutn

264 2685 298 2712 sit
312 2685 463 2718 magnitudo
478 2694 484 2713 :
500 2687 627 2721 reliquum
643 2691 700 2719 est,
717 2692 744 2714 ut
761 2687 810 2714 soli
826 2687 928 2715 mulieri
946 2689 1051 2724 culpam

263 2737 315 2756 non
330 2730 473 2764 adscribas,
486 2732 532 2759 sed
548 2737 575 2760 ct
586 2733 750 2769 negligentia:
766 2739 828 2761 tum.

298 2775 324 2803 5.
338 2774 417 2809 Igitur
427 2777 491 2803 satis
506 2777 636 2806 Adamum
650 2779 814 2814 alloquulus,
835 2784 973 2815 postquam
987 2788 1051 2808 cott-

262 2819 403 2849 fcssioncm
418 2821 460 2849 ille
477 2821 645 2857 delictorum,
661 2828 690 2851 ut
703 2824 821 2859 putabat,
837 2826 927 2857 edidit,
944 2833 1050 2862 peccato

600 126 628 154 S.
649 122 789 153 JUANNIS
807 121 1042 152 CllRVSOSTOMl
1062 119 1220 148 ARClllEl’.
1240 117 1504 145 CONST:\L\TINOP.
1826 115 1875 143 HO

1085 178 1111 204 in
1128 177 1265 203 mulierem
1278 175 1405 202 translato
1417 183 1424 202 :
1434 174 1494 201 vide
1505 175 1602 201 bonum
1614 173 1764 207 Dominum,
1776 180 1876 209 quanta

1086 223 1180 250 iterum
1195 221 1355 257 indulgentia
1365 221 1489 256 dignatur
1498 221 1576 248 etiarn
1589 220 1661 247 illam
1673 228 1721 248 suo
1734 227 1876 255 responso.

1087 269 1128 296 15.
1152 268 1185 295 Et
1205 269 1277 301 dia-it,
1295 268 1388 302 inquit,
1414 267 1480 294 Deus
1503 267 1623 293 mulieri:
1636 265 1687 293 Cur
1707 266 1754 293 hoc
1773 266 1878 302 fecisti!

1086 314 1189 341 Audisti
1204 314 1287 340 virum
1309 313 1334 340 in
1352 318 1377 340 te
1397 313 1500 348 culpam
1515 311 1729 343 transferentem,
1744 317 1771 339 et
1786 312 1877 339 omnia

1087 358 1131 386 tibi
1151 358 1357 391 adscribentcm,
1378 365 1436 392 qua:
1458 357 1507 392 ipsi
1530 357 1555 384 in
1574 357 1730 391 adjutricem
1750 356 1811 384 data
1835 364 1876 386 es.

1086 409 1166 438 atque
1180 403 1238 430 ideo
1253 403 1370 435 condita,
1386 407 1413 430 ut
1427 402 1478 429 tuis
1493 402 1594 429 solatiis
1607 402 1693 436 ipsum
1708 401 1821 434 foveres,
1836 406 1879 428 ut-

1087 456 1149 484 pote
1161 449 1280 476 eamdem
1297 453 1417 476 naturam
1432 456 1491 475 cttnt
1509 448 1566 482 ipso
1580 448 1684 475 sortita.
1705 447 1758 475 Cur
1773 448 1823 475 Itoc
1839 447 1880 474 fe-

1087 495 1145 522 cisti
1158 516 1165 528 ,
1183 503 1199 522 o
1215 495 1327 522 uutlicr?
1342 502 1389 521 cur
1401 499 1427 520 ct
1443 493 1498 526 tibi,
1514 498 1541 520 et
1552 494 1608 520 viro
1623 498 1703 520 tantm
1716 493 1879 520 cenfusionis

1088 541 1156 568 facta
1176 549 1204 568 es
1226 542 1334 568 auctor?
1353 540 1417 574 Qum
1437 539 1534 567 utilitas
1554 547 1585 566 ex
1608 538 1657 566 hac
1677 539 1880 573 intemperantia

1089 588 1134 614 tibi
1155 587 1291 614 accrevit?
1311 587 1381 622 quod
1395 594 1429 613 ex
1447 586 1496 612 ltoc
1510 593 1602 613 errore
1615 585 1715 612 luerutn
1729 585 1773 611 tibi
1789 592 1880 612 acces-

1089 633 1133 665 sit,
1149 641 1201 668 quo
1214 637 1307 667 sponte
1321 633 1441 666 decepta,
1455 631 1534 658 etiant
1550 631 1636 657 virum
1652 631 1708 665 ejus
1724 631 1783 657 ntali
1799 630 1881 664 parti-

1089 678 1173 712 cipem
1189 677 1290 704 fecisti?
1304 677 1371 711 Quid
1385 685 1449 712 ergo
1462 676 1574 704 mulier?
1588 676 1699 709 Serpens
1712 676 1806 711 derepit
1821 684 1877 708 mc,

1089 729 1112 749 et
1129 723 1236 750 comedi.
1259 723 1324 750 Vide
1338 723 1418 749 etiam
1433 722 1500 749 hanc
1514 722 1646 756 quomodo
1661 722 1799 756 perterrita
1816 729 1880 756 pec-

1089 774 1148 795 cata
1159 776 1206 795 sua
1221 768 1355 795 defendat.
1370 769 1435 795 Nam
1450 768 1518 795 sicut
1531 768 1571 795 vir
1585 768 1689 802 culpam
1704 768 1730 794 in
1742 768 1879 794 mulierem

1090 814 1201 849 rejiccrc
1214 813 1317 841 videtur
1329 814 1420 841 dicens
1436 823 1442 841 :
1457 813 1549 841 Mulier
1564 814 1633 846 tulit,
1645 818 1671 840 et
1681 813 1754 840 dedit
1766 813 1841 845 mihi,
1854 818 1882 840 et

1091 860 1192 887 comedi
1207 869 1213 886 :
1229 860 1266 887 sic
1278 864 1303 887 et
1319 861 1374 894 ipsa
1387 860 1488 887 nullum
1499 860 1622 895 effugium
1635 860 1772 887 inveniens
1784 859 1882 887 fatetur

1092 905 1199 938 factum,
1213 912 1239 933 et
1255 906 1338 941 inquit
1351 915 1357 933 :
1370 905 1481 940 Serpens
1493 906 1588 941 decepit
1599 914 1647 937 me,
1659 910 1684 932 et
1694 905 1799 932 comedi.
1814 905 1880 932 Mala

1092 951 1145 982 illa,
1162 951 1255 986 inquit,
1276 951 1359 978 bestia
1383 951 1454 979 hunc
1476 951 1552 978 nobis
1573 951 1675 985 lapsutn
1695 951 1790 983 attulit,
1811 951 1883 978 illius

1091 997 1269 1031 perniciosum
1284 997 1422 1024 consilium
1447 997 1472 1024 in
1493 997 1562 1024 hanc
1580 1005 1628 1024 nos
1644 997 1812 1032 ignominiam
1832 997 1883 1024 ad—

1093 1043 1156 1077 egit,
1174 1043 1217 1070 ille
1232 1051 1274 1070 me
1287 1043 1401 1078 decepit,
1415 1048 1440 1070 et
1453 1043 1567 1070 comedi.
1589 1043 1682 1070 Dilecti
1692 1063 1699 1076 ,
1715 1051 1747 1070 ne
1761 1048 1883 1070 transea-

1093 1096 1153 1116 mus
1173 1089 1338 1123 simpliciter,
1353 1097 1412 1123 quac
1434 1096 1504 1116 nunc
1525 1089 1663 1121 dicuntur;
1684 1089 1729 1116 sed
1743 1089 1884 1124 diligenter

1093 1139 1258 1167 scrutantes,
1280 1135 1420 1169 plurimam
1446 1134 1506 1162 inde
1531 1135 1669 1162 utilitatem
1695 1135 1883 1170 percipiatnus.

1094 1180 1224 1208 Tcrribile
1248 1182 1318 1208 cnim
1342 1181 1468 1215 judicittm
1489 1186 1544 1214 est,
1562 1186 1589 1208 et
1616 1181 1727 1208 ltorrore
1751 1181 1881 1216 plenum:

1094 1230 1250 1261 oportetque
1270 1231 1393 1253 accurate
1413 1227 1501 1253 omnia
1516 1227 1669 1259 audientes,
1685 1235 1806 1262 magnum
1822 1228 1881 1255 tlte-

1094 1278 1200 1298 saurum
1226 1272 1322 1299 inferre
1345 1272 1437 1298 tttcuti.
1459 1271 1604 1299 Considera
1618 1273 1688 1299 cuitu
1702 1277 1728 1299 et
1744 1273 1828 1299 \‘irnm
1844 1273 1886 1300 di-

1094 1321 1209 1346 centem,
1223 1316 1325 1348 Mulier,
1337 1325 1411 1352 quant
1429 1317 1518 1344 dediin
1539 1322 1565 1344 ut
1586 1318 1618 1344 sit
1639 1326 1745 1348 mecum,
1757 1318 1812 1352 ipsa
1823 1319 1886 1344 tui/ti

1095 1362 1173 1393 dedit,
1189 1366 1210 1389 ει
1228 1363 1334 1389 comedi.
1358 1362 1491 1397 NuSquztm
1514 1363 1669 1396 necessitas,
1685 1371 1812 1397 nusijuatn
1826 1363 1885 1390 vio-

1096 1409 1186 1442 lentia,
1198 1409 1244 1437 scd
1259 1409 1354 1436 electio
1368 1413 1394 1437 et
1414 1409 1533 1436 voluntas
1548 1418 1553 1435 :
1569 1409 1640 1436 dedit
1660 1409 1763 1442 soluat,
1783 1413 1810 1436 ct
1832 1417 1886 1436 non

1095 1457 1190 1490 coegit,
1201 1464 1249 1483 nec
1260 1456 1311 1482 vim
1323 1456 1418 1482 attulit.
1432 1456 1499 1489 Quin
1512 1460 1539 1483 el
1553 1456 1608 1490 ipsa
1620 1463 1724 1491 quoque
1737 1456 1886 1490 apologiam

1096 1502 1258 1528 Concinnans
1272 1510 1323 1528 non
1337 1501 1402 1528 dixit
1415 1510 1421 1528 :
1432 1500 1548 1536 Serpens
1562 1501 1648 1536 coegit
1661 1509 1712 1533 ttzc,
1725 1506 1751 1527 et
1763 1502 1867 1528 comedi
1880 1510 1886 1528 :

1096 1546 1142 1573 sed
1158 1546 1240 1581 quid?
1254 1546 1364 1581 Serpens
1376 1546 1472 1579 decepit
1485 1554 1545 1574 me:
1559 1551 1587 1573 ut
1601 1552 1688 1574 autem
1701 1546 1887 1582 deciperetur,

1096 1597 1141 1618 aut
1153 1599 1204 1618 non
1219 1591 1395 1626 deciperetur,
1408 1592 1433 1618 in
1446 1591 1527 1626 ipsius
1538 1596 1595 1618 erat
1608 1596 1747 1626 potestate.
1763 1593 1887 1627 Serpens,

1098 1638 1198 1674 inquit,
1224 1638 1319 1674 decepit
1342 1646 1390 1665 me.
1417 1638 1558 1664 lnituicus‘
1580 1638 1650 1665 enim
1673 1643 1771 1665 nostra:
1794 1638 1888 1665 salutis

1097 1692 1177 1718 opera
1194 1684 1270 1718 hujus
1285 1684 1361 1710 mala:
1377 1683 1468 1710 bestia:
1482 1690 1557 1716 usus,
1569 1683 1708 1710 consilium
1721 1683 1795 1710 dedit
1808 1688 1835 1710 ct
1846 1683 1889 1709 de-

1097 1730 1167 1765 cepit
1183 1739 1189 1757 :
1203 1737 1255 1756 non
1276 1730 1327 1756 rint
1349 1729 1426 1762 fecit,
1448 1736 1534 1764 neque
1550 1729 1651 1764 coegit,
1672 1729 1718 1756 scd
1739 1730 1891 1764 perniciosa

1097 1776 1209 1802 consilio
1224 1775 1329 1802 fraudes
1343 1783 1405 1802 suas
1419 1782 1499 1809 opere
1511 1774 1653 1809 complevit
1670 1784 1676 1801 ε
1691 1775 1815 1809 quoniam
1831 1784 1891 1802 tutt-

1099 1821 1190 1848 licretu
1212 1820 1341 1853 offendit,
1363 1828 1422 1855 qua:
1445 1820 1627 1854 deccptionem
1647 1820 1721 1848 facile
1740 1820 1890 1848 admissura

1099 1871 1166 1899 erat,
1181 1866 1251 1892 nulla
1268 1866 1342 1892 \‘enia
1357 1866 1473 1900 dignam.
1491 1865 1603 1901 Serpens
1615 1866 1711 1901 decepit
1722 1875 1770 1898 me,
1784 1871 1806 1893 ει
1820 1874 1892 1893 com-

1099 1912 1149 1938 edi.
1174 1911 1238 1938 Vide
1257 1912 1352 1938 bonutu
1378 1910 1528 1944 Dominum,
1544 1911 1647 1938 illorum
1667 1911 1755 1938 verbis
1777 1917 1890 1938 conten-

1101 1962 1165 1989 tuut,
1183 1962 1208 1984 ct
1223 1957 1256 1984 ad
1273 1957 1344 1992 plura
1361 1956 1471 1983 dicenda
1487 1965 1540 1983 non
1554 1962 1701 1991 cogentem.
1717 1958 1890 1993 Quandoqui-

1100 2004 1159 2031 dcnt
1173 2005 1242 2031 cnim
1256 2004 1312 2030 lucc
1323 2012 1374 2030 non
1387 2003 1510 2038 ignorans
1521 2003 1708 2038 interrogabat,
1723 2004 1769 2031 sed
1780 2013 1889 2039 gnarus,

1100 2055 1126 2076 ct
1139 2049 1280 2076 admodum
1292 2057 1399 2084 gnarus,
1414 2053 1442 2076 ut
1455 2056 1529 2075 suam
1541 2048 1657 2076 declaret
1670 2050 1889 2082 miscricordiam,

1100 2095 1131 2121 ad
1149 2095 1253 2121 illorum
1267 2102 1295 2121 sc
1307 2094 1484 2121 infirmitatem
1498 2094 1621 2127 demittit,
1636 2101 1662 2121 et
1675 2096 1707 2122 ad
1723 2100 1890 2130 peccatorum

1100 2140 1293 2168 confessionem
1305 2141 1376 2176 ipsos
1390 2146 1524 2175 provocat.
1537 2141 1590 2168 Hac
1603 2141 1682 2176 igitur
1692 2141 1725 2168 de
1733 2149 1811 2169 causa
1826 2142 1891 2170 nihil

1101 2186 1211 2213 ulterius
1229 2194 1260 2213 ex
1279 2187 1317 2213 eis
1337 2187 1438 2221 quaerit.
1462 2187 1587 2214 Edisccre
1602 2186 1668 2214 forte
1683 2195 1729 2222 par
1743 2192 1799 2214 crat
1811 2188 1892 2215 dece~

1102 2232 1199 2266 plionis
1211 2239 1311 2266 genus;
1332 2240 1424 2259 verum
1436 2237 1464 2258 ut
1478 2232 1554 2259 nobis
1569 2232 1691 2259 ostendat
1705 2240 1734 2259 se
1748 2241 1799 2259 non
1816 2234 1891 2268 igno-

1102 2283 1205 2304 rantem
1227 2278 1411 2313 interrogasse,
1428 2277 1476 2305 fuit
1495 2283 1634 2305 contentus
1655 2279 1742 2305 dietis.
1765 2278 1829 2306 Nam
1848 2279 1891 2306 illa

1101 2323 1215 2350 dicendo
1230 2333 1236 2349 :
1254 2324 1363 2359 Serpens
1374 2325 1469 2359 decepi!
1484 2333 1531 2356 me,
1546 2330 1570 2351 cl
1586 2325 1682 2351 comrdi
1695 2346 1702 2356 ,
1717 2325 1892 2353 subindicatit

1102 2376 1142 2403 pot
1152 2369 1277 2396 niciosum
1290 2370 1440 2401 consilium,
1451 2370 1520 2405 quod
1533 2378 1546 2396 a
1562 2370 1666 2397 diabolo
1683 2378 1729 2404 per
1741 2377 1891 2406 serpentem

1103 2415 1222 2449 accepit,
1243 2415 1316 2449 quasi
1333 2420 1392 2450 post
1405 2423 1479 2442 csum
1493 2415 1574 2442 futuri
1588 2420 1678 2442 essent
1697 2420 1829 2450 tamquam
1844 2417 1889 2442 dii.

1105 2459 1213 2486 Vidistis
1223 2465 1319 2495 qttanla
1330 2460 1463 2495 diligentia
1475 2461 1558 2487 Adam
1571 2461 1748 2496 interrogatus
1761 2461 1817 2488 est?
1832 2469 1892 2488 cum

1103 2510 1200 2540 quanta
1226 2505 1386 2540 indulgentia
1409 2507 1433 2533 in
1454 2506 1581 2540 judicium
1597 2507 1708 2534 adducta
1718 2512 1766 2535 cst
1780 2505 1894 2535 mulier?

1104 2551 1237 2585 quotuodo
1253 2556 1361 2585 uterque
1374 2559 1403 2578 se
1415 2551 1547 2579 defendit?
1563 2552 1657 2580 Videte
1671 2553 1777 2580 demutn
1794 2554 1836 2580 ltic
1851 2554 1893 2581 in-

1105 2596 1234 2623 effabilem
1263 2597 1452 2624 misericordia:
1474 2597 1573 2624 Judicis
1596 2599 1789 2626 excellentiam.
1816 2599 1894 2626 Post-

1104 2650 1182 2676 quam
1203 2643 1298 2669 mulicr
1317 2643 1380 2669 dixit
1398 2652 1404 2670 :
1420 2643 1530 2677 Serpens
1553 2644 1648 2679 decepit
1668 2653 1716 2676 me,
1733 2650 1755 2671 ct
1775 2646 1871 2672 comedi
1887 2653 1896 2673 :

1105 2696 1158 2714 non
1171 2687 1225 2722 jam
1239 2693 1390 2722 serpentem
1404 2688 1529 2723 dignatur
1542 2690 1730 2724 responsione,
1748 2699 1833 2726 neque
1853 2692 1895 2718 lo-

1105 2742 1165 2762 eum
1179 2734 1203 2762 ci
1217 2734 1262 2762 dat
1274 2742 1334 2762 sese
1346 2735 1475 2770 purgandi
1490 2744 1496 2762 :
1512 2743 1596 2770 neque
1611 2736 1757 2772 interrogat
1775 2737 1844 2764 sicut
1857 2738 1897 2764 vi-

1139 2799 1251 2834 [Mcrela
1269 2800 1326 2834 ride
1337 2801 1407 2834 enirn,
1420 2800 1538 2827 inimicus.
1552 2805 1603 2828 Mss.
1613 2808 1677 2833 pene
1688 2809 1774 2828 omnes
1785 2804 1897 2830 ειεξιτίιά

1108 2830 1196 2856 Odium
1207 2830 1270 2856 enim
1278 2831 1361 2857 salutis
1371 2836 1465 2857 nostra.
