2060 3122
227 109 273 136 Hi
773 116 806 143 IN
825 116 898 144 CAP.
916 116 958 143 111.
981 117 1011 144 Cl

1065 117 1099 145 ΣΞ.
1123 120 1233 149 ΠΟΜΙΙΑ.
1256 122 1334 153 XVll.

227 173 286 192 rum
300 170 325 192 et
342 167 478 196 mulierem
495 177 502 195 :
519 169 564 197 sed
579 175 685 205 accepta
701 171 734 199 ab
748 173 798 200 illis
809 173 972 205 defensione,
990 175 1015 200 in

225 211 310 244 illum,
322 213 396 247 quasi
409 214 536 242 malorum
550 221 696 250 auctorem,
705 225 735 246 se
745 220 884 246 convertit.
901 220 934 247 Et
944 221 1015 255 quia,

225 262 316 291 utpote
332 259 411 291 Deus,
425 260 468 286 cui
482 261 561 288 etiam
577 269 671 289 arcana
687 268 747 291 nota
763 270 834 297 sunt,
848 265 948 292 sciebat
962 274 1018 294 ser-

226 307 333 336 pentem
348 304 538 333 ministravisse
545 307 643 335 diaboli
657 308 759 336 insidiis
772 314 799 336 et
810 310 925 342 invidi-.e,
938 318 1016 346 quam

225 355 286 381 erga
304 348 437 377 hominem
453 351 619 386 exhibuerat,
629 354 752 382 utdiscas
766 355 848 390 ipsius
859 357 1015 390 bonitatem,

226 393 371 427 quomodo,
385 402 481 429 gnarus
503 400 600 430 tamen,
617 399 649 426 ad
675 400 757 427 Adam
778 401 884 436 quidem
905 403 952 436 ait,
970 403 1018 430 Ubi

225 438 272 464 es?
293 438 356 471 Quis
374 442 532 469 annuntiauit
545 443 588 470 tibi
600 444 668 479 quod
680 447 761 472 nudus
774 447 808 473 sis
819 447 832 473 2
853 448 915 475 Evm
929 453 1017 477 autem

226 482 296 510 dixit
311 492 318 510 :
336 484 388 511 Cur
400 486 447 512 hoc
460 487 566 521 fecisti?
587 489 648 517 huic
672 491 747 518 malze
769 492 861 520 bestia:
881 493 945 520 nihil
966 495 1017 522 tale

227 529 291 556 dicit
304 538 311 562 ;
325 531 371 558 sed
385 532 447 567 quid
459 533 470 559 ?
483 534 526 561 Μ.
544 534 576 562 Et
589 536 653 563 dixit
668 536 792 566 Dominus
805 539 874 567 Deus
885 546 993 576 serpenti
1007 549 1016 568 :

229 575 294 606 Quia
311 576 392 611 fecisti
410 577 466 605 hoc.
484 579 576 607 Vidisti
596 581 790 611 differentiam?
811 585 913 613 Mulieri
929 587 993 614 dixit
1009 596 1016 615 :

225 621 278 647 Cur
299 622 346 649 hoc
369 624 468 658 fecisti?
491 625 614 661 Serpenti
640 633 727 657 autent
744 639 751 657 τ
769 630 835 664 Quia
857 633 939 668 fecisti
958 634 1014 661 hoc.

223 667 290 700 Quia
306 667 356 696 hoc
368 670 478 704 malum,
494 672 576 707 inquit
586 694 594 707 ,
609 680 734 709 operatus
746 684 776 704 es
786 698 793 710 ,
809 679 869 712 quia
884 680 1017 713 pernicio-

223 719 282 738 sunt
296 712 347 741 hoc
358 716 498 744 consilium
516 718 652 753 induxisti,
667 721 729 755 quia
743 721 804 750 huic
815 712 919 753 invidiae
935 725 1017 752 mini-

223 758 332 791 strasti,
356 760 416 794 quia
444 761 569 790 invidiam
596 765 690 793 acuisti
715 767 843 796 adversus
866 774 1014 797 creaturam

224 809 322 836 meam,
340 803 493 834 Maledicta:
512 813 539 834 tu
560 817 614 843 prce
633 811 747 838 omnibus
766 814 905 848 pecoribus,
923 820 946 842 et
963 824 1017 850 prie

223 848 338 876 omnibus
360 850 445 878 bestiis
465 856 548 880 terrae.
569 853 654 890 Super
667 861 753 891 pectus
769 862 840 885 tuum
862 865 884 886 et
908 848 1016 888 ventrem

223 898 294 921 tuum
303 896 437 930 gradieris,
454 903 478 924 et
495 904 588 927 terram
605 903 719 930 comedas
734 904 848 932 omnibus
862 905 948 934 diebus
958 907 1017 934 vita:

223 944 282 967 tuw.
299 942 341 969 l5.
353 941 387 969 Et
398 943 544 973 inimicitias
555 954 647 980 ponam
658 948 723 975 inter
734 953 757 976 te
766 954 789 977 et
800 950 864 977 inter
874 952 1014 986 mulierem,

223 991 248 1013 et
261 987 326 1014 inter
339 996 423 1016 semen
438 995 508 1017 tuum
521 996 543 1018 et
557 992 622 1019 inter
636 1002 719 1021 semen
730 995 809 1022 illius.
828 995 890 1032 Ipse
900 997 1014 1025 observa-

223 1030 258 1056 bit
269 1037 344 1066 caput
357 1037 437 1068 tuum,
452 1040 475 1061 et
490 1041 516 1062 tu
526 1038 668 1066 obrervabis
681 1040 737 1075 ejus
750 1030 906 1070 calcaneuttt.

257 1076 284 1103 6.
299 1077 429 1112 Serpentis
440 1080 578 1110 damnatio.
589 1099 625 1104 —
633 1085 757 1119 Attende,
770 1095 827 1120 oro,
840 1088 883 1116 hic
893 1089 1014 1118 ordinem

222 1126 362 1150 contextus
376 1124 505 1153 refertum
525 1127 573 1155 Dei
592 1135 652 1164 erga
673 1130 796 1159 homines
817 1132 1012 1163 benevolentia.

221 1167 288 1195 Nam
303 1169 468 1206 interrogans
482 1181 497 1200 a
511 1174 568 1202 viro
592 1175 700 1211 incepit,
716 1178 812 1206 deinde
822 1179 854 1207 ad
875 1181 1013 1209 mulierem

223 1215 337 1242 transiit.
352 1216 384 1244 Et
394 1223 533 1254 postquam
548 1221 603 1256 ipsa
618 1223 694 1256 dixit,
708 1225 767 1259 quis
780 1225 829 1253 sibi
844 1232 937 1255 auctor
951 1228 1016 1256 fuis—

221 1265 264 1288 set
279 1270 286 1287 :
302 1267 331 1289 ut
344 1267 450 1291 ventum
465 1270 507 1293 est
520 1267 553 1294 ad
568 1274 718 1302 serpentem
728 1291 735 1304 ,
749 1278 801 1298 tton
812 1272 868 1306 jam
884 1273 958 1301 illum
971 1274 1013 1302 di-

220 1311 327 1341 gnatur,
340 1313 369 1336 ut
383 1317 540 1345 responsum
553 1321 586 1341 cx
598 1321 630 1342 eo
642 1316 741 1349 audiat,
751 1317 798 1344 sed
812 1326 916 1353 poenam
929 1320 1014 1348 inten-

222 1357 270 1386 tat,
284 1358 312 1381 et
327 1355 404 1383 talem
418 1364 477 1392 quze
491 1357 517 1385 in
531 1366 611 1387 ontne
629 1365 732 1396 tempus
747 1364 915 1399 extendatur,
931 1370 958 1393 et
972 1367 1012 1394 sui

220 1401 373 1433 spectaculo
391 1404 515 1432 omnibus
536 1406 646 1439 posthac
666 1407 762 1436 futuris
782 1409 901 1439 doctrina
920 1413 963 1445 sit,
979 1421 1013 1441 ne

221 1444 289 1472 ultra
304 1447 430 1480 pestilens
449 1449 513 1477 illud
533 1451 656 1479 audiatur
667 1454 818 1488 consilium,
835 1465 920 1492 neque
939 1444 1012 1486 locus

220 1492 381 1520 concedatur
396 1493 496 1523 dolosis
513 1496 596 1531 ipsius
615 1499 728 1528 insidiis.
752 1501 804 1529 Sed
826 1502 895 1531 forte
916 1504 1012 1533 dixerit

220 1535 316 1570 aliquis
331 1546 338 1564 :
352 1538 417 1567 Cum
432 1540 553 1570 diabolus
567 1546 698 1579 serpentis
716 1554 796 1582 opera
815 1556 892 1582 usus,
913 1551 1011 1578 malum

219 1582 340 1610 attulerit
353 1586 493 1614 consilium
506 1608 513 1620 ,
533 1596 581 1616 cur
600 1590 692 1619 bestiae
712 1592 750 1619 illi
771 1601 849 1627 poena
865 1594 1012 1630 inﬂigitur?

220 1627 268 1656 Est
280 1634 307 1656 et
320 1630 370 1658 hoc
382 1632 522 1662 inell‘abilis
534 1635 702 1671 benignitatis
714 1639 760 1666 Dei
774 1647 850 1674 opus.
864 1627 934 1668 Nam
944 1642 1013 1670 sicut

218 1677 419 1706 amantissimus
431 1683 506 1714 pater
520 1682 633 1716 puniens
647 1691 708 1712 eum
723 1686 767 1720 qui
782 1685 863 1713 filium
877 1695 953 1714 suum
965 1695 1011 1715 0c-

217 1719 323 1753 ciderit,
337 1726 364 1749 et
374 1723 488 1757 gladium
502 1730 528 1753 et
540 1734 642 1760 ensem,
654 1736 702 1764 per
713 1719 792 1764 quem
806 1731 875 1759 filius
887 1726 951 1760 suits
966 1740 1012 1760 oc-

217 1765 299 1799 cisus,
311 1767 434 1803 destruit,
446 1776 472 1797 et
485 1771 510 1798 in
523 1772 619 1800 ntultas
628 1780 717 1808 partes
728 1776 884 1803 comminuit
897 1786 903 1803 :
916 1778 1010 1805 eodem

219 1812 299 1839 modo
322 1813 390 1842 Deus
406 1816 475 1850 egit;
498 1819 559 1852 quia
572 1826 682 1854 serpens
694 1821 769 1856 quasi
786 1822 889 1856 gladius
903 1823 1009 1858 quidam

218 1857 318 1885 diaboli
331 1861 441 1888 servivit
453 1863 570 1895 malitiae,
585 1869 738 1900 perpetuam
754 1866 802 1901 ipsi
819 1875 923 1902 pinnam
938 1869 1009 1896 inlli-

219 1903 266 1936 git,
280 1909 309 1930 ut
324 1912 372 1939 per
383 1905 434 1934 ltoc
445 1908 515 1942 qttod
529 1910 578 1936 sub
590 1918 696 1938 sensum
709 1917 736 1940 et
750 1913 798 1940 Sub
811 1919 948 1949 aspectum
963 1923 1008 1943 ea-

218 1948 267 1981 dit,
289 1949 468 1986 intelligamus
490 1954 515 1981 in
535 1960 630 1990 quanta
655 1957 797 1992 ignauinia
821 1948 855 1987 sit
875 1961 1007 1988 diabolus.

218 1992 283 2020 Nam
304 1995 326 2022 si
348 1996 370 2022 is
393 1997 436 2031 qui
457 2003 485 2025 ut
504 1999 707 2030 instrumentum
728 2004 896 2039 ministravit,
911 2011 1008 2034 tantam

218 2045 343 2072 expertus
355 2047 395 2069 est
411 2042 615 2079 indignationem
627 2068 634 2080 ,
650 2048 728 2083 quale
744 2050 901 2085 supplicium
915 2052 1008 2079 verisi-

219 2084 280 2112 mile
301 2090 342 2113 cst
361 2094 544 2123 suscepturuttt
563 2091 715 2121 diabolum?
737 2094 792 2123 luto
813 2096 864 2125 hoc
884 2105 932 2125 nos
953 2098 1007 2133 jam

217 2128 305 2157 doettit
317 2131 342 2158 in
354 2132 450 2162 divinis
465 2137 608 2172 evangeliis
621 2138 743 2168 Christus
754 2141 845 2169 dicens
859 2143 892 2170 ad
906 2150 952 2171 eos
964 2144 1008 2178 qui

217 2183 233 2202 a
247 2177 352 2205 sinistra
368 2185 430 2208 sunt
444 2183 578 2211 constituti
594 2193 600 2211 :
614 2184 743 2214 Discedite
758 2196 774 2214 a
792 2197 831 2216 me
843 2177 1008 2217 maledictiin

218 2222 299 2256 ignem
318 2229 452 2261 teternum,
467 2229 510 2263 qui
527 2237 684 2265 pra'paratus
701 2238 737 2260 est
755 2233 855 2262 diabolo
871 2240 894 2263 et
913 2236 1009 2272 angelis

218 2269 272 2302 ejus
286 2269 393 2303 (Matth.
406 2271 515 2308 25.41).
531 2274 568 2302 illi
581 2277 650 2304 enim
662 2277 724 2305 olim
736 2285 899 2314 praeparatus
913 2269 956 2309 est
968 2283 1008 2309 itt-

218 2314 411 2363 exstinguibilis
426 2318 469 2346 ille
482 2320 559 2355 ignis.
579 2322 647 2355 Quid
662 2332 725 2359 ergo
739 2325 862 2354 miserius
877 2328 929 2354 illis
939 2349 946 2361 ,
962 2330 1005 2363 qui

218 2359 374 2403 negligendo
398 2364 507 2392 salutem
527 2374 602 2394 suam
624 2369 726 2403 seipsos
748 2372 878 2406 supplicio
900 2359 943 2400 illi?
958 2359 1006 2401 ob-

218 2406 311 2433 noxios
324 2407 450 2443 reddunt,
464 2412 534 2445 quod
553 2413 657 2441 diabolo
671 2422 846 2450 prceparatum
862 2419 922 2446 est?
941 2419 1006 2446 Nam

217 2452 285 2483 quod
298 2454 373 2481 nobis
386 2475 393 2487 ,
407 2455 428 2482 si
445 2457 605 2486 voluerimus
619 2460 743 2488 virtutem
757 2463 912 2498 amplexari,
928 2469 954 2491 et
967 2465 1006 2492 le-

216 2506 261 2532 ges
268 2507 283 2526 a
293 2500 401 2528 Christo
410 2507 521 2532 statutas
528 2507 613 2540 sequi,
623 2513 742 2542 paratum
751 2509 911 2545 sitiregnum,
923 2512 1005 2546 ipsum

214 2545 274 2573 audi
287 2546 438 2582 loquentem
454 2562 460 2579 :
479 2551 572 2586 Venite,
588 2554 709 2582 benedicti
720 2555 805 2584 Patris
818 2559 875 2591 mei,
887 2559 912 2585 in
925 2559 1005 2586 [tiere-

212 2593 318 2620 ditatem
338 2597 443 2630 accipite
456 2607 579 2633 regnum,
595 2603 662 2636 quod
679 2603 746 2630 vobis
759 2610 928 2638 prwparatum
941 2611 975 2633 est
991 2615 1006 2633 τι

215 2639 392 2668 constitutione
406 2645 492 2671 mundi
513 2645 591 2680 (Ibid.
604 2655 628 2673 υ.
644 2648 699 2683 54).
718 2648 809 2676 Vidisti
822 2650 859 2677 illi
876 2651 1001 2678 inexstin-

216 2684 339 2718 gnibilem
354 2687 439 2722 ignem
456 2696 629 2725 prmparatum
639 2713 648 2726 ,
663 2694 739 2721 nobis
754 2700 859 2729 autent,
874 2697 922 2724 nisi
936 2697 1006 2724 desi-

218 2732 263 2758 des
284 2734 422 2768 fuerimus,
438 2738 569 2771 rogitant?
591 2739 652 2766 llaec
673 2740 751 2775 igitur
773 2743 930 2777 cogitantes,
947 2743 1004 2770 viize

216 2784 313 2807 nostra:
327 2788 418 2809 curam
435 2790 559 2817 agamus,
579 2790 605 2812 et
622 2786 747 2813 malitiam
768 2786 908 2822 fugientes,
925 2797 1002 2816 num-

218 2831 294 2858 quam
309 2826 448 2855 diabolicis
465 2830 566 2857 artibus
581 2830 752 2866 decipiatnur.
771 2833 804 2860 At
819 2833 840 2860 si
855 2838 880 2860 et
896 2841 940 2861 vos
956 2842 1001 2861 vo-

1817 133 1865 160 lii

1850 150 1865 159 δ

1072 175 1183 212 lueritis,
1200 186 1223 206 et
1242 182 1357 209 nondum
1372 183 1433 211 fessi
1450 186 1521 220 estis.
1538 188 1631 215 itcrnnt
1649 189 1674 216 in
1691 190 1806 219 tttediunt
1821 193 1862 218 at-

1071 223 1184 251 feramus
1198 233 1302 260 ptr-natn
1317 235 1376 262 qme
1389 232 1504 264 serpenti
1521 233 1617 261 llllllt'lﬂ
1630 240 1680 268 est,
1694 241 1722 263 ut
1736 237 1861 271 paulatim

1070 269 1103 296 ad
1124 269 1201 298 tinem
1224 273 1315 307 judicii
1339 281 1519 310 properantes,
1538 279 1674 308 \ideamus
1692 282 1788 310 divina:
1808 283 1861 311 cle-

1070 316 1176 344 mentite
1191 319 1408 352 magnitudinem.
1429 321 1494 349 Nant
1517 324 1538 350 si
1560 324 1680 354 homines
1693 327 1807 362 judicem
1819 329 1860 355 vi-

1070 362 1162 390 dentes
1178 365 1282 398 publice
1296 365 1443 400 scdentcm,
1458 374 1483 395 et
1508 374 1599 397 contra
1621 379 1682 399 reos
1703 375 1859 401 sententiam

1069 411 1283 442 pronuntiantem
1295 432 1302 445 ,
1323 419 1394 447 satpe
1411 417 1466 441 toto
1480 415 1522 442 die
1542 415 1577 443 ibi
1598 422 1716 450 manent,
1731 427 1779 446 ttec
1800 420 1861 448 inde

1068 453 1225 489 abscedunt,
1238 456 1323 484 donec
1336 459 1484 487 surrexisse
1498 460 1613 489 viderint
1624 462 1740 497 judicetn
1757 473 1762 490 :
1779 466 1861 491 multo

1069 500 1153 535 magis
1165 509 1236 529 uttnc
1250 510 1298 530 nos
1313 503 1416 532 decebit
1425 505 1540 539 judicettt
1553 508 1646 542 majori
1657 515 1717 536 eunt
1726 510 1862 537 alacritate

1070 545 1161 574 videre
1174 547 1272 576 bonum
1288 549 1386 582 Deum,
1403 553 1534 586 quomodo
1548 556 1662 589 serpenti
1678 563 1785 590 gravem
1807 565 1863 592 pm-

1069 599 1130 618 nam
1143 592 1308 629 imposuerit,
1321 601 1349 623 ut
1360 604 1408 631 per
1418 599 1551 627 sensibilis
1562 599 1640 635 hujus
1654 601 1744 629 bestire
1756 610 1859 637 poenas,

1069 645 1119 672 qua
1135 639 1206 666 velut
1219 647 1318 676 organo
1341 650 1403 671 usus
1422 649 1463 671 est
1481 645 1612 681 malignus
1625 647 1669 675 ille
1680 647 1784 676 dromon
1796 670 1802 681 ,
1820 651 1862 676 in-

1070 686 1234 721 telligamus,
1249 696 1314 723 quas
1328 689 1363 716 illi
1379 698 1469 724 p03th
1484 692 1508 718 iit
1524 692 1612 720 futuro
1632 695 1729 722 smeulo
1746 695 1862 723 inflictu-

1069 738 1115 758 rus
1128 732 1163 758 sit
1176 742 1182 759 :
1195 733 1328 767 quomodo
1343 735 1405 762 item
1418 737 1581 765 misericordi
1595 740 1764 774 correptione
1776 741 1861 768 virum

1069 780 1095 803 et
1110 778 1247 806 mulierem
1264 782 1384 815 castiget,
1397 789 1455 816 qua:
1469 783 1615 811 admonitio
1630 785 1718 819 potius
1734 786 1766 813 sit
1783 795 1861 822 quam

1070 823 1171 856 punitio
1187 831 1193 850 :
1209 829 1237 851 ut
1257 825 1298 852 his
1312 827 1435 854 omnibus
1450 827 1589 863 diligenter
1600 831 1801 864 animadversis,
1815 833 1863 859 ad-

1068 868 1195 896 mirentur
1210 871 1349 899 elemcntis
1363 872 1407 900 Dei
1422 874 1614 908 providentiam
1626 897 1632 909 ,
1647 884 1726 911 quam
1740 878 1784 906 ille
1798 886 1861 913 erga

1068 919 1185 942 nostram
1209 921 1329 944 naturam
1350 918 1466 946 exhibet.
1480 919 1548 953 Quid
1564 928 1627 956 ergo
1640 922 1677 949 illi
1692 922 1812 950 dictum?
1830 925 1861 950 h‘t

1068 959 1133 987 dixit
1145 960 1268 989 Dominus
1281 962 1348 991 Deus
1360 965 1468 998 serpenti
1483 973 1492 992 :
1511 966 1578 998 Quia
1590 967 1671 1002 fecisti
1685 968 1741 1001 hoc,
1756 969 1863 996 maledi-

1067 1010 1122 1033 ctus
1141 1011 1167 1033 tu
1187 1015 1240 1041 pra:
1253 1008 1368 1036 omnibus
1383 1011 1523 1044 pecoribus,
1537 1016 1559 1038 et
1579 1020 1633 1047 pra:
1647 1013 1761 1040 omnibus
1778 1014 1861 1041 bestiis

1067 1061 1123 1087 qua:
1137 1058 1194 1080 sunt
1207 1062 1283 1090 super
1296 1061 1397 1083 (errant.
1415 1057 1498 1092 Super
1514 1062 1600 1093 pectus
1618 1063 1689 1085 tuum
1709 1064 1731 1086 et
1749 1065 1859 1087 ventrem

1067 1103 1137 1126 tuum
1150 1100 1283 1135 gradieris,
1300 1107 1322 1128 ct
1342 1106 1435 1129 terram
1453 1104 1567 1131 comedas
1581 1105 1695 1132 omnibus
1706 1105 1792 1132 diebus
1805 1106 1861 1133 vita

1066 1148 1125 1171 tute.
1147 1144 1182 1172 Et
1200 1146 1345 1174 inimicitias
1361 1155 1454 1182 ponam
1469 1149 1533 1175 inter
1545 1154 1568 1176 te
1578 1154 1602 1176 et
1612 1150 1675 1176 inter
1685 1151 1824 1181 mulierem,
1837 1157 1860 1177 et

1067 1190 1132 1217 inter
1150 1199 1234 1218 semen
1252 1197 1323 1219 tuum
1340 1197 1362 1220 et
1382 1201 1466 1220 semen
1486 1195 1550 1228 ejus.
1568 1193 1627 1228 Ipse
1639 1199 1709 1222 tuum
1722 1196 1860 1222 observabit

1066 1240 1151 1270 caput,
1164 1240 1186 1262 α
1197 1241 1223 1263 ιιι
1236 1237 1378 1264 obseruabis
1388 1238 1443 1273 ejus
1455 1239 1612 1266 calcancum.

1101 1282 1128 1309 7.
1153 1282 1246 1310 Gravis
1269 1287 1295 1310 et
1317 1283 1461 1311 vehemens
1486 1284 1632 1320 indignatio
1656 1294 1662 1312 :
1681 1286 1742 1321 quia
1765 1294 1859 1322 magna

1066 1328 1145 1355 etiam
1162 1333 1187 1356 et
1210 1328 1303 1363 ingens
1325 1329 1456 1364 deccptio,
1481 1338 1560 1365 quant
1577 1338 1624 1365 per
1639 1331 1712 1358 illunt
1727 1332 1858 1367 malignus

1065 1373 1170 1402 daemon
1194 1373 1291 1402 intulit.
1308 1375 1341 1402 Et
1354 1375 1418 1403 dixit
1431 1375 1555 1403 Dominus
1569 1377 1636 1404 Deus
1650 1379 1759 1412 serpenti
1772 1386 1781 1405 :
1795 1379 1861 1411 Quia

1066 1418 1146 1453 fecisti
1160 1418 1216 1446 hoc.
1239 1419 1304 1453 Quia
1326 1420 1380 1454 tali,
1406 1421 1501 1456 inquit,
1524 1422 1634 1450 malitia:
1648 1423 1815 1457 ntinistrasti,
1831 1429 1860 1451 ut

1066 1463 1139 1491 fratrs
1162 1464 1205 1491 illa
1229 1472 1311 1499 opere
1321 1466 1508 1500 compleretur,
1531 1467 1628 1494 malum
1642 1469 1780 1496 consilium
1794 1469 1859 1496 affe-

1066 1508 1159 1542 rendo,
1182 1514 1208 1536 et
1231 1509 1309 1537 letale
1325 1510 1447 1545 poculum
1464 1512 1651 1547 temperando;
1666 1514 1726 1548 quia
1741 1514 1779 1541 sic
1793 1514 1859 1541 feci-

1065 1557 1110 1589 sli,
1122 1560 1148 1583 et
1160 1564 1175 1584 a
1191 1564 1248 1584 mea
1262 1557 1446 1592 benevolentia
1458 1559 1600 1587 excludere
1608 1559 1711 1587 voluisti
1724 1566 1859 1588 creaturas

1065 1610 1148 1636 ineas,
1173 1604 1321 1631 ministerio
1345 1604 1453 1639 maligni
1477 1605 1607 1633 dzemonis
1629 1607 1769 1634 sententia:
1782 1607 1854 1634 exhi-

1065 1648 1131 1681 bito,
1147 1649 1191 1684 qui
1207 1649 1241 1676 ob
1255 1650 1378 1677 invidiam
1392 1655 1419 1678 et
1435 1651 1569 1685 ingentem
1583 1652 1734 1686 superbiatn
1753 1659 1827 1679 suam
1843 1660 1859 1680 e

1065 1694 1137 1721 czulis
1151 1694 1176 1720 iit
1192 1698 1289 1722 terram
1302 1695 1420 1730 dejectus
1435 1700 1475 1723 est
1491 1705 1496 1722 :
1509 1700 1650 1730 propterea
1662 1697 1723 1731 quia
1739 1701 1764 1724 te
1777 1697 1802 1724 in
1817 1697 1858 1724 his

1065 1743 1093 1766 ut
1106 1739 1282 1767 instrumento
1305 1746 1347 1768 est
1368 1749 1441 1774 usus,
1455 1745 1610 1776 perpetuam
1624 1741 1670 1769 tibi
1685 1750 1790 1776 pinnam
1805 1743 1857 1769 iut-

1065 1793 1145 1820 pono,
1171 1791 1199 1813 ut
1218 1794 1266 1821 per
1288 1794 1330 1821 ea,
1353 1795 1411 1822 qua:
1435 1787 1479 1814 tibi
1502 1788 1661 1822 inferuntur,
1683 1793 1710 1816 et
1730 1789 1774 1816 ille
1789 1790 1858 1817 scire

1064 1831 1157 1865 possit,
1173 1831 1305 1866 quodnam
1327 1833 1412 1867 ipsum
1434 1837 1539 1860 maneat
1552 1834 1722 1868 supplicium,
1739 1838 1764 1861 et
1777 1833 1857 1861 futuri

1065 1877 1186 1905 homines
1199 1878 1363 1912 erudiuntur,
1385 1886 1418 1906 ne
1430 1879 1592 1906 seducuntur
1610 1879 1708 1907 diaboli
1727 1880 1854 1912 consiliis,

1064 1931 1150 1959 neque
1166 1925 1236 1951 illius
1257 1924 1362 1952 fraudes
1379 1925 1529 1958 admittant,
1544 1929 1571 1952 ut
1584 1933 1618 1952 tte
1632 1925 1657 1952 iit
1671 1926 1777 1952 easdent
1793 1926 1856 1953 inci-

1062 1971 1126 1998 dant
1147 1979 1248 2007 pmnas.
1273 1972 1415 2006 Propterea
1430 1972 1585 1999 maledictus
1595 1980 1624 2000 es
1640 1977 1666 1999 tu
1681 1973 1749 1999 inter
1763 1980 1856 2000 omnes

1063 2018 1171 2051 bestias,
1196 2018 1256 2052 quia
1269 2018 1411 2045 calliditate
1421 2018 1427 2033 ²
1438 2019 1506 2045 male
1519 2022 1545 2045 et
1562 2025 1613 2045 non
1630 2022 1659 2044 ut
1673 2017 1812 2052 oportebat
1826 2025 1855 2045 es

1064 2071 1137 2096 usus,
1153 2063 1199 2090 sed
1215 2063 1379 2099 privilegium
1403 2063 1473 2098 quod
1496 2071 1575 2098 super
1598 2063 1685 2091 omnia
1710 2063 1854 2091 animantia

1063 2109 1228 2144 possidebas,
1244 2109 1294 2136 ltoc
1309 2109 1354 2137 tibi
1370 2109 1395 2136 in
1410 2110 1528 2136 omnium
1542 2109 1672 2137 malorum
1683 2110 1764 2137 cessit
1775 2117 1854 2137 occa~

1062 2156 1176 2183 sionem.
1199 2156 1286 2191 inquit
1310 2156 1381 2183 enim
1406 2165 1412 2183 :
1444 2156 1555 2190 Serpens
1581 2161 1634 2183 erat
1658 2156 1854 2191 pt‘udcntisst'ttta

1062 2202 1173 2228 omnium
1186 2201 1329 2234 bestiarum,
1343 2209 1400 2232 qum
1411 2207 1481 2228 erant
1500 2211 1575 2237 super
1594 2207 1697 2229 terram.
1713 2202 1853 2236 Propterea

1063 2248 1219 2275 ntalcdictus
1232 2252 1260 2274 tu
1284 2248 1353 2274 inter
1366 2248 1453 2275 omnia
1477 2248 1596 2283 jumenta
1609 2252 1635 2276 et
1649 2255 1741 2275 ontnes
1755 2248 1854 2275 bestias

1063 2299 1140 2321 terrae
1165 2293 1269 2321 futurus
1284 2301 1322 2320 es.
1339 2293 1371 2320 Et
1385 2293 1444 2328 quia
1460 2293 1610 2321 maledictio
1626 2301 1678 2320 non
1697 2298 1754 2320 erat
1766 2293 1853 2320 sensi-

1062 2341 1130 2372 bilis,
1148 2347 1234 2375 neque
1255 2339 1337 2367 oculis
1351 2339 1432 2367 videri
1449 2344 1561 2374 poterat,
1578 2344 1687 2374 propter
1703 2339 1754 2366 ltoc
1766 2339 1854 2366 sensi-

1062 2387 1140 2413 bilem
1161 2386 1196 2413 illi
1218 2393 1322 2420 poenam
1337 2385 1426 2419 infert,
1447 2391 1474 2412 ut
1489 2385 1616 2413 continuo
1628 2389 1690 2412 ante
1705 2385 1797 2412 oculos
1813 2385 1851 2411 vi-

1060 2433 1123 2459 dere
1138 2432 1270 2466 possimus
1283 2431 1403 2466 supplicii
1415 2431 1473 2465 ejus
1489 2431 1659 2458 monimenta.
1672 2430 1757 2466 Super
1768 2435 1853 2464 pectus

1061 2482 1085 2504 et
1105 2485 1180 2512 super
1194 2482 1303 2516 ventrem
1317 2477 1449 2512 gradieris,
1472 2481 1495 2503 et
1506 2482 1598 2503 (errant
1610 2476 1722 2502 comedes
1736 2476 1852 2502 omnibus

1060 2523 1145 2550 diebus
1160 2523 1276 2550 vitaztute
1287 2531 1296 2549 :
1311 2523 1369 2558 quia
1382 2522 1465 2549 forma
1478 2527 1520 2550 tua
1534 2522 1631 2550 abusus
1643 2529 1681 2555 es,
1695 2526 1723 2549 ct
1735 2522 1760 2549 in
1775 2522 1851 2549 fatui-

1060 2570 1200 2596 liaritatem
1224 2569 1361 2596 rationalis
1383 2569 1504 2596 animalis
1526 2576 1540 2595 a
1565 2577 1608 2596 tttc
1635 2569 1735 2596 conditi
1756 2569 1850 2597 venire

1060 2623 1112 2642 non
1126 2615 1282 2642 forntidasti.
1297 2615 1370 2642 Sicut
1384 2614 1463 2649 igitur
1475 2614 1605 2647 diabolus,
1627 2615 1670 2650 qui
1684 2622 1730 2649 per
1744 2619 1769 2642 te
1783 2623 1850 2649 ope-

1060 2668 1142 2694 ratus,
1164 2667 1192 2689 et
1214 2666 1239 2688 te
1261 2662 1436 2688 instrumento
1459 2668 1522 2688 usus
1537 2665 1588 2693 est,
1612 2668 1626 2688 e
1639 2661 1710 2688 cazlis
1723 2660 1847 2689 deorsum

1060 2707 1184 2743 depulsus
1207 2710 1255 2738 est,
1283 2706 1343 2740 quia
1368 2706 1428 2741 plus
1451 2714 1530 2741 quant
1550 2706 1684 2742 dignitatis
1709 2715 1764 2735 sua:
1781 2709 1847 2735 etat.

1059 2760 1150 2788 sapere
1169 2752 1272 2779 volebat
1288 2761 1293 2778 :
1311 2752 1345 2778 ita
1366 2752 1487 2780 similiter
1509 2753 1619 2788 impero,
1640 2757 1668 2780 ut
1688 2757 1713 2780 et
1726 2757 1753 2780 tu
1772 2753 1847 2780 aliain

1093 2840 1100 2855 ¹
1115 2839 1223 2870 Coislitt.,
1233 2846 1295 2869 voce,
1309 2846 1360 2871 pro,
1373 2839 1522 2873 calliditate;
1535 2847 1580 2866 non
1598 2840 1670 2866 male.
