2060 3122
192 115 241 142 iit}

189 173 353 200 b-rmatitmis
375 172 484 208 figuram
508 171 623 205 habeas;
642 177 670 200 et
681 180 761 207 super
775 177 872 201 terram
888 181 977 208 repls,

189 226 274 253 eaque
285 218 382 251 alaris;
395 223 476 254 atque
490 218 557 246 adeo
571 226 604 246 ne
617 218 693 246 liceat
709 219 754 246 tibi
769 219 879 254 posthac
891 219 980 254 suspi-

189 272 261 295 ecrc,
281 263 328 291 sed
348 271 455 298 semper
477 263 504 291 in
529 263 580 291 hoc
598 271 706 291 maneas
728 268 807 297 statu,
824 269 851 291 et
862 264 934 292 solus
947 272 979 292 ex

188 309 349 336 animalibus
360 314 429 337 terra
446 310 580 345 pascaris;
592 313 619 337 et
631 317 716 345 neque
734 309 784 337 hoc
797 310 902 337 solum:
918 318 980 338 nam

192 354 377 383 Etiuimicitias
390 364 483 390 ponam
499 355 564 383 inter
576 361 600 382 te
609 360 632 382 et
646 356 710 382 inter
716 354 855 388 mulierem,
868 356 932 384 inter
938 364 979 382 se-

188 409 244 428 men
255 405 325 428 tuum
335 404 358 428 et
367 408 449 428 semen
460 401 524 436 ejus.
536 400 624 435 Neque
635 400 684 428 hoc
691 404 830 428 contentus
839 408 896 432 ero,
909 400 979 435 quod

186 453 266 480 super
292 450 388 474 terram
413 450 518 481 reptcs,
545 446 591 473 sed
614 450 641 473 et
665 446 798 473 inimicam
821 445 979 480 foederisque

187 491 303 519 neseiam
325 491 418 519 iaciam
444 492 490 519 tibi
514 491 652 519 mulierem
672 489 780 526 :neque
801 498 860 519 eam
883 491 978 525 solam,

186 538 232 565 sed
252 542 279 565 et
299 546 392 566 semen
406 539 464 573 ejus
486 538 580 566 semini
597 543 642 566 luo
655 539 758 567 hostem
772 543 927 574 perpetuum
942 538 980 566 fa-

185 583 265 610 ciam.
282 582 342 618 Ipse
356 587 425 610 tuum
438 584 575 611 observabit
586 589 673 619 caput,
694 589 718 611 et
731 589 758 611 tu
771 584 825 619 ejus
840 584 978 611 observabit

187 628 341 656 calcaueum.
368 629 480 657 Tantum
504 629 575 657 enim
602 630 638 657 illi
661 630 742 657 robur
764 629 924 662 concedam,
949 634 978 656 ut

185 674 312 702 continuo
336 675 471 703 incumbat
492 675 571 710 capiti
595 681 650 709 tuo,
667 680 693 703 te
715 681 804 703 autem
823 675 915 703 faciam
928 676 978 703 sub

187 719 295 753 pedibus
317 720 375 755 ejus
395 721 496 755 jacere.
518 721 583 749 Vide
595 720 647 753 hic,
670 721 776 753 dilecte,
800 728 849 756 per
871 729 977 757 pcenam

187 765 246 794 huic
261 766 353 794 bestia:
366 766 530 801 deputatam,
544 772 669 802 quantam
683 767 791 795 humani
813 768 919 803 generis
932 775 977 796 cuv

186 818 241 838 ram
257 811 333 839 nobis
344 811 518 840 demonstret.
531 812 564 839 Et
579 812 629 840 hoc
643 813 750 848 quidem
766 813 799 840 de
815 813 909 841 visibili
920 821 979 841 ser-

187 861 264 891 pente
279 865 286 884 :
303 857 363 885 licet
386 862 474 885 autem
490 858 588 886 volenti
612 864 704 893 postea
727 859 897 887 considerare
909 860 976 887 scri-

188 906 291 936 ptorum
307 903 414 937 seriem,
426 907 453 930 et
464 910 627 938 cognoscere
639 904 660 930 si
673 903 706 931 de
721 904 839 931 sensibili
853 908 978 939 serpente

186 947 243 975 haec
265 947 334 976 dicta
349 955 420 981 sunt,
442 949 525 976 multo
540 949 623 985 magis
636 950 790 985 accipienda
805 958 865 979 esse
878 950 912 978 de
923 951 978 986 spi-

185 994 272 1022 rituali
299 1000 433 1029 serpente.
458 995 562 1023 Etenim
586 1000 613 1023 et
639 996 714 1023 illum
743 997 854 1032 pedibus
878 997 978 1025 nostris

185 1039 298 1075 subjecit
314 1040 491 1074 humiliatum,
504 1045 532 1068 et
546 1041 572 1068 id
594 1042 715 1076 praestitit
727 1046 757 1069 ut
767 1050 816 1070 nos
827 1043 885 1078 ejus
898 1042 977 1078 capiti

185 1085 379 1113 incumbamus.
400 1087 495 1114 Annon
520 1087 571 1114 hoc
594 1088 726 1123 significat
750 1089 852 1123 dicens,
878 1089 978 1117 Calcat:

185 1138 261 1164 super
274 1136 411 1165 serpentes,
436 1137 459 1159 et
480 1132 624 1166 scorpiones
641 1132 715 1167 (Luc.
730 1134 773 1161 l0.
795 1133 858 1169 l9)?
877 1134 978 1170 Deinde

186 1183 219 1203 ne
234 1180 356 1210 putemus
370 1176 404 1204 de
415 1177 585 1204 sensibiiibus
601 1177 664 1205 feris
677 1185 736 1205 esse
749 1178 859 1212 dictum,
871 1179 976 1207 subdit:

189 1220 221 1247 Et
234 1229 310 1255 super
321 1229 419 1248 omnem
433 1223 548 1249 uirtutem
567 1223 672 1250 inimici.
690 1223 799 1251 Vidistis
818 1230 850 1250 ex
865 1223 905 1250 bis
918 1231 978 1259 quae

185 1266 254 1294 dicta
277 1271 338 1294 sunt
360 1267 394 1294 de
416 1274 494 1302 paena
519 1268 696 1296 instrumento
718 1268 849 1296 diabolico
868 1269 976 1303 inﬂicta,

187 1313 322 1346 ingentem
342 1312 388 1339 Dei
415 1312 626 1340 humanitatem?
652 1313 794 1342 Veniamus
817 1316 929 1347 iterum,
956 1315 978 1342 si

185 1357 282 1393 placet,
306 1358 339 1385 ad
363 1358 511 1386 mulierem.
525 1359 641 1394 Serpens
654 1360 714 1395 quia
729 1360 858 1388 fallaciam
879 1361 977 1394 intulit,

187 1407 326 1437 propterea
350 1408 376 1431 et
400 1411 504 1439 poenam
526 1405 582 1440 ipse
601 1405 703 1440 primus
721 1406 845 1441 accepit:
866 1410 894 1434 et
916 1406 978 1441 quia

186 1448 272 1482 primo
292 1448 429 1476 mulierem
445 1449 558 1484 decepit,
575 1455 601 1478 et
616 1450 662 1478 illa
676 1455 766 1485 postea
786 1451 871 1478 virum
886 1458 977 1479 secum

186 1494 276 1526 traxit,
293 1495 352 1522 ideo
366 1500 393 1522 et
408 1495 465 1530 ipsa
481 1496 553 1530 prior
566 1496 689 1530 plectitur
704 1504 780 1531 [:(ena
794 1504 918 1532 magnam
931 1496 979 1524 ad-

188 1539 361 1567 monitionem
382 1540 506 1568 habente.
531 1541 574 1568 l6.
589 1540 622 1567 Et
635 1541 735 1568 mulieri
749 1541 812 1568 dixit
824 1550 833 1568 :
847 1541 978 1576 Multipli-

186 1592 247 1611 cttnt
266 1585 436 1618 multiplicabo
457 1594 582 1613 mamma
596 1591 661 1620 tuas,
675 1591 698 1613 et
710 1587 830 1622 gemitum
850 1592 919 1614 tuum
933 1595 943 1614 .'
953 1587 979 1615 in

185 1631 314 1658 doloribus
325 1633 408 1666 paries
422 1632 506 1666 ﬁlios;
524 1637 548 1660 et
561 1633 595 1659 ad
606 1634 687 1660 uirum
701 1638 769 1660 tuum
784 1634 911 1661 conversio
924 1639 977 1668 tua,

186 1681 208 1703 ct
220 1677 318 1712 ipsetui
328 1679 507 1706 dominabitur.
519 1679 586 1707 Vide
596 1679 741 1709 bonitatem
754 1680 869 1714 Domini,
881 1683 978 1716 quanta

187 1728 246 1758 post
271 1728 369 1751 tantatn
396 1726 639 1760 prrevaricationem
659 1727 863 1754 mansuetudine
885 1727 977 1755 utitur.

188 1769 362 1804 Multiplicans
382 1771 551 1806 multiplicabo
573 1779 700 1799 torumnax
720 1777 786 1799 tuas.
803 1772 859 1808 Ego
872 1772 978 1807 quidem

189 1815 320 1850 volebam,
337 1816 431 1851 inquit,
441 1820 466 1844 te
476 1817 541 1844 citra
551 1817 670 1845 dolorem
683 1822 709 1845 et
719 1825 865 1846 ter-umnam
877 1818 977 1852 vivere,

186 1861 349 1897 liberamque
362 1863 396 1890 ab
409 1863 481 1890 omni
495 1871 611 1892 mterore
623 1868 650 1891 et
669 1864 783 1896 tristitia,
804 1868 831 1892 et
845 1864 918 1892 omni
932 1871 979 1891 vo-

185 1906 285 1940 luptate
301 1907 407 1942 repleri,
421 1913 448 1936 et
463 1908 524 1936 licet
534 1916 647 1944 corpore
660 1909 861 1942 circumdatam,
879 1917 977 1944 corpo-

185 1951 314 1986 poralium
341 1960 421 1981 sensu
444 1962 497 1981 non
520 1954 589 1982 afﬁci
606 1964 613 1982 :
628 1959 654 1982 at
676 1955 737 1990 quia
760 1963 813 1983 non
838 1963 885 1984 usa
906 1963 936 1984 es
950 1960 979 1984 ut

184 2001 290 2030 oportet
314 2001 386 2025 tanta
408 1999 595 2034 prosperitate,
618 1999 666 2028 sed
690 2000 826 2028 affluentia
846 2001 976 2028 bonorum

187 2043 386 2078 tamingratum
409 2044 456 2071 tibi
482 2045 599 2072 animum
627 2046 738 2079 invexit,
766 2051 906 2081 propterea
930 2047 977 2074 tibi

185 2088 287 2116 frenum
313 2090 431 2124 impono,
461 2094 491 2117 ut
514 2098 548 2118 ne
575 2091 688 2126 amplius
713 2091 846 2125 lascivias,
868 2091 902 2119 ad
928 2092 977 2119 tri-

185 2133 271 2161 stitias
301 2139 328 2161 et
362 2135 476 2170 gemitus
513 2139 540 2163 te
570 2136 761 2164 condcmnans.
800 2136 977 2172 Multiplicans

184 2180 354 2212 multiplicabo
384 2188 511 2208 terummu
538 2186 608 2214 tuas,
639 2186 662 2209 et
688 2183 806 2217 gemitum
840 2188 909 2210 tuum
924 2192 933 2210 :
950 2183 977 2211 in

185 2225 313 2253 doloribus
336 2226 418 2261 paries
437 2227 515 2259 ﬁlios.
538 2227 615 2261 item,
638 2228 732 2263 inquit,
757 2236 859 2263 magna;
881 2229 977 2257 la-titize

185 2275 212 2298 et
227 2271 340 2298 filiorum
352 2273 566 2307 propagationem
579 2280 593 2300 a
608 2272 700 2301 dolore
711 2279 737 2300 ut
751 2274 861 2309 incipias
870 2274 975 2308 faciam,

186 2321 214 2344 ut
228 2321 254 2344 et
267 2317 322 2351 ipsa
338 2325 387 2352 per
408 2318 537 2354 cujusque
553 2323 642 2353 partus
658 2319 763 2348 dolores
786 2325 813 2347 et
826 2329 974 2356 mrumnas,

186 2366 314 2397 perpetuo
327 2363 461 2390 monearis
473 2369 569 2398 quanta
584 2364 619 2391 sit
631 2364 732 2398 peccati
744 2369 770 2392 et
789 2365 976 2394 inobedienlia:

187 2408 350 2442 magnitudo,
374 2413 400 2436 et
421 2417 455 2437 ne
467 2417 592 2444 processu
608 2411 734 2445 temporis
746 2411 870 2439 oblivioni
887 2412 975 2440 tradas

184 2453 254 2488 quod
271 2453 367 2481 factum
382 2458 433 2488 est,
448 2455 496 2482 sed
509 2463 603 2483 noscas
617 2456 767 2491 hujusmodi
782 2457 912 2486 fallaciam
927 2459 975 2485 ho-

183 2507 243 2526 rum
258 2500 303 2526 tibi
318 2507 424 2528 causam
437 2500 528 2528 fuisse.
544 2501 686 2536 Propterea
700 2502 874 2538 Multiptfcans
888 2505 974 2531 mutti—

183 2546 281 2579 plicabo
300 2554 425 2573 (erumnas
445 2551 510 2580 tuas,
531 2552 554 2574 ct
567 2548 685 2583 gemitum
708 2553 795 2576 tuum:
809 2550 834 2576 in
847 2549 975 2577 doloribus

185 2591 267 2625 paries
297 2592 373 2624 ﬁlios.
396 2591 444 2619 llic
467 2592 599 2626 significat
624 2594 824 2628 parturientium
855 2594 972 2628 dolores,

185 2636 409 2672 multiplicemque
430 2638 502 2665 illum
528 2639 655 2673 laborem,
679 2648 757 2675 quem
772 2640 842 2668 ferre
864 2648 974 2668 necesse

185 2686 227 2709 est
241 2690 248 2708 :
263 2690 359 2717 netnpe
380 2687 419 2710 tot
442 2684 588 2717 mensibus,
608 2685 681 2713 velut
699 2686 831 2714 sarcinam
847 2686 973 2714 infantem

185 2732 302 2762 gestare.
327 2732 354 2755 et
372 2728 472 2756 sentire
494 2729 649 2765 singulares,
676 2739 735 2766 qua:
759 2731 820 2759 inde
840 2732 972 2765 oriuntur,

186 2780 330 2806 aerumnas,
343 2774 523 2802 membrorum
538 2775 737 2810 distorsionem,
753 2781 780 2804 et
794 2777 974 2804 intolerabiles

186 2817 245 2846 illos
258 2817 362 2847 dolores
373 2826 440 2855 quos
455 2820 518 2848 solae
535 2820 586 2850 illae
597 2821 694 2857 sciunt,
702 2829 761 2857 qua:
775 2827 891 2858 experta:
900 2826 971 2850 sunt.

559 115 587 144 S.
605 114 743 144 JOANNIS
762 115 996 147 CIIRYSOSTOXI
1015 117 1172 151 ARCIIIEP.
1192 120 1458 149 CONSTANTINOP.

1773 121 1823 148 Ml.

1070 175 1096 203 8.
1113 176 1179 210 Spes
1191 177 1250 203 boni
1260 177 1339 212 futuri
1352 178 1420 204 mala
1433 178 1497 204 leuat
1510 177 1654 212 prtesentia.
1667 192 1700 196 —
1712 176 1809 204 Verum

1034 223 1123 246 tamen
1137 220 1272 247 doloribus
1292 225 1363 248 tanta
1378 222 1472 249 solatia
1495 221 1572 248 simul
1591 221 1732 248 admiscuit
1745 222 1822 249 beni-

1033 273 1100 300 gnus
1114 265 1194 299 Deus,
1211 271 1239 293 ut
1253 266 1338 294 ferme
1353 267 1542 295 conferendum
1556 268 1590 294 sit
1602 267 1737 302 gaudium,
1752 268 1822 301 quod

1033 319 1066 339 ex
1081 315 1143 338 nato
1165 319 1248 346 puero
1266 313 1394 346 lit-betur,
1411 320 1470 340 cum
1491 313 1626 340 doloribus
1648 313 1701 340 illis
1719 313 1763 348 qui
1784 317 1824 340 tot

1034 357 1170 384 mensibus
1184 362 1303 385 ventrem
1323 358 1463 386 dissecant.
1480 358 1545 386 Nam
1558 366 1617 393 qua:
1632 363 1734 385 tantum
1750 358 1824 385 labo-

1033 410 1089 430 rem
1107 402 1205 435 ferunt,
1221 408 1313 438 totque
1324 403 1444 430 dolorum
1455 404 1614 431 cruciatibus
1626 403 1822 438 discerpuntur,

1032 453 1060 474 ut
1075 455 1143 483 pene
1156 448 1188 475 de
1203 449 1258 483 ipsa
1270 449 1322 476 vita
1332 449 1490 483 desperent;
1507 453 1646 484 postquam
1660 449 1820 484 pepercrint,

1031 497 1058 519 et
1073 492 1210 520 doloribus
1224 493 1321 520 fuerint
1333 494 1444 527 solutm,
1458 494 1600 528 lmtitiaque
1615 493 1666 521 frui
1680 494 1821 528 ceperint,

1006 557 1010 563 ι
1032 538 1127 566 iterum
1141 539 1216 574 quasi
1230 539 1319 567 oblita:
1333 539 1452 567 laborum
1467 539 1597 571 omnium,
1613 539 1726 566 filiorum
1743 546 1823 574 gene-

1031 583 1127 612 rationi
1150 592 1259 620 operam
1282 584 1345 612 dant
1361 593 1368 611 :
1384 584 1423 612 sic
1437 584 1607 619 dispensante
1627 584 1741 619 benigno
1757 584 1822 616 Deo,

1031 633 1060 656 ut
1073 629 1209 657 hominum
1223 634 1344 657 servetur
1355 637 1449 664 genus.
1464 629 1576 664 Semper
1589 629 1659 656 enim
1674 628 1823 656 futurorum

1030 675 1161 703 bonorum
1185 683 1246 711 spes
1268 675 1294 704 id
1318 675 1418 709 eflieit,
1441 681 1470 703 ut
1491 675 1631 710 praesentia
1657 675 1823 702 incommoda

1029 721 1114 748 levius
1128 721 1254 749 ferantur.
1270 721 1297 749 ld
1313 721 1382 757 quod
1398 721 1425 749 in
1441 721 1651 756 negotiatoribus
1678 721 1738 756 quis
1750 720 1823 748 vide-

1030 766 1081 799 rit,
1097 767 1141 802 qui
1164 767 1279 802 iugentia
1302 764 1384 794 maria
1401 770 1556 800 transeunt,
1572 766 1707 801 naufragia
1722 768 1822 799 ferunt,

1030 815 1057 840 et
1074 812 1173 847 piratas
1185 832 1192 844 ,
1215 819 1247 840 ac
1268 816 1327 847 p0st
1348 812 1466 848 pericula
1482 812 1564 839 multa
1576 833 1584 845 ,
1600 812 1695 847 quibus
1718 812 1822 840 illorum

1029 864 1092 891 spes
1104 856 1256 890 frustratur,
1268 865 1354 892 neque
1368 857 1406 885 sic
1417 862 1503 884 tamen
1514 856 1655 890 desistunt,
1667 857 1713 884 sed
1727 858 1822 885 iterum

1029 901 1123 929 eadem
1146 907 1287 930 attentam.
1312 902 1367 930 Hoc
1386 903 1466 930 etiam
1487 902 1521 930 de
1536 903 1660 938 agricolis
1684 910 1823 937 possemus

1029 948 1119 977 dicere
1131 950 1139 965 ¹
1154 957 1161 975 :
1178 949 1276 977 etenim
1291 954 1319 977 et
1333 949 1369 977 illi
1388 956 1448 976 cum
1469 949 1600 984 profunde
1613 949 1746 977 secueriut
1767 953 1823 976 ter-

1029 1003 1098 1027 ram,
1115 998 1142 1022 et
1160 994 1303 1030 diligenter
1316 995 1499 1026 excoluerint,
1513 1002 1544 1022 ac
1564 994 1662 1029 largam
1676 999 1822 1022 sementem

1027 1040 1158 1075 jecerint,
1179 1047 1250 1075 stepe
1273 1040 1396 1068 ariditate
1415 1040 1457 1068 vel
1473 1039 1623 1068 immodicis
1648 1039 1761 1074 pluviis,
1779 1040 1823 1067 Vel

1030 1086 1138 1113 tandem
1154 1085 1262 1121 quando
1278 1086 1404 1121 manipuli
1418 1086 1561 1121 colligendi
1571 1106 1578 1117 ,
1594 1085 1717 1120 rubigine
1729 1093 1823 1121 super-

1030 1133 1170 1165 veniente,
1186 1139 1233 1166 spe
1245 1139 1293 1160 sua
1307 1131 1434 1159 excidunt
1450 1140 1456 1158 :
1480 1135 1664 1159 verumtamen
1684 1139 1771 1166 neque
1785 1131 1822 1158 illi

1030 1176 1068 1204 sic
1081 1176 1231 1210 desistunt;
1253 1177 1299 1204 sed
1314 1177 1409 1204 iterum
1423 1182 1452 1204 ut
1466 1181 1571 1212 tempus
1582 1176 1736 1212 appetierit,
1751 1177 1822 1211 agri-

1030 1222 1164 1248 culturam
1183 1226 1321 1249 exercent.
1338 1222 1425 1257 Atque
1449 1222 1476 1249 in
1497 1222 1707 1257 quibuscumque
1729 1221 1824 1249 studiis

1030 1272 1057 1295 et
1070 1267 1171 1295 artibus
1186 1268 1237 1295 hoc
1252 1268 1358 1295 obvium
1374 1272 1425 1295 est.
1440 1267 1484 1295 Sic
1498 1268 1594 1295 mulier
1608 1275 1713 1303 quoque
1726 1273 1753 1296 et
1767 1268 1822 1302 ipsa

1030 1320 1102 1348 saepe
1115 1318 1175 1348 post
1187 1318 1226 1341 tot
1238 1321 1346 1341 menses
1358 1313 1428 1346 illos,
1440 1317 1500 1348 post
1513 1313 1694 1341 intolerabiles
1706 1313 1823 1346 dolores,

1031 1363 1091 1394 post
1104 1363 1195 1386 noctes
1207 1359 1354 1392 insomnes,
1366 1363 1426 1394 post
1440 1359 1622 1386 membrorum
1633 1359 1822 1393 distensiones,

1031 1411 1112 1440 parvo
1133 1404 1250 1440 quodam
1273 1412 1337 1432 casn
1360 1404 1512 1438 incidente,
1536 1405 1597 1432 licet
1619 1409 1681 1432 ante
1696 1409 1823 1433 statutum

1031 1453 1138 1484 tempus
1161 1454 1265 1484 partum
1290 1450 1447 1478 abortiverit
1471 1450 1631 1484 informem,
1655 1455 1682 1478 et
1706 1451 1823 1478 nondum

1032 1496 1201 1524 lineamentis
1224 1495 1384 1531 figuratum;
1401 1496 1443 1523 vel
1466 1496 1608 1524 formatum
1623 1497 1729 1531 quidem
1742 1517 1749 1529 ,
1770 1504 1823 1524 non

1032 1541 1165 1576 integrum
1180 1545 1278 1575 autem,
1296 1549 1383 1576 neque
1396 1550 1502 1575 sanum,
1517 1542 1559 1569 vel
1574 1542 1654 1569 etiam
1669 1549 1740 1576 saepe
1753 1550 1824 1570 mor-

1032 1591 1106 1615 tuum
1119 1607 1126 1618 ,
1142 1586 1185 1614 vix
1206 1594 1221 1614 e
1235 1587 1360 1622 periculis
1374 1587 1484 1621 elapsa:
1501 1591 1618 1614 attamen
1641 1587 1717 1622 quasi
1741 1587 1823 1614 oblita

1031 1633 1126 1660 horum
1142 1633 1278 1666 onmium,
1302 1632 1396 1660 cadent
1416 1640 1476 1668 quae
1497 1637 1575 1660 antea
1598 1633 1648 1660 fert
1669 1637 1696 1660 et
1717 1633 1822 1670 tolerat.

1032 1678 1065 1706 Et
1080 1678 1142 1713 quid
1156 1678 1215 1705 dico
1229 1678 1346 1705 eadem?
1369 1677 1446 1713 Saepe
1459 1685 1519 1705 cum
1540 1677 1594 1705 fetu
1616 1682 1679 1705 nato
1693 1678 1824 1705 commori

1030 1731 1077 1751 eas
1099 1724 1249 1759 contingit,
1272 1728 1300 1751 et
1314 1732 1401 1759 neque
1421 1724 1472 1752 hoc
1490 1728 1601 1752 carteras
1615 1728 1716 1757 terret,
1738 1732 1824 1760 neque

1031 1770 1173 1805 persuadet
1187 1774 1215 1797 ut
1229 1777 1286 1797 rem
1301 1769 1401 1805 fugiant
1415 1779 1421 1798 :
1439 1774 1537 1798 tantam
1552 1770 1623 1797 Deus
1637 1771 1756 1798 tristibus
1770 1771 1824 1799 illis

1031 1815 1128 1843 insevit
1146 1815 1309 1850 voluptatem
1331 1815 1411 1843 simul
1432 1820 1459 1843 et
1481 1815 1612 1843 laetitiam.
1635 1815 1748 1851 Propter
1772 1816 1823 1844 hoc

1029 1860 1135 1888 diccbat
1155 1869 1162 1887 :
1188 1861 1361 1896 Multiplicam
1388 1861 1561 1897 multiplicabo
1581 1869 1708 1889 terumnas
1729 1866 1785 1890 tuas
1798 1867 1824 1889 et

1029 1906 1149 1940 gemitum
1164 1910 1255 1938 tuum;
1276 1906 1302 1932 in
1323 1905 1452 1933 doloribus
1474 1906 1557 1941 paries
1577 1906 1655 1940 ﬁlios.
1671 1906 1728 1934 iloc
1741 1907 1822 1934 etiam

1030 1951 1154 1979 Christus
1167 1951 1272 1979 diccbat
1286 1952 1422 1987 discipulis
1434 1953 1500 1985 suis,
1514 1956 1667 1981 monstrans
1681 1958 1734 1981 tam
1748 1953 1823 1981 dolo-

1031 1997 1069 2025 ris
1081 1996 1301 2032 magnitudinem,
1313 2004 1392 2032 quam
1403 1997 1501 2024 lmtititc
1514 1998 1698 2025 excellentiam
1711 2007 1718 2026 :
1729 1998 1824 2026 Mulier

1030 2044 1132 2079 quando
1145 2044 1224 2079 parit,
1240 2043 1366 2071 tristitiam
1381 2043 1467 2077 habet,
1481 2044 1600 2079 quoniam
1613 2044 1679 2071 venit
1693 2045 1756 2071 liora
1768 2045 1824 2080 ejus

1032 2088 1183 2124 (Joannis.
1194 2089 1227 2116 21
1242 2089 1251 2123 )
1267 2096 1275 2116 :
1291 2088 1388 2116 deinde
1400 2089 1493 2116 volens
1506 2088 1583 2116 nobis
1596 2088 1733 2117 declarare
1753 2097 1822 2124 quo-

1030 2134 1110 2162 modo
1120 2135 1206 2161 tristia
1220 2134 1298 2162 simul
1313 2142 1329 2162 e
1341 2133 1429 2161 medio
1443 2134 1581 2166 tollantur,
1592 2134 1717 2170 gaudium
1733 2139 1821 2162 autem

1029 2185 1056 2208 ct
1068 2180 1158 2207 laetitia
1173 2179 1335 2213 succedant,
1351 2179 1435 2215 inquit
1452 2188 1459 2207 :
1478 2179 1588 2214 Quando
1602 2184 1684 2207 autem
1699 2181 1822 2216 pepererit

1029 2235 1145 2262 puerum,
1166 2235 1217 2253 non
1234 2228 1291 2262 jam
1305 2234 1399 2253 memor
1415 2230 1451 2254 est
1465 2226 1607 2261 afﬂictionis
1617 2246 1625 2258 ,
1640 2231 1742 2261 propter
1754 2235 1820 2261 gau-

1029 2270 1098 2300 diun't
1108 2294 1115 2305 ,
1132 2273 1191 2308 quia
1206 2277 1280 2300 natus
1294 2277 1330 2299 est
1347 2272 1421 2298 homo
1442 2272 1468 2298 in
1481 2271 1615 2298 mundum.
1632 2272 1742 2299 Vidistis
1757 2279 1821 2306 pro.

1028 2318 1171 2346 videntiam
1186 2322 1212 2345 ct
1225 2325 1314 2345 curam
1334 2317 1416 2344 nostri
1436 2317 1584 2344 eximiam?
1598 2316 1700 2344 vidistis
1715 2323 1820 2351 poenam

1028 2363 1217 2390 admonitionis
1238 2362 1362 2398 plenam?
1377 2361 1411 2389 In
1427 2362 1555 2389 doloribus
1570 2362 1652 2397 paries
1668 2362 1744 2396 ﬁlios.
1767 2361 1818 2389 De-

1029 2410 1101 2441 inde,
1115 2409 1154 2436 Ad
1165 2409 1246 2437 virum
1259 2413 1329 2436 tuum
1343 2409 1471 2436 conversio
1481 2413 1536 2441 tua,
1550 2413 1572 2436 et
1585 2409 1639 2443 ipse
1651 2407 1820 2435 dominabitur

1029 2456 1073 2482 tui.
1098 2455 1178 2489 Quasi
1199 2462 1229 2482 se
1250 2454 1397 2482 defendens
1420 2454 1490 2489 apud
1515 2454 1653 2481 mulierem
1676 2453 1733 2481 haec
1756 2453 1820 2481 dicit

1028 2501 1156 2536 benignus
1172 2501 1254 2528 Deus.
1269 2501 1340 2535 Ego,
1356 2500 1456 2535 inquit,
1473 2499 1508 2527 ab
1522 2499 1597 2527 initio
1611 2499 1713 2526 honore
1728 2506 1819 2534 parem

1028 2551 1054 2574 te
1069 2547 1196 2580 formavi,
1212 2551 1239 2574 et
1251 2547 1369 2581 ejusdem
1385 2546 1521 2581 dignitatis
1535 2541 1561 2573 in
1575 2545 1699 2572 omnibus
1713 2545 1818 2579 partici-

1027 2600 1087 2628 pem
1100 2613 1107 2626 ,
1129 2597 1157 2620 et
1171 2593 1239 2620 sicut
1259 2593 1331 2624 viro,
1348 2592 1383 2619 ita
1404 2596 1431 2619 et
1447 2592 1493 2619 tibi
1513 2592 1630 2619 omnium
1644 2591 1818 2625 principatum

1027 2637 1178 2665 caucredidi
1194 2645 1200 2664 :
1212 2642 1337 2664 cmterum
1351 2636 1411 2671 quia
1423 2636 1505 2663 abusa
1518 2643 1548 2663 es
1561 2636 1668 2663 honoris
1678 2635 1817 2670 dignitate,

1026 2684 1138 2718 subjicio
1162 2688 1187 2710 te
1200 2683 1267 2716 viro,
1291 2682 1323 2709 Et
1336 2683 1370 2708 ad
1383 2683 1464 2709 virum
1483 2687 1554 2709 tuum
1575 2682 1702 2708 conversio
1718 2686 1761 2709 tua
1772 2702 1780 2714 ,
1796 2686 1818 2708 et

1026 2729 1080 2762 ipse
1092 2728 1128 2754 tui
1138 2728 1316 2755 dominabitur.
1331 2727 1396 2760 Quia
1413 2727 1506 2754 relicto
1515 2734 1548 2754 eo
1563 2726 1607 2762 qui
1621 2726 1747 2761 dignitate
1759 2734 1815 2761 par,

1059 2796 1067 2812 ⁸
1085 2796 1121 2820 sic
1131 2796 1200 2820 savii.
1224 2794 1288 2825 Apud
1310 2794 1392 2818 Morel.
1415 2798 1442 2820 et
1463 2793 1558 2821 Mentel.
1577 2798 1647 2820 :Hoc
1666 2793 1737 2821 etiam
1752 2794 1816 2825 apud

1026 2826 1145 2858 agricolas
1151 2825 1310 2852 unitiutdverti
1318 2829 1402 2857 potest.
