  <div class='ocr_page' id='page_1' title='image "/cluster/home/n/w/nwhite01/storage/ocr_20150623/53-54/njp.32101077772638/146.png"; bbox 0 0 2060 3122; ppageno 0'>
   <div class='ocr_carea' id='block_1_1' title="bbox 181 160 263 192">
    <p class='ocr_par' dir='ltr' id='par_1_1' title="bbox 181 160 263 192">
     <span class='ocr_line' id='line_1_1' title="bbox 181 160 263 192; baseline 0 0"><span class='ocrx_word' id='word_1_1' title='bbox 181 160 263 192; x_wconf 68' lang='grc' dir='ltr'>ηδ’</span> 
     </span>
    </p>
   </div>
   <div class='ocr_carea' id='block_1_2' title="bbox 176 224 1016 266">
    <p class='ocr_par' dir='ltr' id='par_1_2' title="bbox 176 224 1016 266">
     <span class='ocr_line' id='line_1_2' title="bbox 176 224 1016 266; baseline 0.014 -15"><span class='ocrx_word' id='word_1_2' title='bbox 176 224 211 260; x_wconf 76' lang='grc' dir='ltr'>δὴ</span> <span class='ocrx_word' id='word_1_3' title='bbox 229 224 330 262; x_wconf 65' lang='grc' dir='ltr'>τρόπον</span> <span class='ocrx_word' id='word_1_4' title='bbox 352 228 399 255; x_wconf 71' lang='grc' dir='ltr'>καὶ¹</span> <span class='ocrx_word' id='word_1_5' title='bbox 418 228 446 255; x_wconf 87' lang='grc' dir='ltr'>σέ</span> <span class='ocrx_word' id='word_1_6' title='bbox 462 229 556 265; x_wconf 72' lang='grc' dir='ltr'>ἕτερον</span> <span class='ocrx_word' id='word_1_7' title='bbox 577 229 669 266; x_wconf 76' lang='grc' dir='ltr'>σχῆμά</span> <span class='ocrx_word' id='word_1_8' title='bbox 689 231 854 266; x_wconf 78' lang='grc' dir='ltr'>διαπλάσεως</span> <span class='ocrx_word' id='word_1_9' title='bbox 872 234 1016 264; x_wconf 83' lang='grc' dir='ltr'>ἀναλαϐεῖν</span> 
     </span>
    </p>
   </div>
   <div class='ocr_carea' id='block_1_3' title="bbox 175 270 1015 315">
    <p class='ocr_par' dir='ltr' id='par_1_3' title="bbox 175 270 1015 315">
     <span class='ocr_line' id='line_1_3' title="bbox 175 270 1015 315; baseline 0.014 -21"><span class='ocrx_word' id='word_1_10' title='bbox 175 270 348 315; x_wconf 69' lang='grc' dir='ltr'>προστάττω,</span> <span class='ocrx_word' id='word_1_11' title='bbox 361 272 408 298; x_wconf 79' lang='grc' dir='ltr'>καὶ</span> <span class='ocrx_word' id='word_1_12' title='bbox 421 272 466 299; x_wconf 73' lang='grc' dir='ltr'>ἐπὶ</span> <span class='ocrx_word' id='word_1_13' title='bbox 479 273 530 308; x_wconf 86' lang='grc' dir='ltr'>τῆς</span> <span class='ocrx_word' id='word_1_14' title='bbox 541 274 594 309; x_wconf 86' lang='grc' dir='ltr'>γῆς</span> <span class='ocrx_word' id='word_1_15' title='bbox 605 274 743 310; x_wconf 84' lang='grc' dir='ltr'>σύρεσθαι,</span> <span class='ocrx_word' id='word_1_16' title='bbox 764 277 811 303; x_wconf 77' lang='grc' dir='ltr'>καὶ</span> <span class='ocrx_word' id='word_1_17' title='bbox 823 278 924 314; x_wconf 82' lang='grc' dir='ltr'>ταύτην</span> <span class='ocrx_word' id='word_1_18' title='bbox 943 279 1015 315; x_wconf 84' lang='grc' dir='ltr'>ἐχειν</span> 
     </span>
    </p>
   </div>
   <div class='ocr_carea' id='block_1_4' title="bbox 174 313 1013 354">
    <p class='ocr_par' dir='ltr' id='par_1_4' title="bbox 174 313 1013 354">
     <span class='ocr_line' id='line_1_4' title="bbox 174 313 1013 354; baseline 0.013 -16"><span class='ocrx_word' id='word_1_19' title='bbox 174 313 289 348; x_wconf 68' lang='grc' dir='ltr'>τροφὴν,</span> <span class='ocrx_word' id='word_1_20' title='bbox 304 314 377 341; x_wconf 80' lang='grc' dir='ltr'>ὥστε</span> <span class='ocrx_word' id='word_1_21' title='bbox 392 315 429 351; x_wconf 85' lang='grc' dir='ltr'>μὴ</span> <span class='ocrx_word' id='word_1_22' title='bbox 442 315 539 348; x_wconf 81' lang='grc' dir='ltr'>ἐξεῖναί</span> <span class='ocrx_word' id='word_1_23' title='bbox 555 326 594 344; x_wconf 89' lang='grc' dir='ltr'>σοι</span> <span class='ocrx_word' id='word_1_24' title='bbox 611 318 703 345; x_wconf 77' lang='grc' dir='ltr'>λοιπὸν</span> <span class='ocrx_word' id='word_1_25' title='bbox 716 319 856 347; x_wconf 73' lang='grc' dir='ltr'>ἀνανεύειν</span> <span class='ocrx_word' id='word_1_26' title='bbox 866 313 932 354; x_wconf 82' lang='grc' dir='ltr'>ἀνω,</span> <span class='ocrx_word' id='word_1_27' title='bbox 945 313 1013 349; x_wconf 78' lang='grc' dir='ltr'>ἀλλά</span> 
     </span>
    </p>
   </div>
   <div class='ocr_carea' id='block_1_5' title="bbox 174 355 1014 402">
    <p class='ocr_par' dir='ltr' id='par_1_5' title="bbox 174 355 1014 402">
     <span class='ocr_line' id='line_1_5' title="bbox 174 355 1014 402; baseline 0.013 -20"><span class='ocrx_word' id='word_1_28' title='bbox 174 355 306 402; x_wconf 83' lang='grc' dir='ltr'>διηνεκῶς</span> <span class='ocrx_word' id='word_1_29' title='bbox 322 358 352 384; x_wconf 84' lang='grc' dir='ltr'>ἐν</span> <span class='ocrx_word' id='word_1_30' title='bbox 372 360 458 396; x_wconf 82' lang='grc' dir='ltr'>ταύτῃ</span> <span class='ocrx_word' id='word_1_31' title='bbox 475 361 618 396; x_wconf 84' lang='grc' dir='ltr'>τυγχάνειν</span> <span class='ocrx_word' id='word_1_32' title='bbox 634 363 667 398; x_wconf 84' lang='grc' dir='ltr'>τῇ</span> <span class='ocrx_word' id='word_1_33' title='bbox 682 364 856 395; x_wconf 80' lang='grc' dir='ltr'>καταστάσει.</span> <span class='ocrx_word' id='word_1_34' title='bbox 876 365 922 392; x_wconf 73' lang='grc' dir='ltr'>καὶ</span> <span class='ocrx_word' id='word_1_35' title='bbox 939 367 1014 402; x_wconf 84' lang='grc' dir='ltr'>παρά</span> 
     </span>
    </p>
   </div>
   <div class='ocr_carea' id='block_1_6' title="bbox 176 401 1015 440">
    <p class='ocr_par' dir='ltr' id='par_1_6' title="bbox 176 401 1015 440">
     <span class='ocr_line' id='line_1_6' title="bbox 176 401 1015 440; baseline 0.013 -14"><span class='ocrx_word' id='word_1_36' title='bbox 176 401 263 427; x_wconf 81' lang='grc' dir='ltr'>πάντα</span> <span class='ocrx_word' id='word_1_37' title='bbox 275 401 357 428; x_wconf 85' lang='grc' dir='ltr'>λοιπά</span> <span class='ocrx_word' id='word_1_38' title='bbox 369 403 403 430; x_wconf 74' lang='grc' dir='ltr'>τὰ</span> <span class='ocrx_word' id='word_1_39' title='bbox 419 403 500 439; x_wconf 86' lang='grc' dir='ltr'>θηρία</span> <span class='ocrx_word' id='word_1_40' title='bbox 513 404 562 439; x_wconf 85' lang='grc' dir='ltr'>τὴν</span> <span class='ocrx_word' id='word_1_41' title='bbox 578 405 630 440; x_wconf 84' lang='grc' dir='ltr'>γῆν</span> <span class='ocrx_word' id='word_1_42' title='bbox 644 406 788 434; x_wconf 73' lang='grc' dir='ltr'>σιτεῖσθαν</span> <span class='ocrx_word' id='word_1_43' title='bbox 803 408 850 434; x_wconf 75' lang='grc' dir='ltr'>καὶ</span> <span class='ocrx_word' id='word_1_44' title='bbox 862 408 923 435; x_wconf 83' lang='grc' dir='ltr'>ούδέ</span> <span class='ocrx_word' id='word_1_45' title='bbox 935 409 1015 437; x_wconf 73' lang='grc' dir='ltr'>τοῦτο</span> 
     </span>
    </p>
   </div>
   <div class='ocr_carea' id='block_1_7' title="bbox 179 444 1014 486">
    <p class='ocr_par' dir='ltr' id='par_1_7' title="bbox 179 444 1014 486">
     <span class='ocr_line' id='line_1_7' title="bbox 179 444 1014 486; baseline 0.014 -16"><span class='ocrx_word' id='word_1_46' title='bbox 179 444 269 478; x_wconf 84' lang='grc' dir='ltr'>μόνον,</span> <span class='ocrx_word' id='word_1_47' title='bbox 287 445 354 473; x_wconf 81' lang='grc' dir='ltr'>ἀλλὰ</span> <span class='ocrx_word' id='word_1_48' title='bbox 371 447 426 474; x_wconf 72' lang='grc' dir='ltr'>Καὶ</span> <span class='ocrx_word' id='word_1_49' title='bbox 452 447 564 482; x_wconf 77' lang='grc' dir='ltr'>ἔχθραν</span> <span class='ocrx_word' id='word_1_50' title='bbox 585 449 668 483; x_wconf 87' lang='grc' dir='ltr'>θήσω</span> <span class='ocrx_word' id='word_1_51' title='bbox 689 451 748 478; x_wconf 80' lang='grc' dir='ltr'>ἀνὰ</span> <span class='ocrx_word' id='word_1_52' title='bbox 767 451 867 486; x_wconf 83' lang='grc' dir='ltr'><em>μέσον</em></span> <span class='ocrx_word' id='word_1_53' title='bbox 888 453 947 481; x_wconf 85' lang='grc' dir='ltr'>σοῦ</span> <span class='ocrx_word' id='word_1_54' title='bbox 964 455 1014 482; x_wconf 77' lang='grc' dir='ltr'>καὶ</span> 
     </span>
    </p>
   </div>
   <div class='ocr_carea' id='block_1_8' title="bbox 175 489 1014 532">
    <p class='ocr_par' dir='ltr' id='par_1_8' title="bbox 175 489 1014 532">
     <span class='ocr_line' id='line_1_8' title="bbox 175 489 1014 532; baseline 0.011 -16"><span class='ocrx_word' id='word_1_55' title='bbox 175 489 234 516; x_wconf 82' lang='grc' dir='ltr'>ἀνὰ</span> <span class='ocrx_word' id='word_1_56' title='bbox 243 489 341 524; x_wconf 77' lang='grc' dir='ltr'>μέσον</span> <span class='ocrx_word' id='word_1_57' title='bbox 361 490 417 525; x_wconf 81' lang='grc' dir='ltr'>τῆς</span> <span class='ocrx_word' id='word_1_58' title='bbox 431 492 584 526; x_wconf 76' lang='grc' dir='ltr'>γυναικὸς,</span> <span class='ocrx_word' id='word_1_59' title='bbox 602 493 650 520; x_wconf 76' lang='grc' dir='ltr'>καί</span> <span class='ocrx_word' id='word_1_60' title='bbox 669 494 728 522; x_wconf 83' lang='grc' dir='ltr'>ἀνὰ</span> <span class='ocrx_word' id='word_1_61' title='bbox 740 495 838 529; x_wconf 82' lang='grc' dir='ltr'><em>μέσον</em></span> <span class='ocrx_word' id='word_1_62' title='bbox 853 496 906 524; x_wconf 79' lang='grc' dir='ltr'>τοῦ</span> <span class='ocrx_word' id='word_1_63' title='bbox 921 498 1014 532; x_wconf 83' lang='grc' dir='ltr'>σπέρ-</span> 
     </span>
    </p>
   </div>
   <div class='ocr_carea' id='block_1_9' title="bbox 176 532 1012 576">
    <p class='ocr_par' dir='ltr' id='par_1_9' title="bbox 176 532 1012 576">
     <span class='ocr_line' id='line_1_9' title="bbox 176 532 1012 576; baseline 0.013 -18"><span class='ocrx_word' id='word_1_64' title='bbox 176 532 269 566; x_wconf 80' lang='grc' dir='ltr'>ματός</span> <span class='ocrx_word' id='word_1_65' title='bbox 289 541 348 561; x_wconf 87' lang='grc' dir='ltr'>σου</span> <span class='ocrx_word' id='word_1_66' title='bbox 372 535 422 561; x_wconf 80' lang='grc' dir='ltr'>καὶ</span> <span class='ocrx_word' id='word_1_67' title='bbox 446 536 504 562; x_wconf 86' lang='grc' dir='ltr'>ἀνὰ</span> <span class='ocrx_word' id='word_1_68' title='bbox 524 537 622 571; x_wconf 77' lang='grc' dir='ltr'>μέσον</span> <span class='ocrx_word' id='word_1_69' title='bbox 641 538 694 565; x_wconf 79' lang='grc' dir='ltr'>τοῦ</span> <span class='ocrx_word' id='word_1_70' title='bbox 717 538 888 573; x_wconf 74' lang='grc' dir='ltr'>σπέρματος</span> <span class='ocrx_word' id='word_1_71' title='bbox 905 541 1012 576; x_wconf 79' lang='grc' dir='ltr'>αὐτῆς.</span> 
     </span>
    </p>
   </div>
   <div class='ocr_carea' id='block_1_10' title="bbox 179 577 1014 620">
    <p class='ocr_par' dir='ltr' id='par_1_10' title="bbox 179 577 1014 620">
     <span class='ocr_line' id='line_1_10' title="bbox 179 577 1014 620; baseline 0.012 -18"><span class='ocrx_word' id='word_1_72' title='bbox 179 577 235 603; x_wconf 77' lang='grc' dir='ltr'>Καὶ</span> <span class='ocrx_word' id='word_1_73' title='bbox 248 577 306 604; x_wconf 83' lang='grc' dir='ltr'>ούδέ</span> <span class='ocrx_word' id='word_1_74' title='bbox 321 578 409 614; x_wconf 87' lang='grc' dir='ltr'>τούτῳ</span> <span class='ocrx_word' id='word_1_75' title='bbox 419 579 636 616; x_wconf 86' lang='grc' dir='ltr'>ἀρκεσθήσομαι,</span> <span class='ocrx_word' id='word_1_76' title='bbox 648 582 688 617; x_wconf 85' lang='grc' dir='ltr'>τῷ</span> <span class='ocrx_word' id='word_1_77' title='bbox 700 583 746 609; x_wconf 78' lang='grc' dir='ltr'>ἐπὶ</span> <span class='ocrx_word' id='word_1_78' title='bbox 760 583 808 619; x_wconf 87' lang='grc' dir='ltr'>τῆς</span> <span class='ocrx_word' id='word_1_79' title='bbox 820 584 872 619; x_wconf 85' lang='grc' dir='ltr'>γῆς</span> <span class='ocrx_word' id='word_1_80' title='bbox 885 585 1014 620; x_wconf 84' lang='grc' dir='ltr'>σύρεσθαί</span> 
     </span>
    </p>
   </div>
   <div class='ocr_carea' id='block_1_11' title="bbox 176 621 1015 664">
    <p class='ocr_par' dir='ltr' id='par_1_11' title="bbox 176 621 1015 664">
     <span class='ocr_line' id='line_1_11' title="bbox 176 621 1015 664; baseline 0.012 -18"><span class='ocrx_word' id='word_1_81' title='bbox 176 629 217 651; x_wconf 86' lang='grc' dir='ltr'>σε,</span> <span class='ocrx_word' id='word_1_82' title='bbox 235 621 303 648; x_wconf 86' lang='grc' dir='ltr'>ἀλλά</span> <span class='ocrx_word' id='word_1_83' title='bbox 322 623 369 649; x_wconf 76' lang='grc' dir='ltr'>καὶ</span> <span class='ocrx_word' id='word_1_84' title='bbox 386 623 488 659; x_wconf 78' lang='grc' dir='ltr'>ἐχθρὰν</span> <span class='ocrx_word' id='word_1_85' title='bbox 503 625 633 652; x_wconf 78' lang='grc' dir='ltr'>ἄσπονδόν</span> <span class='ocrx_word' id='word_1_86' title='bbox 654 635 694 653; x_wconf 90' lang='grc' dir='ltr'>σοι</span> <span class='ocrx_word' id='word_1_87' title='bbox 714 629 877 663; x_wconf 77' lang='grc' dir='ltr'>καταστήσω</span> <span class='ocrx_word' id='word_1_88' title='bbox 893 629 944 664; x_wconf 84' lang='grc' dir='ltr'>τὴν</span> <span class='ocrx_word' id='word_1_89' title='bbox 966 638 1015 663; x_wconf 88' lang='grc' dir='ltr'>γυ-</span> 
     </span>
    </p>
   </div>
   <div class='ocr_carea' id='block_1_12' title="bbox 176 666 1013 709">
    <p class='ocr_par' dir='ltr' id='par_1_12' title="bbox 176 666 1013 709">
     <span class='ocr_line' id='line_1_12' title="bbox 176 666 1013 709; baseline 0.012 -19"><span class='ocrx_word' id='word_1_90' title='bbox 176 666 265 709; x_wconf 75' lang='grc' dir='ltr'>ναῖκα·</span> <span class='ocrx_word' id='word_1_91' title='bbox 279 666 325 692; x_wconf 84' lang='grc' dir='ltr'>καὶ</span> <span class='ocrx_word' id='word_1_92' title='bbox 338 667 389 694; x_wconf 84' lang='grc' dir='ltr'>οὐκ</span> <span class='ocrx_word' id='word_1_93' title='bbox 405 667 490 704; x_wconf 82' lang='grc' dir='ltr'>αὐτὴν</span> <span class='ocrx_word' id='word_1_94' title='bbox 508 669 602 704; x_wconf 84' lang='grc' dir='ltr'>μόνην,</span> <span class='ocrx_word' id='word_1_95' title='bbox 620 670 688 698; x_wconf 85' lang='grc' dir='ltr'>ἀλλά</span> <span class='ocrx_word' id='word_1_96' title='bbox 699 672 746 698; x_wconf 78' lang='grc' dir='ltr'>καὶ</span> <span class='ocrx_word' id='word_1_97' title='bbox 758 671 788 698; x_wconf 74' lang='grc' dir='ltr'>τὸ</span> <span class='ocrx_word' id='word_1_98' title='bbox 803 672 914 708; x_wconf 84' lang='grc' dir='ltr'>σπέρμα</span> <span class='ocrx_word' id='word_1_99' title='bbox 928 673 1013 709; x_wconf 79' lang='grc' dir='ltr'>αὐτῆς</span> 
     </span>
    </p>
   </div>
   <div class='ocr_carea' id='block_1_13' title="bbox 175 707 1013 750">
    <p class='ocr_par' dir='ltr' id='par_1_13' title="bbox 175 707 1013 750">
     <span class='ocr_line' id='line_1_13' title="bbox 175 707 1013 750; baseline 0.012 -16"><span class='ocrx_word' id='word_1_100' title='bbox 175 707 213 742; x_wconf 86' lang='grc' dir='ltr'>τῷ</span> <span class='ocrx_word' id='word_1_101' title='bbox 229 709 368 744; x_wconf 83' lang='grc' dir='ltr'>σπέρματί</span> <span class='ocrx_word' id='word_1_102' title='bbox 390 719 438 738; x_wconf 87' lang='grc' dir='ltr'>σου</span> <span class='ocrx_word' id='word_1_103' title='bbox 459 712 587 748; x_wconf 85' lang='grc' dir='ltr'>πολέμιον</span> <span class='ocrx_word' id='word_1_104' title='bbox 609 713 721 749; x_wconf 82' lang='grc' dir='ltr'>διηνεκῆ</span> <span class='ocrx_word' id='word_1_105' title='bbox 736 707 900 750; x_wconf 80' lang='grc' dir='ltr'>ἐργάσομαι.</span> <span class='ocrx_word' id='word_1_106' title='bbox 917 707 1013 750; x_wconf 68' lang='grc' dir='ltr'>Αὐτός</span> 
     </span>
    </p>
   </div>
   <div class='ocr_carea' id='block_1_14' title="bbox 174 752 1014 795">
    <p class='ocr_par' dir='ltr' id='par_1_14' title="bbox 174 752 1014 795">
     <span class='ocr_line' id='line_1_14' title="bbox 174 752 1014 795; baseline 0.012 -18"><span class='ocrx_word' id='word_1_107' title='bbox 174 758 234 779; x_wconf 87' lang='grc' dir='ltr'>σου</span> <span class='ocrx_word' id='word_1_108' title='bbox 245 752 371 786; x_wconf 82' lang='grc' dir='ltr'>τηρήσει</span> <span class='ocrx_word' id='word_1_109' title='bbox 385 756 532 790; x_wconf 66' lang='grc' dir='ltr'>κεφαλὴν,</span> <span class='ocrx_word' id='word_1_110' title='bbox 544 756 593 783; x_wconf 83' lang='grc' dir='ltr'>καὶ</span> <span class='ocrx_word' id='word_1_111' title='bbox 604 757 644 784; x_wconf 83' lang='grc' dir='ltr'>σὺ</span> <span class='ocrx_word' id='word_1_112' title='bbox 662 757 803 792; x_wconf 74' lang='grc' dir='ltr'>τηρήσεις</span> <span class='ocrx_word' id='word_1_113' title='bbox 819 760 913 787; x_wconf 80' lang='grc' dir='ltr'>αὐτοῦ</span> <span class='ocrx_word' id='word_1_114' title='bbox 926 760 1014 795; x_wconf 81' lang='grc' dir='ltr'>πτέρ-</span> 
     </span>
    </p>
   </div>
   <div class='ocr_carea' id='block_1_15' title="bbox 175 797 1013 840">
    <p class='ocr_par' dir='ltr' id='par_1_15' title="bbox 175 797 1013 840">
     <span class='ocr_line' id='line_1_15' title="bbox 175 797 1013 840; baseline 0.012 -19"><span class='ocrx_word' id='word_1_115' title='bbox 175 804 242 840; x_wconf 71' lang='grc' dir='ltr'>ναν.</span> <span class='ocrx_word' id='word_1_116' title='bbox 257 797 312 823; x_wconf 82' lang='grc' dir='ltr'>Καὶ</span> <span class='ocrx_word' id='word_1_117' title='bbox 325 797 380 834; x_wconf 87' lang='grc' dir='ltr'>γὰρ</span> <span class='ocrx_word' id='word_1_118' title='bbox 395 799 528 836; x_wconf 80' lang='grc' dir='ltr'>τοσαύτην</span> <span class='ocrx_word' id='word_1_119' title='bbox 547 801 644 836; x_wconf 85' lang='grc' dir='ltr'>ἐκείνῳ</span> <span class='ocrx_word' id='word_1_120' title='bbox 658 802 709 837; x_wconf 80' lang='grc' dir='ltr'>μὲν</span> <span class='ocrx_word' id='word_1_121' title='bbox 727 803 838 839; x_wconf 80' lang='grc' dir='ltr'>παρέξω</span> <span class='ocrx_word' id='word_1_122' title='bbox 853 803 902 840; x_wconf 82' lang='grc' dir='ltr'>τὴν</span> <span class='ocrx_word' id='word_1_123' title='bbox 924 805 1013 839; x_wconf 84' lang='grc' dir='ltr'>ἰσχὺν,</span> 
     </span>
    </p>
   </div>
   <div class='ocr_carea' id='block_1_16' title="bbox 175 838 1013 882">
    <p class='ocr_par' dir='ltr' id='par_1_16' title="bbox 175 838 1013 882">
     <span class='ocr_line' id='line_1_16' title="bbox 175 838 1013 882; baseline 0.012 -17"><span class='ocrx_word' id='word_1_124' title='bbox 175 838 213 870; x_wconf 81' lang='grc' dir='ltr'>ὡς</span> <span class='ocrx_word' id='word_1_125' title='bbox 222 839 353 874; x_wconf 76' lang='grc' dir='ltr'>διηνεκῶς</span> <span class='ocrx_word' id='word_1_126' title='bbox 364 843 517 870; x_wconf 73' lang='grc' dir='ltr'>ἐπικεῖσθαι</span> <span class='ocrx_word' id='word_1_127' title='bbox 527 846 559 880; x_wconf 82' lang='grc' dir='ltr'>τῇ</span> <span class='ocrx_word' id='word_1_128' title='bbox 571 846 604 881; x_wconf 82' lang='grc' dir='ltr'>σῇ</span> <span class='ocrx_word' id='word_1_129' title='bbox 620 846 736 882; x_wconf 81' lang='grc' dir='ltr'>κεφαλῇ,</span> <span class='ocrx_word' id='word_1_130' title='bbox 758 838 787 874; x_wconf 80' lang='grc' dir='ltr'>σὲ</span> <span class='ocrx_word' id='word_1_131' title='bbox 801 847 829 874; x_wconf 83' lang='grc' dir='ltr'>δέ</span> <span class='ocrx_word' id='word_1_132' title='bbox 839 838 896 880; x_wconf 80' lang='grc' dir='ltr'>τοῖς</span> <span class='ocrx_word' id='word_1_133' title='bbox 909 838 1013 875; x_wconf 82' lang='grc' dir='ltr'>ἐκείνου</span> 
     </span>
    </p>
   </div>
   <div class='ocr_carea' id='block_1_17' title="bbox 175 884 1014 928">
    <p class='ocr_par' dir='ltr' id='par_1_17' title="bbox 175 884 1014 928">
     <span class='ocr_line' id='line_1_17' title="bbox 175 884 1014 928; baseline 0.012 -19"><span class='ocrx_word' id='word_1_134' title='bbox 175 884 255 910; x_wconf 78' lang='grc' dir='ltr'>ποσὶν</span> <span class='ocrx_word' id='word_1_135' title='bbox 269 885 439 915; x_wconf 83' lang='grc' dir='ltr'>ὑποκεῖσθαι.</span> <span class='ocrx_word' id='word_1_136' title='bbox 452 888 536 924; x_wconf 86' lang='grc' dir='ltr'>Ὀρα,</span> <span class='ocrx_word' id='word_1_137' title='bbox 551 890 688 925; x_wconf 45' lang='grc' dir='ltr'>ἀγαπητὴ</span> <span class='ocrx_word' id='word_1_138' title='bbox 698 890 742 917; x_wconf 82' lang='grc' dir='ltr'>διὰ</span> <span class='ocrx_word' id='word_1_139' title='bbox 760 891 809 927; x_wconf 86' lang='grc' dir='ltr'>τῆς</span> <span class='ocrx_word' id='word_1_140' title='bbox 819 890 890 918; x_wconf 89' lang='grc' dir='ltr'>κατὰ</span> <span class='ocrx_word' id='word_1_141' title='bbox 906 891 953 918; x_wconf 80' lang='grc' dir='ltr'>τοῦ</span> <span class='ocrx_word' id='word_1_142' title='bbox 967 892 1014 928; x_wconf 86' lang='grc' dir='ltr'>θη-</span> 
     </span>
    </p>
   </div>
   <div class='ocr_carea' id='block_1_18' title="bbox 176 927 1014 972">
    <p class='ocr_par' dir='ltr' id='par_1_18' title="bbox 176 927 1014 972">
     <span class='ocr_line' id='line_1_18' title="bbox 176 927 1014 972; baseline 0.011 -19"><span class='ocrx_word' id='word_1_143' title='bbox 176 927 235 963; x_wconf 73' lang='grc' dir='ltr'>ρίου</span> <span class='ocrx_word' id='word_1_144' title='bbox 250 929 345 956; x_wconf 86' lang='grc' dir='ltr'>τούτου</span> <span class='ocrx_word' id='word_1_145' title='bbox 359 932 505 968; x_wconf 76' lang='grc' dir='ltr'>τιμωρίας,</span> <span class='ocrx_word' id='word_1_146' title='bbox 519 933 584 968; x_wconf 82' lang='grc' dir='ltr'>ὅσην</span> <span class='ocrx_word' id='word_1_147' title='bbox 604 935 669 969; x_wconf 79' lang='grc' dir='ltr'>ἡμῖν</span> <span class='ocrx_word' id='word_1_148' title='bbox 687 934 854 962; x_wconf 78' lang='grc' dir='ltr'>ἐνδείκνυται</span> <span class='ocrx_word' id='word_1_149' title='bbox 869 936 919 972; x_wconf 84' lang='grc' dir='ltr'>τὴν</span> <span class='ocrx_word' id='word_1_150' title='bbox 932 935 1014 970; x_wconf 89' lang='grc' dir='ltr'>κηδε-</span> 
     </span>
    </p>
   </div>
   <div class='ocr_carea' id='block_1_19' title="bbox 176 971 1013 1014">
    <p class='ocr_par' dir='ltr' id='par_1_19' title="bbox 176 971 1013 1014">
     <span class='ocr_line' id='line_1_19' title="bbox 176 971 1013 1014; baseline 0.011 -17"><span class='ocrx_word' id='word_1_151' title='bbox 176 971 281 1006; x_wconf 83' lang='grc' dir='ltr'>μονίαν,</span> <span class='ocrx_word' id='word_1_152' title='bbox 311 973 344 1009; x_wconf 75' lang='grc' dir='ltr'>ἦν</span> <span class='ocrx_word' id='word_1_153' title='bbox 374 975 438 1010; x_wconf 70' lang='grc' dir='ltr'>περὶ</span> <span class='ocrx_word' id='word_1_154' title='bbox 459 976 508 1012; x_wconf 80' lang='grc' dir='ltr'>τὴν</span> <span class='ocrx_word' id='word_1_155' title='bbox 529 976 583 1004; x_wconf 86' lang='grc' dir='ltr'>τῶν</span> <span class='ocrx_word' id='word_1_156' title='bbox 604 977 756 1013; x_wconf 85' lang='grc' dir='ltr'>ἀνθρώπων</span> <span class='ocrx_word' id='word_1_157' title='bbox 772 978 854 1013; x_wconf 80' lang='grc' dir='ltr'>φύσιν</span> <span class='ocrx_word' id='word_1_158' title='bbox 870 979 937 1014; x_wconf 74' lang='grc' dir='ltr'>ἔχει.</span> <span class='ocrx_word' id='word_1_159' title='bbox 958 979 1013 1007; x_wconf 73' lang='grc' dir='ltr'>Καὶ</span> 
     </span>
    </p>
   </div>
   <div class='ocr_carea' id='block_1_20' title="bbox 175 1015 1013 1058">
    <p class='ocr_par' dir='ltr' id='par_1_20' title="bbox 175 1015 1013 1058">
     <span class='ocr_line' id='line_1_20' title="bbox 175 1015 1013 1058; baseline 0.012 -17"><span class='ocrx_word' id='word_1_160' title='bbox 175 1015 258 1058; x_wconf 79' lang='grc' dir='ltr'>ταῦτα</span> <span class='ocrx_word' id='word_1_161' title='bbox 278 1017 328 1052; x_wconf 77' lang='grc' dir='ltr'>μὲν</span> <span class='ocrx_word' id='word_1_162' title='bbox 346 1019 409 1054; x_wconf 79' lang='grc' dir='ltr'>περὶ</span> <span class='ocrx_word' id='word_1_163' title='bbox 424 1019 470 1046; x_wconf 77' lang='grc' dir='ltr'>τοῦ</span> <span class='ocrx_word' id='word_1_164' title='bbox 487 1020 615 1056; x_wconf 73' lang='grc' dir='ltr'>αἰσθητοῦ</span> <span class='ocrx_word' id='word_1_165' title='bbox 630 1022 728 1056; x_wconf 75' lang='grc' dir='ltr'>ὄφεως·</span> <span class='ocrx_word' id='word_1_166' title='bbox 745 1022 833 1055; x_wconf 77' lang='grc' dir='ltr'>ἔξεστι</span> <span class='ocrx_word' id='word_1_167' title='bbox 848 1023 876 1050; x_wconf 82' lang='grc' dir='ltr'>δέ</span> <span class='ocrx_word' id='word_1_168' title='bbox 899 1023 937 1058; x_wconf 84' lang='grc' dir='ltr'>τῷ</span> <span class='ocrx_word' id='word_1_169' title='bbox 952 1023 1013 1058; x_wconf 84' lang='grc' dir='ltr'>βου-</span> 
     </span>
    </p>
   </div>
   <div class='ocr_carea' id='block_1_21' title="bbox 172 1057 1012 1103">
    <p class='ocr_par' dir='ltr' id='par_1_21' title="bbox 172 1057 1012 1103">
     <span class='ocr_line' id='line_1_21' title="bbox 172 1057 1012 1103; baseline 0.012 -19"><span class='ocrx_word' id='word_1_170' title='bbox 172 1057 278 1096; x_wconf 84' lang='grc' dir='ltr'>λομένῳ</span> <span class='ocrx_word' id='word_1_171' title='bbox 302 1062 372 1096; x_wconf 83' lang='grc' dir='ltr'>μετά</span> <span class='ocrx_word' id='word_1_172' title='bbox 397 1062 477 1090; x_wconf 81' lang='grc' dir='ltr'>τοῦτο</span> <span class='ocrx_word' id='word_1_173' title='bbox 503 1066 597 1100; x_wconf 85' lang='grc' dir='ltr'>τηρεῖν</span> <span class='ocrx_word' id='word_1_174' title='bbox 623 1065 677 1092; x_wconf 87' lang='grc' dir='ltr'>τῶν</span> <span class='ocrx_word' id='word_1_175' title='bbox 702 1057 938 1102; x_wconf 78' lang='grc' dir='ltr'>ἐγγεγραμμένων</span> <span class='ocrx_word' id='word_1_176' title='bbox 953 1057 1012 1103; x_wconf 66' lang='grc' dir='ltr'>τὴν</span> 
     </span>
    </p>
   </div>
   <div class='ocr_carea' id='block_1_22' title="bbox 172 1103 1012 1146">
    <p class='ocr_par' dir='ltr' id='par_1_22' title="bbox 172 1103 1012 1146">
     <span class='ocr_line' id='line_1_22' title="bbox 172 1103 1012 1146; baseline 0.01 -17"><span class='ocrx_word' id='word_1_177' title='bbox 172 1103 343 1138; x_wconf 83' lang='grc' dir='ltr'>ἀκολουθίαν,</span> <span class='ocrx_word' id='word_1_178' title='bbox 361 1105 409 1133; x_wconf 75' lang='grc' dir='ltr'>καὶ</span> <span class='ocrx_word' id='word_1_179' title='bbox 423 1107 531 1141; x_wconf 78' lang='grc' dir='ltr'>εἰδέναι,</span> <span class='ocrx_word' id='word_1_180' title='bbox 542 1108 583 1135; x_wconf 84' lang='grc' dir='ltr'>ὅτι</span> <span class='ocrx_word' id='word_1_181' title='bbox 599 1109 624 1135; x_wconf 83' lang='grc' dir='ltr'>εί</span> <span class='ocrx_word' id='word_1_182' title='bbox 639 1109 704 1143; x_wconf 75' lang='grc' dir='ltr'>περὶ</span> <span class='ocrx_word' id='word_1_183' title='bbox 719 1109 764 1136; x_wconf 80' lang='grc' dir='ltr'>τοῦ</span> <span class='ocrx_word' id='word_1_184' title='bbox 780 1110 909 1146; x_wconf 76' lang='grc' dir='ltr'>αἰσθητοῦ</span> <span class='ocrx_word' id='word_1_185' title='bbox 925 1110 1012 1138; x_wconf 83' lang='grc' dir='ltr'>ταῦτα</span> 
     </span>
    </p>
   </div>
   <div class='ocr_carea' id='block_1_23' title="bbox 171 1147 1012 1190">
    <p class='ocr_par' dir='ltr' id='par_1_23' title="bbox 171 1147 1012 1190">
     <span class='ocr_line' id='line_1_23' title="bbox 171 1147 1012 1190; baseline 0.011 -17"><span class='ocrx_word' id='word_1_186' title='bbox 171 1147 292 1184; x_wconf 75' lang='grc' dir='ltr'>εἴρηται,</span> <span class='ocrx_word' id='word_1_187' title='bbox 310 1149 400 1186; x_wconf 87' lang='grc' dir='ltr'>πολλῷ</span> <span class='ocrx_word' id='word_1_188' title='bbox 411 1151 511 1186; x_wconf 76' lang='grc' dir='ltr'>μᾶλλον</span> <span class='ocrx_word' id='word_1_189' title='bbox 527 1152 707 1188; x_wconf 91' lang='grc' dir='ltr'>ἐκλαμϐάνειν</span> <span class='ocrx_word' id='word_1_190' title='bbox 720 1154 753 1180; x_wconf 76' lang='grc' dir='ltr'>τὰ</span> <span class='ocrx_word' id='word_1_191' title='bbox 765 1155 899 1190; x_wconf 81' lang='grc' dir='ltr'>εἰρημένα</span> <span class='ocrx_word' id='word_1_192' title='bbox 913 1155 953 1181; x_wconf 86' lang='grc' dir='ltr'>δεῖ</span> <span class='ocrx_word' id='word_1_193' title='bbox 966 1156 1012 1182; x_wconf 82' lang='grc' dir='ltr'>καὶ</span> 
     </span>
    </p>
   </div>
   <div class='ocr_carea' id='block_1_24' title="bbox 171 1193 1012 1234">
    <p class='ocr_par' dir='ltr' id='par_1_24' title="bbox 171 1193 1012 1234">
     <span class='ocr_line' id='line_1_24' title="bbox 171 1193 1012 1234; baseline 0.011 -16"><span class='ocrx_word' id='word_1_194' title='bbox 171 1193 236 1228; x_wconf 76' lang='grc' dir='ltr'>περὶ</span> <span class='ocrx_word' id='word_1_195' title='bbox 257 1193 305 1220; x_wconf 81' lang='grc' dir='ltr'>τοῦ</span> <span class='ocrx_word' id='word_1_196' title='bbox 327 1195 422 1230; x_wconf 84' lang='grc' dir='ltr'>νοητοῦ</span> <span class='ocrx_word' id='word_1_197' title='bbox 441 1196 540 1230; x_wconf 74' lang='grc' dir='ltr'>ὄφεως.</span> <span class='ocrx_word' id='word_1_198' title='bbox 560 1198 616 1224; x_wconf 82' lang='grc' dir='ltr'>Καὶ</span> <span class='ocrx_word' id='word_1_199' title='bbox 634 1199 687 1234; x_wconf 75' lang='grc' dir='ltr'>γὰρ</span> <span class='ocrx_word' id='word_1_200' title='bbox 705 1199 752 1226; x_wconf 76' lang='grc' dir='ltr'>καὶ</span> <span class='ocrx_word' id='word_1_201' title='bbox 765 1199 868 1226; x_wconf 83' lang='grc' dir='ltr'>ἐκεῖνον</span> <span class='ocrx_word' id='word_1_202' title='bbox 880 1200 932 1226; x_wconf 81' lang='grc' dir='ltr'>ὑπὸ</span> <span class='ocrx_word' id='word_1_203' title='bbox 949 1201 1012 1232; x_wconf 80' lang='grc' dir='ltr'>τοὺς</span> 
     </span>
    </p>
   </div>
   <div class='ocr_carea' id='block_1_25' title="bbox 172 1235 1011 1279">
    <p class='ocr_par' dir='ltr' id='par_1_25' title="bbox 172 1235 1011 1279">
     <span class='ocr_line' id='line_1_25' title="bbox 172 1235 1011 1279; baseline 0.008 -15"><span class='ocrx_word' id='word_1_204' title='bbox 172 1237 254 1270; x_wconf 79' lang='grc' dir='ltr'>πόδας</span> <span class='ocrx_word' id='word_1_205' title='bbox 267 1239 346 1274; x_wconf 62' lang='lat' dir='ltr'>man</span> <span class='ocrx_word' id='word_1_206' title='bbox 358 1235 529 1274; x_wconf 81' lang='grc' dir='ltr'>ταπεινώσας</span> <span class='ocrx_word' id='word_1_207' title='bbox 540 1243 702 1277; x_wconf 81' lang='grc' dir='ltr'>κατήνεγκε,</span> <span class='ocrx_word' id='word_1_208' title='bbox 716 1243 764 1270; x_wconf 73' lang='grc' dir='ltr'>καὶ</span> <span class='ocrx_word' id='word_1_209' title='bbox 774 1244 847 1279; x_wconf 75' lang='grc' dir='ltr'>ἡμᾶς</span> <span class='ocrx_word' id='word_1_210' title='bbox 859 1244 1011 1271; x_wconf 78' lang='grc' dir='ltr'>ἐπικεῖσθαι</span> 
     </span>
    </p>
   </div>
   <div class='ocr_carea' id='block_1_26' title="bbox 170 1282 1011 1325">
    <p class='ocr_par' dir='ltr' id='par_1_26' title="bbox 170 1282 1011 1325">
     <span class='ocr_line' id='line_1_26' title="bbox 170 1282 1011 1325; baseline 0.011 -18"><span class='ocrx_word' id='word_1_211' title='bbox 170 1282 252 1309; x_wconf 80' lang='grc' dir='ltr'>αὑτοῦ</span> <span class='ocrx_word' id='word_1_212' title='bbox 274 1285 308 1319; x_wconf 85' lang='grc' dir='ltr'>τῇ</span> <span class='ocrx_word' id='word_1_213' title='bbox 329 1285 432 1321; x_wconf 82' lang='grc' dir='ltr'>κεφαλῇ</span> <span class='ocrx_word' id='word_1_214' title='bbox 456 1286 616 1322; x_wconf 89' lang='grc' dir='ltr'>πεποίηκεν.</span> <span class='ocrx_word' id='word_1_215' title='bbox 645 1288 681 1314; x_wconf 85' lang='grc' dir='ltr'><strong>Ἢ</strong></span> <span class='ocrx_word' id='word_1_216' title='bbox 698 1288 758 1323; x_wconf 77' lang='grc' dir='ltr'>οὐχὶ</span> <span class='ocrx_word' id='word_1_217' title='bbox 777 1288 856 1315; x_wconf 85' lang='grc' dir='ltr'>τοῦτο</span> <span class='ocrx_word' id='word_1_218' title='bbox 884 1289 1011 1325; x_wconf 79' lang='grc' dir='ltr'>σημαίνει</span> 
     </span>
    </p>
   </div>
   <div class='ocr_carea' id='block_1_27' title="bbox 171 1325 1010 1366">
    <p class='ocr_par' dir='ltr' id='par_1_27' title="bbox 171 1325 1010 1366">
     <span class='ocr_line' id='line_1_27' title="bbox 171 1325 1010 1366; baseline 0.012 -16"><span class='ocrx_word' id='word_1_219' title='bbox 171 1325 270 1359; x_wconf 79' lang='grc' dir='ltr'>λέγων,</span> <span class='ocrx_word' id='word_1_220' title='bbox 286 1328 410 1355; x_wconf 84' lang='grc' dir='ltr'>Πατεῖτε</span> <span class='ocrx_word' id='word_1_221' title='bbox 422 1329 522 1357; x_wconf 82' lang='grc' dir='ltr'>ἐπάνω</span> <span class='ocrx_word' id='word_1_222' title='bbox 535 1327 633 1364; x_wconf 68' lang='grc' dir='ltr'>ὄφεων</span> <span class='ocrx_word' id='word_1_223' title='bbox 642 1331 691 1358; x_wconf 76' lang='grc' dir='ltr'>καί</span> <span class='ocrx_word' id='word_1_224' title='bbox 701 1333 873 1366; x_wconf 83' lang='grc' dir='ltr'>σκορπίων;</span> <span class='ocrx_word' id='word_1_225' title='bbox 887 1331 954 1360; x_wconf 78' lang='grc' dir='ltr'>Εἶτα</span> <span class='ocrx_word' id='word_1_226' title='bbox 967 1333 1010 1360; x_wconf 85' lang='grc' dir='ltr'>ἵνα</span> 
     </span>
    </p>
   </div>
   <div class='ocr_carea' id='block_1_28' title="bbox 173 1369 1009 1412">
    <p class='ocr_par' dir='ltr' id='par_1_28' title="bbox 173 1369 1009 1412">
     <span class='ocr_line' id='line_1_28' title="bbox 173 1369 1009 1412; baseline 0.008 -16"><span class='ocrx_word' id='word_1_227' title='bbox 173 1369 211 1404; x_wconf 83' lang='grc' dir='ltr'>μὴ</span> <span class='ocrx_word' id='word_1_228' title='bbox 219 1370 374 1407; x_wconf 86' lang='grc' dir='ltr'>νομίσωμεν</span> <span class='ocrx_word' id='word_1_229' title='bbox 385 1372 511 1408; x_wconf 73' lang='grc' dir='ltr'>περὶτῶν</span> <span class='ocrx_word' id='word_1_230' title='bbox 519 1373 656 1410; x_wconf 76' lang='grc' dir='ltr'>αἰσθητῶν</span> <span class='ocrx_word' id='word_1_231' title='bbox 665 1374 767 1411; x_wconf 89' lang='grc' dir='ltr'>θηρίων</span> <span class='ocrx_word' id='word_1_232' title='bbox 776 1375 863 1402; x_wconf 76' lang='grc' dir='ltr'>ταῦτα</span> <span class='ocrx_word' id='word_1_233' title='bbox 873 1376 1009 1412; x_wconf 80' lang='grc' dir='ltr'>εἰρῆσθαι,</span> 
     </span>
    </p>
   </div>
   <div class='ocr_carea' id='block_1_29' title="bbox 172 1414 1009 1455">
    <p class='ocr_par' dir='ltr' id='par_1_29' title="bbox 172 1414 1009 1455">
     <span class='ocr_line' id='line_1_29' title="bbox 172 1414 1009 1455; baseline 0.011 -16"><span class='ocrx_word' id='word_1_234' title='bbox 172 1414 307 1449; x_wconf 83' lang='grc' dir='ltr'>ἐπήγαγε·</span> <span class='ocrx_word' id='word_1_235' title='bbox 321 1415 375 1442; x_wconf 78' lang='grc' dir='ltr'>Καὶ</span> <span class='ocrx_word' id='word_1_236' title='bbox 393 1416 443 1442; x_wconf 75' lang='grc' dir='ltr'>ἐπὶ</span> <span class='ocrx_word' id='word_1_237' title='bbox 462 1416 568 1444; x_wconf 82' lang='grc' dir='ltr'>πᾶσαν</span> <span class='ocrx_word' id='word_1_238' title='bbox 581 1417 639 1452; x_wconf 80' lang='grc' dir='ltr'>τὴν</span> <span class='ocrx_word' id='word_1_239' title='bbox 653 1418 781 1454; x_wconf 83' lang='grc' dir='ltr'>δύναμιν</span> <span class='ocrx_word' id='word_1_240' title='bbox 801 1419 854 1446; x_wconf 88' lang='grc' dir='ltr'>τοῦ</span> <span class='ocrx_word' id='word_1_241' title='bbox 873 1420 1009 1455; x_wconf 82' lang='grc' dir='ltr'>Ἐχθροῦ.</span> 
     </span>
    </p>
   </div>
   <div class='ocr_carea' id='block_1_30' title="bbox 172 1457 1009 1498">
    <p class='ocr_par' dir='ltr' id='par_1_30' title="bbox 172 1457 1009 1498">
     <span class='ocr_line' id='line_1_30' title="bbox 172 1457 1009 1498; baseline 0.008 -15"><span class='ocrx_word' id='word_1_242' title='bbox 172 1457 264 1484; x_wconf 83' lang='grc' dir='ltr'>Είδετε</span> <span class='ocrx_word' id='word_1_243' title='bbox 288 1459 333 1485; x_wconf 79' lang='grc' dir='ltr'>κα¹ι</span> <span class='ocrx_word' id='word_1_244' title='bbox 357 1459 388 1485; x_wconf 86' lang='grc' dir='ltr'>ἐκ</span> <span class='ocrx_word' id='word_1_245' title='bbox 403 1460 454 1496; x_wconf 82' lang='grc' dir='ltr'>τῆς</span> <span class='ocrx_word' id='word_1_246' title='bbox 472 1461 638 1497; x_wconf 77' lang='grc' dir='ltr'>ἐπαχθείσης</span> <span class='ocrx_word' id='word_1_247' title='bbox 656 1462 694 1497; x_wconf 86' lang='grc' dir='ltr'>τῷ</span> <span class='ocrx_word' id='word_1_248' title='bbox 705 1462 813 1498; x_wconf 84' lang='grc' dir='ltr'>ὀργάνῳ</span> <span class='ocrx_word' id='word_1_249' title='bbox 827 1462 874 1490; x_wconf 83' lang='grc' dir='ltr'>τοῦ</span> <span class='ocrx_word' id='word_1_250' title='bbox 887 1463 1009 1491; x_wconf 86' lang='grc' dir='ltr'>διαϐόλου</span> 
     </span>
    </p>
   </div>
   <div class='ocr_carea' id='block_1_31' title="bbox 173 1502 1009 1543">
    <p class='ocr_par' dir='ltr' id='par_1_31' title="bbox 173 1502 1009 1543">
     <span class='ocr_line' id='line_1_31' title="bbox 173 1502 1009 1543; baseline 0.011 -17"><span class='ocrx_word' id='word_1_251' title='bbox 173 1502 307 1537; x_wconf 74' lang='grc' dir='ltr'>τιμωρίας</span> <span class='ocrx_word' id='word_1_252' title='bbox 327 1502 377 1538; x_wconf 76' lang='grc' dir='ltr'>τὴν</span> <span class='ocrx_word' id='word_1_253' title='bbox 395 1503 618 1539; x_wconf 85' lang='grc' dir='ltr'>ὑπερϐάλλουσαν</span> <span class='ocrx_word' id='word_1_254' title='bbox 638 1505 685 1532; x_wconf 82' lang='grc' dir='ltr'>τοῦ</span> <span class='ocrx_word' id='word_1_255' title='bbox 703 1506 771 1533; x_wconf 84' lang='grc' dir='ltr'>Θεοῦ</span> <span class='ocrx_word' id='word_1_256' title='bbox 787 1506 1009 1543; x_wconf 80' lang='grc' dir='ltr'>φιλανθρωπίαν;</span> 
     </span>
    </p>
   </div>
   <div class='ocr_carea' id='block_1_32' title="bbox 174 1545 1010 1587">
    <p class='ocr_par' dir='ltr' id='par_1_32' title="bbox 174 1545 1010 1587">
     <span class='ocr_line' id='line_1_32' title="bbox 174 1545 1010 1587; baseline 0.01 -17"><span class='ocrx_word' id='word_1_257' title='bbox 174 1545 337 1587; x_wconf 75' lang='grc' dir='ltr'>Ἐλθωμενι</span> <span class='ocrx_word' id='word_1_258' title='bbox 358 1547 449 1580; x_wconf 85' lang='grc' dir='ltr'>πάλιν,</span> <span class='ocrx_word' id='word_1_259' title='bbox 473 1549 497 1574; x_wconf 88' lang='grc' dir='ltr'>εἰ</span> <span class='ocrx_word' id='word_1_260' title='bbox 518 1548 606 1581; x_wconf 86' lang='grc' dir='ltr'>δοκεῖ,</span> <span class='ocrx_word' id='word_1_261' title='bbox 623 1550 670 1576; x_wconf 77' lang='grc' dir='ltr'>ἐπὶ</span> <span class='ocrx_word' id='word_1_262' title='bbox 687 1550 738 1585; x_wconf 86' lang='grc' dir='ltr'>τὴν</span> <span class='ocrx_word' id='word_1_263' title='bbox 752 1552 880 1584; x_wconf 88' lang='grc' dir='ltr'>γυναῖκα.</span> <span class='ocrx_word' id='word_1_264' title='bbox 902 1551 1010 1587; x_wconf 78' lang='grc' dir='ltr'>Ἐπειδὴ</span> 
     </span>
    </p>
   </div>
   <div class='ocr_carea' id='block_1_33' title="bbox 173 1586 1011 1630">
    <p class='ocr_par' dir='ltr' id='par_1_33' title="bbox 173 1586 1011 1630">
     <span class='ocr_line' id='line_1_33' title="bbox 173 1586 1011 1630; baseline 0.007 -15"><span class='ocrx_word' id='word_1_265' title='bbox 173 1589 226 1624; x_wconf 71' lang='grc' dir='ltr'>γὰρ</span> <span class='ocrx_word' id='word_1_266' title='bbox 242 1586 320 1621; x_wconf 84' lang='grc' dir='ltr'>οὗτος</span> <span class='ocrx_word' id='word_1_267' title='bbox 333 1590 383 1626; x_wconf 81' lang='grc' dir='ltr'>τὴν</span> <span class='ocrx_word' id='word_1_268' title='bbox 404 1591 513 1627; x_wconf 83' lang='grc' dir='ltr'>ἀπάτην</span> <span class='ocrx_word' id='word_1_269' title='bbox 531 1592 673 1628; x_wconf 75' lang='grc' dir='ltr'>εἰσήγαγε,</span> <span class='ocrx_word' id='word_1_270' title='bbox 686 1593 729 1620; x_wconf 84' lang='grc' dir='ltr'>διὰ</span> <span class='ocrx_word' id='word_1_271' title='bbox 747 1593 826 1620; x_wconf 80' lang='grc' dir='ltr'>τοῦτο</span> <span class='ocrx_word' id='word_1_272' title='bbox 844 1593 919 1630; x_wconf 69' lang='grc'>[144]</span> <span class='ocrx_word' id='word_1_273' title='bbox 934 1586 1011 1627; x_wconf 73' lang='grc' dir='ltr'>οὗτος</span> 
     </span>
    </p>
   </div>
   <div class='ocr_carea' id='block_1_34' title="bbox 173 1632 1011 1674">
    <p class='ocr_par' dir='ltr' id='par_1_34' title="bbox 173 1632 1011 1674">
     <span class='ocr_line' id='line_1_34' title="bbox 173 1632 1011 1674; baseline 0.008 -17"><span class='ocrx_word' id='word_1_274' title='bbox 173 1632 280 1667; x_wconf 88' lang='grc' dir='ltr'>πρῶτος</span> <span class='ocrx_word' id='word_1_275' title='bbox 300 1634 350 1669; x_wconf 82' lang='grc' dir='ltr'>τὴν</span> <span class='ocrx_word' id='word_1_276' title='bbox 371 1636 506 1671; x_wconf 81' lang='grc' dir='ltr'>τιμωρίαν</span> <span class='ocrx_word' id='word_1_277' title='bbox 518 1635 637 1668; x_wconf 80' lang='grc' dir='ltr'>ἐδέξατο·</span> <span class='ocrx_word' id='word_1_278' title='bbox 658 1638 706 1664; x_wconf 74' lang='grc' dir='ltr'>καὶ</span> <span class='ocrx_word' id='word_1_279' title='bbox 721 1637 814 1674; x_wconf 80' lang='grc' dir='ltr'>ἐπειδὴ</span> <span class='ocrx_word' id='word_1_280' title='bbox 834 1638 946 1674; x_wconf 81' lang='grc' dir='ltr'>πρώτην</span> <span class='ocrx_word' id='word_1_281' title='bbox 962 1638 1011 1674; x_wconf 82' lang='grc' dir='ltr'>τήν</span> 
     </span>
    </p>
   </div>
   <div class='ocr_carea' id='block_1_35' title="bbox 173 1677 1011 1718">
    <p class='ocr_par' dir='ltr' id='par_1_35' title="bbox 173 1677 1011 1718">
     <span class='ocr_line' id='line_1_35' title="bbox 173 1677 1011 1718; baseline 0.008 -15"><span class='ocrx_word' id='word_1_282' title='bbox 173 1677 288 1711; x_wconf 83' lang='grc' dir='ltr'>γυναῖκα</span> <span class='ocrx_word' id='word_1_283' title='bbox 314 1678 450 1714; x_wconf 83' lang='grc' dir='ltr'>ήπάτησε,</span> <span class='ocrx_word' id='word_1_284' title='bbox 481 1680 527 1706; x_wconf 80' lang='grc' dir='ltr'>καὶ</span> <span class='ocrx_word' id='word_1_285' title='bbox 553 1681 619 1707; x_wconf 84' lang='grc' dir='ltr'>τότε</span> <span class='ocrx_word' id='word_1_286' title='bbox 645 1681 737 1717; x_wconf 84' lang='grc' dir='ltr'>ἐκείνη</span> <span class='ocrx_word' id='word_1_287' title='bbox 764 1681 811 1709; x_wconf 82' lang='grc' dir='ltr'>τὸν</span> <span class='ocrx_word' id='word_1_288' title='bbox 839 1682 924 1718; x_wconf 76' lang='grc' dir='ltr'>ἄνδρα</span> <span class='ocrx_word' id='word_1_289' title='bbox 946 1691 1011 1717; x_wconf 90' lang='grc' dir='ltr'>συγ-</span> 
     </span>
    </p>
   </div>
   <div class='ocr_carea' id='block_1_36' title="bbox 173 1722 1011 1762">
    <p class='ocr_par' dir='ltr' id='par_1_36' title="bbox 173 1722 1011 1762">
     <span class='ocr_line' id='line_1_36' title="bbox 173 1722 1011 1762; baseline 0.008 -15"><span class='ocrx_word' id='word_1_290' title='bbox 173 1722 342 1753; x_wconf 83' lang='grc' dir='ltr'>κατέσπασε,</span> <span class='ocrx_word' id='word_1_291' title='bbox 357 1723 401 1749; x_wconf 82' lang='grc' dir='ltr'>διὰ</span> <span class='ocrx_word' id='word_1_292' title='bbox 414 1723 493 1750; x_wconf 78' lang='grc' dir='ltr'>τοῦτο</span> <span class='ocrx_word' id='word_1_293' title='bbox 505 1724 613 1761; x_wconf 86' lang='grc' dir='ltr'>ἐκείνην</span> <span class='ocrx_word' id='word_1_294' title='bbox 631 1725 740 1760; x_wconf 84' lang='grc' dir='ltr'>πρῶτον</span> <span class='ocrx_word' id='word_1_295' title='bbox 751 1727 912 1762; x_wconf 85' lang='grc' dir='ltr'>τιμωρεῖται</span> <span class='ocrx_word' id='word_1_296' title='bbox 926 1735 1011 1762; x_wconf 85' lang='grc' dir='ltr'>τιμω-</span> 
     </span>
    </p>
   </div>
   <div class='ocr_carea' id='block_1_37' title="bbox 174 1765 1009 1804">
    <p class='ocr_par' dir='ltr' id='par_1_37' title="bbox 174 1765 1009 1804">
     <span class='ocr_line' id='line_1_37' title="bbox 174 1765 1009 1804; baseline 0.007 -13"><span class='ocrx_word' id='word_1_297' title='bbox 174 1765 234 1800; x_wconf 90' lang='grc' dir='ltr'>ρίαν</span> <span class='ocrx_word' id='word_1_298' title='bbox 249 1766 390 1793; x_wconf 81' lang='grc' dir='ltr'>νουθεσίαν</span> <span class='ocrx_word' id='word_1_299' title='bbox 414 1767 515 1803; x_wconf 86' lang='grc' dir='ltr'>πολλὴν</span> <span class='ocrx_word' id='word_1_300' title='bbox 541 1768 666 1804; x_wconf 83' lang='grc' dir='ltr'>ἔχουσαν.</span> <span class='ocrx_word' id='word_1_301' title='bbox 678 1769 732 1796; x_wconf 76' lang='grc' dir='ltr'>Καὶ</span> <span class='ocrx_word' id='word_1_302' title='bbox 743 1769 778 1803; x_wconf 78' lang='grc' dir='ltr'>τῆ</span> <span class='ocrx_word' id='word_1_303' title='bbox 792 1770 911 1804; x_wconf 78' lang='grc' dir='ltr'>γυναικί</span> <span class='ocrx_word' id='word_1_304' title='bbox 925 1769 990 1797; x_wconf 76' lang='grc' dir='ltr'>εἷπε</span> <span class='ocrx_word' id='word_1_305' title='bbox 1000 1779 1009 1787; x_wconf 90' lang='grc'><strong>·</strong></span> 
     </span>
    </p>
   </div>
   <div class='ocr_carea' id='block_1_38' title="bbox 174 1810 1012 1846">
    <p class='ocr_par' dir='ltr' id='par_1_38' title="bbox 174 1810 1012 1846">
     <span class='ocr_line' id='line_1_38' title="bbox 174 1810 1012 1846; baseline 0.006 -11"><span class='ocrx_word' id='word_1_306' title='bbox 174 1810 341 1842; x_wconf 75' lang='grc' dir='ltr'>Πληθύνων</span> <span class='ocrx_word' id='word_1_307' title='bbox 356 1810 499 1845; x_wconf 76' lang='grc' dir='ltr'>πληθυνῶ</span> <span class='ocrx_word' id='word_1_308' title='bbox 512 1812 565 1844; x_wconf 81' lang='grc' dir='ltr'>τὰς</span> <span class='ocrx_word' id='word_1_309' title='bbox 578 1812 679 1846; x_wconf 80' lang='grc' dir='ltr'>λύπας</span> <span class='ocrx_word' id='word_1_310' title='bbox 689 1820 748 1840; x_wconf 87' lang='grc' dir='ltr'>σου</span> <span class='ocrx_word' id='word_1_311' title='bbox 766 1813 816 1840; x_wconf 77' lang='grc' dir='ltr'>καὶ</span> <span class='ocrx_word' id='word_1_312' title='bbox 834 1813 888 1840; x_wconf 82' lang='grc' dir='ltr'>τὸν</span> <span class='ocrx_word' id='word_1_313' title='bbox 904 1822 1012 1840; x_wconf 80' lang='grc' dir='ltr'>στενα-</span> 
     </span>
    </p>
   </div>
   <div class='ocr_carea' id='block_1_39' title="bbox 173 1851 1011 1891">
    <p class='ocr_par' dir='ltr' id='par_1_39' title="bbox 173 1851 1011 1891">
     <span class='ocr_line' id='line_1_39' title="bbox 173 1851 1011 1891; baseline 0.007 -14"><span class='ocrx_word' id='word_1_314' title='bbox 173 1851 247 1885; x_wconf 79' lang='grc' dir='ltr'>γμόν</span> <span class='ocrx_word' id='word_1_315' title='bbox 255 1860 324 1879; x_wconf 83' lang='grc' dir='ltr'>σου’</span> <span class='ocrx_word' id='word_1_316' title='bbox 341 1853 376 1880; x_wconf 84' lang='grc' dir='ltr'>ἐν</span> <span class='ocrx_word' id='word_1_317' title='bbox 389 1855 503 1887; x_wconf 74' lang='grc' dir='ltr'>λύπαις</span> <span class='ocrx_word' id='word_1_318' title='bbox 514 1854 584 1890; x_wconf 78' lang='grc' dir='ltr'>τέξῃ</span> <span class='ocrx_word' id='word_1_319' title='bbox 595 1854 695 1883; x_wconf 83' lang='grc' dir='ltr'>τέκνα·</span> <span class='ocrx_word' id='word_1_320' title='bbox 708 1856 757 1882; x_wconf 80' lang='grc' dir='ltr'>καί</span> <span class='ocrx_word' id='word_1_321' title='bbox 768 1855 844 1890; x_wconf 75' lang='grc' dir='ltr'>πρὸς</span> <span class='ocrx_word' id='word_1_322' title='bbox 853 1856 906 1883; x_wconf 80' lang='grc' dir='ltr'>τὸν</span> <span class='ocrx_word' id='word_1_323' title='bbox 916 1856 1011 1891; x_wconf 81' lang='grc' dir='ltr'>ἄνδρα</span> 
     </span>
    </p>
   </div>
   <div class='ocr_carea' id='block_1_40' title="bbox 172 1895 1011 1935">
    <p class='ocr_par' dir='ltr' id='par_1_40' title="bbox 172 1895 1011 1935">
     <span class='ocr_line' id='line_1_40' title="bbox 172 1895 1011 1935; baseline 0.008 -15"><span class='ocrx_word' id='word_1_324' title='bbox 172 1903 229 1921; x_wconf 87' lang='grc' dir='ltr'>σου</span> <span class='ocrx_word' id='word_1_325' title='bbox 238 1895 256 1929; x_wconf 72' lang='grc' dir='ltr'>η</span> <span class='ocrx_word' id='word_1_326' title='bbox 269 1896 446 1931; x_wconf 69' lang='grc' dir='ltr'>ἀποστροφή</span> <span class='ocrx_word' id='word_1_327' title='bbox 455 1906 525 1930; x_wconf 85' lang='grc' dir='ltr'>σου,</span> <span class='ocrx_word' id='word_1_328' title='bbox 535 1898 583 1925; x_wconf 80' lang='grc' dir='ltr'>καί</span> <span class='ocrx_word' id='word_1_329' title='bbox 593 1899 685 1932; x_wconf 84' lang='grc' dir='ltr'>αὐτός</span> <span class='ocrx_word' id='word_1_330' title='bbox 695 1907 754 1926; x_wconf 87' lang='grc' dir='ltr'>σου</span> <span class='ocrx_word' id='word_1_331' title='bbox 765 1900 925 1934; x_wconf 83' lang='grc' dir='ltr'>κυριεύσει.</span> <span class='ocrx_word' id='word_1_332' title='bbox 940 1900 1011 1935; x_wconf 87' lang='grc' dir='ltr'>Ὅρα</span> 
     </span>
    </p>
   </div>
   <div class='ocr_carea' id='block_1_41' title="bbox 173 1939 1011 1979">
    <p class='ocr_par' dir='ltr' id='par_1_41' title="bbox 173 1939 1011 1979">
     <span class='ocr_line' id='line_1_41' title="bbox 173 1939 1011 1979; baseline 0.007 -15"><span class='ocrx_word' id='word_1_333' title='bbox 173 1939 307 1966; x_wconf 80' lang='grc' dir='ltr'>Δεσπότου</span> <span class='ocrx_word' id='word_1_334' title='bbox 318 1940 483 1975; x_wconf 86' lang='grc' dir='ltr'>ἀγαθότητα,</span> <span class='ocrx_word' id='word_1_335' title='bbox 490 1942 539 1978; x_wconf 84' lang='grc' dir='ltr'>ὅσῃ</span> <span class='ocrx_word' id='word_1_336' title='bbox 546 1942 679 1978; x_wconf 84' lang='grc' dir='ltr'>κέχρηται</span> <span class='ocrx_word' id='word_1_337' title='bbox 687 1945 719 1978; x_wconf 81' lang='grc' dir='ltr'>τῇ</span> <span class='ocrx_word' id='word_1_338' title='bbox 729 1943 877 1979; x_wconf 80' lang='grc' dir='ltr'>ἡμερότητι</span> <span class='ocrx_word' id='word_1_339' title='bbox 887 1943 1011 1979; x_wconf 75' lang='grc' dir='ltr'>μετὰτὴν</span> 
     </span>
    </p>
   </div>
   <div class='ocr_carea' id='block_1_42' title="bbox 172 1982 1011 2020">
    <p class='ocr_par' dir='ltr' id='par_1_42' title="bbox 172 1982 1011 2020">
     <span class='ocr_line' id='line_1_42' title="bbox 172 1982 1011 2020; baseline 0.007 -12"><span class='ocrx_word' id='word_1_340' title='bbox 172 1982 304 2018; x_wconf 84' lang='grc' dir='ltr'>τοσαύτην</span> <span class='ocrx_word' id='word_1_341' title='bbox 318 1984 484 2019; x_wconf 84' lang='grc' dir='ltr'>παράϐασιν.</span> <span class='ocrx_word' id='word_1_342' title='bbox 501 1987 666 2020; x_wconf 78' lang='grc' dir='ltr'>Πληθύνων</span> <span class='ocrx_word' id='word_1_343' title='bbox 683 1986 828 2020; x_wconf 74' lang='grc' dir='ltr'>πληθυνῶ</span> <span class='ocrx_word' id='word_1_344' title='bbox 844 1987 897 2019; x_wconf 81' lang='grc' dir='ltr'>τὰς</span> <span class='ocrx_word' id='word_1_345' title='bbox 909 1987 1011 2020; x_wconf 72' lang='grc' dir='ltr'>λύπας</span> 
     </span>
    </p>
   </div>
   <div class='ocr_carea' id='block_1_43' title="bbox 171 2027 1009 2066">
    <p class='ocr_par' dir='ltr' id='par_1_43' title="bbox 171 2027 1009 2066">
     <span class='ocr_line' id='line_1_43' title="bbox 171 2027 1009 2066; baseline 0.007 -14"><span class='ocrx_word' id='word_1_346' title='bbox 171 2033 229 2053; x_wconf 87' lang='grc' dir='ltr'>σου</span> <span class='ocrx_word' id='word_1_347' title='bbox 238 2027 286 2054; x_wconf 75' lang='grc' dir='ltr'>καί</span> <span class='ocrx_word' id='word_1_348' title='bbox 295 2027 522 2064; x_wconf 63' lang='grc' dir='ltr'>τὸνστενιηαμόν</span> <span class='ocrx_word' id='word_1_349' title='bbox 528 2037 596 2058; x_wconf 85' lang='grc' dir='ltr'>σου.</span> <span class='ocrx_word' id='word_1_350' title='bbox 606 2030 675 2064; x_wconf 86' lang='grc' dir='ltr'>Ἐγὼ</span> <span class='ocrx_word' id='word_1_351' title='bbox 684 2030 733 2065; x_wconf 81' lang='grc' dir='ltr'>μὲν</span> <span class='ocrx_word' id='word_1_352' title='bbox 742 2030 905 2066; x_wconf 78' lang='grc' dir='ltr'>ἠϐουλήθην,</span> <span class='ocrx_word' id='word_1_353' title='bbox 917 2031 1009 2066; x_wconf 78' lang='grc' dir='ltr'>φησὶν,</span> 
     </span>
    </p>
   </div>
   <div class='ocr_carea' id='block_1_44' title="bbox 172 2070 1009 2113">
    <p class='ocr_par' dir='ltr' id='par_1_44' title="bbox 172 2070 1009 2113">
     <span class='ocr_line' id='line_1_44' title="bbox 172 2070 1009 2113; baseline 0.007 -17"><span class='ocrx_word' id='word_1_354' title='bbox 172 2070 305 2098; x_wconf 74' lang='grc' dir='ltr'>ἀνώδυνον</span> <span class='ocrx_word' id='word_1_355' title='bbox 326 2072 373 2099; x_wconf 74' lang='grc' dir='ltr'>καὶ</span> <span class='ocrx_word' id='word_1_356' title='bbox 389 2073 579 2109; x_wconf 86' lang='grc' dir='ltr'>ἀταλαίπωρόν</span> <span class='ocrx_word' id='word_1_357' title='bbox 590 2083 619 2101; x_wconf 87' lang='grc' dir='ltr'>σε</span> <span class='ocrx_word' id='word_1_358' title='bbox 631 2074 703 2110; x_wconf 82' lang='grc' dir='ltr'>ἔχειν</span> <span class='ocrx_word' id='word_1_359' title='bbox 717 2075 800 2111; x_wconf 80' lang='grc' dir='ltr'>ζωὴν,</span> <span class='ocrx_word' id='word_1_360' title='bbox 818 2075 906 2113; x_wconf 77' lang='grc' dir='ltr'>πάσης</span> <span class='ocrx_word' id='word_1_361' title='bbox 922 2075 1009 2112; x_wconf 84' lang='grc' dir='ltr'>λύπης</span> 
     </span>
    </p>
   </div>
   <div class='ocr_carea' id='block_1_45' title="bbox 173 2115 1009 2155">
    <p class='ocr_par' dir='ltr' id='par_1_45' title="bbox 173 2115 1009 2155">
     <span class='ocr_line' id='line_1_45' title="bbox 173 2115 1009 2155; baseline 0.006 -15"><span class='ocrx_word' id='word_1_362' title='bbox 173 2115 217 2140; x_wconf 83' lang='grc' dir='ltr'>καὶ</span> <span class='ocrx_word' id='word_1_363' title='bbox 237 2115 357 2151; x_wconf 84' lang='grc' dir='ltr'>ἀθυμίας</span> <span class='ocrx_word' id='word_1_364' title='bbox 371 2117 595 2152; x_wconf 84' lang='grc' dir='ltr'>ἀπηλλαγμένην,</span> <span class='ocrx_word' id='word_1_365' title='bbox 621 2118 668 2144; x_wconf 75' lang='grc' dir='ltr'>καὶ</span> <span class='ocrx_word' id='word_1_366' title='bbox 687 2118 777 2154; x_wconf 81' lang='grc' dir='ltr'>πάσης</span> <span class='ocrx_word' id='word_1_367' title='bbox 792 2119 889 2154; x_wconf 77' lang='grc' dir='ltr'>ἡδονῆς</span> <span class='ocrx_word' id='word_1_368' title='bbox 904 2119 1009 2155; x_wconf 84' lang='grc' dir='ltr'>πεπλη-</span> 
     </span>
    </p>
   </div>
   <div class='ocr_carea' id='block_1_46' title="bbox 173 2159 1010 2198">
    <p class='ocr_par' dir='ltr' id='par_1_46' title="bbox 173 2159 1010 2198">
     <span class='ocr_line' id='line_1_46' title="bbox 173 2159 1010 2198; baseline 0.006 -13"><span class='ocrx_word' id='word_1_369' title='bbox 173 2159 298 2194; x_wconf 86' lang='grc' dir='ltr'>ρωμένην</span> <span class='ocrx_word' id='word_1_370' title='bbox 315 2160 362 2187; x_wconf 71' lang='grc' dir='ltr'>καὶ</span> <span class='ocrx_word' id='word_1_371' title='bbox 382 2161 495 2196; x_wconf 78' lang='grc' dir='ltr'>μηδενὸς</span> <span class='ocrx_word' id='word_1_372' title='bbox 515 2161 690 2188; x_wconf 82' lang='grc' dir='ltr'>αἰσθάνεσθαι</span> <span class='ocrx_word' id='word_1_373' title='bbox 707 2162 762 2189; x_wconf 85' lang='grc' dir='ltr'>τῶν</span> <span class='ocrx_word' id='word_1_374' title='bbox 777 2162 939 2198; x_wconf 85' lang='grc' dir='ltr'>σωματικῶν</span> <span class='ocrx_word' id='word_1_375' title='bbox 957 2163 1010 2190; x_wconf 89' lang='grc' dir='ltr'>σῶ-</span> 
     </span>
    </p>
   </div>
   <div class='ocr_carea' id='block_1_47' title="bbox 173 2206 1008 2245">
    <p class='ocr_par' dir='ltr' id='par_1_47' title="bbox 173 2206 1008 2245">
     <span class='ocr_line' id='line_1_47' title="bbox 173 2206 1008 2245; baseline 0.006 -14"><span class='ocrx_word' id='word_1_376' title='bbox 173 2211 209 2238; x_wconf 82' lang='grc' dir='ltr'>μα</span> <span class='ocrx_word' id='word_1_377' title='bbox 237 2206 443 2241; x_wconf 85' lang='grc' dir='ltr'>περικειμένην·</span> <span class='ocrx_word' id='word_1_378' title='bbox 470 2207 563 2243; x_wconf 87' lang='grc' dir='ltr'>ἐπειδὴ</span> <span class='ocrx_word' id='word_1_379' title='bbox 590 2207 619 2234; x_wconf 87' lang='grc' dir='ltr'>δέ</span> <span class='ocrx_word' id='word_1_380' title='bbox 645 2207 695 2234; x_wconf 79' lang='grc' dir='ltr'>οὐκ</span> <span class='ocrx_word' id='word_1_381' title='bbox 716 2208 825 2243; x_wconf 87' lang='grc' dir='ltr'>ἐχρήσω</span> <span class='ocrx_word' id='word_1_382' title='bbox 846 2209 885 2240; x_wconf 87' lang='grc' dir='ltr'>είς</span> <span class='ocrx_word' id='word_1_383' title='bbox 903 2209 961 2236; x_wconf 84' lang='grc' dir='ltr'>δέον</span> <span class='ocrx_word' id='word_1_384' title='bbox 976 2210 1008 2245; x_wconf 81' lang='grc' dir='ltr'>τῇ</span> 
     </span>
    </p>
   </div>
   <div class='ocr_carea' id='block_1_48' title="bbox 171 2245 1009 2287">
    <p class='ocr_par' dir='ltr' id='par_1_48' title="bbox 171 2245 1009 2287">
     <span class='ocr_line' id='line_1_48' title="bbox 171 2245 1009 2287; baseline 0.007 -13"><span class='ocrx_word' id='word_1_385' title='bbox 171 2249 289 2284; x_wconf 82' lang='grc' dir='ltr'>τοσαύτῃ</span> <span class='ocrx_word' id='word_1_386' title='bbox 318 2245 420 2282; x_wconf 76' lang='grc' dir='ltr'>ἀνέσει,</span> <span class='ocrx_word' id='word_1_387' title='bbox 449 2250 507 2277; x_wconf 74' lang='grc' dir='ltr'>ἀλλ’</span> <span class='ocrx_word' id='word_1_388' title='bbox 531 2252 548 2286; x_wconf 88' lang='grc' dir='ltr'>ή</span> <span class='ocrx_word' id='word_1_389' title='bbox 584 2252 726 2287; x_wconf 77' lang='grc' dir='ltr'>περιουσία</span> <span class='ocrx_word' id='word_1_390' title='bbox 757 2252 810 2278; x_wconf 86' lang='grc' dir='ltr'>τῶν</span> <span class='ocrx_word' id='word_1_391' title='bbox 842 2252 952 2285; x_wconf 75' lang='grc' dir='ltr'>ἀγαθῶν</span> <span class='ocrx_word' id='word_1_392' title='bbox 969 2255 1009 2285; x_wconf 87' lang='grc' dir='ltr'>είς</span> 
     </span>
    </p>
   </div>
   <div class='ocr_carea' id='block_1_49' title="bbox 172 2292 1009 2332">
    <p class='ocr_par' dir='ltr' id='par_1_49' title="bbox 172 2292 1009 2332">
     <span class='ocr_line' id='line_1_49' title="bbox 172 2292 1009 2332; baseline 0.006 -14"><span class='ocrx_word' id='word_1_393' title='bbox 172 2292 304 2328; x_wconf 84' lang='grc' dir='ltr'>τοσαύτην</span> <span class='ocrx_word' id='word_1_394' title='bbox 319 2302 348 2319; x_wconf 79' lang='grc' dir='ltr'>σε</span> <span class='ocrx_word' id='word_1_395' title='bbox 360 2293 556 2330; x_wconf 85' lang='grc' dir='ltr'>ἀγνωμοσύνην</span> <span class='ocrx_word' id='word_1_396' title='bbox 573 2294 671 2329; x_wconf 76' lang='grc' dir='ltr'>ἤγαγε,</span> <span class='ocrx_word' id='word_1_397' title='bbox 686 2295 730 2321; x_wconf 75' lang='grc' dir='ltr'>διὰ</span> <span class='ocrx_word' id='word_1_398' title='bbox 749 2295 827 2322; x_wconf 79' lang='grc' dir='ltr'>τοῦτό</span> <span class='ocrx_word' id='word_1_399' title='bbox 847 2305 888 2322; x_wconf 91' lang='grc' dir='ltr'>σοι</span> <span class='ocrx_word' id='word_1_400' title='bbox 900 2296 1009 2332; x_wconf 77' lang='grc' dir='ltr'>χαλινὸν</span> 
     </span>
    </p>
   </div>
   <div class='ocr_carea' id='block_1_50' title="bbox 172 2335 1008 2374">
    <p class='ocr_par' dir='ltr' id='par_1_50' title="bbox 172 2335 1008 2374">
     <span class='ocr_line' id='line_1_50' title="bbox 172 2335 1008 2374; baseline 0.006 -13"><span class='ocrx_word' id='word_1_401' title='bbox 172 2335 323 2371; x_wconf 83' lang='grc' dir='ltr'>ἐπιτίθημι,</span> <span class='ocrx_word' id='word_1_402' title='bbox 339 2336 408 2363; x_wconf 81' lang='grc' dir='ltr'>ὥστε</span> <span class='ocrx_word' id='word_1_403' title='bbox 420 2337 458 2373; x_wconf 81' lang='grc' dir='ltr'>μὴ</span> <span class='ocrx_word' id='word_1_404' title='bbox 474 2337 520 2364; x_wconf 79' lang='grc' dir='ltr'>ἐπὶ</span> <span class='ocrx_word' id='word_1_405' title='bbox 536 2338 616 2364; x_wconf 80' lang='grc' dir='ltr'>πλέον</span> <span class='ocrx_word' id='word_1_406' title='bbox 627 2339 836 2374; x_wconf 83' lang='grc' dir='ltr'>ἀποσκιρτῆσαι,</span> <span class='ocrx_word' id='word_1_407' title='bbox 849 2339 896 2366; x_wconf 82' lang='grc' dir='ltr'>καὶ</span> <span class='ocrx_word' id='word_1_408' title='bbox 911 2340 1008 2372; x_wconf 80' lang='grc' dir='ltr'>λύπαις</span> 
     </span>
    </p>
   </div>
   <div class='ocr_carea' id='block_1_51' title="bbox 172 2380 1009 2416">
    <p class='ocr_par' dir='ltr' id='par_1_51' title="bbox 172 2380 1009 2416">
     <span class='ocr_line' id='line_1_51' title="bbox 172 2380 1009 2416; baseline 0.006 -11"><span class='ocrx_word' id='word_1_409' title='bbox 172 2380 217 2406; x_wconf 73' lang='grc' dir='ltr'>καὶ</span> <span class='ocrx_word' id='word_1_410' title='bbox 233 2381 396 2415; x_wconf 85' lang='grc' dir='ltr'>στεναγμοῖς</span> <span class='ocrx_word' id='word_1_411' title='bbox 416 2389 446 2407; x_wconf 89' lang='grc' dir='ltr'>σε</span> <span class='ocrx_word' id='word_1_412' title='bbox 462 2381 475 2402; x_wconf 72' lang='grc' dir='ltr'>δ</span> <span class='ocrx_word' id='word_1_413' title='bbox 489 2381 671 2413; x_wconf 81' lang='grc' dir='ltr'>καταδικάζω.</span> <span class='ocrx_word' id='word_1_414' title='bbox 685 2383 849 2416; x_wconf 82' lang='grc' dir='ltr'>Πληθύνων</span> <span class='ocrx_word' id='word_1_415' title='bbox 865 2383 1009 2416; x_wconf 79' lang='grc' dir='ltr'>πληθυνῶ</span> 
     </span>
    </p>
   </div>
   <div class='ocr_carea' id='block_1_52' title="bbox 171 2422 1008 2459">
    <p class='ocr_par' dir='ltr' id='par_1_52' title="bbox 171 2422 1008 2459">
     <span class='ocr_line' id='line_1_52' title="bbox 171 2422 1008 2459; baseline 0.005 -10"><span class='ocrx_word' id='word_1_416' title='bbox 171 2422 223 2455; x_wconf 87' lang='grc' dir='ltr'>τὰς</span> <span class='ocrx_word' id='word_1_417' title='bbox 234 2424 336 2456; x_wconf 79' lang='grc' dir='ltr'>λύπας</span> <span class='ocrx_word' id='word_1_418' title='bbox 349 2431 408 2451; x_wconf 83' lang='grc' dir='ltr'>σου</span> <span class='ocrx_word' id='word_1_419' title='bbox 428 2424 477 2451; x_wconf 78' lang='grc' dir='ltr'>καὶ</span> <span class='ocrx_word' id='word_1_420' title='bbox 497 2424 550 2451; x_wconf 81' lang='grc' dir='ltr'>τὸν</span> <span class='ocrx_word' id='word_1_421' title='bbox 565 2426 735 2459; x_wconf 64' lang='grc' dir='ltr'>στεναπιιόν</span> <span class='ocrx_word' id='word_1_422' title='bbox 743 2432 801 2452; x_wconf 84' lang='grc' dir='ltr'>σου</span> <span class='ocrx_word' id='word_1_423' title='bbox 814 2434 820 2441; x_wconf 90' lang='grc'><strong>·</strong></span> <span class='ocrx_word' id='word_1_424' title='bbox 834 2426 869 2452; x_wconf 81' lang='grc' dir='ltr'>ἐν</span> <span class='ocrx_word' id='word_1_425' title='bbox 896 2426 1008 2459; x_wconf 72' lang='grc' dir='ltr'>λύπαις</span> 
     </span>
    </p>
   </div>
   <div class='ocr_carea' id='block_1_53' title="bbox 172 2466 1007 2506">
    <p class='ocr_par' dir='ltr' id='par_1_53' title="bbox 172 2466 1007 2506">
     <span class='ocr_line' id='line_1_53' title="bbox 172 2466 1007 2506; baseline 0.005 -14"><span class='ocrx_word' id='word_1_426' title='bbox 172 2467 240 2500; x_wconf 81' lang='grc' dir='ltr'>τέξῃ</span> <span class='ocrx_word' id='word_1_427' title='bbox 252 2466 351 2494; x_wconf 78' lang='grc' dir='ltr'>τέκνα.</span> <span class='ocrx_word' id='word_1_428' title='bbox 361 2467 416 2503; x_wconf 81' lang='grc' dir='ltr'>Τὴν</span> <span class='ocrx_word' id='word_1_429' title='bbox 427 2468 564 2500; x_wconf 82' lang='grc' dir='ltr'>ὑπόθεσιν,</span> <span class='ocrx_word' id='word_1_430' title='bbox 576 2468 710 2504; x_wconf 55' lang='grc' dir='ltr'>φησὶ-,τῆς</span> <span class='ocrx_word' id='word_1_431' title='bbox 716 2469 816 2504; x_wconf 82' lang='grc' dir='ltr'>πολλῆς</span> <span class='ocrx_word' id='word_1_432' title='bbox 827 2469 1007 2506; x_wconf 82' lang='grc' dir='ltr'>εὐφροσύνης,</span> 
     </span>
    </p>
   </div>
   <div class='ocr_carea' id='block_1_54' title="bbox 169 2511 1007 2549">
    <p class='ocr_par' dir='ltr' id='par_1_54' title="bbox 169 2511 1007 2549">
     <span class='ocr_line' id='line_1_54' title="bbox 169 2511 1007 2549; baseline 0.006 -13"><span class='ocrx_word' id='word_1_433' title='bbox 169 2511 285 2538; x_wconf 80' lang='grc' dir='ltr'>καὶτῶν</span> <span class='ocrx_word' id='word_1_434' title='bbox 301 2511 405 2539; x_wconf 86' lang='grc' dir='ltr'>τέκνων</span> <span class='ocrx_word' id='word_1_435' title='bbox 429 2513 479 2548; x_wconf 86' lang='grc' dir='ltr'>τὴν</span> <span class='ocrx_word' id='word_1_436' title='bbox 499 2513 624 2548; x_wconf 86' lang='grc' dir='ltr'>διαδοχὴν</span> <span class='ocrx_word' id='word_1_437' title='bbox 642 2513 695 2540; x_wconf 84' lang='grc' dir='ltr'>ἀπὸ</span> <span class='ocrx_word' id='word_1_438' title='bbox 716 2513 805 2548; x_wconf 86' lang='grc' dir='ltr'>λύπης</span> <span class='ocrx_word' id='word_1_439' title='bbox 818 2513 949 2549; x_wconf 76' lang='grc' dir='ltr'>ἄρχεσθαί</span> <span class='ocrx_word' id='word_1_440' title='bbox 967 2523 1007 2541; x_wconf 84' lang='grc' dir='ltr'>σοι</span> 
     </span>
    </p>
   </div>
   <div class='ocr_carea' id='block_1_55' title="bbox 170 2555 1008 2594">
    <p class='ocr_par' dir='ltr' id='par_1_55' title="bbox 170 2555 1008 2594">
     <span class='ocr_line' id='line_1_55' title="bbox 170 2555 1008 2594; baseline 0.006 -15"><span class='ocrx_word' id='word_1_441' title='bbox 170 2555 385 2589; x_wconf 70' lang='grc' dir='ltr'>παρασκευάσω,</span> <span class='ocrx_word' id='word_1_442' title='bbox 399 2556 443 2582; x_wconf 77' lang='grc' dir='ltr'>ἵνα</span> <span class='ocrx_word' id='word_1_443' title='bbox 453 2556 564 2592; x_wconf 83' lang='grc' dir='ltr'>διηνεκῆ</span> <span class='ocrx_word' id='word_1_444' title='bbox 576 2557 641 2593; x_wconf 76' lang='grc' dir='ltr'>ἐχῃς</span> <span class='ocrx_word' id='word_1_445' title='bbox 654 2557 700 2583; x_wconf 77' lang='grc' dir='ltr'>καὶ</span> <span class='ocrx_word' id='word_1_446' title='bbox 715 2557 784 2592; x_wconf 82' lang='grc' dir='ltr'>αὐτὴ</span> <span class='ocrx_word' id='word_1_447' title='bbox 795 2557 843 2593; x_wconf 81' lang='grc' dir='ltr'>τὴν</span> <span class='ocrx_word' id='word_1_448' title='bbox 855 2557 1008 2594; x_wconf 81' lang='grc' dir='ltr'>ὑπόμνησιν</span> 
     </span>
    </p>
   </div>
   <div class='ocr_carea' id='block_1_56' title="bbox 169 2597 1008 2638">
    <p class='ocr_par' dir='ltr' id='par_1_56' title="bbox 169 2597 1008 2638">
     <span class='ocr_line' id='line_1_56' title="bbox 169 2597 1008 2638; baseline 0.006 -15"><span class='ocrx_word' id='word_1_449' title='bbox 169 2597 211 2624; x_wconf 76' lang='grc' dir='ltr'>διὰ</span> <span class='ocrx_word' id='word_1_450' title='bbox 227 2599 282 2624; x_wconf 89' lang='grc' dir='ltr'>τῶν</span> <span class='ocrx_word' id='word_1_451' title='bbox 297 2598 360 2625; x_wconf 85' lang='grc' dir='ltr'>καθ’</span> <span class='ocrx_word' id='word_1_452' title='bbox 376 2598 492 2626; x_wconf 70' lang='grc' dir='ltr'>ἕκαστον</span> <span class='ocrx_word' id='word_1_453' title='bbox 509 2600 603 2636; x_wconf 76' lang='grc' dir='ltr'>καιρὸν</span> <span class='ocrx_word' id='word_1_454' title='bbox 617 2601 730 2633; x_wconf 85' lang='grc' dir='ltr'>ὠδίνων,</span> <span class='ocrx_word' id='word_1_455' title='bbox 744 2601 790 2627; x_wconf 78' lang='grc' dir='ltr'>καὶ</span> <span class='ocrx_word' id='word_1_456' title='bbox 808 2601 863 2627; x_wconf 85' lang='grc' dir='ltr'>τῶν</span> <span class='ocrx_word' id='word_1_457' title='bbox 879 2601 1008 2638; x_wconf 83' lang='grc' dir='ltr'>λυπηρῶν</span> 
     </span>
    </p>
   </div>
   <div class='ocr_carea' id='block_1_57' title="bbox 169 2641 1008 2680">
    <p class='ocr_par' dir='ltr' id='par_1_57' title="bbox 169 2641 1008 2680">
     <span class='ocr_line' id='line_1_57' title="bbox 169 2641 1008 2680; baseline 0.006 -13"><span class='ocrx_word' id='word_1_458' title='bbox 169 2641 221 2667; x_wconf 85' lang='grc' dir='ltr'>τῶν</span> <span class='ocrx_word' id='word_1_459' title='bbox 235 2642 296 2668; x_wconf 83' lang='grc' dir='ltr'>καθ’</span> <span class='ocrx_word' id='word_1_460' title='bbox 307 2642 427 2678; x_wconf 84' lang='grc' dir='ltr'>ἑκάστην</span> <span class='ocrx_word' id='word_1_461' title='bbox 445 2645 621 2679; x_wconf 77' lang='grc' dir='ltr'>τικτομένων,</span> <span class='ocrx_word' id='word_1_462' title='bbox 635 2645 719 2671; x_wconf 81' lang='grc' dir='ltr'>πόσον</span> <span class='ocrx_word' id='word_1_463' title='bbox 731 2645 781 2680; x_wconf 84' lang='grc' dir='ltr'>τῆς</span> <span class='ocrx_word' id='word_1_464' title='bbox 796 2645 932 2680; x_wconf 82' lang='grc' dir='ltr'>ἁμαρτίας</span> <span class='ocrx_word' id='word_1_465' title='bbox 943 2646 1008 2672; x_wconf 83' lang='grc' dir='ltr'>ταύ-</span> 
     </span>
    </p>
   </div>
   <div class='ocr_carea' id='block_1_58' title="bbox 169 2687 1007 2725">
    <p class='ocr_par' dir='ltr' id='par_1_58' title="bbox 169 2687 1007 2725">
     <span class='ocr_line' id='line_1_58' title="bbox 169 2687 1007 2725; baseline 0.006 -14"><span class='ocrx_word' id='word_1_466' title='bbox 169 2693 217 2720; x_wconf 87' lang='grc' dir='ltr'>της</span> <span class='ocrx_word' id='word_1_467' title='bbox 234 2687 343 2722; x_wconf 78' lang='grc' dir='ltr'>καὶτῆς</span> <span class='ocrx_word' id='word_1_468' title='bbox 360 2688 505 2723; x_wconf 82' lang='grc' dir='ltr'>παρακοῆς</span> <span class='ocrx_word' id='word_1_469' title='bbox 519 2688 550 2714; x_wconf 72' lang='grc' dir='ltr'>τὸ</span> <span class='ocrx_word' id='word_1_470' title='bbox 569 2689 693 2724; x_wconf 84' lang='grc' dir='ltr'>μέγεθος,</span> <span class='ocrx_word' id='word_1_471' title='bbox 717 2689 764 2715; x_wconf 59' lang='grc' dir='ltr'>καὶ¹</span> <span class='ocrx_word' id='word_1_472' title='bbox 789 2689 825 2725; x_wconf 88' lang='grc' dir='ltr'>μὴ</span> <span class='ocrx_word' id='word_1_473' title='bbox 846 2689 893 2716; x_wconf 80' lang='grc' dir='ltr'>τοῦ</span> <span class='ocrx_word' id='word_1_474' title='bbox 910 2690 1007 2725; x_wconf 86' lang='grc' dir='ltr'>χρόνου</span> 
     </span>
    </p>
   </div>
   <div class='ocr_carea' id='block_1_59' title="bbox 169 2730 1008 2768">
    <p class='ocr_par' dir='ltr' id='par_1_59' title="bbox 169 2730 1008 2768">
     <span class='ocr_line' id='line_1_59' title="bbox 169 2730 1008 2768; baseline 0.006 -13"><span class='ocrx_word' id='word_1_475' title='bbox 169 2730 308 2763; x_wconf 78' lang='grc' dir='ltr'>προίόντος</span> <span class='ocrx_word' id='word_1_476' title='bbox 333 2731 401 2766; x_wconf 83' lang='grc' dir='ltr'>λήθῃ</span> <span class='ocrx_word' id='word_1_477' title='bbox 421 2731 548 2766; x_wconf 80' lang='grc' dir='ltr'>παραδῷς</span> <span class='ocrx_word' id='word_1_478' title='bbox 566 2733 596 2758; x_wconf 78' lang='grc' dir='ltr'>τὸ</span> <span class='ocrx_word' id='word_1_479' title='bbox 614 2733 806 2768; x_wconf 83' lang='grc' dir='ltr'>γεγενημένον,</span> <span class='ocrx_word' id='word_1_480' title='bbox 830 2733 887 2760; x_wconf 82' lang='grc' dir='ltr'>ἀλλ’</span> <span class='ocrx_word' id='word_1_481' title='bbox 910 2734 1008 2760; x_wconf 80' lang='grc' dir='ltr'>εἰδέναι</span> 
     </span>
    </p>
   </div>
   <div class='ocr_carea' id='block_1_60' title="bbox 169 2771 1008 2812">
    <p class='ocr_par' dir='ltr' id='par_1_60' title="bbox 169 2771 1008 2812">
     <span class='ocr_line' id='line_1_60' title="bbox 169 2771 1008 2812; baseline 0.007 -14"><span class='ocrx_word' id='word_1_482' title='bbox 169 2771 232 2809; x_wconf 81' lang='grc' dir='ltr'>ἔχῃς</span> <span class='ocrx_word' id='word_1_483' title='bbox 246 2773 284 2805; x_wconf 81' lang='grc' dir='ltr'>ὼς</span> <span class='ocrx_word' id='word_1_484' title='bbox 296 2774 313 2809; x_wconf 88' lang='grc' dir='ltr'>ή</span> <span class='ocrx_word' id='word_1_485' title='bbox 327 2774 418 2810; x_wconf 82' lang='grc' dir='ltr'>ἀπάτη</span> <span class='ocrx_word' id='word_1_486' title='bbox 430 2775 533 2802; x_wconf 88' lang='grc' dir='ltr'>τούτων</span> <span class='ocrx_word' id='word_1_487' title='bbox 545 2784 584 2802; x_wconf 89' lang='grc' dir='ltr'>σοι</span> <span class='ocrx_word' id='word_1_488' title='bbox 600 2776 684 2808; x_wconf 77' lang='grc' dir='ltr'>αἴτιος</span> <span class='ocrx_word' id='word_1_489' title='bbox 694 2776 850 2812; x_wconf 86' lang='grc' dir='ltr'>γεγένηται.</span> <span class='ocrx_word' id='word_1_490' title='bbox 864 2777 913 2804; x_wconf 79' lang='grc' dir='ltr'>Διά</span> <span class='ocrx_word' id='word_1_491' title='bbox 929 2777 1008 2804; x_wconf 83' lang='grc' dir='ltr'>τοῦτο</span> 
     </span>
    </p>
   </div>
   <div class='ocr_carea' id='block_1_61' title="bbox 170 2817 1009 2856">
    <p class='ocr_par' dir='ltr' id='par_1_61' title="bbox 170 2817 1009 2856">
     <span class='ocr_line' id='line_1_61' title="bbox 170 2817 1009 2856; baseline 0.008 -14"><span class='ocrx_word' id='word_1_492' title='bbox 170 2817 485 2851; x_wconf 75' lang='grc' dir='ltr'>ιιληθύνωνπληθυνῶ</span> <span class='ocrx_word' id='word_1_493' title='bbox 493 2819 545 2851; x_wconf 81' lang='grc' dir='ltr'>τὰς</span> <span class='ocrx_word' id='word_1_494' title='bbox 552 2819 652 2852; x_wconf 78' lang='grc' dir='ltr'>λύπας</span> <span class='ocrx_word' id='word_1_495' title='bbox 657 2827 714 2847; x_wconf 89' lang='grc' dir='ltr'>σου</span> <span class='ocrx_word' id='word_1_496' title='bbox 721 2820 771 2848; x_wconf 79' lang='grc' dir='ltr'>καί</span> <span class='ocrx_word' id='word_1_497' title='bbox 780 2821 833 2847; x_wconf 82' lang='grc' dir='ltr'>τὸν</span> <span class='ocrx_word' id='word_1_498' title='bbox 841 2822 1009 2856; x_wconf 77' lang='grc' dir='ltr'>στεναγμόν</span> 
     </span>
    </p>
   </div>
   <div class='ocr_carea' id='block_1_62' title="bbox 170 2858 1008 2894">
    <p class='ocr_par' dir='ltr' id='par_1_62' title="bbox 170 2858 1008 2894">
     <span class='ocr_line' id='line_1_62' title="bbox 170 2858 1008 2894; baseline 0.007 -11"><span class='ocrx_word' id='word_1_499' title='bbox 170 2865 237 2884; x_wconf 85' lang='grc' dir='ltr'>σου·</span> <span class='ocrx_word' id='word_1_500' title='bbox 245 2858 280 2884; x_wconf 77' lang='grc' dir='ltr'>ἐν</span> <span class='ocrx_word' id='word_1_501' title='bbox 290 2860 403 2892; x_wconf 72' lang='grc' dir='ltr'>λύπαις</span> <span class='ocrx_word' id='word_1_502' title='bbox 413 2859 485 2893; x_wconf 81' lang='grc' dir='ltr'>τέξῃ</span> <span class='ocrx_word' id='word_1_503' title='bbox 492 2859 591 2886; x_wconf 82' lang='grc' dir='ltr'>τέκνα.</span> <span class='ocrx_word' id='word_1_504' title='bbox 598 2860 653 2892; x_wconf 86' lang='grc' dir='ltr'>Τὰς</span> <span class='ocrx_word' id='word_1_505' title='bbox 664 2861 761 2894; x_wconf 85' lang='grc' dir='ltr'>ὠδῖνας</span> <span class='ocrx_word' id='word_1_506' title='bbox 768 2862 885 2889; x_wconf 84' lang='grc' dir='ltr'>ἐνταῦθα</span> <span class='ocrx_word' id='word_1_507' title='bbox 892 2863 1008 2890; x_wconf 84' lang='grc' dir='ltr'>αἰνίττε-</span> 
     </span>
    </p>
   </div>
   <div class='ocr_carea' id='block_1_63' title="bbox 169 2899 1007 2941">
    <p class='ocr_par' dir='ltr' id='par_1_63' title="bbox 169 2899 1007 2941">
     <span class='ocr_line' id='line_1_63' title="bbox 169 2899 1007 2941; baseline 0.011 -17"><span class='ocrx_word' id='word_1_508' title='bbox 169 2905 212 2925; x_wconf 88' lang='grc' dir='ltr'>ται</span> <span class='ocrx_word' id='word_1_509' title='bbox 221 2899 269 2925; x_wconf 78' lang='grc' dir='ltr'>καὶ</span> <span class='ocrx_word' id='word_1_510' title='bbox 280 2899 327 2925; x_wconf 82' lang='grc' dir='ltr'>τὸν</span> <span class='ocrx_word' id='word_1_511' title='bbox 338 2899 421 2927; x_wconf 75' lang='grc' dir='ltr'>πολὺν</span> <span class='ocrx_word' id='word_1_512' title='bbox 435 2901 558 2935; x_wconf 83' lang='grc' dir='ltr'>κάματον</span> <span class='ocrx_word' id='word_1_513' title='bbox 570 2901 683 2935; x_wconf 80' lang='grc' dir='ltr'>ἐκεῖνον,</span> <span class='ocrx_word' id='word_1_514' title='bbox 694 2902 723 2929; x_wconf 79' lang='grc' dir='ltr'>ὃν</span> <span class='ocrx_word' id='word_1_515' title='bbox 731 2903 875 2939; x_wconf 81' lang='grc' dir='ltr'>ὑπομένειν</span> <span class='ocrx_word' id='word_1_516' title='bbox 890 2905 1007 2941; x_wconf 79' lang='grc' dir='ltr'>ἀνάγκη,</span> 
     </span>
    </p>
   </div>
   <div class='ocr_carea' id='block_1_64' title="bbox 202 2979 1006 3015">
    <p class='ocr_par' dir='ltr' id='par_1_64' title="bbox 202 2979 1006 3015">
     <span class='ocr_line' id='line_1_64' title="bbox 202 2979 1006 3015; baseline 0.012 -13"><span class='ocrx_word' id='word_1_517' title='bbox 202 2979 274 3015; x_wconf 41' lang='grc' dir='ltr'>’.δίο</span> <span class='ocrx_word' id='word_1_518' title='bbox 290 2979 370 3015; x_wconf 54' lang='grc' dir='ltr'>δεινῇ.</span> <span class='ocrx_word' id='word_1_519' title='bbox 393 2983 420 3005; x_wconf 85' lang='lat' dir='ltr'>el.</span> <span class='ocrx_word' id='word_1_520' title='bbox 441 2981 533 3015; x_wconf 57' lang='lat' dir='ltr'>aliqum</span> <span class='ocrx_word' id='word_1_521' title='bbox 558 2989 616 3015; x_wconf 38' lang='lat' dir='ltr'>mgis.</span> <span class='ocrx_word' id='word_1_522' title='bbox 634 2982 719 3015; x_wconf 66' lang='lat' dir='ltr'>Morel.</span> <span class='ocrx_word' id='word_1_523' title='bbox 735 2985 887 3015; x_wconf 75' lang='grc' dir='ltr'>μετέλθωμεν,</span> <span class='ocrx_word' id='word_1_524' title='bbox 922 2987 935 3006; x_wconf 78' lang='lat' dir='ltr'><strong>b</strong></span> <span class='ocrx_word' id='word_1_525' title='bbox 949 2986 1006 3012; x_wconf 77' lang='lat' dir='ltr'>Mss.</span> 
     </span>
    </p>
   </div>
   <div class='ocr_carea' id='block_1_65' title="bbox 171 3010 834 3042">
    <p class='ocr_par' dir='ltr' id='par_1_65' title="bbox 171 3010 834 3042">
     <span class='ocr_line' id='line_1_65' title="bbox 171 3010 834 3042; baseline 0.011 -9"><span class='ocrx_word' id='word_1_526' title='bbox 171 3010 239 3034; x_wconf 73' lang='lat' dir='ltr'>multi</span> <span class='ocrx_word' id='word_1_527' title='bbox 251 3013 277 3035; x_wconf 85' lang='lat' dir='ltr'>el.</span> <span class='ocrx_word' id='word_1_528' title='bbox 288 3010 390 3035; x_wconf 79' lang='lat' dir='ltr'>Cuislin.</span> <span class='ocrx_word' id='word_1_529' title='bbox 403 3013 562 3042; x_wconf 63' lang='grc' dir='ltr'>καταδικάζω.</span> <span class='ocrx_word' id='word_1_530' title='bbox 575 3013 658 3038; x_wconf 74' lang='lat' dir='ltr'>Morel.</span> <span class='ocrx_word' id='word_1_531' title='bbox 673 3010 834 3040; x_wconf 70' lang='grc' dir='ltr'>καταδικάσω.</span> 
     </span>
    </p>
   </div>
   <div class='ocr_carea' id='block_1_66' title="bbox 760 173 1322 209">
    <p class='ocr_par' dir='ltr' id='par_1_66' title="bbox 760 173 1322 209">
     <span class='ocr_line' id='line_1_66' title="bbox 760 173 1322 209; baseline 0.011 -8"><span class='ocrx_word' id='word_1_532' title='bbox 760 173 794 201; x_wconf 81' lang='grc' dir='ltr'><strong>ΙΝ</strong></span> <span class='ocrx_word' id='word_1_533' title='bbox 810 174 886 202; x_wconf 80' lang='lat' dir='ltr'>CAP.</span> <span class='ocrx_word' id='word_1_534' title='bbox 906 175 939 204; x_wconf 81' lang='lat' dir='ltr'>Ill</span> <span class='ocrx_word' id='word_1_535' title='bbox 956 176 1080 207; x_wconf 84' lang='lat' dir='ltr'>GENES.</span> <span class='ocrx_word' id='word_1_536' title='bbox 1103 179 1220 209; x_wconf 75' lang='lat' dir='ltr'>ll0HlL.</span> <span class='ocrx_word' id='word_1_537' title='bbox 1240 179 1322 207; x_wconf 76' lang='lat' dir='ltr'>XVII.</span> 
     </span>
    </p>
   </div>
   <div class='ocr_carea' id='block_1_67' title="bbox 1858 183 1912 212">
    <p class='ocr_par' dir='ltr' id='par_1_67' title="bbox 1858 183 1912 212">
     <span class='ocr_line' id='line_1_67' title="bbox 1858 183 1912 212; baseline -0.019 0"><span class='ocrx_word' id='word_1_538' title='bbox 1858 183 1912 212; x_wconf 56' lang='grc' dir='ltr'>τις</span> 
     </span>
    </p>
   </div>
   <div class='ocr_carea' id='block_1_68' title="bbox 1069 238 1904 279">
    <p class='ocr_par' dir='ltr' id='par_1_68' title="bbox 1069 238 1904 279">
     <span class='ocr_line' id='line_1_68' title="bbox 1069 238 1904 279; baseline 0.006 -14"><span class='ocrx_word' id='word_1_539' title='bbox 1069 238 1194 275; x_wconf 80' lang='grc' dir='ltr'>καθάπερ</span> <span class='ocrx_word' id='word_1_540' title='bbox 1206 239 1315 275; x_wconf 89' lang='grc' dir='ltr'>φορτίον</span> <span class='ocrx_word' id='word_1_541' title='bbox 1331 239 1360 265; x_wconf 87' lang='grc' dir='ltr'>ἐν</span> <span class='ocrx_word' id='word_1_542' title='bbox 1374 239 1440 274; x_wconf 71' lang='grc' dir='ltr'>μησὶ</span> <span class='ocrx_word' id='word_1_543' title='bbox 1454 241 1590 274; x_wconf 81' lang='grc' dir='ltr'>τοσούτοις</span> <span class='ocrx_word' id='word_1_544' title='bbox 1604 242 1634 269; x_wconf 74' lang='grc' dir='ltr'>τὸ</span> <span class='ocrx_word' id='word_1_545' title='bbox 1647 243 1746 279; x_wconf 77' lang='grc' dir='ltr'>βρέφος</span> <span class='ocrx_word' id='word_1_546' title='bbox 1757 243 1904 279; x_wconf 56' lang='grc' dir='ltr'>βαστάζων</span> 
     </span>
    </p>
   </div>
   <div class='ocr_carea' id='block_1_69' title="bbox 1069 279 1902 320">
    <p class='ocr_par' dir='ltr' id='par_1_69' title="bbox 1069 279 1902 320">
     <span class='ocr_line' id='line_1_69' title="bbox 1069 279 1902 320; baseline 0.01 -15"><span class='ocrx_word' id='word_1_547' title='bbox 1069 287 1129 311; x_wconf 88' lang='grc' dir='ltr'>σαν,</span> <span class='ocrx_word' id='word_1_548' title='bbox 1147 280 1193 306; x_wconf 77' lang='grc' dir='ltr'>καὶ</span> <span class='ocrx_word' id='word_1_549' title='bbox 1205 280 1253 311; x_wconf 76' lang='grc' dir='ltr'>τὰς</span> <span class='ocrx_word' id='word_1_550' title='bbox 1266 279 1337 306; x_wconf 86' lang='grc' dir='ltr'>κατά</span> <span class='ocrx_word' id='word_1_551' title='bbox 1348 280 1430 315; x_wconf 83' lang='grc' dir='ltr'>μέρος</span> <span class='ocrx_word' id='word_1_552' title='bbox 1449 282 1587 317; x_wconf 87' lang='grc' dir='ltr'>φυομένας</span> <span class='ocrx_word' id='word_1_553' title='bbox 1605 285 1729 312; x_wconf 81' lang='grc' dir='ltr'>ἐντεῦθεν</span> <span class='ocrx_word' id='word_1_554' title='bbox 1743 285 1902 320; x_wconf 80' lang='grc' dir='ltr'>ἀλγηδόνας.</span> 
     </span>
    </p>
   </div>
   <div class='ocr_carea' id='block_1_70' title="bbox 1067 319 1902 358">
    <p class='ocr_par' dir='ltr' id='par_1_70' title="bbox 1067 319 1902 358">
     <span class='ocr_line' id='line_1_70' title="bbox 1067 319 1902 358; baseline 0.01 -13"><span class='ocrx_word' id='word_1_555' title='bbox 1067 321 1114 346; x_wconf 78' lang='grc' dir='ltr'>καὶ</span> <span class='ocrx_word' id='word_1_556' title='bbox 1127 320 1182 347; x_wconf 82' lang='grc' dir='ltr'>τῶν</span> <span class='ocrx_word' id='word_1_557' title='bbox 1200 320 1290 355; x_wconf 86' lang='grc' dir='ltr'>μελῶν</span> <span class='ocrx_word' id='word_1_558' title='bbox 1301 319 1347 347; x_wconf 79' lang='grc' dir='ltr'>τὸν</span> <span class='ocrx_word' id='word_1_559' title='bbox 1363 321 1547 356; x_wconf 80' lang='grc' dir='ltr'>διασπασμὸν,</span> <span class='ocrx_word' id='word_1_560' title='bbox 1568 324 1616 350; x_wconf 74' lang='grc' dir='ltr'>καὶ</span> <span class='ocrx_word' id='word_1_561' title='bbox 1633 325 1681 358; x_wconf 85' lang='grc' dir='ltr'>τὰς</span> <span class='ocrx_word' id='word_1_562' title='bbox 1696 319 1813 358; x_wconf 64' lang='grc' dir='ltr'>ὀδύναςέ</span> <span class='ocrx_word' id='word_1_563' title='bbox 1830 325 1902 353; x_wconf 83' lang='grc' dir='ltr'>ἐκεί-</span> 
     </span>
    </p>
   </div>
   <div class='ocr_carea' id='block_1_71' title="bbox 1066 361 1904 403">
    <p class='ocr_par' dir='ltr' id='par_1_71' title="bbox 1066 361 1904 403">
     <span class='ocr_line' id='line_1_71' title="bbox 1066 361 1904 403; baseline 0.011 -16"><span class='ocrx_word' id='word_1_564' title='bbox 1066 369 1115 393; x_wconf 85' lang='grc' dir='ltr'>νας</span> <span class='ocrx_word' id='word_1_565' title='bbox 1133 361 1182 393; x_wconf 80' lang='grc' dir='ltr'>τὰς</span> <span class='ocrx_word' id='word_1_566' title='bbox 1200 362 1362 397; x_wconf 81' lang='grc' dir='ltr'>ἀφορήτους,</span> <span class='ocrx_word' id='word_1_567' title='bbox 1383 362 1416 395; x_wconf 80' lang='grc' dir='ltr'>ἃς</span> <span class='ocrx_word' id='word_1_568' title='bbox 1431 364 1534 391; x_wconf 79' lang='grc' dir='ltr'>ἐκεῖναι</span> <span class='ocrx_word' id='word_1_569' title='bbox 1554 365 1636 401; x_wconf 78' lang='grc' dir='ltr'>μόναι</span> <span class='ocrx_word' id='word_1_570' title='bbox 1652 366 1740 395; x_wconf 73' lang='grc' dir='ltr'>ἴσασιν</span> <span class='ocrx_word' id='word_1_571' title='bbox 1755 369 1783 395; x_wconf 82' lang='grc' dir='ltr'>αἱ</span> <span class='ocrx_word' id='word_1_572' title='bbox 1797 368 1841 395; x_wconf 83' lang='grc' dir='ltr'>διὰ</span> <span class='ocrx_word' id='word_1_573' title='bbox 1853 367 1904 403; x_wconf 72' lang='grc' dir='ltr'>τῆς</span> 
     </span>
    </p>
   </div>
   <div class='ocr_carea' id='block_1_72' title="bbox 1067 403 1310 439">
    <p class='ocr_par' dir='ltr' id='par_1_72' title="bbox 1067 403 1310 439">
     <span class='ocr_line' id='line_1_72' title="bbox 1067 403 1310 439; baseline 0.008 -10"><span class='ocrx_word' id='word_1_574' title='bbox 1067 403 1164 439; x_wconf 84' lang='grc' dir='ltr'>πείρας</span> <span class='ocrx_word' id='word_1_575' title='bbox 1175 403 1310 431; x_wconf 77' lang='grc' dir='ltr'>ἐλθοῦσαι.</span> 
     </span>
    </p>
   </div>
   <div class='ocr_carea' id='block_1_73' title="bbox 1101 445 1903 486">
    <p class='ocr_par' dir='ltr' id='par_1_73' title="bbox 1101 445 1903 486">
     <span class='ocr_line' id='line_1_73' title="bbox 1101 445 1903 486; baseline 0.009 -15"><span class='ocrx_word' id='word_1_576' title='bbox 1101 448 1136 479; x_wconf 85' lang='grc' dir='ltr'>η’.</span> <span class='ocrx_word' id='word_1_577' title='bbox 1146 445 1215 471; x_wconf 82' lang='grc' dir='ltr'>Ἀλλ’</span> <span class='ocrx_word' id='word_1_578' title='bbox 1231 446 1305 480; x_wconf 85' lang='grc' dir='ltr'>ὅμως</span> <span class='ocrx_word' id='word_1_579' title='bbox 1318 448 1451 483; x_wconf 83' lang='grc' dir='ltr'>τοσαύτην</span> <span class='ocrx_word' id='word_1_580' title='bbox 1465 448 1480 474; x_wconf 76' lang='grc' dir='ltr'>ὁ</span> <span class='ocrx_word' id='word_1_581' title='bbox 1495 449 1685 485; x_wconf 79' lang='grc' dir='ltr'>φιλάνθρωπος</span> <span class='ocrx_word' id='word_1_582' title='bbox 1697 450 1765 482; x_wconf 74' lang='grc' dir='ltr'>Θεὸς</span> <span class='ocrx_word' id='word_1_583' title='bbox 1783 451 1903 486; x_wconf 74' lang='grc' dir='ltr'>παρέσχε</span> 
     </span>
    </p>
   </div>
   <div class='ocr_carea' id='block_1_74' title="bbox 1067 486 1902 526">
    <p class='ocr_par' dir='ltr' id='par_1_74' title="bbox 1067 486 1902 526">
     <span class='ocr_line' id='line_1_74' title="bbox 1067 486 1902 526; baseline 0.007 -14"><span class='ocrx_word' id='word_1_584' title='bbox 1067 486 1136 520; x_wconf 86' lang='grc' dir='ltr'>μετὰ</span> <span class='ocrx_word' id='word_1_585' title='bbox 1149 486 1204 513; x_wconf 88' lang='grc' dir='ltr'>τῶν</span> <span class='ocrx_word' id='word_1_586' title='bbox 1220 487 1349 523; x_wconf 86' lang='grc' dir='ltr'>λυπηρῶν</span> <span class='ocrx_word' id='word_1_587' title='bbox 1361 489 1410 524; x_wconf 81' lang='grc' dir='ltr'>τὴν</span> <span class='ocrx_word' id='word_1_588' title='bbox 1423 490 1609 525; x_wconf 79' lang='grc' dir='ltr'>παραμυθίαν,</span> <span class='ocrx_word' id='word_1_589' title='bbox 1627 490 1665 523; x_wconf 80' lang='grc' dir='ltr'>ὡς</span> <span class='ocrx_word' id='word_1_590' title='bbox 1678 491 1820 526; x_wconf 72' lang='grc' dir='ltr'>ἰσόρροπον</span> <span class='ocrx_word' id='word_1_591' title='bbox 1834 489 1902 518; x_wconf 83' lang='grc' dir='ltr'>εἶναι</span> 
     </span>
    </p>
   </div>
   <div class='ocr_carea' id='block_1_75' title="bbox 1065 527 1903 567">
    <p class='ocr_par' dir='ltr' id='par_1_75' title="bbox 1065 527 1903 567">
     <span class='ocr_line' id='line_1_75' title="bbox 1065 527 1903 567; baseline 0.007 -15"><span class='ocrx_word' id='word_1_592' title='bbox 1065 527 1114 561; x_wconf 78' lang='grc' dir='ltr'>τὴν</span> <span class='ocrx_word' id='word_1_593' title='bbox 1124 527 1168 554; x_wconf 81' lang='grc' dir='ltr'>διὰ</span> <span class='ocrx_word' id='word_1_594' title='bbox 1178 528 1209 554; x_wconf 88' lang='grc' dir='ltr'>τὸ</span> <span class='ocrx_word' id='word_1_595' title='bbox 1221 528 1316 563; x_wconf 77' lang='grc' dir='ltr'>τεχθὲν</span> <span class='ocrx_word' id='word_1_596' title='bbox 1327 529 1426 565; x_wconf 78' lang='grc' dir='ltr'>βρέφος</span> <span class='ocrx_word' id='word_1_597' title='bbox 1438 531 1607 567; x_wconf 79' lang='grc' dir='ltr'>εὐφροσύνην</span> <span class='ocrx_word' id='word_1_598' title='bbox 1617 533 1671 558; x_wconf 88' lang='grc' dir='ltr'>τῶν</span> <span class='ocrx_word' id='word_1_599' title='bbox 1680 532 1782 559; x_wconf 83' lang='grc' dir='ltr'>ὠδίνων</span> <span class='ocrx_word' id='word_1_600' title='bbox 1791 532 1903 560; x_wconf 84' lang='grc' dir='ltr'>ἐκείνων</span> 
     </span>
    </p>
   </div>
   <div class='ocr_carea' id='block_1_76' title="bbox 1065 567 1904 609">
    <p class='ocr_par' dir='ltr' id='par_1_76' title="bbox 1065 567 1904 609">
     <span class='ocr_line' id='line_1_76' title="bbox 1065 567 1904 609; baseline 0.008 -16"><span class='ocrx_word' id='word_1_601' title='bbox 1065 567 1119 594; x_wconf 88' lang='grc' dir='ltr'>τῶν</span> <span class='ocrx_word' id='word_1_602' title='bbox 1137 569 1165 595; x_wconf 91' lang='grc' dir='ltr'>ἐν</span> <span class='ocrx_word' id='word_1_603' title='bbox 1181 570 1318 601; x_wconf 89' lang='grc' dir='ltr'>τοσούτοις</span> <span class='ocrx_word' id='word_1_604' title='bbox 1332 571 1401 606; x_wconf 60' lang='grc' dir='ltr'>μησὶ⁸</span> <span class='ocrx_word' id='word_1_605' title='bbox 1414 571 1464 607; x_wconf 83' lang='grc' dir='ltr'>τὴν</span> <span class='ocrx_word' id='word_1_606' title='bbox 1477 573 1598 609; x_wconf 85' lang='grc' dir='ltr'>γαστέρα</span> <span class='ocrx_word' id='word_1_607' title='bbox 1614 573 1817 600; x_wconf 80' lang='grc' dir='ltr'>διακοπτουσῶν</span> <span class='ocrx_word' id='word_1_608' title='bbox 1827 573 1852 601; x_wconf 72' lang='grc'>⁸³.</span> <span class='ocrx_word' id='word_1_609' title='bbox 1870 575 1904 600; x_wconf 76' lang='lat' dir='ltr'>Al</span> 
     </span>
    </p>
   </div>
   <div class='ocr_carea' id='block_1_77' title="bbox 1065 610 1902 649">
    <p class='ocr_par' dir='ltr' id='par_1_77' title="bbox 1065 610 1902 649">
     <span class='ocr_line' id='line_1_77' title="bbox 1065 610 1902 649; baseline 0.008 -13"><span class='ocrx_word' id='word_1_610' title='bbox 1065 610 1119 646; x_wconf 86' lang='grc' dir='ltr'>γὰρ</span> <span class='ocrx_word' id='word_1_611' title='bbox 1140 612 1267 638; x_wconf 71' lang='grc' dir='ltr'>τοσοῦτον</span> <span class='ocrx_word' id='word_1_612' title='bbox 1293 613 1373 639; x_wconf 78' lang='grc' dir='ltr'>πόνον</span> <span class='ocrx_word' id='word_1_613' title='bbox 1400 613 1593 649; x_wconf 86' lang='grc' dir='ltr'>ὑπομένουσαι,</span> <span class='ocrx_word' id='word_1_614' title='bbox 1612 615 1659 642; x_wconf 76' lang='grc' dir='ltr'>καὶ</span> <span class='ocrx_word' id='word_1_615' title='bbox 1675 615 1762 647; x_wconf 80' lang='grc' dir='ltr'>οὕτως</span> <span class='ocrx_word' id='word_1_616' title='bbox 1782 616 1835 642; x_wconf 78' lang='grc' dir='ltr'>ὑπὸ</span> <span class='ocrx_word' id='word_1_617' title='bbox 1848 616 1902 642; x_wconf 87' lang='grc' dir='ltr'>τῶν</span> 
     </span>
    </p>
   </div>
   <div class='ocr_carea' id='block_1_78' title="bbox 1065 651 1903 693">
    <p class='ocr_par' dir='ltr' id='par_1_78' title="bbox 1065 651 1903 693">
     <span class='ocr_line' id='line_1_78' title="bbox 1065 651 1903 693; baseline 0.008 -16"><span class='ocrx_word' id='word_1_618' title='bbox 1065 651 1220 693; x_wconf 80' lang='grc' dir='ltr'>ἀλγηδόνων</span> <span class='ocrx_word' id='word_1_619' title='bbox 1246 654 1476 690; x_wconf 84' lang='grc' dir='ltr'>σπαραττόμεναι,</span> <span class='ocrx_word' id='word_1_620' title='bbox 1496 656 1542 682; x_wconf 76' lang='grc' dir='ltr'>καὶ</span> <span class='ocrx_word' id='word_1_621' title='bbox 1563 656 1601 688; x_wconf 87' lang='grc' dir='ltr'>ὡς</span> <span class='ocrx_word' id='word_1_622' title='bbox 1621 656 1709 683; x_wconf 74' lang='grc' dir='ltr'>εἰπεῖν</span> <span class='ocrx_word' id='word_1_623' title='bbox 1729 657 1798 692; x_wconf 74' lang='grc' dir='ltr'>πρὸς</span> <span class='ocrx_word' id='word_1_624' title='bbox 1817 657 1903 693; x_wconf 67' lang='grc' dir='ltr'>αὐτὴν</span> 
     </span>
    </p>
   </div>
   <div class='ocr_carea' id='block_1_79' title="bbox 1065 692 1902 734">
    <p class='ocr_par' dir='ltr' id='par_1_79' title="bbox 1065 692 1902 734">
     <span class='ocr_line' id='line_1_79' title="bbox 1065 692 1902 734; baseline 0.007 -15"><span class='ocrx_word' id='word_1_625' title='bbox 1065 692 1113 728; x_wconf 78' lang='grc' dir='ltr'>τήν</span> <span class='ocrx_word' id='word_1_626' title='bbox 1129 692 1200 730; x_wconf 81' lang='grc' dir='ltr'>ζωὴν</span> <span class='ocrx_word' id='word_1_627' title='bbox 1222 695 1454 731; x_wconf 84' lang='grc' dir='ltr'>ἀπαγορεύουσαι,</span> <span class='ocrx_word' id='word_1_628' title='bbox 1472 698 1540 732; x_wconf 85' lang='grc' dir='ltr'>μετά</span> <span class='ocrx_word' id='word_1_629' title='bbox 1564 698 1595 724; x_wconf 87' lang='grc' dir='ltr'>τὸ</span> <span class='ocrx_word' id='word_1_630' title='bbox 1613 699 1702 726; x_wconf 86' lang='grc' dir='ltr'>τεκεῖν</span> <span class='ocrx_word' id='word_1_631' title='bbox 1722 699 1832 734; x_wconf 79' lang='grc' dir='ltr'>καὶτῆς</span> <span class='ocrx_word' id='word_1_632' title='bbox 1848 698 1902 725; x_wconf 72' lang='grc' dir='ltr'>ἀπὸ</span> 
     </span>
    </p>
   </div>
   <div class='ocr_carea' id='block_1_80' title="bbox 1065 734 1903 774">
    <p class='ocr_par' dir='ltr' id='par_1_80' title="bbox 1065 734 1903 774">
     <span class='ocr_line' id='line_1_80' title="bbox 1065 734 1903 774; baseline 0.007 -14"><span class='ocrx_word' id='word_1_633' title='bbox 1065 734 1119 760; x_wconf 85' lang='grc' dir='ltr'>τῶν</span> <span class='ocrx_word' id='word_1_634' title='bbox 1134 735 1265 771; x_wconf 87' lang='grc' dir='ltr'>καμάτων</span> <span class='ocrx_word' id='word_1_635' title='bbox 1281 737 1450 773; x_wconf 74' lang='grc' dir='ltr'>εὐφροσύνης</span> <span class='ocrx_word' id='word_1_636' title='bbox 1465 738 1628 772; x_wconf 80' lang='grc' dir='ltr'>ἀπολαῦσαι,</span> <span class='ocrx_word' id='word_1_637' title='bbox 1643 739 1724 767; x_wconf 88' lang='grc' dir='ltr'>πάλιν</span> <span class='ocrx_word' id='word_1_638' title='bbox 1736 739 1831 774; x_wconf 78' lang='grc' dir='ltr'>ὥσπερ</span> <span class='ocrx_word' id='word_1_639' title='bbox 1843 740 1903 767; x_wconf 75' lang='grc' dir='ltr'>ἐπι-</span> 
     </span>
    </p>
   </div>
   <div class='ocr_carea' id='block_1_81' title="bbox 1065 775 1902 815">
    <p class='ocr_par' dir='ltr' id='par_1_81' title="bbox 1065 775 1902 815">
     <span class='ocr_line' id='line_1_81' title="bbox 1065 775 1902 815; baseline 0.006 -13"><span class='ocrx_word' id='word_1_640' title='bbox 1065 775 1212 811; x_wconf 80' lang='grc' dir='ltr'>λαϐόμεναι</span> <span class='ocrx_word' id='word_1_641' title='bbox 1230 778 1285 805; x_wconf 84' lang='grc' dir='ltr'>τῶν</span> <span class='ocrx_word' id='word_1_642' title='bbox 1301 779 1490 815; x_wconf 84' lang='grc' dir='ltr'>γεγενημένων</span> <span class='ocrx_word' id='word_1_643' title='bbox 1510 781 1637 808; x_wconf 84' lang='grc' dir='ltr'>ἁπάντων</span> <span class='ocrx_word' id='word_1_644' title='bbox 1655 780 1755 813; x_wconf 78' lang='grc' dir='ltr'>ἑαυτὰς</span> <span class='ocrx_word' id='word_1_645' title='bbox 1768 781 1902 807; x_wconf 80' lang='grc' dir='ltr'>ἐκδιδόασι</span> 
     </span>
    </p>
   </div>
   <div class='ocr_carea' id='block_1_82' title="bbox 1066 818 1904 858">
    <p class='ocr_par' dir='ltr' id='par_1_82' title="bbox 1066 818 1904 858">
     <span class='ocr_line' id='line_1_82' title="bbox 1066 818 1904 858; baseline 0.007 -15"><span class='ocrx_word' id='word_1_646' title='bbox 1066 818 1133 852; x_wconf 75' lang='grc' dir='ltr'>πρὸς</span> <span class='ocrx_word' id='word_1_647' title='bbox 1149 819 1198 854; x_wconf 85' lang='grc' dir='ltr'>τὴν</span> <span class='ocrx_word' id='word_1_648' title='bbox 1215 820 1268 846; x_wconf 89' lang='grc' dir='ltr'>τῶν</span> <span class='ocrx_word' id='word_1_649' title='bbox 1281 821 1383 847; x_wconf 84' lang='grc' dir='ltr'>τέκνων</span> <span class='ocrx_word' id='word_1_650' title='bbox 1400 821 1491 857; x_wconf 75' lang='grc' dir='ltr'>γονὴν.</span> <span class='ocrx_word' id='word_1_651' title='bbox 1508 822 1555 848; x_wconf 81' lang='grc' dir='ltr'>τοῦ</span> <span class='ocrx_word' id='word_1_652' title='bbox 1569 821 1759 858; x_wconf 83' lang='grc' dir='ltr'>φιλανθρώπου</span> <span class='ocrx_word' id='word_1_653' title='bbox 1776 822 1842 849; x_wconf 82' lang='grc' dir='ltr'>Θεοῦ</span> <span class='ocrx_word' id='word_1_654' title='bbox 1857 821 1904 848; x_wconf 59' lang='lat'>06-</span> 
     </span>
    </p>
   </div>
   <div class='ocr_carea' id='block_1_83' title="bbox 1065 860 1903 899">
    <p class='ocr_par' dir='ltr' id='par_1_83' title="bbox 1065 860 1903 899">
     <span class='ocr_line' id='line_1_83' title="bbox 1065 860 1903 899; baseline 0.007 -15"><span class='ocrx_word' id='word_1_655' title='bbox 1065 867 1118 890; x_wconf 82' lang='grc' dir='ltr'>τως</span> <span class='ocrx_word' id='word_1_656' title='bbox 1132 860 1357 896; x_wconf 84' lang='grc' dir='ltr'>οἰκονομήσαντος</span> <span class='ocrx_word' id='word_1_657' title='bbox 1374 862 1442 898; x_wconf 77' lang='grc' dir='ltr'>πρὸς</span> <span class='ocrx_word' id='word_1_658' title='bbox 1465 864 1593 891; x_wconf 79' lang='grc' dir='ltr'>σύστασιν</span> <span class='ocrx_word' id='word_1_659' title='bbox 1616 863 1666 899; x_wconf 76' lang='grc' dir='ltr'>τῆς</span> <span class='ocrx_word' id='word_1_660' title='bbox 1679 864 1733 891; x_wconf 86' lang='grc' dir='ltr'>τῶν</span> <span class='ocrx_word' id='word_1_661' title='bbox 1751 862 1903 899; x_wconf 81' lang='grc' dir='ltr'>ἀνθρώπων</span> 
     </span>
    </p>
   </div>
   <div class='ocr_carea' id='block_1_84' title="bbox 1065 900 1903 940">
    <p class='ocr_par' dir='ltr' id='par_1_84' title="bbox 1065 900 1903 940">
     <span class='ocr_line' id='line_1_84' title="bbox 1065 900 1903 940; baseline 0.005 -14"><span class='ocrx_word' id='word_1_662' title='bbox 1065 900 1211 935; x_wconf 84' lang='grc' dir='ltr'>σωτηρίας.</span> <span class='ocrx_word' id='word_1_663' title='bbox 1230 901 1262 928; x_wconf 88' lang='lat' dir='ltr'>&#39;H</span> <span class='ocrx_word' id='word_1_664' title='bbox 1276 902 1329 938; x_wconf 78' lang='grc' dir='ltr'>γὰρ</span> <span class='ocrx_word' id='word_1_665' title='bbox 1342 903 1417 935; x_wconf 75' lang='grc' dir='ltr'>ἐλπὶς</span> <span class='ocrx_word' id='word_1_666' title='bbox 1431 904 1476 930; x_wconf 81' lang='grc' dir='ltr'>ἀεὶ</span> <span class='ocrx_word' id='word_1_667' title='bbox 1490 907 1544 931; x_wconf 83' lang='grc' dir='ltr'>τῶν</span> <span class='ocrx_word' id='word_1_668' title='bbox 1557 905 1706 940; x_wconf 86' lang='grc' dir='ltr'>μελλόντων</span> <span class='ocrx_word' id='word_1_669' title='bbox 1719 905 1830 939; x_wconf 84' lang='grc' dir='ltr'>ἀγαθῶν</span> <span class='ocrx_word' id='word_1_670' title='bbox 1840 904 1903 931; x_wconf 86' lang='grc' dir='ltr'>κού-</span> 
     </span>
    </p>
   </div>
   <div class='ocr_carea' id='block_1_85' title="bbox 1064 943 1903 982">
    <p class='ocr_par' dir='ltr' id='par_1_85' title="bbox 1064 943 1903 982">
     <span class='ocr_line' id='line_1_85' title="bbox 1064 943 1903 982; baseline 0.007 -15"><span class='ocrx_word' id='word_1_671' title='bbox 1064 949 1121 975; x_wconf 79' lang='grc' dir='ltr'>φως</span> <span class='ocrx_word' id='word_1_672' title='bbox 1134 944 1205 969; x_wconf 87' lang='grc' dir='ltr'>ποιεῖ</span> <span class='ocrx_word' id='word_1_673' title='bbox 1219 943 1313 979; x_wconf 82' lang='grc' dir='ltr'>φέρειν</span> <span class='ocrx_word' id='word_1_674' title='bbox 1325 944 1358 971; x_wconf 89' lang='grc' dir='ltr'>τὰ</span> <span class='ocrx_word' id='word_1_675' title='bbox 1374 946 1494 981; x_wconf 86' lang='grc' dir='ltr'>παρόντα</span> <span class='ocrx_word' id='word_1_676' title='bbox 1508 947 1627 982; x_wconf 84' lang='grc' dir='ltr'>λυπηρά.</span> <span class='ocrx_word' id='word_1_677' title='bbox 1643 948 1698 974; x_wconf 79' lang='grc' dir='ltr'>Καὶ</span> <span class='ocrx_word' id='word_1_678' title='bbox 1711 947 1790 973; x_wconf 78' lang='grc' dir='ltr'>τοῦτο</span> <span class='ocrx_word' id='word_1_679' title='bbox 1801 947 1850 974; x_wconf 83' lang='grc' dir='ltr'>ίδοι</span> <span class='ocrx_word' id='word_1_680' title='bbox 1861 955 1903 978; x_wconf 81' lang='grc' dir='ltr'>τις</span> 
     </span>
    </p>
   </div>
   <div class='ocr_carea' id='block_1_86' title="bbox 1063 982 1902 1024">
    <p class='ocr_par' dir='ltr' id='par_1_86' title="bbox 1063 982 1902 1024">
     <span class='ocr_line' id='line_1_86' title="bbox 1063 982 1902 1024; baseline 0.007 -15"><span class='ocrx_word' id='word_1_681' title='bbox 1063 982 1096 1010; x_wconf 84' lang='grc' dir='ltr'>ἂν</span> <span class='ocrx_word' id='word_1_682' title='bbox 1114 984 1160 1010; x_wconf 80' lang='grc' dir='ltr'>καὶ</span> <span class='ocrx_word' id='word_1_683' title='bbox 1175 984 1238 1016; x_wconf 87' lang='grc' dir='ltr'>τοὺς</span> <span class='ocrx_word' id='word_1_684' title='bbox 1254 986 1391 1022; x_wconf 88' lang='grc' dir='ltr'>ἐμπόρους</span> <span class='ocrx_word' id='word_1_685' title='bbox 1411 988 1605 1023; x_wconf 82' lang='grc' dir='ltr'>ὑπομένοντας,</span> <span class='ocrx_word' id='word_1_686' title='bbox 1626 989 1671 1015; x_wconf 79' lang='grc' dir='ltr'>καὶ</span> <span class='ocrx_word' id='word_1_687' title='bbox 1687 988 1780 1024; x_wconf 88' lang='grc' dir='ltr'>μακρά</span> <span class='ocrx_word' id='word_1_688' title='bbox 1795 988 1902 1023; x_wconf 84' lang='grc' dir='ltr'>πελάγη</span> 
     </span>
    </p>
   </div>
   <div class='ocr_carea' id='block_1_87' title="bbox 1063 1024 1901 1066">
    <p class='ocr_par' dir='ltr' id='par_1_87' title="bbox 1063 1024 1901 1066">
     <span class='ocr_line' id='line_1_87' title="bbox 1063 1024 1901 1066; baseline 0.008 -16"><span class='ocrx_word' id='word_1_689' title='bbox 1063 1024 1259 1060; x_wconf 83' lang='grc' dir='ltr'>διαπερῶντας,</span> <span class='ocrx_word' id='word_1_690' title='bbox 1276 1028 1322 1054; x_wconf 84' lang='grc' dir='ltr'>καὶ</span> <span class='ocrx_word' id='word_1_691' title='bbox 1333 1029 1469 1063; x_wconf 86' lang='grc' dir='ltr'>ναυαγίων</span> <span class='ocrx_word' id='word_1_692' title='bbox 1485 1030 1664 1065; x_wconf 81' lang='grc' dir='ltr'>ἀνεχομένους</span> <span class='ocrx_word' id='word_1_693' title='bbox 1683 1031 1730 1057; x_wconf 83' lang='grc' dir='ltr'>καὶ</span> <span class='ocrx_word' id='word_1_694' title='bbox 1745 1029 1901 1066; x_wconf 82' lang='grc' dir='ltr'>πειρατῶν,</span> 
     </span>
    </p>
   </div>
   <div class='ocr_carea' id='block_1_88' title="bbox 1064 1066 1903 1104">
    <p class='ocr_par' dir='ltr' id='par_1_88' title="bbox 1064 1066 1903 1104">
     <span class='ocr_line' id='line_1_88' title="bbox 1064 1066 1903 1104; baseline 0.007 -12"><span class='ocrx_word' id='word_1_695' title='bbox 1064 1066 1111 1093; x_wconf 80' lang='grc' dir='ltr'>καὶ</span> <span class='ocrx_word' id='word_1_696' title='bbox 1131 1068 1200 1102; x_wconf 85' lang='grc' dir='ltr'>μετά</span> <span class='ocrx_word' id='word_1_697' title='bbox 1213 1069 1276 1101; x_wconf 82' lang='grc' dir='ltr'>τοὺς</span> <span class='ocrx_word' id='word_1_698' title='bbox 1293 1070 1407 1102; x_wconf 85' lang='grc' dir='ltr'>πολλοὺς</span> <span class='ocrx_word' id='word_1_699' title='bbox 1421 1071 1560 1103; x_wconf 84' lang='grc' dir='ltr'>κινδύνους</span> <span class='ocrx_word' id='word_1_700' title='bbox 1575 1072 1695 1104; x_wconf 86' lang='grc' dir='ltr'>ἐκείνους</span> <span class='ocrx_word' id='word_1_701' title='bbox 1713 1071 1843 1104; x_wconf 80' lang='grc' dir='ltr'>πολλάκις</span> <span class='ocrx_word' id='word_1_702' title='bbox 1854 1073 1903 1098; x_wconf 79' lang='grc' dir='ltr'>καὶ</span> 
     </span>
    </p>
   </div>
   <div class='ocr_carea' id='block_1_89' title="bbox 1063 1108 1903 1150">
    <p class='ocr_par' dir='ltr' id='par_1_89' title="bbox 1063 1108 1903 1150">
     <span class='ocr_line' id='line_1_89' title="bbox 1063 1108 1903 1150; baseline 0.007 -15"><span class='ocrx_word' id='word_1_703' title='bbox 1063 1108 1261 1145; x_wconf 86' lang='grc' dir='ltr'>διαμαρτόντας</span> <span class='ocrx_word' id='word_1_704' title='bbox 1275 1113 1324 1147; x_wconf 84' lang='grc' dir='ltr'>τῆς</span> <span class='ocrx_word' id='word_1_705' title='bbox 1337 1113 1509 1148; x_wconf 84' lang='grc' dir='ltr'>προσδοκίας,</span> <span class='ocrx_word' id='word_1_706' title='bbox 1522 1115 1569 1141; x_wconf 81' lang='grc' dir='ltr'>καὶ</span> <span class='ocrx_word' id='word_1_707' title='bbox 1584 1114 1650 1150; x_wconf 88' lang='grc' dir='ltr'>μηδὲ</span> <span class='ocrx_word' id='word_1_708' title='bbox 1665 1114 1752 1146; x_wconf 78' lang='grc' dir='ltr'>οὕτως</span> <span class='ocrx_word' id='word_1_709' title='bbox 1766 1114 1903 1141; x_wconf 69' lang='grc' dir='ltr'>ἀποστάν⁶</span> 
     </span>
    </p>
   </div>
   <div class='ocr_carea' id='block_1_90' title="bbox 1062 1151 1903 1190">
    <p class='ocr_par' dir='ltr' id='par_1_90' title="bbox 1062 1151 1903 1190">
     <span class='ocr_line' id='line_1_90' title="bbox 1062 1151 1903 1190; baseline 0.007 -14"><span class='ocrx_word' id='word_1_710' title='bbox 1062 1159 1121 1182; x_wconf 90' lang='grc' dir='ltr'>τας,</span> <span class='ocrx_word' id='word_1_711' title='bbox 1134 1151 1202 1178; x_wconf 85' lang='grc' dir='ltr'>ἀλλὰ</span> <span class='ocrx_word' id='word_1_712' title='bbox 1220 1152 1301 1179; x_wconf 82' lang='grc' dir='ltr'>πάλιν</span> <span class='ocrx_word' id='word_1_713' title='bbox 1317 1154 1372 1181; x_wconf 88' lang='grc' dir='ltr'>τῶν</span> <span class='ocrx_word' id='word_1_714' title='bbox 1390 1155 1479 1181; x_wconf 85' lang='grc' dir='ltr'>αὐτῶν</span> <span class='ocrx_word' id='word_1_715' title='bbox 1493 1156 1674 1190; x_wconf 82' lang='grc' dir='ltr'>ἁπτομένους.</span> <span class='ocrx_word' id='word_1_716' title='bbox 1693 1155 1778 1183; x_wconf 82' lang='grc' dir='ltr'>Τοῦτο</span> <span class='ocrx_word' id='word_1_717' title='bbox 1794 1155 1842 1182; x_wconf 74' lang='grc' dir='ltr'>καὶ</span> <span class='ocrx_word' id='word_1_718' title='bbox 1856 1155 1903 1182; x_wconf 78' lang='grc' dir='ltr'>ἐπὶ</span> 
     </span>
    </p>
   </div>
   <div class='ocr_carea' id='block_1_91' title="bbox 1063 1189 1903 1230">
    <p class='ocr_par' dir='ltr' id='par_1_91' title="bbox 1063 1189 1903 1230">
     <span class='ocr_line' id='line_1_91' title="bbox 1063 1189 1903 1230; baseline 0.008 -15"><span class='ocrx_word' id='word_1_719' title='bbox 1063 1189 1116 1230; x_wconf 77' lang='grc' dir='ltr'>τῶν</span> <span class='ocrx_word' id='word_1_720' title='bbox 1125 1191 1252 1225; x_wconf 87' lang='grc' dir='ltr'>γηπόνων</span> <span class='ocrx_word' id='word_1_721' title='bbox 1267 1192 1340 1219; x_wconf 81' lang='grc' dir='ltr'>ἔστιν</span> <span class='ocrx_word' id='word_1_722' title='bbox 1354 1194 1440 1221; x_wconf 82' lang='grc' dir='ltr'>εἰπεῖν</span> <span class='ocrx_word' id='word_1_723' title='bbox 1457 1199 1479 1213; x_wconf 78' lang='grc' dir='ltr'>ε·</span> <span class='ocrx_word' id='word_1_724' title='bbox 1496 1189 1571 1230; x_wconf 72' lang='lat' dir='ltr'>[MS]</span> <span class='ocrx_word' id='word_1_725' title='bbox 1582 1195 1629 1222; x_wconf 80' lang='grc' dir='ltr'>καὶ</span> <span class='ocrx_word' id='word_1_726' title='bbox 1643 1195 1697 1230; x_wconf 63' lang='grc' dir='ltr'>γὰρ</span> <span class='ocrx_word' id='word_1_727' title='bbox 1712 1196 1759 1222; x_wconf 80' lang='grc' dir='ltr'>καὶ</span> <span class='ocrx_word' id='word_1_728' title='bbox 1771 1191 1844 1221; x_wconf 76' lang='grc' dir='ltr'>οὗτοι</span> <span class='ocrx_word' id='word_1_729' title='bbox 1858 1194 1903 1221; x_wconf 77' lang='grc' dir='ltr'>ὅτε</span> 
     </span>
    </p>
   </div>
   <div class='ocr_carea' id='block_1_92' title="bbox 1063 1229 1904 1270">
    <p class='ocr_par' dir='ltr' id='par_1_92' title="bbox 1063 1229 1904 1270">
     <span class='ocr_line' id='line_1_92' title="bbox 1063 1229 1904 1270; baseline 0.002 -14"><span class='ocrx_word' id='word_1_730' title='bbox 1063 1229 1174 1270; x_wconf 82' lang='grc' dir='ltr'>βαθεῖαν</span> <span class='ocrx_word' id='word_1_731' title='bbox 1199 1230 1304 1258; x_wconf 76' lang='grc' dir='ltr'>αὔλακα</span> <span class='ocrx_word' id='word_1_732' title='bbox 1323 1229 1551 1268; x_wconf 48' lang='grc' dir='ltr'>ἀνατέιυοσιίκαὶ</span> <span class='ocrx_word' id='word_1_733' title='bbox 1564 1229 1665 1269; x_wconf 73' lang='grc' dir='ltr'>πολλὴν</span> <span class='ocrx_word' id='word_1_734' title='bbox 1681 1229 1729 1270; x_wconf 85' lang='grc' dir='ltr'>τὴν</span> <span class='ocrx_word' id='word_1_735' title='bbox 1746 1233 1904 1268; x_wconf 82' lang='grc' dir='ltr'>ἐπιμέλειαν</span> 
     </span>
    </p>
   </div>
   <div class='ocr_carea' id='block_1_93' title="bbox 1061 1269 1904 1308">
    <p class='ocr_par' dir='ltr' id='par_1_93' title="bbox 1061 1269 1904 1308">
     <span class='ocr_line' id='line_1_93' title="bbox 1061 1269 1904 1308; baseline 0.005 -13"><span class='ocrx_word' id='word_1_736' title='bbox 1061 1270 1112 1304; x_wconf 87' lang='grc' dir='ltr'>τῆς</span> <span class='ocrx_word' id='word_1_737' title='bbox 1123 1269 1175 1304; x_wconf 85' lang='grc' dir='ltr'>γῆς</span> <span class='ocrx_word' id='word_1_738' title='bbox 1192 1270 1387 1304; x_wconf 78' lang='grc' dir='ltr'>ἐπιδείξωνται,</span> <span class='ocrx_word' id='word_1_739' title='bbox 1399 1272 1447 1299; x_wconf 77' lang='grc' dir='ltr'>καὶ</span> <span class='ocrx_word' id='word_1_740' title='bbox 1463 1272 1562 1308; x_wconf 78' lang='grc' dir='ltr'>δαψιλῆ</span> <span class='ocrx_word' id='word_1_741' title='bbox 1573 1274 1607 1300; x_wconf 80' lang='grc' dir='ltr'>τὰ</span> <span class='ocrx_word' id='word_1_742' title='bbox 1619 1274 1765 1308; x_wconf 89' lang='grc' dir='ltr'>σπέρματα</span> <span class='ocrx_word' id='word_1_743' title='bbox 1783 1272 1904 1299; x_wconf 85' lang='grc' dir='ltr'>καταϐά-</span> 
     </span>
    </p>
   </div>
   <div class='ocr_carea' id='block_1_94' title="bbox 1061 1309 1904 1349">
    <p class='ocr_par' dir='ltr' id='par_1_94' title="bbox 1061 1309 1904 1349">
     <span class='ocr_line' id='line_1_94' title="bbox 1061 1309 1904 1349; baseline 0.006 -13"><span class='ocrx_word' id='word_1_744' title='bbox 1061 1309 1139 1343; x_wconf 90' lang='grc' dir='ltr'>λωσι,</span> <span class='ocrx_word' id='word_1_745' title='bbox 1159 1310 1289 1342; x_wconf 85' lang='grc' dir='ltr'>πολλάκις</span> <span class='ocrx_word' id='word_1_746' title='bbox 1305 1311 1412 1347; x_wconf 83' lang='grc' dir='ltr'>αὐχμοῦ</span> <span class='ocrx_word' id='word_1_747' title='bbox 1431 1313 1576 1348; x_wconf 83' lang='grc' dir='ltr'>γενομένου</span> <span class='ocrx_word' id='word_1_748' title='bbox 1591 1314 1608 1349; x_wconf 78' lang='grc' dir='ltr'>ἢ</span> <span class='ocrx_word' id='word_1_749' title='bbox 1622 1313 1817 1348; x_wconf 76' lang='grc' dir='ltr'>ἐπομϐρίας,-ῆ</span> <span class='ocrx_word' id='word_1_750' title='bbox 1836 1312 1904 1348; x_wconf 71' lang='grc' dir='ltr'>πρὸς</span> 
     </span>
    </p>
   </div>
   <div class='ocr_carea' id='block_1_95' title="bbox 1062 1349 1902 1389">
    <p class='ocr_par' dir='ltr' id='par_1_95' title="bbox 1062 1349 1902 1389">
     <span class='ocr_line' id='line_1_95' title="bbox 1062 1349 1902 1389; baseline 0.004 -14"><span class='ocrx_word' id='word_1_751' title='bbox 1062 1349 1137 1385; x_wconf 85' lang='grc' dir='ltr'>αὐτῷ</span> <span class='ocrx_word' id='word_1_752' title='bbox 1146 1350 1186 1385; x_wconf 87' lang='grc' dir='ltr'>τῷ</span> <span class='ocrx_word' id='word_1_753' title='bbox 1201 1350 1271 1377; x_wconf 88' lang='grc' dir='ltr'>τέλει</span> <span class='ocrx_word' id='word_1_754' title='bbox 1289 1351 1343 1378; x_wconf 90' lang='grc' dir='ltr'>τῶν</span> <span class='ocrx_word' id='word_1_755' title='bbox 1353 1352 1517 1387; x_wconf 72' lang='grc' dir='ltr'>δραγμάτων</span> <span class='ocrx_word' id='word_1_756' title='bbox 1537 1353 1668 1389; x_wconf 86' lang='grc' dir='ltr'>ἐρυσίϐης</span> <span class='ocrx_word' id='word_1_757' title='bbox 1683 1352 1902 1388; x_wconf 80' lang='grc' dir='ltr'>κατενεχθείσης,</span> 
     </span>
    </p>
   </div>
   <div class='ocr_carea' id='block_1_96' title="bbox 1062 1388 1903 1427">
    <p class='ocr_par' dir='ltr' id='par_1_96' title="bbox 1062 1388 1903 1427">
     <span class='ocr_line' id='line_1_96' title="bbox 1062 1388 1903 1427; baseline 0.004 -13"><span class='ocrx_word' id='word_1_758' title='bbox 1062 1389 1111 1424; x_wconf 80' lang='grc' dir='ltr'>τῆς</span> <span class='ocrx_word' id='word_1_759' title='bbox 1122 1388 1227 1421; x_wconf 80' lang='grc' dir='ltr'>ἐλπίδος</span> <span class='ocrx_word' id='word_1_760' title='bbox 1240 1389 1398 1426; x_wconf 85' lang='grc' dir='ltr'>διήμαρτον·</span> <span class='ocrx_word' id='word_1_761' title='bbox 1410 1391 1466 1418; x_wconf 84' lang='grc' dir='ltr'>ἀλλ’</span> <span class='ocrx_word' id='word_1_762' title='bbox 1476 1392 1538 1419; x_wconf 85' lang='grc' dir='ltr'>οὺδέ</span> <span class='ocrx_word' id='word_1_763' title='bbox 1550 1388 1636 1424; x_wconf 80' lang='grc' dir='ltr'>οὕτως</span> <span class='ocrx_word' id='word_1_764' title='bbox 1646 1388 1820 1427; x_wconf 82' lang='grc' dir='ltr'>ἀφίστανται,</span> <span class='ocrx_word' id='word_1_765' title='bbox 1835 1391 1903 1418; x_wconf 86' lang='grc' dir='ltr'>ἀλλά</span> 
     </span>
    </p>
   </div>
   <div class='ocr_carea' id='block_1_97' title="bbox 1063 1429 1902 1467">
    <p class='ocr_par' dir='ltr' id='par_1_97' title="bbox 1063 1429 1902 1467">
     <span class='ocr_line' id='line_1_97' title="bbox 1063 1429 1902 1467; baseline 0.004 -12"><span class='ocrx_word' id='word_1_766' title='bbox 1063 1429 1144 1455; x_wconf 85' lang='grc' dir='ltr'>πάλιν</span> <span class='ocrx_word' id='word_1_767' title='bbox 1156 1429 1202 1456; x_wconf 84' lang='grc' dir='ltr'>τοῦ</span> <span class='ocrx_word' id='word_1_768' title='bbox 1215 1430 1312 1465; x_wconf 89' lang='grc' dir='ltr'>καιροῦ</span> <span class='ocrx_word' id='word_1_769' title='bbox 1328 1431 1537 1464; x_wconf 85' lang='grc' dir='ltr'>καταλαϐόντος,</span> <span class='ocrx_word' id='word_1_770' title='bbox 1551 1433 1681 1459; x_wconf 76' lang='grc' dir='ltr'>ἅπτονται</span> <span class='ocrx_word' id='word_1_771' title='bbox 1695 1433 1746 1466; x_wconf 85' lang='grc' dir='ltr'>τῆς</span> <span class='ocrx_word' id='word_1_772' title='bbox 1756 1432 1902 1467; x_wconf 85' lang='grc' dir='ltr'>γεωργίας.</span> 
     </span>
    </p>
   </div>
   <div class='ocr_carea' id='block_1_98' title="bbox 1063 1469 1903 1507">
    <p class='ocr_par' dir='ltr' id='par_1_98' title="bbox 1063 1469 1903 1507">
     <span class='ocr_line' id='line_1_98' title="bbox 1063 1469 1903 1507; baseline 0.004 -12"><span class='ocrx_word' id='word_1_773' title='bbox 1063 1469 1119 1495; x_wconf 77' lang='grc' dir='ltr'>Καὶ</span> <span class='ocrx_word' id='word_1_774' title='bbox 1134 1469 1212 1495; x_wconf 84' lang='grc' dir='ltr'>τοῦτο</span> <span class='ocrx_word' id='word_1_775' title='bbox 1233 1470 1276 1504; x_wconf 80' lang='grc' dir='ltr'>ἐφ’</span> <span class='ocrx_word' id='word_1_776' title='bbox 1291 1469 1406 1497; x_wconf 87' lang='grc' dir='ltr'>ἐκάστου</span> <span class='ocrx_word' id='word_1_777' title='bbox 1423 1470 1498 1506; x_wconf 83' lang='grc' dir='ltr'>εὕροι</span> <span class='ocrx_word' id='word_1_778' title='bbox 1523 1480 1565 1502; x_wconf 89' lang='grc' dir='ltr'>τις</span> <span class='ocrx_word' id='word_1_779' title='bbox 1581 1471 1614 1498; x_wconf 80' lang='grc' dir='ltr'>ἂν</span> <span class='ocrx_word' id='word_1_780' title='bbox 1631 1471 1846 1507; x_wconf 79' lang='grc' dir='ltr'>ἐπιτηδεύματος</span> <span class='ocrx_word' id='word_1_781' title='bbox 1858 1479 1903 1504; x_wconf 89' lang='grc' dir='ltr'>γι-</span> 
     </span>
    </p>
   </div>
   <div class='ocr_carea' id='block_1_99' title="bbox 1062 1509 1902 1547">
    <p class='ocr_par' dir='ltr' id='par_1_99' title="bbox 1062 1509 1902 1547">
     <span class='ocr_line' id='line_1_99' title="bbox 1062 1509 1902 1547; baseline 0.002 -12"><span class='ocrx_word' id='word_1_782' title='bbox 1062 1509 1184 1544; x_wconf 86' lang='grc' dir='ltr'>νόμενον.</span> <span class='ocrx_word' id='word_1_783' title='bbox 1205 1509 1258 1536; x_wconf 82' lang='grc' dir='ltr'>Τὸν</span> <span class='ocrx_word' id='word_1_784' title='bbox 1278 1510 1359 1536; x_wconf 83' lang='grc' dir='ltr'>αὑτὸν</span> <span class='ocrx_word' id='word_1_785' title='bbox 1379 1510 1412 1546; x_wconf 85' lang='grc' dir='ltr'>δὴ</span> <span class='ocrx_word' id='word_1_786' title='bbox 1436 1511 1535 1546; x_wconf 82' lang='grc' dir='ltr'>τρόπον</span> <span class='ocrx_word' id='word_1_787' title='bbox 1556 1513 1602 1539; x_wconf 70' lang='grc' dir='ltr'>καὶ</span> <span class='ocrx_word' id='word_1_788' title='bbox 1621 1513 1638 1547; x_wconf 92' lang='grc' dir='ltr'>ή</span> <span class='ocrx_word' id='word_1_789' title='bbox 1658 1512 1728 1547; x_wconf 88' lang='grc' dir='ltr'>γυνὴ</span> <span class='ocrx_word' id='word_1_790' title='bbox 1750 1512 1796 1539; x_wconf 77' lang='grc' dir='ltr'>καὶ</span> <span class='ocrx_word' id='word_1_791' title='bbox 1812 1510 1902 1546; x_wconf 65' lang='grc' dir='ltr'>αὑτὴ(</span> 
     </span>
    </p>
   </div>
   <div class='ocr_carea' id='block_1_100' title="bbox 1063 1548 1904 1586">
    <p class='ocr_par' dir='ltr' id='par_1_100' title="bbox 1063 1548 1904 1586">
     <span class='ocr_line' id='line_1_100' title="bbox 1063 1548 1904 1586; baseline 0.004 -11"><span class='ocrx_word' id='word_1_792' title='bbox 1063 1548 1192 1581; x_wconf 81' lang='grc' dir='ltr'>πολλάκις</span> <span class='ocrx_word' id='word_1_793' title='bbox 1215 1549 1284 1584; x_wconf 81' lang='grc' dir='ltr'>μετὰ</span> <span class='ocrx_word' id='word_1_794' title='bbox 1299 1550 1362 1582; x_wconf 81' lang='grc' dir='ltr'>τοὺς</span> <span class='ocrx_word' id='word_1_795' title='bbox 1379 1550 1493 1582; x_wconf 85' lang='grc' dir='ltr'>πολλοὺς</span> <span class='ocrx_word' id='word_1_796' title='bbox 1511 1552 1598 1586; x_wconf 86' lang='grc' dir='ltr'>μῆνας</span> <span class='ocrx_word' id='word_1_797' title='bbox 1612 1551 1744 1584; x_wconf 82' lang='grc' dir='ltr'>ἐκείνους,</span> <span class='ocrx_word' id='word_1_798' title='bbox 1767 1551 1836 1586; x_wconf 84' lang='grc' dir='ltr'>μετὰ</span> <span class='ocrx_word' id='word_1_799' title='bbox 1854 1551 1904 1582; x_wconf 79' lang='grc' dir='ltr'>τὰς</span> 
     </span>
    </p>
   </div>
   <div class='ocr_carea' id='block_1_101' title="bbox 1061 1588 1902 1625">
    <p class='ocr_par' dir='ltr' id='par_1_101' title="bbox 1061 1588 1902 1625">
     <span class='ocr_line' id='line_1_101' title="bbox 1061 1588 1902 1625; baseline 0.001 -10"><span class='ocrx_word' id='word_1_800' title='bbox 1061 1588 1160 1619; x_wconf 84' lang='grc' dir='ltr'>ὠδῖνας</span> <span class='ocrx_word' id='word_1_801' title='bbox 1185 1588 1235 1619; x_wconf 81' lang='grc' dir='ltr'>τὰς</span> <span class='ocrx_word' id='word_1_802' title='bbox 1255 1589 1419 1625; x_wconf 83' lang='grc' dir='ltr'>ἀφορήτους,</span> <span class='ocrx_word' id='word_1_803' title='bbox 1439 1590 1507 1625; x_wconf 83' lang='grc' dir='ltr'>μετά</span> <span class='ocrx_word' id='word_1_804' title='bbox 1525 1591 1574 1623; x_wconf 80' lang='grc' dir='ltr'>τὰς</span> <span class='ocrx_word' id='word_1_805' title='bbox 1591 1591 1690 1623; x_wconf 85' lang='grc' dir='ltr'>νύκτας</span> <span class='ocrx_word' id='word_1_806' title='bbox 1706 1591 1755 1623; x_wconf 86' lang='grc' dir='ltr'>τὰς</span> <span class='ocrx_word' id='word_1_807' title='bbox 1772 1591 1902 1622; x_wconf 83' lang='grc' dir='ltr'>ἀΰπνους,</span> 
     </span>
    </p>
   </div>
   <div class='ocr_carea' id='block_1_102' title="bbox 1063 1628 1902 1667">
    <p class='ocr_par' dir='ltr' id='par_1_102' title="bbox 1063 1628 1902 1667">
     <span class='ocr_line' id='line_1_102' title="bbox 1063 1628 1902 1667; baseline 0.005 -12"><span class='ocrx_word' id='word_1_808' title='bbox 1063 1628 1131 1664; x_wconf 89' lang='grc' dir='ltr'>μετά</span> <span class='ocrx_word' id='word_1_809' title='bbox 1142 1628 1187 1656; x_wconf 83' lang='grc' dir='ltr'>τὸν</span> <span class='ocrx_word' id='word_1_810' title='bbox 1197 1629 1251 1656; x_wconf 86' lang='grc' dir='ltr'>τῶν</span> <span class='ocrx_word' id='word_1_811' title='bbox 1269 1630 1357 1664; x_wconf 87' lang='grc' dir='ltr'>μελῶν</span> <span class='ocrx_word' id='word_1_812' title='bbox 1371 1631 1551 1666; x_wconf 82' lang='grc' dir='ltr'>διασπασμὸν,</span> <span class='ocrx_word' id='word_1_813' title='bbox 1570 1633 1671 1667; x_wconf 83' lang='grc' dir='ltr'>μικρᾶς</span> <span class='ocrx_word' id='word_1_814' title='bbox 1686 1640 1758 1664; x_wconf 87' lang='grc' dir='ltr'>τινος</span> <span class='ocrx_word' id='word_1_815' title='bbox 1773 1631 1902 1667; x_wconf 83' lang='grc' dir='ltr'>περιστά-</span> 
     </span>
    </p>
   </div>
   <div class='ocr_carea' id='block_1_103' title="bbox 1063 1670 1904 1708">
    <p class='ocr_par' dir='ltr' id='par_1_103' title="bbox 1063 1670 1904 1708">
     <span class='ocr_line' id='line_1_103' title="bbox 1063 1670 1904 1708; baseline 0.002 -11"><span class='ocrx_word' id='word_1_816' title='bbox 1063 1680 1132 1703; x_wconf 82' lang='grc' dir='ltr'>σεως</span> <span class='ocrx_word' id='word_1_817' title='bbox 1151 1670 1310 1706; x_wconf 84' lang='grc' dir='ltr'>γενομένης,</span> <span class='ocrx_word' id='word_1_818' title='bbox 1327 1671 1380 1706; x_wconf 81' lang='grc' dir='ltr'>πρὸ</span> <span class='ocrx_word' id='word_1_819' title='bbox 1396 1672 1443 1698; x_wconf 81' lang='grc' dir='ltr'>τοῦ</span> <span class='ocrx_word' id='word_1_820' title='bbox 1458 1674 1642 1708; x_wconf 84' lang='grc' dir='ltr'>προσήκοντος</span> <span class='ocrx_word' id='word_1_821' title='bbox 1658 1673 1754 1708; x_wconf 80' lang='grc' dir='ltr'>καιροῦ</span> <span class='ocrx_word' id='word_1_822' title='bbox 1764 1675 1794 1699; x_wconf 84' lang='grc' dir='ltr'>τὸ</span> <span class='ocrx_word' id='word_1_823' title='bbox 1805 1672 1904 1708; x_wconf 78' lang='grc' dir='ltr'>βρέφος</span> 
     </span>
    </p>
   </div>
   <div class='ocr_carea' id='block_1_104' title="bbox 1061 1711 1904 1748">
    <p class='ocr_par' dir='ltr' id='par_1_104' title="bbox 1061 1711 1904 1748">
     <span class='ocr_line' id='line_1_104' title="bbox 1061 1711 1904 1748; baseline 0 -10"><span class='ocrx_word' id='word_1_824' title='bbox 1061 1711 1193 1747; x_wconf 83' lang='grc' dir='ltr'>ὼθήσασα</span> <span class='ocrx_word' id='word_1_825' title='bbox 1204 1711 1366 1746; x_wconf 79' lang='grc' dir='ltr'>ἀμόρφωτον</span> <span class='ocrx_word' id='word_1_826' title='bbox 1382 1713 1429 1738; x_wconf 77' lang='grc' dir='ltr'>καὶ</span> <span class='ocrx_word' id='word_1_827' title='bbox 1447 1712 1643 1744; x_wconf 82' lang='grc' dir='ltr'>ἀδιατύπωτον,</span> <span class='ocrx_word' id='word_1_828' title='bbox 1657 1712 1673 1748; x_wconf 82' lang='grc' dir='ltr'>ἢ</span> <span class='ocrx_word' id='word_1_829' title='bbox 1689 1713 1904 1748; x_wconf 74' lang='grc' dir='ltr'>μεμορφωμένον</span> 
     </span>
    </p>
   </div>
   <div class='ocr_carea' id='block_1_105' title="bbox 1064 1751 1903 1787">
    <p class='ocr_par' dir='ltr' id='par_1_105' title="bbox 1064 1751 1903 1787">
     <span class='ocr_line' id='line_1_105' title="bbox 1064 1751 1903 1787; baseline 0 -10"><span class='ocrx_word' id='word_1_830' title='bbox 1064 1751 1125 1786; x_wconf 84' lang='grc' dir='ltr'>μὲν,</span> <span class='ocrx_word' id='word_1_831' title='bbox 1139 1751 1189 1777; x_wconf 82' lang='grc' dir='ltr'>οὐκ</span> <span class='ocrx_word' id='word_1_832' title='bbox 1206 1751 1299 1786; x_wconf 80' lang='grc' dir='ltr'>ἄρτιον</span> <span class='ocrx_word' id='word_1_833' title='bbox 1315 1751 1354 1783; x_wconf 84' lang='grc' dir='ltr'>δὲ,</span> <span class='ocrx_word' id='word_1_834' title='bbox 1371 1751 1431 1778; x_wconf 79' lang='grc' dir='ltr'>οὐδὲ</span> <span class='ocrx_word' id='word_1_835' title='bbox 1450 1752 1537 1786; x_wconf 78' lang='grc' dir='ltr'>ὑγιὲς,</span> <span class='ocrx_word' id='word_1_836' title='bbox 1556 1752 1572 1787; x_wconf 85' lang='grc' dir='ltr'>ἢ</span> <span class='ocrx_word' id='word_1_837' title='bbox 1591 1752 1638 1778; x_wconf 58' lang='grc' dir='ltr'>καὶ¹</span> <span class='ocrx_word' id='word_1_838' title='bbox 1649 1752 1746 1787; x_wconf 80' lang='grc' dir='ltr'>νεκρὸν</span> <span class='ocrx_word' id='word_1_839' title='bbox 1761 1751 1903 1783; x_wconf 83' lang='grc' dir='ltr'>πολλάκις,</span> 
     </span>
    </p>
   </div>
   <div class='ocr_carea' id='block_1_106' title="bbox 1063 1790 1905 1826">
    <p class='ocr_par' dir='ltr' id='par_1_106' title="bbox 1063 1790 1905 1826">
     <span class='ocr_line' id='line_1_106' title="bbox 1063 1790 1905 1826; baseline 0 -9"><span class='ocrx_word' id='word_1_840' title='bbox 1063 1790 1139 1826; x_wconf 86' lang='grc' dir='ltr'>μόλις</span> <span class='ocrx_word' id='word_1_841' title='bbox 1154 1790 1199 1816; x_wconf 80' lang='grc' dir='ltr'>τὸν</span> <span class='ocrx_word' id='word_1_842' title='bbox 1214 1790 1335 1817; x_wconf 81' lang='grc' dir='ltr'>κίνδυνον</span> <span class='ocrx_word' id='word_1_843' title='bbox 1346 1791 1468 1825; x_wconf 82' lang='grc' dir='ltr'>διέφυγε,</span> <span class='ocrx_word' id='word_1_844' title='bbox 1483 1791 1530 1818; x_wconf 78' lang='grc' dir='ltr'>καὶ</span> <span class='ocrx_word' id='word_1_845' title='bbox 1545 1791 1618 1826; x_wconf 81' lang='grc' dir='ltr'>ὅμως</span> <span class='ocrx_word' id='word_1_846' title='bbox 1630 1790 1725 1826; x_wconf 77' lang='grc' dir='ltr'>ὥσπερ</span> <span class='ocrx_word' id='word_1_847' title='bbox 1741 1790 1905 1826; x_wconf 76' lang='grc' dir='ltr'>ἐπιλαθομέ-</span> 
     </span>
    </p>
   </div>
   <div class='ocr_carea' id='block_1_107' title="bbox 1062 1830 1905 1866">
    <p class='ocr_par' dir='ltr' id='par_1_107' title="bbox 1062 1830 1905 1866">
     <span class='ocr_line' id='line_1_107' title="bbox 1062 1830 1905 1866; baseline 0.001 -10"><span class='ocrx_word' id='word_1_848' title='bbox 1062 1839 1094 1866; x_wconf 94' lang='grc' dir='ltr'>νη</span> <span class='ocrx_word' id='word_1_849' title='bbox 1109 1830 1212 1857; x_wconf 90' lang='grc' dir='ltr'>τούτων</span> <span class='ocrx_word' id='word_1_850' title='bbox 1230 1830 1368 1861; x_wconf 83' lang='grc' dir='ltr'>ἁπάντων,</span> <span class='ocrx_word' id='word_1_851' title='bbox 1386 1830 1440 1856; x_wconf 84' lang='grc' dir='ltr'>τῶν</span> <span class='ocrx_word' id='word_1_852' title='bbox 1458 1830 1548 1857; x_wconf 85' lang='grc' dir='ltr'>αὐτῶν</span> <span class='ocrx_word' id='word_1_853' title='bbox 1563 1831 1699 1866; x_wconf 84' lang='grc' dir='ltr'>ἀνέχεται,</span> <span class='ocrx_word' id='word_1_854' title='bbox 1719 1831 1766 1857; x_wconf 76' lang='grc' dir='ltr'>καὶ</span> <span class='ocrx_word' id='word_1_855' title='bbox 1781 1831 1815 1858; x_wconf 83' lang='grc' dir='ltr'>τὰ</span> <span class='ocrx_word' id='word_1_856' title='bbox 1834 1831 1905 1857; x_wconf 86' lang='grc' dir='ltr'>αὐτὰ</span> 
     </span>
    </p>
   </div>
   <div class='ocr_carea' id='block_1_108' title="bbox 1062 1869 1905 1905">
    <p class='ocr_par' dir='ltr' id='par_1_108' title="bbox 1062 1869 1905 1905">
     <span class='ocr_line' id='line_1_108' title="bbox 1062 1869 1905 1905; baseline 0 -9"><span class='ocrx_word' id='word_1_857' title='bbox 1062 1869 1204 1905; x_wconf 81' lang='grc' dir='ltr'>ὑπομένει.</span> <span class='ocrx_word' id='word_1_858' title='bbox 1216 1870 1271 1896; x_wconf 68' lang='grc' dir='ltr'>Καὶ</span> <span class='ocrx_word' id='word_1_859' title='bbox 1284 1869 1310 1896; x_wconf 90' lang='grc' dir='ltr'>τί</span> <span class='ocrx_word' id='word_1_860' title='bbox 1331 1869 1404 1904; x_wconf 81' lang='grc' dir='ltr'>λέγω</span> <span class='ocrx_word' id='word_1_861' title='bbox 1420 1869 1454 1896; x_wconf 83' lang='grc' dir='ltr'>τὰ</span> <span class='ocrx_word' id='word_1_862' title='bbox 1473 1870 1561 1903; x_wconf 72' lang='grc' dir='ltr'>αὐτά;”</span> <span class='ocrx_word' id='word_1_863' title='bbox 1576 1870 1708 1901; x_wconf 78' lang='grc' dir='ltr'>Πολλάκις</span> <span class='ocrx_word' id='word_1_864' title='bbox 1725 1870 1773 1896; x_wconf 67' lang='grc' dir='ltr'>κα)¹</span> <span class='ocrx_word' id='word_1_865' title='bbox 1793 1878 1905 1896; x_wconf 73' lang='grc' dir='ltr'>συναπο-</span> 
     </span>
    </p>
   </div>
   <div class='ocr_carea' id='block_1_109' title="bbox 1063 1909 1907 1945">
    <p class='ocr_par' dir='ltr' id='par_1_109' title="bbox 1063 1909 1907 1945">
     <span class='ocr_line' id='line_1_109' title="bbox 1063 1909 1907 1945; baseline 0 -9"><span class='ocrx_word' id='word_1_866' title='bbox 1063 1910 1153 1937; x_wconf 80' lang='grc' dir='ltr'>θανεῖν</span> <span class='ocrx_word' id='word_1_867' title='bbox 1172 1909 1210 1944; x_wconf 90' lang='grc' dir='ltr'>τῷ</span> <span class='ocrx_word' id='word_1_868' title='bbox 1230 1909 1350 1943; x_wconf 82' lang='grc' dir='ltr'>τεχθέντι</span> <span class='ocrx_word' id='word_1_869' title='bbox 1371 1909 1482 1945; x_wconf 85' lang='grc' dir='ltr'>συνέϐη,</span> <span class='ocrx_word' id='word_1_870' title='bbox 1500 1910 1548 1936; x_wconf 75' lang='grc' dir='ltr'>καὶ</span> <span class='ocrx_word' id='word_1_871' title='bbox 1568 1909 1628 1936; x_wconf 75' lang='grc' dir='ltr'>ούδέ</span> <span class='ocrx_word' id='word_1_872' title='bbox 1650 1910 1729 1936; x_wconf 82' lang='grc' dir='ltr'>τοῦτο</span> <span class='ocrx_word' id='word_1_873' title='bbox 1744 1909 1793 1941; x_wconf 84' lang='grc' dir='ltr'>τὰς</span> <span class='ocrx_word' id='word_1_874' title='bbox 1807 1909 1907 1941; x_wconf 78' lang='grc' dir='ltr'>λοιπὰς</span> 
     </span>
    </p>
   </div>
   <div class='ocr_carea' id='block_1_110' title="bbox 1061 1948 1905 1985">
    <p class='ocr_par' dir='ltr' id='par_1_110' title="bbox 1061 1948 1905 1985">
     <span class='ocr_line' id='line_1_110' title="bbox 1061 1948 1905 1985; baseline 0.001 -10"><span class='ocrx_word' id='word_1_875' title='bbox 1061 1948 1226 1984; x_wconf 76' lang='grc' dir='ltr'>ἐσωφρόνισε</span> <span class='ocrx_word' id='word_1_876' title='bbox 1239 1950 1285 1976; x_wconf 77' lang='grc' dir='ltr'>καὶ</span> <span class='ocrx_word' id='word_1_877' title='bbox 1298 1949 1425 1976; x_wconf 71' lang='grc' dir='ltr'>ἀνέπεισε</span> <span class='ocrx_word' id='word_1_878' title='bbox 1436 1950 1531 1984; x_wconf 81' lang='grc' dir='ltr'>φυγεῖν</span> <span class='ocrx_word' id='word_1_879' title='bbox 1540 1950 1552 1969; x_wconf 73' lang='grc' dir='ltr'>ε</span> <span class='ocrx_word' id='word_1_880' title='bbox 1562 1950 1592 1976; x_wconf 85' lang='grc' dir='ltr'>τὺ</span> <span class='ocrx_word' id='word_1_881' title='bbox 1603 1951 1728 1985; x_wconf 79' lang='grc' dir='ltr'>πρᾶγμα·</span> <span class='ocrx_word' id='word_1_882' title='bbox 1740 1950 1880 1985; x_wconf 83' lang='grc' dir='ltr'>τοσαύτην-</span> <span class='ocrx_word' id='word_1_883' title='bbox 1890 1951 1905 1976; x_wconf 85' lang='grc' dir='ltr'>ὁ</span> 
     </span>
    </p>
   </div>
   <div class='ocr_carea' id='block_1_111' title="bbox 1062 1989 1905 2026">
    <p class='ocr_par' dir='ltr' id='par_1_111' title="bbox 1062 1989 1905 2026">
     <span class='ocr_line' id='line_1_111' title="bbox 1062 1989 1905 2026; baseline 0 -9"><span class='ocrx_word' id='word_1_884' title='bbox 1062 1991 1126 2022; x_wconf 79' lang='grc' dir='ltr'>Θεὸς</span> <span class='ocrx_word' id='word_1_885' title='bbox 1146 1990 1345 2025; x_wconf 71' lang='grc' dir='ltr'>ἐγκατέστεειρε</span> <span class='ocrx_word' id='word_1_886' title='bbox 1369 1991 1425 2021; x_wconf 84' lang='grc' dir='ltr'>τοῖς</span> <span class='ocrx_word' id='word_1_887' title='bbox 1449 1990 1580 2025; x_wconf 88' lang='grc' dir='ltr'>λυπηροῖς</span> <span class='ocrx_word' id='word_1_888' title='bbox 1596 1990 1646 2025; x_wconf 83' lang='grc' dir='ltr'>τὴν</span> <span class='ocrx_word' id='word_1_889' title='bbox 1659 1989 1756 2026; x_wconf 82' lang='grc' dir='ltr'>ήδονὴν</span> <span class='ocrx_word' id='word_1_890' title='bbox 1775 1990 1842 2025; x_wconf 76' lang='grc' dir='ltr'>ὁμοῦ</span> <span class='ocrx_word' id='word_1_891' title='bbox 1856 1992 1905 2018; x_wconf 71' lang='grc' dir='ltr'>καὶ</span> 
     </span>
    </p>
   </div>
   <div class='ocr_carea' id='block_1_112' title="bbox 1061 2031 1904 2068">
    <p class='ocr_par' dir='ltr' id='par_1_112' title="bbox 1061 2031 1904 2068">
     <span class='ocr_line' id='line_1_112' title="bbox 1061 2031 1904 2068; baseline 0.001 -10"><span class='ocrx_word' id='word_1_892' title='bbox 1061 2031 1110 2068; x_wconf 86' lang='grc' dir='ltr'>τὴν</span> <span class='ocrx_word' id='word_1_893' title='bbox 1129 2031 1309 2068; x_wconf 79' lang='grc' dir='ltr'>εὐφροσύνην.</span> <span class='ocrx_word' id='word_1_894' title='bbox 1324 2031 1373 2058; x_wconf 81' lang='grc' dir='ltr'>Διά</span> <span class='ocrx_word' id='word_1_895' title='bbox 1385 2031 1464 2058; x_wconf 79' lang='grc' dir='ltr'>τοῦτο</span> <span class='ocrx_word' id='word_1_896' title='bbox 1480 2031 1567 2066; x_wconf 67' lang='grc' dir='ltr'>ἔλεγε,</span> <span class='ocrx_word' id='word_1_897' title='bbox 1581 2032 1748 2066; x_wconf 75' lang='grc' dir='ltr'>Πληθύνων</span> <span class='ocrx_word' id='word_1_898' title='bbox 1758 2032 1904 2065; x_wconf 71' lang='grc' dir='ltr'>πληθυνῶ</span> 
     </span>
    </p>
   </div>
   <div class='ocr_carea' id='block_1_113' title="bbox 1061 2072 1904 2107">
    <p class='ocr_par' dir='ltr' id='par_1_113' title="bbox 1061 2072 1904 2107">
     <span class='ocr_line' id='line_1_113' title="bbox 1061 2072 1904 2107; baseline -0.001 -7"><span class='ocrx_word' id='word_1_899' title='bbox 1061 2073 1115 2106; x_wconf 86' lang='grc' dir='ltr'>τὰς</span> <span class='ocrx_word' id='word_1_900' title='bbox 1121 2073 1222 2105; x_wconf 74' lang='grc' dir='ltr'>λύπας</span> <span class='ocrx_word' id='word_1_901' title='bbox 1231 2080 1289 2099; x_wconf 91' lang='grc' dir='ltr'>σου</span> <span class='ocrx_word' id='word_1_902' title='bbox 1300 2072 1348 2099; x_wconf 77' lang='grc' dir='ltr'>καὶ</span> <span class='ocrx_word' id='word_1_903' title='bbox 1359 2072 1411 2099; x_wconf 84' lang='grc' dir='ltr'>τὸν</span> <span class='ocrx_word' id='word_1_904' title='bbox 1418 2073 1587 2107; x_wconf 79' lang='grc' dir='ltr'>στεναγμόν</span> <span class='ocrx_word' id='word_1_905' title='bbox 1595 2080 1663 2099; x_wconf 89' lang='grc' dir='ltr'>σου·</span> <span class='ocrx_word' id='word_1_906' title='bbox 1673 2072 1824 2105; x_wconf 68' lang='grc' dir='ltr'>ὲνλύπαις</span> <span class='ocrx_word' id='word_1_907' title='bbox 1832 2073 1904 2107; x_wconf 66' lang='grc' dir='ltr'>τέξῃ</span> 
     </span>
    </p>
   </div>
   <div class='ocr_carea' id='block_1_114' title="bbox 1063 2111 1905 2148">
    <p class='ocr_par' dir='ltr' id='par_1_114' title="bbox 1063 2111 1905 2148">
     <span class='ocr_line' id='line_1_114' title="bbox 1063 2111 1905 2148; baseline -0.001 -8"><span class='ocrx_word' id='word_1_908' title='bbox 1063 2113 1164 2140; x_wconf 83' lang='grc' dir='ltr'>τέκνα.</span> <span class='ocrx_word' id='word_1_909' title='bbox 1184 2111 1270 2138; x_wconf 84' lang='grc' dir='ltr'>Τοῦτο</span> <span class='ocrx_word' id='word_1_910' title='bbox 1288 2112 1378 2138; x_wconf 88' lang='grc' dir='ltr'>τοίνυν</span> <span class='ocrx_word' id='word_1_911' title='bbox 1397 2112 1444 2138; x_wconf 76' lang='grc' dir='ltr'>καὶ</span> <span class='ocrx_word' id='word_1_912' title='bbox 1463 2113 1476 2138; x_wconf 86' lang='grc' dir='ltr'>ό</span> <span class='ocrx_word' id='word_1_913' title='bbox 1506 2112 1622 2148; x_wconf 86' lang='grc' dir='ltr'>Χριστὸς</span> <span class='ocrx_word' id='word_1_914' title='bbox 1641 2112 1830 2147; x_wconf 81' lang='grc' dir='ltr'>διαλεγόμενος</span> <span class='ocrx_word' id='word_1_915' title='bbox 1848 2114 1905 2144; x_wconf 77' lang='grc' dir='ltr'>τοῖς</span> 
     </span>
    </p>
   </div>
   <div class='ocr_carea' id='block_1_115' title="bbox 1064 2152 1905 2188">
    <p class='ocr_par' dir='ltr' id='par_1_115' title="bbox 1064 2152 1905 2188">
     <span class='ocr_line' id='line_1_115' title="bbox 1064 2152 1905 2188; baseline -0.001 -9"><span class='ocrx_word' id='word_1_916' title='bbox 1064 2153 1198 2188; x_wconf 88' lang='grc' dir='ltr'>μαθηταῖς</span> <span class='ocrx_word' id='word_1_917' title='bbox 1217 2152 1263 2178; x_wconf 71' lang='grc' dir='ltr'>καὶ</span> <span class='ocrx_word' id='word_1_918' title='bbox 1280 2152 1386 2183; x_wconf 86' lang='grc' dir='ltr'>δεικνὺς</span> <span class='ocrx_word' id='word_1_919' title='bbox 1402 2153 1449 2179; x_wconf 77' lang='grc' dir='ltr'>καὶ</span> <span class='ocrx_word' id='word_1_920' title='bbox 1460 2152 1509 2187; x_wconf 84' lang='grc' dir='ltr'>τῆς</span> <span class='ocrx_word' id='word_1_921' title='bbox 1519 2152 1614 2186; x_wconf 83' lang='grc' dir='ltr'>ὀδύνης</span> <span class='ocrx_word' id='word_1_922' title='bbox 1625 2152 1656 2178; x_wconf 79' lang='grc' dir='ltr'>τὸ</span> <span class='ocrx_word' id='word_1_923' title='bbox 1668 2152 1783 2187; x_wconf 85' lang='grc' dir='ltr'>μέγεθος</span> <span class='ocrx_word' id='word_1_924' title='bbox 1795 2152 1843 2179; x_wconf 82' lang='grc' dir='ltr'>καὶ</span> <span class='ocrx_word' id='word_1_925' title='bbox 1855 2153 1905 2187; x_wconf 69' lang='grc' dir='ltr'>τῆς</span> 
     </span>
    </p>
   </div>
   <div class='ocr_carea' id='block_1_116' title="bbox 1061 2191 1904 2228">
    <p class='ocr_par' dir='ltr' id='par_1_116' title="bbox 1061 2191 1904 2228">
     <span class='ocr_line' id='line_1_116' title="bbox 1061 2191 1904 2228; baseline 0 -9"><span class='ocrx_word' id='word_1_926' title='bbox 1061 2191 1230 2228; x_wconf 78' lang='grc' dir='ltr'>εὐφροσύνης</span> <span class='ocrx_word' id='word_1_927' title='bbox 1242 2191 1291 2226; x_wconf 83' lang='grc' dir='ltr'>τὴν</span> <span class='ocrx_word' id='word_1_928' title='bbox 1306 2191 1470 2226; x_wconf 82' lang='grc' dir='ltr'>ὑπερϐολὴν,</span> <span class='ocrx_word' id='word_1_929' title='bbox 1481 2191 1582 2224; x_wconf 70' lang='grc' dir='ltr'>ἔλεγεν·</span> <span class='ocrx_word' id='word_1_930' title='bbox 1599 2192 1636 2218; x_wconf 86' lang='grc' dir='ltr'><em>Ἡ</em></span> <span class='ocrx_word' id='word_1_931' title='bbox 1644 2192 1721 2226; x_wconf 78' lang='grc' dir='ltr'>γυνὴ</span> <span class='ocrx_word' id='word_1_932' title='bbox 1737 2191 1810 2218; x_wconf 83' lang='grc' dir='ltr'>ὅταν</span> <span class='ocrx_word' id='word_1_933' title='bbox 1820 2192 1904 2224; x_wconf 73' lang='grc' dir='ltr'>τίκτῃ</span> 
     </span>
    </p>
   </div>
   <div class='ocr_carea' id='block_1_117' title="bbox 1063 2228 1904 2266">
    <p class='ocr_par' dir='ltr' id='par_1_117' title="bbox 1063 2228 1904 2266">
     <span class='ocr_line' id='line_1_117' title="bbox 1063 2228 1904 2266; baseline -0.002 -7"><span class='ocrx_word' id='word_1_934' title='bbox 1063 2233 1167 2263; x_wconf 67' lang='grc' dir='ltr'>,λύπην</span> <span class='ocrx_word' id='word_1_935' title='bbox 1181 2231 1254 2265; x_wconf 78' lang='grc' dir='ltr'>ἔχει,</span> <span class='ocrx_word' id='word_1_936' title='bbox 1269 2231 1313 2257; x_wconf 81' lang='grc' dir='ltr'>ὅτι</span> <span class='ocrx_word' id='word_1_937' title='bbox 1325 2230 1447 2264; x_wconf 73' lang='grc' dir='ltr'>ἦλθενή</span> <span class='ocrx_word' id='word_1_938' title='bbox 1458 2230 1521 2263; x_wconf 75' lang='grc' dir='ltr'>ὥρα</span> <span class='ocrx_word' id='word_1_939' title='bbox 1533 2229 1628 2266; x_wconf 78' lang='grc' dir='ltr'>αὐτῆς</span> <span class='ocrx_word' id='word_1_940' title='bbox 1637 2238 1643 2245; x_wconf 89' lang='grc'>·</span> <span class='ocrx_word' id='word_1_941' title='bbox 1658 2228 1717 2257; x_wconf 82' lang='grc' dir='ltr'>εἶτα</span> <span class='ocrx_word' id='word_1_942' title='bbox 1730 2231 1904 2266; x_wconf 79' lang='grc' dir='ltr'>παραστῆσαι</span> 
     </span>
    </p>
   </div>
   <div class='ocr_carea' id='block_1_118' title="bbox 1060 2269 1905 2306">
    <p class='ocr_par' dir='ltr' id='par_1_118' title="bbox 1060 2269 1905 2306">
     <span class='ocr_line' id='line_1_118' title="bbox 1060 2269 1905 2306; baseline 0 -10"><span class='ocrx_word' id='word_1_943' title='bbox 1060 2272 1127 2306; x_wconf 79' lang='grc' dir='ltr'>ἡμῖν</span> <span class='ocrx_word' id='word_1_944' title='bbox 1140 2269 1301 2305; x_wconf 86' lang='grc' dir='ltr'>βουλόμενος</span> <span class='ocrx_word' id='word_1_945' title='bbox 1314 2270 1389 2301; x_wconf 82' lang='grc' dir='ltr'>ὅπως</span> <span class='ocrx_word' id='word_1_946' title='bbox 1403 2269 1436 2295; x_wconf 88' lang='grc' dir='ltr'>τὰ</span> <span class='ocrx_word' id='word_1_947' title='bbox 1450 2270 1498 2305; x_wconf 80' lang='grc' dir='ltr'>μὲν</span> <span class='ocrx_word' id='word_1_948' title='bbox 1509 2269 1559 2304; x_wconf 81' lang='grc' dir='ltr'>τῆς</span> <span class='ocrx_word' id='word_1_949' title='bbox 1571 2269 1659 2305; x_wconf 76' lang='grc' dir='ltr'>λύπης</span> <span class='ocrx_word' id='word_1_950' title='bbox 1673 2269 1770 2304; x_wconf 83' lang='grc' dir='ltr'>ἀθρόον</span> <span class='ocrx_word' id='word_1_951' title='bbox 1783 2270 1905 2296; x_wconf 83' lang='grc' dir='ltr'>ἐκποδὼν</span> 
     </span>
    </p>
   </div>
   <div class='ocr_carea' id='block_1_119' title="bbox 1061 2309 1903 2346">
    <p class='ocr_par' dir='ltr' id='par_1_119' title="bbox 1061 2309 1903 2346">
     <span class='ocr_line' id='line_1_119' title="bbox 1061 2309 1903 2346; baseline -0.001 -9"><span class='ocrx_word' id='word_1_952' title='bbox 1061 2311 1177 2346; x_wconf 82' lang='grc' dir='ltr'>γίνεται,</span> <span class='ocrx_word' id='word_1_953' title='bbox 1196 2309 1231 2336; x_wconf 81' lang='grc' dir='ltr'>τὰ</span> <span class='ocrx_word' id='word_1_954' title='bbox 1251 2309 1279 2336; x_wconf 84' lang='grc' dir='ltr'>δέ</span> <span class='ocrx_word' id='word_1_955' title='bbox 1295 2310 1345 2343; x_wconf 87' lang='grc' dir='ltr'>τῆς</span> <span class='ocrx_word' id='word_1_956' title='bbox 1359 2310 1448 2344; x_wconf 80' lang='grc' dir='ltr'>χαρᾶς</span> <span class='ocrx_word' id='word_1_957' title='bbox 1465 2310 1513 2336; x_wconf 69' lang='grc' dir='ltr'>καὶ</span> <span class='ocrx_word' id='word_1_958' title='bbox 1530 2310 1581 2344; x_wconf 80' lang='grc' dir='ltr'>τῆς</span> <span class='ocrx_word' id='word_1_959' title='bbox 1600 2309 1770 2345; x_wconf 77' lang='grc' dir='ltr'>εὐφροσύνης</span> <span class='ocrx_word' id='word_1_960' title='bbox 1782 2310 1903 2344; x_wconf 78' lang='grc' dir='ltr'>διαδέχε-</span> 
     </span>
    </p>
   </div>
   <div class='ocr_carea' id='block_1_120' title="bbox 1060 2348 1904 2384">
    <p class='ocr_par' dir='ltr' id='par_1_120' title="bbox 1060 2348 1904 2384">
     <span class='ocr_line' id='line_1_120' title="bbox 1060 2348 1904 2384; baseline 0 -8"><span class='ocrx_word' id='word_1_961' title='bbox 1060 2359 1116 2380; x_wconf 78' lang='grc' dir='ltr'>ται,</span> <span class='ocrx_word' id='word_1_962' title='bbox 1123 2349 1215 2384; x_wconf 85' lang='grc' dir='ltr'>φησίν·</span> <span class='ocrx_word' id='word_1_963' title='bbox 1225 2349 1312 2376; x_wconf 83' lang='grc' dir='ltr'>Ὅταν</span> <span class='ocrx_word' id='word_1_964' title='bbox 1322 2348 1355 2374; x_wconf 78' lang='grc' dir='ltr'>δὲ</span> <span class='ocrx_word' id='word_1_965' title='bbox 1362 2348 1497 2383; x_wconf 77' lang='grc' dir='ltr'>γεννήσῃ</span> <span class='ocrx_word' id='word_1_966' title='bbox 1507 2348 1539 2375; x_wconf 78' lang='grc' dir='ltr'>τὸ</span> <span class='ocrx_word' id='word_1_967' title='bbox 1546 2348 1676 2380; x_wconf 83' lang='grc' dir='ltr'>παιδίον,</span> <span class='ocrx_word' id='word_1_968' title='bbox 1683 2348 1783 2375; x_wconf 78' lang='grc' dir='ltr'>οὐκέτι</span> <span class='ocrx_word' id='word_1_969' title='bbox 1790 2357 1904 2383; x_wconf 74' lang='grc' dir='ltr'>μνημο-</span> 
     </span>
    </p>
   </div>
   <div class='ocr_carea' id='block_1_121' title="bbox 1059 2387 1903 2422">
    <p class='ocr_par' dir='ltr' id='par_1_121' title="bbox 1059 2387 1903 2422">
     <span class='ocr_line' id='line_1_121' title="bbox 1059 2387 1903 2422; baseline -0.004 -5"><span class='ocrx_word' id='word_1_970' title='bbox 1059 2390 1139 2417; x_wconf 80' lang='grc' dir='ltr'>νεύει</span> <span class='ocrx_word' id='word_1_971' title='bbox 1151 2387 1206 2422; x_wconf 81' lang='grc' dir='ltr'>τῆς</span> <span class='ocrx_word' id='word_1_972' title='bbox 1217 2389 1347 2422; x_wconf 77' lang='grc' dir='ltr'>θλίψεως</span> <span class='ocrx_word' id='word_1_973' title='bbox 1354 2387 1402 2414; x_wconf 83' lang='grc' dir='ltr'>διὰ</span> <span class='ocrx_word' id='word_1_974' title='bbox 1409 2387 1466 2421; x_wconf 81' lang='grc' dir='ltr'>τὴν</span> <span class='ocrx_word' id='word_1_975' title='bbox 1474 2387 1581 2422; x_wconf 81' lang='grc' dir='ltr'>χαρὰν,</span> <span class='ocrx_word' id='word_1_976' title='bbox 1591 2387 1635 2414; x_wconf 82' lang='grc' dir='ltr'>ὅτι</span> <span class='ocrx_word' id='word_1_977' title='bbox 1643 2387 1788 2422; x_wconf 67' lang='grc' dir='ltr'>ἐγεννήθη</span> <span class='ocrx_word' id='word_1_978' title='bbox 1794 2388 1903 2421; x_wconf 79' lang='grc' dir='ltr'>ἄνθρω-</span> 
     </span>
    </p>
   </div>
   <div class='ocr_carea' id='block_1_122' title="bbox 1059 2425 1902 2462">
    <p class='ocr_par' dir='ltr' id='par_1_122' title="bbox 1059 2425 1902 2462">
     <span class='ocr_line' id='line_1_122' title="bbox 1059 2425 1902 2462; baseline 0.001 -7"><span class='ocrx_word' id='word_1_979' title='bbox 1059 2435 1114 2461; x_wconf 82' lang='grc' dir='ltr'>πος</span> <span class='ocrx_word' id='word_1_980' title='bbox 1125 2429 1168 2460; x_wconf 86' lang='grc' dir='ltr'>εὶς</span> <span class='ocrx_word' id='word_1_981' title='bbox 1185 2427 1239 2454; x_wconf 80' lang='grc' dir='ltr'>τὸν</span> <span class='ocrx_word' id='word_1_982' title='bbox 1256 2427 1386 2461; x_wconf 81' lang='grc' dir='ltr'>κόσμον.</span> <span class='ocrx_word' id='word_1_983' title='bbox 1401 2425 1478 2459; x_wconf 84' lang='grc' dir='ltr'>Εἶδες</span> <span class='ocrx_word' id='word_1_984' title='bbox 1494 2427 1656 2462; x_wconf 85' lang='grc' dir='ltr'>κηδεμονίαν</span> <span class='ocrx_word' id='word_1_985' title='bbox 1666 2427 1902 2461; x_wconf 71' lang='grc' dir='ltr'>ὐπερϐάλλουσανς</span> 
     </span>
    </p>
   </div>
   <div class='ocr_carea' id='block_1_123' title="bbox 1059 2465 1904 2502">
    <p class='ocr_par' dir='ltr' id='par_1_123' title="bbox 1059 2465 1904 2502">
     <span class='ocr_line' id='line_1_123' title="bbox 1059 2465 1904 2502; baseline -0.002 -8"><span class='ocrx_word' id='word_1_986' title='bbox 1059 2465 1128 2499; x_wconf 78' lang='grc' dir='ltr'>εἶδες</span> <span class='ocrx_word' id='word_1_987' title='bbox 1138 2466 1274 2502; x_wconf 86' lang='grc' dir='ltr'>τιμωρίαν</span> <span class='ocrx_word' id='word_1_988' title='bbox 1282 2466 1422 2497; x_wconf 84' lang='grc' dir='ltr'>νουθεσίας</span> <span class='ocrx_word' id='word_1_989' title='bbox 1432 2465 1650 2501; x_wconf 83' lang='grc' dir='ltr'>πεπληρωμένην</span> <span class='ocrx_word' id='word_1_990' title='bbox 1659 2475 1666 2497; x_wconf 86' lang='grc'>;</span> <span class='ocrx_word' id='word_1_991' title='bbox 1682 2466 1732 2492; x_wconf 85' lang='grc' dir='ltr'>Ἐν</span> <span class='ocrx_word' id='word_1_992' title='bbox 1739 2466 1850 2498; x_wconf 75' lang='grc' dir='ltr'>,λύπαις</span> <span class='ocrx_word' id='word_1_993' title='bbox 1861 2466 1904 2492; x_wconf 83' lang='grc' dir='ltr'>τέ-</span> 
     </span>
    </p>
   </div>
   <div class='ocr_carea' id='block_1_124' title="bbox 1059 2503 1900 2541">
    <p class='ocr_par' dir='ltr' id='par_1_124' title="bbox 1059 2503 1900 2541">
     <span class='ocr_line' id='line_1_124' title="bbox 1059 2503 1900 2541; baseline -0.001 -8"><span class='ocrx_word' id='word_1_994' title='bbox 1059 2507 1096 2541; x_wconf 81' lang='grc' dir='ltr'>ξῃ</span> <span class='ocrx_word' id='word_1_995' title='bbox 1109 2507 1208 2534; x_wconf 79' lang='grc' dir='ltr'>τέκνα.</span> <span class='ocrx_word' id='word_1_996' title='bbox 1217 2503 1292 2538; x_wconf 76' lang='grc' dir='ltr'>Εἶτα,</span> <span class='ocrx_word' id='word_1_997' title='bbox 1300 2506 1377 2540; x_wconf 84' lang='grc' dir='ltr'>Πρὸς</span> <span class='ocrx_word' id='word_1_998' title='bbox 1386 2506 1439 2533; x_wconf 82' lang='grc' dir='ltr'>τὸν</span> <span class='ocrx_word' id='word_1_999' title='bbox 1447 2506 1541 2540; x_wconf 70' lang='grc' dir='ltr'>ἄνδρα</span> <span class='ocrx_word' id='word_1_1000' title='bbox 1549 2514 1607 2532; x_wconf 89' lang='grc' dir='ltr'>σου</span> <span class='ocrx_word' id='word_1_1001' title='bbox 1618 2506 1636 2539; x_wconf 76' lang='grc' dir='ltr'><strong><em>ἡ</em></strong></span> <span class='ocrx_word' id='word_1_1002' title='bbox 1647 2505 1822 2539; x_wconf 70' lang='grc' dir='ltr'>ἀποστροφή</span> <span class='ocrx_word' id='word_1_1003' title='bbox 1831 2514 1900 2536; x_wconf 85' lang='grc' dir='ltr'>σου,</span> 
     </span>
    </p>
   </div>
   <div class='ocr_carea' id='block_1_125' title="bbox 1059 2544 1903 2581">
    <p class='ocr_par' dir='ltr' id='par_1_125' title="bbox 1059 2544 1903 2581">
     <span class='ocr_line' id='line_1_125' title="bbox 1059 2544 1903 2581; baseline -0.004 -8"><span class='ocrx_word' id='word_1_1004' title='bbox 1059 2547 1107 2573; x_wconf 73' lang='grc' dir='ltr'>καὶ</span> <span class='ocrx_word' id='word_1_1005' title='bbox 1117 2545 1208 2577; x_wconf 80' lang='grc' dir='ltr'>αὐτός</span> <span class='ocrx_word' id='word_1_1006' title='bbox 1214 2552 1272 2572; x_wconf 88' lang='grc' dir='ltr'>σου</span> <span class='ocrx_word' id='word_1_1007' title='bbox 1281 2545 1441 2579; x_wconf 76' lang='grc' dir='ltr'>κυριεύσει.</span> <span class='ocrx_word' id='word_1_1008' title='bbox 1449 2545 1600 2579; x_wconf 73' lang='grc' dir='ltr'>Μονονουχὶ</span> <span class='ocrx_word' id='word_1_1009' title='bbox 1607 2544 1823 2580; x_wconf 82' lang='grc' dir='ltr'>ἀπολογούμενος</span> <span class='ocrx_word' id='word_1_1010' title='bbox 1834 2545 1903 2581; x_wconf 74' lang='grc' dir='ltr'>πρὸς</span> 
     </span>
    </p>
   </div>
   <div class='ocr_carea' id='block_1_126' title="bbox 1058 2583 1902 2621">
    <p class='ocr_par' dir='ltr' id='par_1_126' title="bbox 1058 2583 1902 2621">
     <span class='ocr_line' id='line_1_126' title="bbox 1058 2583 1902 2621; baseline -0.001 -10"><span class='ocrx_word' id='word_1_1011' title='bbox 1058 2585 1107 2620; x_wconf 86' lang='grc' dir='ltr'>τὴν</span> <span class='ocrx_word' id='word_1_1012' title='bbox 1117 2586 1235 2618; x_wconf 86' lang='grc' dir='ltr'>γυναῖκα</span> <span class='ocrx_word' id='word_1_1013' title='bbox 1241 2585 1256 2610; x_wconf 83' lang='grc' dir='ltr'>ό</span> <span class='ocrx_word' id='word_1_1014' title='bbox 1264 2584 1453 2619; x_wconf 81' lang='grc' dir='ltr'>φιλάνθρωπος</span> <span class='ocrx_word' id='word_1_1015' title='bbox 1461 2583 1527 2616; x_wconf 80' lang='grc' dir='ltr'>Θεὸς</span> <span class='ocrx_word' id='word_1_1016' title='bbox 1533 2583 1618 2610; x_wconf 76' lang='grc' dir='ltr'>ταῦτά</span> <span class='ocrx_word' id='word_1_1017' title='bbox 1626 2592 1717 2619; x_wconf 65' lang='grc' dir='ltr'>φησιν,</span> <span class='ocrx_word' id='word_1_1018' title='bbox 1724 2584 1765 2610; x_wconf 82' lang='grc' dir='ltr'>ὅτι</span> <span class='ocrx_word' id='word_1_1019' title='bbox 1773 2584 1843 2618; x_wconf 85' lang='grc' dir='ltr'>Ἐγὼ</span> <span class='ocrx_word' id='word_1_1020' title='bbox 1852 2585 1902 2621; x_wconf 81' lang='grc' dir='ltr'>μὲν</span> 
     </span>
    </p>
   </div>
   <div class='ocr_carea' id='block_1_127' title="bbox 1059 2622 1901 2660">
    <p class='ocr_par' dir='ltr' id='par_1_127' title="bbox 1059 2622 1901 2660">
     <span class='ocr_line' id='line_1_127' title="bbox 1059 2622 1901 2660; baseline -0.001 -9"><span class='ocrx_word' id='word_1_1021' title='bbox 1059 2624 1089 2657; x_wconf 79' lang='grc' dir='ltr'>ἐξ</span> <span class='ocrx_word' id='word_1_1022' title='bbox 1099 2625 1186 2659; x_wconf 81' lang='grc' dir='ltr'>ἀρχῆς</span> <span class='ocrx_word' id='word_1_1023' title='bbox 1197 2623 1326 2658; x_wconf 87' lang='grc' dir='ltr'>ὁμότιμόν</span> <span class='ocrx_word' id='word_1_1024' title='bbox 1338 2631 1368 2649; x_wconf 88' lang='grc' dir='ltr'>σε</span> <span class='ocrx_word' id='word_1_1025' title='bbox 1379 2622 1593 2658; x_wconf 81' lang='grc' dir='ltr'>ἐδημιούργησα,</span> <span class='ocrx_word' id='word_1_1026' title='bbox 1607 2623 1655 2651; x_wconf 66' lang='grc' dir='ltr'>καὶ⁴</span> <span class='ocrx_word' id='word_1_1027' title='bbox 1664 2623 1712 2660; x_wconf 85' lang='grc' dir='ltr'>τῆς</span> <span class='ocrx_word' id='word_1_1028' title='bbox 1726 2624 1810 2660; x_wconf 82' lang='grc' dir='ltr'>αὐτῆς</span> <span class='ocrx_word' id='word_1_1029' title='bbox 1823 2624 1901 2657; x_wconf 79' lang='grc' dir='ltr'>ἀξίας</span> 
     </span>
    </p>
   </div>
   <div class='ocr_carea' id='block_1_128' title="bbox 1058 2661 1901 2699">
    <p class='ocr_par' dir='ltr' id='par_1_128' title="bbox 1058 2661 1901 2699">
     <span class='ocr_line' id='line_1_128' title="bbox 1058 2661 1901 2699; baseline 0 -9"><span class='ocrx_word' id='word_1_1030' title='bbox 1058 2665 1087 2690; x_wconf 86' lang='grc' dir='ltr'>ἐν</span> <span class='ocrx_word' id='word_1_1031' title='bbox 1111 2663 1213 2690; x_wconf 72' lang='grc' dir='ltr'>ἅπασιν</span> <span class='ocrx_word' id='word_1_1032' title='bbox 1236 2661 1312 2697; x_wconf 81' lang='grc' dir='ltr'>αύτῷ</span> <span class='ocrx_word' id='word_1_1033' title='bbox 1334 2664 1473 2689; x_wconf 86' lang='grc' dir='ltr'>κοινωνεῖν</span> <span class='ocrx_word' id='word_1_1034' title='bbox 1496 2662 1662 2698; x_wconf 80' lang='grc' dir='ltr'>ἠϐουλήθην,</span> <span class='ocrx_word' id='word_1_1035' title='bbox 1683 2664 1731 2690; x_wconf 82' lang='grc' dir='ltr'>καὶ</span> <span class='ocrx_word' id='word_1_1036' title='bbox 1747 2663 1841 2699; x_wconf 84' lang='grc' dir='ltr'>ὥσπερ</span> <span class='ocrx_word' id='word_1_1037' title='bbox 1862 2664 1901 2699; x_wconf 84' lang='grc' dir='ltr'>τῷ</span> 
     </span>
    </p>
   </div>
   <div class='ocr_carea' id='block_1_129' title="bbox 1060 2702 1899 2739">
    <p class='ocr_par' dir='ltr' id='par_1_129' title="bbox 1060 2702 1899 2739">
     <span class='ocr_line' id='line_1_129' title="bbox 1060 2702 1899 2739; baseline 0 -9"><span class='ocrx_word' id='word_1_1038' title='bbox 1060 2703 1149 2738; x_wconf 71' lang='grc' dir='ltr'>ἀνδρὶ,</span> <span class='ocrx_word' id='word_1_1039' title='bbox 1164 2702 1235 2729; x_wconf 77' lang='grc' dir='ltr'>οὕτω</span> <span class='ocrx_word' id='word_1_1040' title='bbox 1251 2702 1298 2727; x_wconf 74' lang='grc' dir='ltr'>καὶ</span> <span class='ocrx_word' id='word_1_1041' title='bbox 1314 2702 1355 2728; x_wconf 79' lang='grc' dir='ltr'>σοὶ</span> <span class='ocrx_word' id='word_1_1042' title='bbox 1371 2702 1420 2736; x_wconf 85' lang='grc' dir='ltr'>τὴν</span> <span class='ocrx_word' id='word_1_1043' title='bbox 1434 2702 1504 2729; x_wconf 87' lang='grc' dir='ltr'>κατά</span> <span class='ocrx_word' id='word_1_1044' title='bbox 1515 2702 1624 2735; x_wconf 74' lang='grc' dir='ltr'>πάντων</span> <span class='ocrx_word' id='word_1_1045' title='bbox 1635 2703 1723 2739; x_wconf 77' lang='grc' dir='ltr'>ἀρχὴν</span> <span class='ocrx_word' id='word_1_1046' title='bbox 1737 2704 1899 2739; x_wconf 84' lang='grc' dir='ltr'>ἐνεχείρισα’</span> 
     </span>
    </p>
   </div>
   <div class='ocr_carea' id='block_1_130' title="bbox 1059 2741 1901 2778">
    <p class='ocr_par' dir='ltr' id='par_1_130' title="bbox 1059 2741 1901 2778">
     <span class='ocr_line' id='line_1_130' title="bbox 1059 2741 1901 2778; baseline 0.001 -9"><span class='ocrx_word' id='word_1_1047' title='bbox 1059 2743 1116 2769; x_wconf 84' lang='grc' dir='ltr'>ἀλλ’</span> <span class='ocrx_word' id='word_1_1048' title='bbox 1131 2742 1225 2776; x_wconf 80' lang='grc' dir='ltr'>ἐπειδὴ</span> <span class='ocrx_word' id='word_1_1049' title='bbox 1243 2741 1292 2767; x_wconf 78' lang='grc' dir='ltr'>οὐκ</span> <span class='ocrx_word' id='word_1_1050' title='bbox 1305 2741 1414 2776; x_wconf 83' lang='grc' dir='ltr'>ἐχρήσω</span> <span class='ocrx_word' id='word_1_1051' title='bbox 1428 2742 1467 2773; x_wconf 89' lang='grc' dir='ltr'>εἰς</span> <span class='ocrx_word' id='word_1_1052' title='bbox 1483 2741 1542 2767; x_wconf 82' lang='grc' dir='ltr'>δέον</span> <span class='ocrx_word' id='word_1_1053' title='bbox 1556 2743 1588 2777; x_wconf 81' lang='grc' dir='ltr'>τῇ</span> <span class='ocrx_word' id='word_1_1054' title='bbox 1603 2743 1744 2778; x_wconf 73' lang='grc' dir='ltr'>ὁμοτιμία·</span> <span class='ocrx_word' id='word_1_1055' title='bbox 1761 2743 1805 2770; x_wconf 82' lang='grc' dir='ltr'>διὰ</span> <span class='ocrx_word' id='word_1_1056' title='bbox 1822 2743 1901 2770; x_wconf 82' lang='grc' dir='ltr'>τοῦτό</span> 
     </span>
    </p>
   </div>
   <div class='ocr_carea' id='block_1_131' title="bbox 1063 2780 1900 2817">
    <p class='ocr_par' dir='ltr' id='par_1_131' title="bbox 1063 2780 1900 2817">
     <span class='ocr_line' id='line_1_131' title="bbox 1063 2780 1900 2817; baseline 0.001 -8"><span class='ocrx_word' id='word_1_1057' title='bbox 1063 2791 1093 2809; x_wconf 88' lang='grc' dir='ltr'>σε</span> <span class='ocrx_word' id='word_1_1058' title='bbox 1107 2781 1251 2808; x_wconf 84' lang='grc' dir='ltr'>ὑποτάττω</span> <span class='ocrx_word' id='word_1_1059' title='bbox 1260 2780 1299 2815; x_wconf 80' lang='grc' dir='ltr'>τῷ</span> <span class='ocrx_word' id='word_1_1060' title='bbox 1306 2780 1394 2816; x_wconf 73' lang='grc' dir='ltr'>ἀνδρὶ,</span> <span class='ocrx_word' id='word_1_1061' title='bbox 1410 2780 1464 2807; x_wconf 76' lang='grc' dir='ltr'>Καὶ</span> <span class='ocrx_word' id='word_1_1062' title='bbox 1475 2781 1550 2815; x_wconf 73' lang='grc' dir='ltr'>πρὸς</span> <span class='ocrx_word' id='word_1_1063' title='bbox 1560 2782 1613 2808; x_wconf 73' lang='grc' dir='ltr'>τὸν</span> <span class='ocrx_word' id='word_1_1064' title='bbox 1623 2782 1718 2816; x_wconf 79' lang='grc' dir='ltr'>ἄνδρα</span> <span class='ocrx_word' id='word_1_1065' title='bbox 1727 2790 1785 2810; x_wconf 86' lang='grc' dir='ltr'>σου</span> <span class='ocrx_word' id='word_1_1066' title='bbox 1796 2783 1815 2817; x_wconf 79' lang='grc' dir='ltr'>η</span> <span class='ocrx_word' id='word_1_1067' title='bbox 1826 2783 1900 2810; x_wconf 79' lang='grc' dir='ltr'>ἀπο·</span> 
     </span>
    </p>
   </div>
   <div class='ocr_carea' id='block_1_132' title="bbox 1059 2819 1898 2857">
    <p class='ocr_par' dir='ltr' id='par_1_132' title="bbox 1059 2819 1898 2857">
     <span class='ocr_line' id='line_1_132' title="bbox 1059 2819 1898 2857; baseline 0.001 -10"><span class='ocrx_word' id='word_1_1068' title='bbox 1059 2820 1176 2855; x_wconf 72' lang='grc' dir='ltr'>στροφή</span> <span class='ocrx_word' id='word_1_1069' title='bbox 1185 2827 1255 2848; x_wconf 86' lang='grc' dir='ltr'>σου.</span> <span class='ocrx_word' id='word_1_1070' title='bbox 1267 2819 1316 2845; x_wconf 78' lang='grc' dir='ltr'>καὶ</span> <span class='ocrx_word' id='word_1_1071' title='bbox 1327 2819 1419 2852; x_wconf 82' lang='grc' dir='ltr'>αὐτός</span> <span class='ocrx_word' id='word_1_1072' title='bbox 1429 2826 1487 2847; x_wconf 88' lang='grc' dir='ltr'>σου</span> <span class='ocrx_word' id='word_1_1073' title='bbox 1497 2821 1659 2854; x_wconf 77' lang='grc' dir='ltr'>κυριεύσει.</span> <span class='ocrx_word' id='word_1_1074' title='bbox 1669 2821 1777 2857; x_wconf 80' lang='grc' dir='ltr'>Ἐπειδὴ</span> <span class='ocrx_word' id='word_1_1075' title='bbox 1787 2821 1898 2848; x_wconf 87' lang='grc' dir='ltr'>καταλι-</span> 
     </span>
    </p>
   </div>
   <div class='ocr_carea' id='block_1_133' title="bbox 1060 2858 1897 2895">
    <p class='ocr_par' dir='ltr' id='par_1_133' title="bbox 1060 2858 1897 2895">
     <span class='ocr_line' id='line_1_133' title="bbox 1060 2858 1897 2895; baseline -0.001 -7"><span class='ocrx_word' id='word_1_1076' title='bbox 1060 2861 1151 2888; x_wconf 79' lang='grc' dir='ltr'>ποῦσα</span> <span class='ocrx_word' id='word_1_1077' title='bbox 1163 2860 1210 2887; x_wconf 80' lang='grc' dir='ltr'>τὸν</span> <span class='ocrx_word' id='word_1_1078' title='bbox 1222 2858 1364 2894; x_wconf 85' lang='grc' dir='ltr'>ὁμότιμον,</span> <span class='ocrx_word' id='word_1_1079' title='bbox 1377 2859 1480 2887; x_wconf 77' lang='grc' dir='ltr'>καὶτὸν</span> <span class='ocrx_word' id='word_1_1080' title='bbox 1495 2860 1544 2895; x_wconf 86' lang='grc' dir='ltr'>τῆς</span> <span class='ocrx_word' id='word_1_1081' title='bbox 1561 2860 1645 2895; x_wconf 75' lang='grc' dir='ltr'>αὐτῆς</span> <span class='ocrx_word' id='word_1_1082' title='bbox 1661 2861 1702 2887; x_wconf 79' lang='grc' dir='ltr'>σοὶ</span> <span class='ocrx_word' id='word_1_1083' title='bbox 1718 2861 1825 2895; x_wconf 84' lang='grc' dir='ltr'>φύσεως</span> <span class='ocrx_word' id='word_1_1084' title='bbox 1839 2869 1897 2887; x_wconf 83' lang='grc' dir='ltr'>κοι-</span> 
     </span>
    </p>
   </div>
   <div class='ocr_carea' id='block_1_134' title="bbox 1095 2955 1893 2986">
    <p class='ocr_par' dir='ltr' id='par_1_134' title="bbox 1095 2955 1893 2986">
     <span class='ocr_line' id='line_1_134' title="bbox 1095 2955 1893 2986; baseline -0.008 -3"><span class='ocrx_word' id='word_1_1085' title='bbox 1095 2959 1106 2973; x_wconf 71' lang='grc' dir='ltr'>ε</span> <span class='ocrx_word' id='word_1_1086' title='bbox 1118 2957 1188 2983; x_wconf 81' lang='lat' dir='ltr'><strong>Colb.</strong></span> <span class='ocrx_word' id='word_1_1087' title='bbox 1201 2957 1242 2986; x_wconf 78' lang='grc' dir='ltr'>τὰς</span> <span class='ocrx_word' id='word_1_1088' title='bbox 1253 2957 1347 2985; x_wconf 82' lang='grc' dir='ltr'>ὠδῖνας.</span> <span class='ocrx_word' id='word_1_1089' title='bbox 1380 2955 1392 2976; x_wconf 76' lang='grc' dir='ltr'><em>δ</em></span> <span class='ocrx_word' id='word_1_1090' title='bbox 1406 2957 1447 2982; x_wconf 89' lang='lat' dir='ltr'>Sic</span> <span class='ocrx_word' id='word_1_1091' title='bbox 1459 2956 1514 2982; x_wconf 66' lang='grc' dir='ltr'>επ.</span> <span class='ocrx_word' id='word_1_1092' title='bbox 1530 2957 1614 2982; x_wconf 81' lang='lat' dir='ltr'><strong>Morel.</strong></span> <span class='ocrx_word' id='word_1_1093' title='bbox 1636 2959 1662 2981; x_wconf 76' lang='lat' dir='ltr'><strong>ct</strong></span> <span class='ocrx_word' id='word_1_1094' title='bbox 1682 2956 1765 2980; x_wconf 58' lang='lat' dir='ltr'>Monii.</span> <span class='ocrx_word' id='word_1_1095' title='bbox 1777 2956 1893 2986; x_wconf 74' lang='grc' dir='ltr'>ὀδυνῶν...</span> 
     </span>
    </p>
   </div>
   <div class='ocr_carea' id='block_1_135' title="bbox 1062 2985 1893 3021">
    <p class='ocr_par' dir='ltr' id='par_1_135' title="bbox 1062 2985 1893 3021">
     <span class='ocr_line' id='line_1_135' title="bbox 1062 2985 1893 3021; baseline -0.004 -9"><span class='ocrx_word' id='word_1_1096' title='bbox 1062 2989 1247 3021; x_wconf 72' lang='grc' dir='ltr'>διακοπτὸντων,</span> <span class='ocrx_word' id='word_1_1097' title='bbox 1259 2989 1333 3021; x_wconf 52' lang='lat' dir='ltr'>male7</span> <span class='ocrx_word' id='word_1_1098' title='bbox 1348 2987 1414 3021; x_wconf 76' lang='grc' dir='ltr'>Εοιτ.</span> <span class='ocrx_word' id='word_1_1099' title='bbox 1451 2989 1466 3021; x_wconf 22' lang='grc' dir='ltr'>ελ</span> <span class='ocrx_word' id='word_1_1100' title='bbox 1481 2989 1582 3017; x_wconf 78' lang='lat' dir='ltr'>Quidam</span> <span class='ocrx_word' id='word_1_1101' title='bbox 1595 2995 1661 3021; x_wconf 56' lang='grc' dir='ltr'>τηεν.</span> <span class='ocrx_word' id='word_1_1102' title='bbox 1676 2987 1740 3011; x_wconf 81' lang='grc' dir='ltr'>ἰδεῖν.</span> <span class='ocrx_word' id='word_1_1103' title='bbox 1773 2985 1796 3021; x_wconf 37' lang='grc' dir='ltr'>*ί</span> <span class='ocrx_word' id='word_1_1104' title='bbox 1809 2985 1893 3010; x_wconf 71' lang='lat' dir='ltr'>More}.</span> 
     </span>
    </p>
   </div>
   <div class='ocr_carea' id='block_1_136' title="bbox 1063 3019 1803 3051">
    <p class='ocr_par' dir='ltr' id='par_1_136' title="bbox 1063 3019 1803 3051">
     <span class='ocr_line' id='line_1_136' title="bbox 1063 3019 1803 3051; baseline -0.005 -7"><span class='ocrx_word' id='word_1_1105' title='bbox 1063 3021 1077 3048; x_wconf 86' lang='grc' dir='ltr'><strong>ἡ</strong></span> <span class='ocrx_word' id='word_1_1106' title='bbox 1087 3020 1152 3049; x_wconf 82' lang='grc' dir='ltr'>γυνή.</span> <span class='ocrx_word' id='word_1_1107' title='bbox 1167 3020 1212 3044; x_wconf 77' lang='grc' dir='ltr'>Καὶ</span> <span class='ocrx_word' id='word_1_1108' title='bbox 1224 3020 1267 3051; x_wconf 77' lang='grc' dir='ltr'>γὰρ</span> <span class='ocrx_word' id='word_1_1109' title='bbox 1277 3020 1345 3048; x_wconf 73' lang='grc' dir='ltr'>αὐτή.</span> <span class='ocrx_word' id='word_1_1110' title='bbox 1380 3020 1392 3039; x_wconf 72' lang='grc' dir='ltr'><strong>ε</strong></span> <span class='ocrx_word' id='word_1_1111' title='bbox 1406 3019 1507 3048; x_wconf 75' lang='lat' dir='ltr'>Quidam</span> <span class='ocrx_word' id='word_1_1112' title='bbox 1520 3025 1576 3043; x_wconf 66' lang='lat' dir='ltr'>mas.</span> <span class='ocrx_word' id='word_1_1113' title='bbox 1590 3019 1706 3044; x_wconf 58' lang='grc' dir='ltr'>ἀνέστησε</span> <span class='ocrx_word' id='word_1_1114' title='bbox 1717 3019 1803 3047; x_wconf 67' lang='grc' dir='ltr'>φυγεῖν.</span> 
     </span>
    </p>
   </div>
  </div>
