2060 3122
181 149 233 177 MS

181 211 206 234 et
220 205 298 239 cujus
319 209 420 233 naturae
434 204 582 240 particeps,
603 209 630 232 et
644 209 752 240 propter
765 213 845 240 quem
859 204 972 232 formata

182 260 227 285 es,
242 251 451 279 familiaritatem
466 258 526 278 eum
540 255 665 286 serpente
688 251 756 278 mala
771 251 813 278 illa
827 251 911 279 bestia
927 251 973 278 ha-

183 298 246 325 bere
258 318 266 329 ,
290 301 318 324 et
332 297 390 332 ejus
404 296 525 331 accipere
539 296 677 324 consilium
691 297 796 324 voluisti
812 305 818 323 :
835 302 975 332 propterea

183 343 295 376 posthac
308 342 344 369 illi
359 345 384 369 te
397 341 520 376 subjicio,
534 345 562 369 et
576 341 650 369 illum
663 341 800 369 dominum
815 346 889 369 tuum
903 349 977 369 asse-

184 395 230 419 ro,
254 392 284 414 ut
305 387 376 414 illius
399 387 500 414 scilicet
520 386 668 414 dominium
691 394 819 423 agnoscas
841 396 848 414 :
868 392 895 415 et
915 389 975 423 quia

185 433 320 460 Itescivisti
345 432 495 467 imperare,
519 433 591 460 disce
617 432 684 461 bene
708 440 812 468 parere.
835 433 874 460 Ad
897 434 976 460 cirum

184 478 256 506 enim
273 483 342 504 tuum
354 498 362 511 ,
380 478 474 513 inquit,
488 479 616 505 conversio
630 483 673 505 tua
683 499 691 511 ,
707 483 730 506 et
742 479 796 514 ipse
808 479 978 506 dominabitur

187 524 233 550 tui.
249 523 339 551 Melius
354 528 394 551 est
408 528 435 551 ut
453 528 481 551 tu
500 524 550 551 sub
564 524 610 552 illo
624 524 678 557 sis,
702 529 729 552 et
749 525 822 552 illum
840 524 976 552 dominum

189 569 296 602 habeas,
318 577 397 604 quam
421 570 505 597 libere
527 574 554 598 et
573 578 634 598 cum
658 575 789 605 potestate
814 571 904 599 vivens
930 580 978 607 per

185 615 330 650 praecipitia
344 614 447 642 feraris.
461 615 527 642 Nam
542 619 570 643 et
583 623 652 651 equo
665 617 754 644 utilius
766 622 807 645 est
821 618 895 645 freno
910 618 975 653 regi,

185 665 211 688 et
225 661 373 695 composite
386 662 528 697 progredi,
545 670 624 697 quam
639 663 697 691 sine
711 663 758 690 illo
773 671 819 698 per
832 664 977 699 prmcipitia

186 705 258 733 ferri.
277 707 367 742 Itaque
381 707 555 735 considerans
568 707 630 742 quid
649 708 695 735 tibi
710 709 744 736 sit
758 709 821 736 utile
831 729 838 743 ,
852 709 886 736 ad
901 709 976 737 illum

186 758 212 781 te
223 753 321 781 habere
332 753 393 781 νυιο
405 753 607 781 conversionem
620 763 626 781 :
641 754 709 782 sicut
719 755 838 790 corporis
849 760 890 783 est
899 760 978 790 caput

185 800 270 835 sequi,
287 804 313 827 et
327 800 475 827 dominium
490 800 548 835 ejus
560 801 677 828 suaviter
689 809 842 836 agnoscere.
856 802 918 830 Scio
930 810 978 830 vos

185 845 318 873 dictorum
329 846 406 881 copia
421 846 523 881 fatigari
537 854 543 879 ;
558 846 604 874 sed
616 847 768 874 excitemini
782 847 976 882 aliquantulum

184 899 249 924 oro,
264 899 299 920 ne
314 892 499 927 imperfectum
521 892 651 928 judicium
673 893 856 928 relinquamus
866 914 874 928 ,
891 903 978 930 neque

185 938 278 966 relicto
298 938 386 966 adhuc
406 938 497 973 judico
515 939 628 967 sedente
641 939 808 968 discedamus
823 949 830 968 ε
845 941 976 976 siquidem

183 982 268 1010 ferme
284 983 316 1010 ad
331 983 410 1010 ﬁnem
427 985 606 1018 pervenimus.

219 1029 245 1056 9.
267 1028 410 1056 Videamus
431 1029 521 1065 itaque
542 1031 606 1066 quid
626 1036 686 1066 post
706 1037 857 1059 sermonem
871 1032 975 1060 mulieri

183 1074 301 1108 factum,
327 1075 385 1103 viro
408 1076 498 1109 dicat,
523 1082 550 1104 et
572 1085 650 1112 quam
676 1078 712 1105 illi
736 1085 842 1113 poenam
865 1078 974 1114 inﬁigat.

187 1121 229 1148 Π.
247 1121 310 1148 Ades
323 1127 406 1149 autem
420 1122 485 1149 dia-it
497 1130 507 1149 :
519 1123 586 1156 Quia
606 1124 700 1150 audisti
713 1132 796 1151 vocem
815 1124 901 1152 uxoris
918 1131 978 1157 tum,

181 1171 205 1193 ct
218 1167 350 1194 comedisti
368 1168 399 1194 de
413 1167 482 1204 ligno
492 1189 499 1201 ,
523 1169 554 1196 de
575 1178 626 1205 quo
644 1170 761 1197 mandavi
776 1170 820 1197 tibi
831 1191 840 1204 ,
863 1176 890 1198 ut
903 1179 934 1198 ea:
947 1179 976 1198 eo

180 1215 238 1240 sola
251 1222 301 1242 non
322 1215 448 1248 tantalus,
471 1215 503 1242 de
524 1216 569 1242 illo
592 1217 648 1251 ipso
670 1217 821 1249 contulisti;
843 1218 976 1245 maledicta

181 1264 250 1286 terra
263 1260 288 1286 in
302 1260 419 1295 operibus
431 1261 491 1287 tuis.
507 1261 540 1288 In
551 1262 671 1289 aarumm's
683 1262 797 1290 comedas
811 1262 882 1290 illam
894 1264 977 1290 omni—

182 1304 230 1332 bus
239 1305 326 1332 diebus
336 1306 393 1333 vita:
402 1310 462 1333 tute.
476 1305 520 1334 18.
533 1306 630 1341 Spinas
642 1311 665 1335 et
677 1307 780 1334 tribulos
791 1308 835 1334 tibi
844 1308 974 1342 producet,

180 1355 206 1377 et
219 1351 333 1378 comedes
345 1352 441 1386 fenum
454 1353 520 1388 agri.
537 1352 580 1379 19.
592 1351 626 1379 In
639 1352 732 1380 sudore
743 1354 817 1388 faciei
832 1359 882 1381 tua:
894 1363 976 1381 vesce-

180 1396 216 1423 ris
231 1404 297 1431 pane
313 1401 356 1424 tuo
368 1417 376 1430 ,
399 1397 479 1424 donec
500 1398 631 1426 revertaris
654 1402 681 1425 lu
702 1399 729 1425 in
743 1404 851 1433 terram,
873 1399 905 1427 de
925 1408 975 1434 qua

180 1447 296 1477 suntptus
308 1451 334 1469 es
346 1451 356 1469 :
370 1443 430 1479 quia
444 1448 511 1471 terra
520 1452 556 1478 es,
572 1448 595 1471 et
607 1445 634 1471 in
647 1448 740 1472 terram
752 1445 841 1473 abibis.
857 1446 973 1473 Plurima

180 1492 208 1514 et
223 1488 366 1516 ineﬁ‘abilis
380 1489 463 1517 etiam
477 1489 528 1516 hoc
541 1489 600 1517 loco
614 1490 763 1518 ostenditur
775 1491 879 1518 Domini
892 1492 899 1507 ‘
911 1500 973 1527 erga

181 1535 317 1561 hominem
334 1535 499 1570 providentia
513 1540 540 1564 et
553 1543 615 1563 cura
630 1545 637 1563 ε
652 1536 698 1564 sed
712 1537 850 1564 audiamus
862 1537 974 1572 diligen-

180 1586 222 1608 ter
244 1580 452 1616 unumquodque
473 1581 617 1609 dictorum.
633 1582 696 1609 Atla:
709 1588 792 1610 autent
805 1583 870 1610 dixit
884 1591 893 1610 :
908 1583 974 1616 Quia

179 1627 273 1654 audisti
286 1635 371 1654 uocem
385 1628 470 1654 uxoris
483 1632 541 1660 tusc,
555 1632 578 1654 et
589 1628 720 1655 conrodiin
733 1629 765 1655 de
777 1629 845 1664 ligno
856 1649 863 1662 ,
879 1629 910 1656 de
922 1638 973 1665 quo

181 1683 350 1709 praeceperant
371 1674 426 1708 tibi,
450 1679 476 1701 ut
491 1683 522 1702 ex
535 1683 565 1702 eo
577 1675 632 1702 solo
654 1683 704 1702 non
725 1675 857 1708 comedas,
878 1676 909 1703 de
928 1676 973 1704 illo

179 1721 235 1754 ipso
253 1720 393 1748 comedisti.
410 1720 540 1754 Quoniam
552 1742 559 1754 ,
582 1721 686 1756 inquit,
709 1721 809 1749 audisti
832 1722 971 1749 mulierem

179 1771 262 1799 tuam,
279 1771 307 1794 et
318 1766 457 1794 comedisti
472 1767 505 1794 de
521 1767 592 1802 ligno
603 1788 610 1800 ,
633 1771 660 1795 et
673 1768 812 1795 consilium
826 1767 898 1796 illius
912 1776 973 1796 meo

178 1813 306 1840 Inandaio
319 1813 402 1848 pluris
418 1813 521 1846 fecisti,
536 1818 563 1841 et
575 1814 683 1841 uoluisti
697 1814 732 1841 ab
744 1815 825 1842 unico
838 1815 889 1843 hoc
901 1815 972 1850 ligno

179 1859 323 1892 abstinere,
346 1859 380 1886 de
401 1866 454 1893 quo
469 1859 527 1886 solo
541 1860 656 1894 praecepi
679 1860 725 1887 tibi
747 1867 780 1887 ne
794 1860 949 1889 comederes
964 1871 970 1888 :

179 1911 242 1931 unm
264 1904 311 1932 tibi
331 1904 449 1939 pmcepi
469 1909 498 1932 ut
518 1912 533 1931 δ
554 1904 646 1932 multis
665 1905 836 1933 abstineresY
855 1906 896 1934 Ab
916 1914 971 1934 uno

177 1949 246 1982 solo,
259 1953 287 1977 et
301 1957 387 1984 neque
401 1950 435 1978 ab
450 1950 497 1977 illo
511 1950 676 1982 abstinuisti,
689 1950 736 1978 sed
749 1950 848 1978 oblitus
861 1951 968 1979 manda-

180 2000 268 2023 torum
290 2003 410 2023 meorum
423 2017 431 2029 ,
456 1995 562 2023 mulieri
585 1995 797 2031 obtemperasti:
820 1996 919 2025 idcirco
940 2005 971 2024 re

176 2042 234 2076 ipsa
248 2041 336 2069 disces
345 2062 353 2075 ,
367 2047 494 2077 quantum
509 2042 608 2069 malum
621 2042 659 2070 sis
676 2047 810 2077 operatus.

216 2087 314 2115 Uxores
326 2088 386 2114 viris
400 2095 487 2121 parere
500 2087 599 2114 debent.
613 2103 648 2108 —
662 2088 776 2116 Audiam
788 2088 848 2121 viri,
860 2089 969 2116 audiant

179 2133 322 2167 mulieres,
337 2139 365 2161 et
380 2134 418 2160 illi
431 2133 539 2168 quidem
550 2155 557 2167 ,
573 2137 602 2161 ut
614 2141 648 2161 nc
662 2133 748 2162 ferant
760 2141 806 2162 eas
821 2135 888 2162 mala
903 2143 969 2163 con-

178 2180 315 2212 sulentes;
336 2179 378 2206 hae
398 2183 499 2212 autem,
521 2184 551 2206 ut
570 2187 605 2207 ne
619 2179 680 2206 talia
701 2180 852 2207 consulant.
866 2180 932 2208 Nam
946 2181 969 2208 si

176 2225 222 2251 hic
234 2225 313 2259 culpa
327 2225 355 2252 in
369 2225 507 2252 mulierem
530 2225 627 2259 rejecta
637 2245 645 2258 ,
662 2224 761 2253 nullam
776 2226 879 2253 veniam
894 2234 969 2254 asse-

177 2275 274 2305 quutus
294 2274 354 2302 est,
376 2270 481 2305 qualem
503 2270 564 2305 quis
582 2269 693 2297 haberet
707 2271 810 2298 veniam
823 2292 831 2304 ,
853 2271 968 2299 dicens:

178 2316 291 2350 Propter
304 2323 413 2343 urerent
429 2316 481 2344 hoe
492 2320 520 2343 et
533 2315 586 2343 hoc
608 2316 713 2350 peccavi
725 2337 732 2348 ,
755 2321 783 2344 et
804 2316 854 2345 hoc
872 2322 900 2346 et
919 2317 970 2345 hoc

176 2362 249 2389 ieci?
271 2361 310 2388 Ea
332 2362 403 2389 enim
416 2361 451 2389 de
470 2369 550 2388 causa
567 2361 616 2389 sub
631 2366 674 2388 tua
689 2366 821 2396 potestate
835 2362 903 2390 facta
917 2367 967 2396 est,

176 2412 204 2434 et
218 2406 343 2434 dominus
357 2407 416 2441 ejus
436 2407 624 2442 pronuntiatus
642 2414 689 2440 es,
707 2411 735 2434 ut
747 2408 790 2435 illa
806 2408 850 2435 tibi
865 2413 966 2443 pareat,

177 2458 203 2480 ct
219 2460 272 2480 non
292 2457 372 2486 caput
386 2453 466 2487 pedes
487 2457 621 2488 sequatur.
638 2452 734 2480 Verum
750 2461 802 2480 non
821 2461 882 2480 raro
894 2454 968 2482 videv

174 2505 236 2524 mus
258 2498 421 2525 contrarium
443 2505 491 2525 usu
514 2498 642 2532 evenire,
664 2504 692 2526 ut
716 2499 739 2527 is
753 2499 798 2534 qui
814 2506 862 2527 suo
875 2500 969 2528 ordine

176 2548 256 2578 caput
269 2551 329 2571 esse
341 2544 462 2577 deberet,
476 2552 562 2579 neque
576 2544 671 2579 pedum
684 2545 805 2573 ordinem
817 2551 905 2573 servet
920 2555 926 2573 :
941 2551 969 2574 et

173 2595 205 2615 ea
230 2597 290 2623 qua:
306 2590 333 2616 in
355 2589 453 2624 pedum
477 2590 536 2617 loco
558 2595 608 2623 est,
631 2591 657 2617 in
679 2595 759 2625 caput
779 2592 966 2619 constituatur.

168 2634 273 2662 idcirco
292 2638 320 2661 et
340 2634 435 2662 beatus
450 2635 548 2662 Paulus
570 2635 697 2670 magister
715 2637 788 2663 orbis
810 2637 866 2663 haec
879 2637 967 2664 omnia

172 2680 321 2715 prazvidens
336 2701 344 2713 ,
361 2679 494 2708 clamabat
507 2689 512 2707 :
529 2680 602 2708 Unde
616 2689 723 2715 uanique
737 2681 785 2708 scis
807 2682 897 2708 mulier
911 2703 918 2715 ,
934 2691 968 2709 au

174 2722 256 2748 cirum
270 2724 310 2750 sis
328 2726 458 2752 salvatura
469 2726 482 2752 1’
503 2730 547 2752 aut
561 2726 603 2759 qui
625 2726 674 2752 scis
688 2726 725 2752 vir
736 2746 744 2759 ,
766 2735 799 2753 an
813 2735 916 2754 uxorem
932 2728 968 2755 sis

170 2768 323 2797 salvaturus
340 2770 380 2803 (ι.
394 2771 454 2798 Cor.
469 2772 494 2798 7.
509 2771 544 2799 16
555 2771 587 2806 )‘i
602 2771 790 2799 Verumtamen
804 2772 851 2798 viri
865 2777 922 2806 est,
939 2777 967 2800 ut

203 2865 213 2880 λ
222 2863 252 2888 ω
263 2862 412 2892 quihusdam
421 2863 478 2889 Mss.
487 2871 543 2893 vox,
551 2860 647 2888 Domini
660 2860 711 2892 (τοῦ
727 2862 958 2894 Δεσπότηυ),ύυεει.

731 147 763 175 ΙΝ
783 147 857 176 CAP.
879 147 923 175 Ill.
943 147 1064 176 GENES.
1085 147 1198 175 IIOMIL.
1220 147 1301 175 XVII.

1767 151 1819 180 HG

1030 204 1149 240 diligenti
1173 213 1254 240 opera
1280 205 1349 233 male
1371 206 1554 235 consulentem
1577 208 1708 244 repellat.
1725 210 1819 237 mulier

1031 258 1094 277 vero
1109 258 1215 285 semper
1236 251 1262 278 in
1280 251 1408 279 memoria
1422 251 1535 279 retineat
1549 254 1706 288 supplicium
1720 276 1726 287 ,
1749 256 1819 290 quod

1031 295 1094 322 Eva:
1113 295 1256 331 irrogatum
1272 301 1329 329 est,
1351 305 1412 332 qua:
1434 297 1585 332 pestiferum
1602 299 1666 326 illud
1680 301 1819 328 consilium

1031 341 1087 368 viro
1102 346 1269 376 suggesserat
1285 351 1292 369 :
1309 350 1343 369 ue
1364 341 1462 370 audeat
1478 343 1537 370 talia
1553 344 1694 372 consulere
1705 366 1712 379 ,
1735 354 1822 381 neque

1031 386 1148 414 imitetur
1168 386 1251 414 Evam
1266 396 1272 414 :
1289 387 1336 415 sed
1359 386 1428 415 illius
1451 390 1573 424 exemplo
1589 390 1744 424 prudentior
1764 391 1819 424 ﬁat,

1030 437 1057 460 et
1073 433 1134 460 talia
1148 433 1279 466 consulat,
1292 441 1351 468 qum
1365 434 1449 469 ipsam
1464 439 1490 462 et
1504 435 1589 462 virum
1605 435 1675 463 omni
1692 436 1821 471 supplicio

1031 479 1173 506 liheralura
1196 479 1258 506 sint.
1276 479 1358 506 Porro
1373 480 1406 507 ad
1423 480 1570 508 institutum
1594 481 1743 509 redeamus.
1761 482 1823 510 Atla:

1031 528 1113 551 autem
1127 525 1190 551 dixit
1206 524 1274 552 Deus
1293 533 1302 552 :
1317 526 1383 559 Quia
1405 526 1498 553 audisti
1513 535 1595 553 uocem
1617 527 1703 554 uxoris
1718 532 1783 560 luas,
1800 533 1824 556 ot

1030 569 1160 598 consedisti
1174 571 1205 597 de
1227 570 1296 606 ligno
1307 592 1314 604 ,
1338 571 1368 598 de
1382 580 1431 606 quo
1445 572 1553 607 prwcepi
1574 572 1619 599 tibi
1637 572 1668 599 de
1681 581 1710 600 eo
1724 573 1778 600 solo
1794 582 1824 601 ne

1030 615 1190 648 contedcres,
1212 616 1244 643 de
1266 617 1311 643 illo
1332 617 1387 651 ipso
1403 617 1541 644 comedisti.
1563 617 1710 652 Quoniam,
1727 618 1823 654 inquit,

1031 665 1084 688 tam
1098 662 1234 698 negligens
1248 663 1319 690 fuisti
1335 663 1360 690 in
1374 663 1538 691 observando
1554 663 1677 692 mandato
1690 672 1761 698 meo,
1777 673 1823 692 ue-

1030 715 1082 742 que
1097 708 1177 735 timor
1192 712 1217 735 te
1230 709 1358 742 coercuit,
1374 716 1459 744 neque
1474 709 1629 744 praecedens
1642 710 1824 738 intermiuauo

1030 753 1190 782 calamitatis
1204 762 1278 781 esum
1303 760 1507 789 consequuturos
1524 755 1570 783 tibi
1593 756 1735 792 quidquam
1759 764 1822 791 pro-

1031 799 1089 833 fuit,
1103 800 1151 828 sed
1165 801 1190 827 in
1206 805 1305 828 tantam
1320 802 1463 837 nequitiam
1478 802 1633 837 pervenisti,
1650 807 1678 830 ut
1691 810 1777 838 neque
1790 803 1823 830 a‘b

1031 846 1110 873 unico
1123 845 1174 874 hoc
1188 846 1259 881 ligno
1273 847 1318 875 tibi
1334 848 1534 883 temperaveris,
1550 849 1655 876 tatnetsi
1667 853 1707 877 tot
1721 854 1748 877 et
1763 854 1822 877 tati-

1031 891 1065 918 tis
1080 891 1127 918 tibi
1142 891 1193 919 frui
1208 892 1299 920 licerct
1314 901 1321 920 :
1338 893 1398 921 idco
1412 893 1548 921 Maledicta
1561 895 1607 922 erit
1621 901 1687 922 terra
1701 895 1727 922 in
1739 896 1823 929 operi-

1031 937 1076 963 bus
1096 937 1156 964 tuis.
1176 938 1240 966 Vide
1262 938 1451 974 benignitatem
1468 940 1569 968 Domini
1582 961 1589 973 ,
1612 941 1746 975 quomodo
1766 949 1823 969 ser-

1031 987 1136 1016 pentem
1153 984 1247 1018 punit,
1272 985 1404 1020 quomodo
1428 986 1492 1013 item
1515 991 1542 1013 et
1567 986 1696 1014 rationale
1713 987 1819 1014 animai.

1030 1027 1068 1056 llli
1093 1029 1164 1056 enim
1186 1029 1253 1058 dixit
1269 1039 1275 1057 :
1291 1029 1443 1058 Maledicta:
1464 1036 1491 1057 tu
1512 1032 1543 1059 de
1562 1036 1629 1059 terra
1647 1040 1657 1059 :
1672 1032 1714 1059 hic
1733 1037 1822 1060 autem

1031 1082 1082 1101 non
1098 1075 1154 1108 sic;
1179 1075 1226 1103 sed
1240 1076 1324 1110 quid?
1339 1076 1476 1104 Maledicta
1495 1082 1562 1104 terra
1582 1078 1608 1104 iu
1621 1077 1738 1113 operibus
1760 1078 1819 1106 tuis.

1031 1119 1062 1147 Et
1078 1120 1183 1147 merito.
1200 1120 1265 1147 Nam
1280 1122 1341 1156 quia
1358 1126 1466 1157 propter
1477 1122 1612 1150 hominem
1625 1123 1753 1157 producta
1765 1128 1820 1155 est.

1029 1170 1058 1193 ut
1073 1166 1118 1194 ille
1143 1171 1232 1201 posset
1255 1166 1306 1194 frui
1333 1167 1365 1195 iis
1381 1175 1440 1202 qua:
1464 1175 1498 1195 ex
1524 1175 1554 1196 ea
1577 1173 1722 1196 nascuntur
1738 1178 1745 1196 :
1761 1169 1821 1196 ideo

1029 1211 1125 1238 iterum
1149 1215 1258 1248 propter
1279 1212 1414 1240 hominem
1440 1217 1592 1248 peccantem
1614 1213 1782 1241 maledictum
1797 1214 1821 1241 ei

1029 1255 1128 1283 inditur
1145 1266 1151 1284 :
1166 1257 1228 1292 quia
1250 1257 1420 1285 maledictum
1441 1263 1519 1285 terrm
1538 1258 1681 1292 eveuicns,
1705 1258 1821 1286 hominis

1027 1302 1164 1330 securitati
1180 1303 1303 1338 et-quieti
1316 1304 1403 1337 obest,
1422 1303 1577 1336 Maledicta,
1593 1304 1696 1340 inquit,
1714 1305 1820 1332 terrain

1028 1348 1144 1383 operibus
1159 1349 1217 1375 tuis.
1234 1348 1302 1376 Exin
1318 1353 1346 1376 ut
1365 1349 1500 1376 discamus
1521 1348 1584 1384 quid
1599 1349 1653 1383 sit,
1673 1349 1819 1380 Maledicta.

1027 1393 1116 1420 subdit
1131 1402 1137 1419 :
1151 1392 1183 1420 In
1198 1393 1326 1421 doloribus
1339 1394 1454 1421 comede:
1468 1402 1524 1421 eam
1537 1394 1651 1422 omnibus
1665 1394 1751 1422 diebus
1764 1395 1821 1422 vita:

1027 1443 1087 1466 tum.
1101 1438 1165 1466 Vide
1177 1447 1389 1474 unamquamque
1399 1447 1505 1474 pmnam
1518 1440 1545 1467 in
1559 1440 1656 1467 smcula
1668 1439 1819 1472 durantem,

1027 1489 1056 1512 ut
1071 1493 1122 1512 non
1139 1485 1224 1512 Solum
1245 1485 1297 1513 illis
1312 1485 1337 1513 id
1352 1486 1416 1513 utile
1431 1485 1481 1518 sit,
1503 1485 1549 1514 sed
1564 1489 1597 1513 et'
1605 1486 1704 1521 posteri
1724 1484 1818 1513 iisdem

1027 1530 1106 1558 rebus
1119 1530 1281 1564 doceantur,
1299 1531 1369 1558 unde
1390 1531 1443 1558 illis
1466 1530 1524 1558 haec
1542 1530 1670 1566 supplicia
1693 1536 1755 1558 sunt
1778 1531 1813 1558 iu-

1027 1581 1101 1604 vccta
1119 1586 1126 1604 :
1145 1576 1178 1604 In
1199 1577 1347 1612 doloribus,
1371 1577 1470 1612 inquit,
1493 1576 1607 1604 comedes
1627 1584 1683 1604 eam
1704 1577 1818 1604 omnibus

1026 1623 1113 1651 diebus
1126 1624 1183 1650 vita:
1197 1629 1256 1651 ιιιω.
1280 1623 1374 1651 Postea
1397 1623 1549 1658 diligentius
1563 1622 1662 1650 docens
1684 1622 1817 1650 maledicti

1025 1669 1142 1705 speciem
1156 1673 1183 1697 et
1196 1669 1298 1697 doloris
1310 1677 1430 1703 causam,
1445 1668 1535 1696 subdit
1548 1677 1555 1696 :
1569 1669 1665 1704 Spinas
1678 1672 1700 1695 et
1713 1668 1818 1695 tribulos

1027 1715 1070 1741 tibi
1085 1715 1215 1749 producet.
1231 1715 1301 1742 Ecce
1313 1714 1446 1742 maledicti
1467 1715 1638 1742 mauimenta.
1656 1714 1760 1749 Spinas,
1775 1714 1818 1741 in-

1025 1760 1082 1795 quit
1094 1781 1101 1793 ,
1116 1764 1144 1788 et
1158 1760 1270 1787 tribulos
1290 1760 1407 1795 proferet
1426 1764 1496 1788 terra
1510 1769 1517 1787 :
1535 1760 1623 1795 itaque
1637 1759 1727 1787 multis
1741 1759 1817 1787 labo-

1024 1806 1097 1834 ribus
1111 1811 1137 1834 et
1151 1806 1279 1834 aerumnis
1297 1806 1460 1841 operandum
1483 1806 1549 1838 tibi,
1565 1810 1591 1834 et
1604 1805 1676 1832 omni
1698 1810 1817 1840 tempore

1024 1859 1084 1879 cum
1100 1851 1204 1879 tristitia
1223 1852 1311 1879 vivere
1333 1856 1359 1879 te
1379 1851 1494 1885 curabo,
1517 1855 1546 1878 ut
1568 1851 1621 1878 hoc
1642 1850 1690 1878 tibi
1714 1851 1815 1878 frenum

1024 1897 1068 1929 sit,
1083 1904 1117 1924 ne
1129 1896 1192 1931 quid
1205 1904 1284 1932 supra
1296 1896 1451 1931 dignitatem
1466 1895 1500 1923 de
1515 1900 1540 1923 te
1552 1896 1651 1923 sentias
1667 1905 1674 1923 :
1690 1896 1736 1924 sed
1752 1903 1815 1923 con-

1023 1943 1098 1970 tinuo
1112 1943 1213 1978 cogites
1227 1948 1300 1970 tuam
1325 1942 1408 1978 ipsius
1428 1941 1602 1969 substantiam
1616 1962 1623 1974 ,
1647 1949 1733 1976 neque
1746 1941 1816 1968 feras

1024 1993 1052 2016 ut
1066 1988 1177 2024 posthac
1193 1989 1232 2016 sic
1244 1988 1395 2022 decipiaris.
1411 1987 1445 2015 Et
1459 1987 1572 2015 comedes
1585 1989 1679 2022 [mnum
1693 1987 1758 2021 agri.
1781 1986 1814 2012 In

1023 2035 1117 2062 sudore
1135 2034 1209 2070 [aciei
1221 2039 1272 2061 tua;
1286 2034 1390 2061 vesceris
1410 2041 1474 2068 pane
1487 2038 1540 2060 tuo.
1560 2031 1748 2060 Animadverte
1761 2039 1814 2066 quo

1022 2085 1100 2115 pacto
1115 2084 1174 2114 post
1194 2079 1400 2107 iuobedientiam
1412 2078 1503 2106 omnia
1524 2077 1686 2112 contigerint
1707 2080 1814 2104 contra-

1019 2126 1059 2153 ria
1076 2125 1157 2160 priori
1171 2125 1232 2153 vita:
1247 2124 1403 2153 conditioni.
1420 2124 1474 2159 Ego
1488 2123 1593 2156 quidem
1604 2143 1612 2157 ,
1628 2122 1716 2157 inquit
1729 2143 1736 2155 ,
1753 2129 1814 2149 cum

1023 2171 1048 2198 in
1065 2171 1136 2198 hunc
1150 2175 1176 2198 te
1191 2170 1318 2197 mundum
1335 2169 1458 2205 produxi,
1469 2168 1592 2195 volebam
1606 2172 1632 2195 te
1642 2167 1738 2203 degere
1752 2167 1815 2195 abs-

1021 2224 1073 2251 que
1086 2215 1233 2248 doloribus,
1248 2215 1398 2246 laboribus,
1413 2213 1555 2242 sudoribus
1566 2234 1573 2246 ,
1586 2217 1613 2240 et
1627 2212 1753 2240 :crumnis
1764 2233 1772 2246 ,
1788 2217 1814 2240 et

1021 2261 1095 2289 ouiui
1115 2261 1241 2289 felicitate
1259 2260 1322 2293 frui,
1343 2267 1430 2295 neque
1451 2259 1634 2294 corporalibus
1649 2258 1814 2287 necessitati-

1022 2307 1071 2334 hus
1085 2306 1230 2334 obnoxium
1249 2313 1308 2333 esse
1318 2326 1326 2339 ,
1342 2304 1388 2332 sed
1403 2304 1436 2331 ab
1448 2303 1573 2331 omnibus
1588 2303 1641 2330 illis
1657 2310 1769 2330 vacuum
1787 2302 1812 2329 in

1021 2352 1094 2379 omni
1119 2351 1240 2379 libertate
1261 2349 1371 2378 versari.
1394 2349 1460 2382 Quia
1480 2355 1545 2376 vero
1562 2355 1620 2375 .non
1643 2347 1742 2382 profuit
1767 2347 1812 2375 tibi

1023 2401 1095 2425 tanta
1111 2398 1249 2428 securitas,
1263 2400 1406 2430 carropler
1419 2399 1445 2422 et
1458 2398 1536 2421 terrm
1550 2392 1717 2425 maledicam,
1735 2393 1768 2418 ita
1785 2397 1813 2418 ut

1021 2444 1122 2479 absque
1136 2444 1239 2470 satione
1251 2447 1278 2469 et
1292 2442 1411 2469 aratione
1424 2448 1476 2468 nou
1496 2437 1609 2474 proferat
1624 2445 1686 2465 suos
1701 2438 1812 2470 fructus,

1021 2489 1089 2517 sicut
1103 2492 1180 2516 antea
1197 2496 1203 2514 :
1220 2487 1267 2515 sed
1282 2493 1309 2515 et
1321 2494 1382 2514 cum
1398 2486 1483 2513 multo
1503 2484 1593 2511 labore
1604 2504 1611 2516 ,
1626 2483 1755 2510 tuolestiis
1765 2503 1772 2514 ,
1785 2486 1813 2509 et

1022 2535 1159 2568 :erumnis,
1171 2533 1285 2562 afﬁciam
1298 2538 1323 2560 te
1336 2532 1482 2564 doloribus,
1496 2535 1523 2557 et
1535 2529 1668 2557 continuis
1680 2527 1812 2563 fatigatio.

1022 2582 1100 2609 nibus
1114 2590 1120 2608 :
1136 2580 1249 2609 efﬁciam
1267 2580 1329 2607 item
1343 2583 1372 2606 ut
1386 2577 1451 2604 nihil
1470 2582 1627 2612 promoveas
1645 2574 1746 2609 absque
1765 2582 1811 2601 su-

1020 2628 1147 2660 doribus;
1172 2631 1201 2654 ut
1224 2626 1266 2653 his
1288 2624 1462 2655 exercitatus,
1485 2626 1640 2657 perpetuam
1663 2621 1812 2648 doctrinam

1022 2674 1119 2702 habeas
1129 2671 1359 2707 modesteagendi,
1370 2675 1494 2703 tuamque
1510 2669 1591 2703 ipsius
1603 2672 1723 2694 naturam
1733 2674 1811 2702 agito-

1020 2720 1121 2747 soendi.
1138 2718 1292 2754 Ncquehoc
1305 2716 1337 2744 ad
1349 2715 1521 2743 modicumet
1535 2714 1614 2741 brere
1630 2718 1735 2748 tempus
1749 2712 1810 2742 erit,

1020 2765 1065 2793 sed
1079 2765 1152 2793 omni
1168 2769 1286 2799 tempore
1296 2762 1357 2790 vita:
1368 2760 1474 2789 durabit
1486 2769 1493 2788 :
1508 2759 1537 2786 In
1550 2759 1642 2786 sudore
1654 2759 1723 2786 enim
1737 2757 1810 2792 faciti

1019 2818 1070 2840 lltw
1082 2811 1186 2839 vesceris
1207 2818 1272 2845 pane
1286 2815 1347 2842 tuo,
1362 2808 1440 2835 donec
1462 2806 1593 2834 revertaris
1616 2811 1643 2832 tu
1659 2805 1685 2831 in
1705 2809 1809 2834 terram,

1021 2860 1051 2888 de
1069 2868 1117 2893 qua
1131 2864 1244 2893 sumptas
1263 2867 1288 2887 es
1302 2865 1311 2884 :
1323 2858 1382 2892 quia
1396 2860 1463 2884 terra
1476 2863 1502 2883 es
1511 2875 1522 2887 .
1539 2852 1600 2881 alia
1613 2857 1706 2880 terram
1718 2850 1806 2877 abibis.
