  <div class='ocr_page' id='page_1' title='image "/cluster/home/n/w/nwhite01/storage/ocr_20150623/53-54/njp.32101077772638/149.png"; bbox 0 0 2060 3122; ppageno 0'>
   <div class='ocr_carea' id='block_1_1' title="bbox 233 162 285 189">
    <p class='ocr_par' dir='ltr' id='par_1_1' title="bbox 233 162 285 189">
     <span class='ocr_line' id='line_1_1' title="bbox 233 162 285 189; baseline -0.019 0"><span class='ocrx_word' id='word_1_1' title='bbox 233 162 285 189; x_wconf 71' lang='grc'><strong>11⁵7</strong></span> 
     </span>
    </p>
   </div>
   <div class='ocr_carea' id='block_1_2' title="bbox 233 212 1022 250">
    <p class='ocr_par' dir='ltr' id='par_1_2' title="bbox 233 212 1022 250">
     <span class='ocr_line' id='line_1_2' title="bbox 233 212 1022 250; baseline -0.008 -6"><span class='ocrx_word' id='word_1_2' title='bbox 233 218 294 244; x_wconf 60' lang='lat' dir='ltr'><strong>llmc</strong></span> <span class='ocrx_word' id='word_1_3' title='bbox 309 216 451 243; x_wconf 71' lang='lat' dir='ltr'><strong>sustinebis</strong></span> <span class='ocrx_word' id='word_1_4' title='bbox 466 223 550 250; x_wconf 83' lang='lat' dir='ltr'><strong>usque</strong></span> <span class='ocrx_word' id='word_1_5' title='bbox 565 215 597 242; x_wconf 88' lang='lat' dir='ltr'><strong>ad</strong></span> <span class='ocrx_word' id='word_1_6' title='bbox 614 215 693 242; x_wconf 90' lang='lat' dir='ltr'><strong>ﬁnem</strong></span> <span class='ocrx_word' id='word_1_7' title='bbox 708 214 768 242; x_wconf 75' lang='lat' dir='ltr'><strong>vita:</strong></span> <span class='ocrx_word' id='word_1_8' title='bbox 783 218 845 244; x_wconf 70' lang='lat' dir='ltr'><strong>ture.</strong></span> <span class='ocrx_word' id='word_1_9' title='bbox 859 218 886 240; x_wconf 89' lang='lat' dir='ltr'><strong>et</strong></span> <span class='ocrx_word' id='word_1_10' title='bbox 898 213 983 240; x_wconf 87' lang='lat' dir='ltr'><strong>donec</strong></span> <span class='ocrx_word' id='word_1_11' title='bbox 997 212 1022 239; x_wconf 90' lang='lat' dir='ltr'><strong>in</strong></span> 
     </span>
    </p>
   </div>
   <div class='ocr_carea' id='block_1_3' title="bbox 234 258 1023 296">
    <p class='ocr_par' dir='ltr' id='par_1_3' title="bbox 234 258 1023 296">
     <span class='ocr_line' id='line_1_3' title="bbox 234 258 1023 296; baseline -0.005 -8"><span class='ocrx_word' id='word_1_12' title='bbox 234 263 304 289; x_wconf 81' lang='lat' dir='ltr'><strong>illam</strong></span> <span class='ocrx_word' id='word_1_13' title='bbox 322 261 461 289; x_wconf 85' lang='lat' dir='ltr'><strong>resolvaris</strong></span> <span class='ocrx_word' id='word_1_14' title='bbox 474 283 482 293; x_wconf 87' lang='lat'><strong>,</strong></span> <span class='ocrx_word' id='word_1_15' title='bbox 499 269 530 288; x_wconf 80' lang='lat' dir='ltr'><strong>ex</strong></span> <span class='ocrx_word' id='word_1_16' title='bbox 546 268 596 296; x_wconf 91' lang='lat' dir='ltr'><strong>qua</strong></span> <span class='ocrx_word' id='word_1_17' title='bbox 619 261 747 288; x_wconf 86' lang='lat' dir='ltr'><strong>formatus</strong></span> <span class='ocrx_word' id='word_1_18' title='bbox 760 267 799 287; x_wconf 88' lang='lat' dir='ltr'><strong>es.</strong></span> <span class='ocrx_word' id='word_1_19' title='bbox 821 259 885 286; x_wconf 81' lang='lat' dir='ltr'><strong>Nam</strong></span> <span class='ocrx_word' id='word_1_20' title='bbox 904 258 1023 293; x_wconf 82' lang='lat' dir='ltr'><strong>quamvis</strong></span> 
     </span>
    </p>
   </div>
   <div class='ocr_carea' id='block_1_4' title="bbox 235 304 1022 342">
    <p class='ocr_par' dir='ltr' id='par_1_4' title="bbox 235 304 1022 342">
     <span class='ocr_line' id='line_1_4' title="bbox 235 304 1022 342; baseline -0.005 -8"><span class='ocrx_word' id='word_1_21' title='bbox 235 308 281 334; x_wconf 89' lang='lat' dir='ltr'><strong>tibi</strong></span> <span class='ocrx_word' id='word_1_22' title='bbox 297 307 417 342; x_wconf 84' lang='lat' dir='ltr'><strong>corporis</strong></span> <span class='ocrx_word' id='word_1_23' title='bbox 430 307 549 334; x_wconf 90' lang='lat' dir='ltr'><strong>dederim</strong></span> <span class='ocrx_word' id='word_1_24' title='bbox 570 311 689 334; x_wconf 87' lang='lat' dir='ltr'><strong>naturam</strong></span> <span class='ocrx_word' id='word_1_25' title='bbox 710 306 745 334; x_wconf 94' lang='lat' dir='ltr'><strong>ob</strong></span> <span class='ocrx_word' id='word_1_26' title='bbox 759 313 844 332; x_wconf 89' lang='lat' dir='ltr'><strong>meam</strong></span> <span class='ocrx_word' id='word_1_27' title='bbox 868 304 1022 335; x_wconf 87' lang='lat' dir='ltr'><strong>bonitatem,</strong></span> 
     </span>
    </p>
   </div>
   <div class='ocr_carea' id='block_1_5' title="bbox 235 350 1024 388">
    <p class='ocr_par' dir='ltr' id='par_1_5' title="bbox 235 350 1024 388">
     <span class='ocr_line' id='line_1_5' title="bbox 235 350 1024 388; baseline -0.006 -8"><span class='ocrx_word' id='word_1_28' title='bbox 235 354 321 388; x_wconf 85' lang='lat' dir='ltr'><strong>ipsum</strong></span> <span class='ocrx_word' id='word_1_29' title='bbox 336 357 423 380; x_wconf 84' lang='lat' dir='ltr'><strong>tamen</strong></span> <span class='ocrx_word' id='word_1_30' title='bbox 444 353 494 381; x_wconf 89' lang='lat' dir='ltr'><strong>hoc</strong></span> <span class='ocrx_word' id='word_1_31' title='bbox 514 359 611 388; x_wconf 87' lang='lat' dir='ltr'><strong>corpus</strong></span> <span class='ocrx_word' id='word_1_32' title='bbox 627 360 658 380; x_wconf 88' lang='lat' dir='ltr'><strong>ex</strong></span> <span class='ocrx_word' id='word_1_33' title='bbox 675 356 744 379; x_wconf 87' lang='lat' dir='ltr'><strong>terra</strong></span> <span class='ocrx_word' id='word_1_34' title='bbox 759 351 905 383; x_wconf 85' lang='lat' dir='ltr'><strong>exsistcns,</strong></span> <span class='ocrx_word' id='word_1_35' title='bbox 929 350 1024 377; x_wconf 86' lang='lat' dir='ltr'><strong>iterum</strong></span> 
     </span>
    </p>
   </div>
   <div class='ocr_carea' id='block_1_6' title="bbox 235 395 1025 432">
    <p class='ocr_par' dir='ltr' id='par_1_6' title="bbox 235 395 1025 432">
     <span class='ocr_line' id='line_1_6' title="bbox 235 395 1025 432; baseline -0.008 -5"><span class='ocrx_word' id='word_1_36' title='bbox 235 400 286 427; x_wconf 86' lang='lat' dir='ltr'><strong>erit</strong></span> <span class='ocrx_word' id='word_1_37' title='bbox 299 405 378 427; x_wconf 85' lang='lat' dir='ltr'><strong>terra.</strong></span> <span class='ocrx_word' id='word_1_38' title='bbox 393 399 472 426; x_wconf 84' lang='lat' dir='ltr'><strong><em>Terra</em></strong></span> <span class='ocrx_word' id='word_1_39' title='bbox 492 399 562 426; x_wconf 83' lang='lat' dir='ltr'><strong>enim</strong></span> <span class='ocrx_word' id='word_1_40' title='bbox 577 407 616 432; x_wconf 79' lang='lat' dir='ltr'><strong>es,</strong></span> <span class='ocrx_word' id='word_1_41' title='bbox 638 403 660 425; x_wconf 85' lang='lat' dir='ltr'><strong>et</strong></span> <span class='ocrx_word' id='word_1_42' title='bbox 675 398 701 425; x_wconf 86' lang='lat' dir='ltr'><strong>in</strong></span> <span class='ocrx_word' id='word_1_43' title='bbox 714 402 806 425; x_wconf 87' lang='lat' dir='ltr'><strong>terram</strong></span> <span class='ocrx_word' id='word_1_44' title='bbox 824 396 913 423; x_wconf 76' lang='lat' dir='ltr'><strong>abibis.</strong></span> <span class='ocrx_word' id='word_1_45' title='bbox 933 395 1025 422; x_wconf 42' lang='lat' dir='ltr'><strong>Enim‘</strong></span> 
     </span>
    </p>
   </div>
   <div class='ocr_carea' id='block_1_7' title="bbox 235 441 1025 479">
    <p class='ocr_par' dir='ltr' id='par_1_7' title="bbox 235 441 1025 479">
     <span class='ocr_line' id='line_1_7' title="bbox 235 441 1025 479; baseline -0.008 -7"><span class='ocrx_word' id='word_1_46' title='bbox 235 454 299 474; x_wconf 80' lang='lat' dir='ltr'><strong>vero</strong></span> <span class='ocrx_word' id='word_1_47' title='bbox 315 450 342 473; x_wconf 94' lang='lat' dir='ltr'><strong>ut</strong></span> <span class='ocrx_word' id='word_1_48' title='bbox 363 454 395 473; x_wconf 90' lang='lat' dir='ltr'><strong>ne</strong></span> <span class='ocrx_word' id='word_1_49' title='bbox 418 446 474 473; x_wconf 65' lang='lat' dir='ltr'><strong>haec</strong></span> <span class='ocrx_word' id='word_1_50' title='bbox 497 446 610 479; x_wconf 88' lang='lat' dir='ltr'><strong>ﬁerent,</strong></span> <span class='ocrx_word' id='word_1_51' title='bbox 630 445 701 478; x_wconf 85' lang='lat' dir='ltr'><strong>dixi,</strong></span> <span class='ocrx_word' id='word_1_52' title='bbox 724 443 765 471; x_wconf 83' lang='lat' dir='ltr'><strong>Nc</strong></span> <span class='ocrx_word' id='word_1_53' title='bbox 786 442 921 470; x_wconf 72' lang='lat' dir='ltr'><strong>comedatir</strong></span> <span class='ocrx_word' id='word_1_54' title='bbox 934 441 964 468; x_wconf 80' lang='lat' dir='ltr'><strong>de</strong></span> <span class='ocrx_word' id='word_1_55' title='bbox 979 441 1025 467; x_wconf 78' lang='lat' dir='ltr'><strong>hoc</strong></span> 
     </span>
    </p>
   </div>
   <div class='ocr_carea' id='block_1_8' title="bbox 237 487 1026 526">
    <p class='ocr_par' dir='ltr' id='par_1_8' title="bbox 237 487 1026 526">
     <span class='ocr_line' id='line_1_8' title="bbox 237 487 1026 526; baseline -0.009 -8"><span class='ocrx_word' id='word_1_56' title='bbox 237 492 305 526; x_wconf 82' lang='lat' dir='ltr'><strong>tigno</strong></span> <span class='ocrx_word' id='word_1_57' title='bbox 319 499 329 518; x_wconf 92' lang='lat'><strong><em>:</em></strong></span> <span class='ocrx_word' id='word_1_58' title='bbox 341 499 497 526; x_wconf 79' lang='lat' dir='ltr'><strong>quocumque</strong></span> <span class='ocrx_word' id='word_1_59' title='bbox 511 491 576 518; x_wconf 82' lang='lat' dir='ltr'><strong>enim</strong></span> <span class='ocrx_word' id='word_1_60' title='bbox 597 491 637 517; x_wconf 87' lang='lat' dir='ltr'><strong>die</strong></span> <span class='ocrx_word' id='word_1_61' title='bbox 657 489 813 517; x_wconf 81' lang='lat' dir='ltr'><strong>comederitis</strong></span> <span class='ocrx_word' id='word_1_62' title='bbox 822 509 828 520; x_wconf 85' lang='lat'><strong>,</strong></span> <span class='ocrx_word' id='word_1_63' title='bbox 845 492 925 514; x_wconf 83' lang='lat' dir='ltr'><strong>morte</strong></span> <span class='ocrx_word' id='word_1_64' title='bbox 936 487 1026 513; x_wconf 84' lang='lat' dir='ltr'><strong>morie-</strong></span> 
     </span>
    </p>
   </div>
   <div class='ocr_carea' id='block_1_9' title="bbox 236 534 1026 569">
    <p class='ocr_par' dir='ltr' id='par_1_9' title="bbox 236 534 1026 569">
     <span class='ocr_line' id='line_1_9' title="bbox 236 534 1026 569; baseline -0.008 -5"><span class='ocrx_word' id='word_1_65' title='bbox 236 538 308 564; x_wconf 87' lang='lat' dir='ltr'><strong>mini.</strong></span> <span class='ocrx_word' id='word_1_66' title='bbox 324 537 380 564; x_wconf 87' lang='lat' dir='ltr'><strong>Non</strong></span> <span class='ocrx_word' id='word_1_67' title='bbox 402 537 473 564; x_wconf 87' lang='lat' dir='ltr'><strong>enim</strong></span> <span class='ocrx_word' id='word_1_68' title='bbox 487 536 538 564; x_wconf 89' lang='lat' dir='ltr'><strong>hoc</strong></span> <span class='ocrx_word' id='word_1_69' title='bbox 552 536 672 563; x_wconf 87' lang='lat' dir='ltr'><strong>volebam</strong></span> <span class='ocrx_word' id='word_1_70' title='bbox 689 544 695 562; x_wconf 92' lang='lat'>:</span> <span class='ocrx_word' id='word_1_71' title='bbox 710 535 756 562; x_wconf 86' lang='lat' dir='ltr'><strong>sed</strong></span> <span class='ocrx_word' id='word_1_72' title='bbox 773 534 833 569; x_wconf 83' lang='lat' dir='ltr'><strong>quia</strong></span> <span class='ocrx_word' id='word_1_73' title='bbox 853 540 945 560; x_wconf 91' lang='lat' dir='ltr'><strong>eorum</strong></span> <span class='ocrx_word' id='word_1_74' title='bbox 967 539 1026 567; x_wconf 78' lang='lat' dir='ltr'><strong>quae</strong></span> 
     </span>
    </p>
   </div>
   <div class='ocr_carea' id='block_1_10' title="bbox 237 581 1027 615">
    <p class='ocr_par' dir='ltr' id='par_1_10' title="bbox 237 581 1027 615">
     <span class='ocr_line' id='line_1_10' title="bbox 237 581 1027 615; baseline -0.008 -5"><span class='ocrx_word' id='word_1_75' title='bbox 237 583 270 610; x_wconf 82' lang='lat' dir='ltr'><strong>ad</strong></span> <span class='ocrx_word' id='word_1_76' title='bbox 286 590 329 610; x_wconf 91' lang='lat' dir='ltr'><strong>me</strong></span> <span class='ocrx_word' id='word_1_77' title='bbox 341 582 498 615; x_wconf 84' lang='lat' dir='ltr'><strong>attinebant,</strong></span> <span class='ocrx_word' id='word_1_78' title='bbox 512 582 577 609; x_wconf 88' lang='lat' dir='ltr'><strong>nihil</strong></span> <span class='ocrx_word' id='word_1_79' title='bbox 589 581 769 609; x_wconf 87' lang='lat' dir='ltr'><strong>intermissum</strong></span> <span class='ocrx_word' id='word_1_80' title='bbox 781 583 822 607; x_wconf 91' lang='lat' dir='ltr'><strong>est</strong></span> <span class='ocrx_word' id='word_1_81' title='bbox 834 588 841 606; x_wconf 83' lang='lat'><strong>:</strong></span> <span class='ocrx_word' id='word_1_82' title='bbox 856 583 884 606; x_wconf 88' lang='lat' dir='ltr'><strong>tu</strong></span> <span class='ocrx_word' id='word_1_83' title='bbox 898 582 985 605; x_wconf 88' lang='lat' dir='ltr'><strong>autem</strong></span> <span class='ocrx_word' id='word_1_84' title='bbox 1001 581 1027 604; x_wconf 85' lang='lat' dir='ltr'><strong>te</strong></span> 
     </span>
    </p>
   </div>
   <div class='ocr_carea' id='block_1_11' title="bbox 238 623 1026 662">
    <p class='ocr_par' dir='ltr' id='par_1_11' title="bbox 238 623 1026 662">
     <span class='ocr_line' id='line_1_11' title="bbox 238 623 1026 662; baseline -0.004 -9"><span class='ocrx_word' id='word_1_85' title='bbox 238 627 324 662; x_wconf 89' lang='lat' dir='ltr'><strong>ipsum</strong></span> <span class='ocrx_word' id='word_1_86' title='bbox 340 627 367 655; x_wconf 91' lang='lat' dir='ltr'><strong>in</strong></span> <span class='ocrx_word' id='word_1_87' title='bbox 382 627 438 655; x_wconf 68' lang='lat' dir='ltr'><strong>lucc</strong></span> <span class='ocrx_word' id='word_1_88' title='bbox 452 627 589 662; x_wconf 86' lang='lat' dir='ltr'><strong>conjecisti</strong></span> <span class='ocrx_word' id='word_1_89' title='bbox 599 648 606 660; x_wconf 92' lang='lat'><strong>,</strong></span> <span class='ocrx_word' id='word_1_90' title='bbox 629 635 662 654; x_wconf 90' lang='lat' dir='ltr'><strong>ne</strong></span> <span class='ocrx_word' id='word_1_91' title='bbox 676 627 701 653; x_wconf 93' lang='lat' dir='ltr'><strong>iu</strong></span> <span class='ocrx_word' id='word_1_92' title='bbox 715 626 795 653; x_wconf 90' lang='lat' dir='ltr'><strong>alium</strong></span> <span class='ocrx_word' id='word_1_93' title='bbox 809 632 915 652; x_wconf 90' lang='lat' dir='ltr'><strong>causam</strong></span> <span class='ocrx_word' id='word_1_94' title='bbox 930 623 1026 651; x_wconf 85' lang='lat' dir='ltr'><strong>retule-</strong></span> 
     </span>
    </p>
   </div>
   <div class='ocr_carea' id='block_1_12' title="bbox 235 669 1026 709">
    <p class='ocr_par' dir='ltr' id='par_1_12' title="bbox 235 669 1026 709">
     <span class='ocr_line' id='line_1_12' title="bbox 235 669 1026 709; baseline -0.006 -8"><span class='ocrx_word' id='word_1_95' title='bbox 235 673 293 706; x_wconf 76' lang='lat' dir='ltr'><strong>ris,</strong></span> <span class='ocrx_word' id='word_1_96' title='bbox 319 673 365 701; x_wconf 93' lang='lat' dir='ltr'><strong>sed</strong></span> <span class='ocrx_word' id='word_1_97' title='bbox 389 679 439 701; x_wconf 72' lang='lat' dir='ltr'><strong>tua:</strong></span> <span class='ocrx_word' id='word_1_98' title='bbox 459 674 542 709; x_wconf 83' lang='lat' dir='ltr'><strong>ipsius</strong></span> <span class='ocrx_word' id='word_1_99' title='bbox 556 672 665 700; x_wconf 70' lang='lat' dir='ltr'><strong>desidite</strong></span> <span class='ocrx_word' id='word_1_100' title='bbox 687 677 770 700; x_wconf 89' lang='lat' dir='ltr'><strong>totum</strong></span> <span class='ocrx_word' id='word_1_101' title='bbox 792 671 944 699; x_wconf 89' lang='lat' dir='ltr'><strong>abscribito.</strong></span> <span class='ocrx_word' id='word_1_102' title='bbox 967 669 1026 697; x_wconf 88' lang='lat' dir='ltr'><strong>Jam</strong></span> 
     </span>
    </p>
   </div>
   <div class='ocr_carea' id='block_1_13' title="bbox 237 715 1026 754">
    <p class='ocr_par' dir='ltr' id='par_1_13' title="bbox 237 715 1026 754">
     <span class='ocr_line' id='line_1_13' title="bbox 237 715 1026 754; baseline -0.005 -8"><span class='ocrx_word' id='word_1_103' title='bbox 237 719 325 746; x_wconf 88' lang='lat' dir='ltr'><strong>denuo</strong></span> <span class='ocrx_word' id='word_1_104' title='bbox 340 719 391 747; x_wconf 84' lang='lat' dir='ltr'><strong>alia</strong></span> <span class='ocrx_word' id='word_1_105' title='bbox 404 720 480 747; x_wconf 91' lang='lat' dir='ltr'><strong>nobis</strong></span> <span class='ocrx_word' id='word_1_106' title='bbox 493 719 603 754; x_wconf 65' lang='lat' dir='ltr'><strong>qua‘stio</strong></span> <span class='ocrx_word' id='word_1_107' title='bbox 619 718 680 746; x_wconf 85' lang='lat' dir='ltr'><strong>hinc</strong></span> <span class='ocrx_word' id='word_1_108' title='bbox 695 718 828 750; x_wconf 85' lang='lat' dir='ltr'><strong>nascitur,</strong></span> <span class='ocrx_word' id='word_1_109' title='bbox 843 724 892 752; x_wconf 92' lang='lat' dir='ltr'><strong>qua</strong></span> <span class='ocrx_word' id='word_1_110' title='bbox 904 737 912 750; x_wconf 93' lang='lat'><strong>,</strong></span> <span class='ocrx_word' id='word_1_111' title='bbox 933 716 955 743; x_wconf 87' lang='lat' dir='ltr'><strong>si</strong></span> <span class='ocrx_word' id='word_1_112' title='bbox 970 715 1026 750; x_wconf 89' lang='lat' dir='ltr'><strong>pla-</strong></span> 
     </span>
    </p>
   </div>
   <div class='ocr_carea' id='block_1_14' title="bbox 238 761 1027 798">
    <p class='ocr_par' dir='ltr' id='par_1_14' title="bbox 238 761 1027 798">
     <span class='ocr_line' id='line_1_14' title="bbox 238 761 1027 798; baseline -0.005 -6"><span class='ocrx_word' id='word_1_113' title='bbox 238 765 340 798; x_wconf 83' lang='lat' dir='ltr'><strong>cuerit,</strong></span> <span class='ocrx_word' id='word_1_114' title='bbox 359 765 474 792; x_wconf 77' lang='lat' dir='ltr'><strong>breviter</strong></span> <span class='ocrx_word' id='word_1_115' title='bbox 488 764 607 791; x_wconf 88' lang='lat' dir='ltr'><strong>absoluta</strong></span> <span class='ocrx_word' id='word_1_116' title='bbox 620 784 627 796; x_wconf 85' lang='lat'><strong>,</strong></span> <span class='ocrx_word' id='word_1_117' title='bbox 651 764 729 791; x_wconf 90' lang='lat' dir='ltr'><strong>ﬁnem</strong></span> <span class='ocrx_word' id='word_1_118' title='bbox 744 763 874 791; x_wconf 82' lang='lat' dir='ltr'><strong>sermonis</strong></span> <span class='ocrx_word' id='word_1_119' title='bbox 889 762 931 789; x_wconf 89' lang='lat' dir='ltr'><strong>hic</strong></span> <span class='ocrx_word' id='word_1_120' title='bbox 945 761 1027 788; x_wconf 82' lang='lat' dir='ltr'><strong>facie-</strong></span> 
     </span>
    </p>
   </div>
   <div class='ocr_carea' id='block_1_15' title="bbox 239 806 1028 845">
    <p class='ocr_par' dir='ltr' id='par_1_15' title="bbox 239 806 1028 845">
     <span class='ocr_line' id='line_1_15' title="bbox 239 806 1028 845; baseline -0.005 -8"><span class='ocrx_word' id='word_1_121' title='bbox 239 818 306 838; x_wconf 92' lang='lat' dir='ltr'><strong>mus.</strong></span> <span class='ocrx_word' id='word_1_122' title='bbox 322 810 407 843; x_wconf 83' lang='lat' dir='ltr'><strong>Dixit,</strong></span> <span class='ocrx_word' id='word_1_123' title='bbox 424 810 525 845; x_wconf 87' lang='lat' dir='ltr'><strong>inquit,</strong></span> <span class='ocrx_word' id='word_1_124' title='bbox 546 809 615 836; x_wconf 86' lang='lat' dir='ltr'><strong>Deus</strong></span> <span class='ocrx_word' id='word_1_125' title='bbox 628 818 635 835; x_wconf 92' lang='lat'>:</span> <span class='ocrx_word' id='word_1_126' title='bbox 649 809 809 844; x_wconf 84' lang='lat' dir='ltr'><strong>Quocumque</strong></span> <span class='ocrx_word' id='word_1_127' title='bbox 821 808 861 835; x_wconf 84' lang='lat' dir='ltr'><strong>die</strong></span> <span class='ocrx_word' id='word_1_128' title='bbox 872 806 1028 834; x_wconf 74' lang='lat' dir='ltr'><strong>comederitt&#39;:</strong></span> 
     </span>
    </p>
   </div>
   <div class='ocr_carea' id='block_1_16' title="bbox 238 853 1027 890">
    <p class='ocr_par' dir='ltr' id='par_1_16' title="bbox 238 853 1027 890">
     <span class='ocr_line' id='line_1_16' title="bbox 238 853 1027 890; baseline -0.005 -7"><span class='ocrx_word' id='word_1_129' title='bbox 238 864 269 883; x_wconf 70' lang='lat' dir='ltr'><strong>ex</strong></span> <span class='ocrx_word' id='word_1_130' title='bbox 281 864 320 888; x_wconf 87' lang='lat' dir='ltr'><strong>eo,</strong></span> <span class='ocrx_word' id='word_1_131' title='bbox 335 862 414 882; x_wconf 86' lang='lat' dir='ltr'><strong>morte</strong></span> <span class='ocrx_word' id='word_1_132' title='bbox 424 855 563 882; x_wconf 79' lang='lat' dir='ltr'><strong>moriemini</strong></span> <span class='ocrx_word' id='word_1_133' title='bbox 576 853 651 890; x_wconf 81' lang='lat' dir='ltr'><strong>(Gen.</strong></span> <span class='ocrx_word' id='word_1_134' title='bbox 663 853 690 880; x_wconf 78' lang='grc'><strong>2.</strong></span> <span class='ocrx_word' id='word_1_135' title='bbox 706 854 750 888; x_wconf 87' lang='grc'><strong>17)</strong></span> <span class='ocrx_word' id='word_1_136' title='bbox 764 863 771 881; x_wconf 89' lang='lat'>:</span> <span class='ocrx_word' id='word_1_137' title='bbox 783 853 925 880; x_wconf 76' lang='lat' dir='ltr'><strong>multarunt</strong></span> <span class='ocrx_word' id='word_1_138' title='bbox 939 855 1027 879; x_wconf 89' lang='lat' dir='ltr'><strong>autetn</strong></span> 
     </span>
    </p>
   </div>
   <div class='ocr_carea' id='block_1_17' title="bbox 236 897 1028 933">
    <p class='ocr_par' dir='ltr' id='par_1_17' title="bbox 236 897 1028 933">
     <span class='ocr_line' id='line_1_17' title="bbox 236 897 1028 933; baseline -0.004 -6"><span class='ocrx_word' id='word_1_139' title='bbox 236 908 367 928; x_wconf 79' lang='lat' dir='ltr'><strong>annorum</strong></span> <span class='ocrx_word' id='word_1_140' title='bbox 382 908 494 928; x_wconf 89' lang='lat' dir='ltr'><strong>numero</strong></span> <span class='ocrx_word' id='word_1_141' title='bbox 512 900 661 928; x_wconf 86' lang='lat' dir='ltr'><strong>ostenditur</strong></span> <span class='ocrx_word' id='word_1_142' title='bbox 673 899 771 926; x_wconf 80' lang='lat' dir='ltr'><strong>vixisse</strong></span> <span class='ocrx_word' id='word_1_143' title='bbox 785 899 843 925; x_wconf 86' lang='lat' dir='ltr'><strong>illos</strong></span> <span class='ocrx_word' id='word_1_144' title='bbox 859 902 917 933; x_wconf 91' lang='lat' dir='ltr'><strong>post</strong></span> <span class='ocrx_word' id='word_1_145' title='bbox 936 897 1028 925; x_wconf 89' lang='lat' dir='ltr'><strong>inobe-</strong></span> 
     </span>
    </p>
   </div>
   <div class='ocr_carea' id='block_1_18' title="bbox 237 943 1029 979">
    <p class='ocr_par' dir='ltr' id='par_1_18' title="bbox 237 943 1029 979">
     <span class='ocr_line' id='line_1_18' title="bbox 237 943 1029 979; baseline -0.005 -5"><span class='ocrx_word' id='word_1_146' title='bbox 237 947 363 974; x_wconf 86' lang='lat' dir='ltr'><strong>dientiam</strong></span> <span class='ocrx_word' id='word_1_147' title='bbox 374 967 381 979; x_wconf 94' lang='lat'><strong>,</strong></span> <span class='ocrx_word' id='word_1_148' title='bbox 398 951 425 974; x_wconf 90' lang='lat' dir='ltr'><strong>et</strong></span> <span class='ocrx_word' id='word_1_149' title='bbox 437 946 489 974; x_wconf 86' lang='lat' dir='ltr'><strong>cibi</strong></span> <span class='ocrx_word' id='word_1_150' title='bbox 503 946 574 974; x_wconf 90' lang='lat' dir='ltr'><strong>vetiti</strong></span> <span class='ocrx_word' id='word_1_151' title='bbox 590 953 675 973; x_wconf 91' lang='lat' dir='ltr'><strong>esum.</strong></span> <span class='ocrx_word' id='word_1_152' title='bbox 691 945 721 972; x_wconf 86' lang='lat' dir='ltr'><strong>Et</strong></span> <span class='ocrx_word' id='word_1_153' title='bbox 738 945 848 979; x_wconf 67' lang='lat' dir='ltr'><strong>qumslio</strong></span> <span class='ocrx_word' id='word_1_154' title='bbox 861 943 968 979; x_wconf 82' lang='lat' dir='ltr'><strong>quidem</strong></span> <span class='ocrx_word' id='word_1_155' title='bbox 982 943 1029 970; x_wconf 86' lang='lat' dir='ltr'><strong>ali-</strong></span> 
     </span>
    </p>
   </div>
   <div class='ocr_carea' id='block_1_19' title="bbox 238 990 1030 1028">
    <p class='ocr_par' dir='ltr' id='par_1_19' title="bbox 238 990 1030 1028">
     <span class='ocr_line' id='line_1_19' title="bbox 238 990 1030 1028; baseline -0.005 -8"><span class='ocrx_word' id='word_1_156' title='bbox 238 1001 289 1028; x_wconf 88' lang='lat' dir='ltr'><strong>qua</strong></span> <span class='ocrx_word' id='word_1_157' title='bbox 304 1001 364 1021; x_wconf 87' lang='lat' dir='ltr'><strong>esse</strong></span> <span class='ocrx_word' id='word_1_158' title='bbox 376 993 480 1021; x_wconf 89' lang='lat' dir='ltr'><strong>videtur</strong></span> <span class='ocrx_word' id='word_1_159' title='bbox 494 993 525 1020; x_wconf 87' lang='lat' dir='ltr'><strong>iis</strong></span> <span class='ocrx_word' id='word_1_160' title='bbox 537 993 581 1028; x_wconf 89' lang='lat' dir='ltr'><strong>qui</strong></span> <span class='ocrx_word' id='word_1_161' title='bbox 596 1000 610 1020; x_wconf 88' lang='lat' dir='ltr'><strong>a</strong></span> <span class='ocrx_word' id='word_1_162' title='bbox 631 991 772 1026; x_wconf 86' lang='lat' dir='ltr'><strong>superﬁcie</strong></span> <span class='ocrx_word' id='word_1_163' title='bbox 790 991 906 1018; x_wconf 88' lang='lat' dir='ltr'><strong>salutant</strong></span> <span class='ocrx_word' id='word_1_164' title='bbox 924 990 1030 1017; x_wconf 89' lang='lat' dir='ltr'><strong>divinas</strong></span> 
     </span>
    </p>
   </div>
   <div class='ocr_carea' id='block_1_20' title="bbox 241 1035 1031 1073">
    <p class='ocr_par' dir='ltr' id='par_1_20' title="bbox 241 1035 1031 1073">
     <span class='ocr_line' id='line_1_20' title="bbox 241 1035 1031 1073; baseline -0.005 -8"><span class='ocrx_word' id='word_1_165' title='bbox 241 1038 343 1065; x_wconf 87' lang='lat' dir='ltr'><strong>Literas</strong></span> <span class='ocrx_word' id='word_1_166' title='bbox 357 1046 364 1064; x_wconf 89' lang='lat'>:</span> <span class='ocrx_word' id='word_1_167' title='bbox 381 1043 407 1065; x_wconf 84' lang='lat' dir='ltr'><strong>at</strong></span> <span class='ocrx_word' id='word_1_168' title='bbox 426 1038 448 1065; x_wconf 89' lang='lat' dir='ltr'><strong>si</strong></span> <span class='ocrx_word' id='word_1_169' title='bbox 464 1039 613 1073; x_wconf 74' lang='lat' dir='ltr'><strong>quis‘azquo</strong></span> <span class='ocrx_word' id='word_1_170' title='bbox 626 1037 715 1064; x_wconf 89' lang='lat' dir='ltr'><strong>animo</strong></span> <span class='ocrx_word' id='word_1_171' title='bbox 729 1044 807 1064; x_wconf 87' lang='lat' dir='ltr'><strong>aures</strong></span> <span class='ocrx_word' id='word_1_172' title='bbox 820 1035 958 1067; x_wconf 87' lang='lat' dir='ltr'><strong>adltibeat,</strong></span> <span class='ocrx_word' id='word_1_173' title='bbox 975 1043 1031 1062; x_wconf 90' lang='lat' dir='ltr'><strong>ma-</strong></span> 
     </span>
    </p>
   </div>
   <div class='ocr_carea' id='block_1_21' title="bbox 242 1081 1031 1117">
    <p class='ocr_par' dir='ltr' id='par_1_21' title="bbox 242 1081 1031 1117">
     <span class='ocr_line' id='line_1_21' title="bbox 242 1081 1031 1117; baseline -0.004 -7"><span class='ocrx_word' id='word_1_174' title='bbox 242 1083 364 1110; x_wconf 86' lang='lat' dir='ltr'><strong>nifestum</strong></span> <span class='ocrx_word' id='word_1_175' title='bbox 377 1088 418 1110; x_wconf 87' lang='lat' dir='ltr'><strong>est</strong></span> <span class='ocrx_word' id='word_1_176' title='bbox 429 1083 498 1117; x_wconf 86' lang='lat' dir='ltr'><strong>quod</strong></span> <span class='ocrx_word' id='word_1_177' title='bbox 513 1083 620 1116; x_wconf 88' lang='lat' dir='ltr'><strong>dicitur,</strong></span> <span class='ocrx_word' id='word_1_178' title='bbox 633 1090 719 1117; x_wconf 87' lang='lat' dir='ltr'><strong>neque</strong></span> <span class='ocrx_word' id='word_1_179' title='bbox 730 1081 841 1117; x_wconf 62' lang='lat' dir='ltr'><strong>quaestio</strong></span> <span class='ocrx_word' id='word_1_180' title='bbox 854 1081 932 1108; x_wconf 88' lang='lat' dir='ltr'><strong>fuerit</strong></span> <span class='ocrx_word' id='word_1_181' title='bbox 946 1085 1031 1107; x_wconf 88' lang='lat' dir='ltr'><strong>atten-</strong></span> 
     </span>
    </p>
   </div>
   <div class='ocr_carea' id='block_1_22' title="bbox 240 1128 1031 1160">
    <p class='ocr_par' dir='ltr' id='par_1_22' title="bbox 240 1128 1031 1160">
     <span class='ocr_line' id='line_1_22' title="bbox 240 1128 1031 1160; baseline -0.003 -5"><span class='ocrx_word' id='word_1_182' title='bbox 240 1128 322 1156; x_wconf 88' lang='lat' dir='ltr'><strong>denti.</strong></span> <span class='ocrx_word' id='word_1_183' title='bbox 344 1128 410 1156; x_wconf 85' lang='lat' dir='ltr'><strong>Nam</strong></span> <span class='ocrx_word' id='word_1_184' title='bbox 433 1128 495 1156; x_wconf 88' lang='lat' dir='ltr'><strong>licet</strong></span> <span class='ocrx_word' id='word_1_185' title='bbox 518 1129 615 1156; x_wconf 90' lang='lat' dir='ltr'><strong>multos</strong></span> <span class='ocrx_word' id='word_1_186' title='bbox 628 1135 712 1156; x_wconf 88' lang='lat' dir='ltr'><strong>annos</strong></span> <span class='ocrx_word' id='word_1_187' title='bbox 734 1128 866 1160; x_wconf 83' lang='lat' dir='ltr'><strong>vixerint,</strong></span> <span class='ocrx_word' id='word_1_188' title='bbox 883 1131 998 1154; x_wconf 81' lang='lat' dir='ltr'><strong>attamen</strong></span> <span class='ocrx_word' id='word_1_189' title='bbox 1016 1134 1031 1153; x_wconf 86' lang='lat' dir='ltr'><strong>a</strong></span> 
     </span>
    </p>
   </div>
   <div class='ocr_carea' id='block_1_23' title="bbox 241 1172 1030 1209">
    <p class='ocr_par' dir='ltr' id='par_1_23' title="bbox 241 1172 1030 1209">
     <span class='ocr_line' id='line_1_23' title="bbox 241 1172 1030 1209; baseline -0.003 -9"><span class='ocrx_word' id='word_1_190' title='bbox 241 1181 294 1208; x_wconf 90' lang='lat' dir='ltr'><strong>quo</strong></span> <span class='ocrx_word' id='word_1_191' title='bbox 307 1179 425 1209; x_wconf 85' lang='lat' dir='ltr'><strong>tempore</strong></span> <span class='ocrx_word' id='word_1_192' title='bbox 439 1174 580 1201; x_wconf 86' lang='lat' dir='ltr'><strong>audierunt</strong></span> <span class='ocrx_word' id='word_1_193' title='bbox 595 1183 601 1200; x_wconf 90' lang='lat'>:</span> <span class='ocrx_word' id='word_1_194' title='bbox 614 1173 691 1201; x_wconf 85' lang='lat' dir='ltr'><strong>Terra</strong></span> <span class='ocrx_word' id='word_1_195' title='bbox 706 1181 742 1207; x_wconf 81' lang='lat' dir='ltr'><strong>es,</strong></span> <span class='ocrx_word' id='word_1_196' title='bbox 762 1178 784 1200; x_wconf 87' lang='lat' dir='ltr'><strong>et</strong></span> <span class='ocrx_word' id='word_1_197' title='bbox 797 1173 823 1199; x_wconf 84' lang='lat' dir='ltr'><strong>in</strong></span> <span class='ocrx_word' id='word_1_198' title='bbox 835 1177 927 1199; x_wconf 86' lang='lat' dir='ltr'><strong>terram</strong></span> <span class='ocrx_word' id='word_1_199' title='bbox 942 1172 1030 1204; x_wconf 80' lang='lat' dir='ltr'><strong>abibis,</strong></span> 
     </span>
    </p>
   </div>
   <div class='ocr_carea' id='block_1_24' title="bbox 242 1217 1030 1254">
    <p class='ocr_par' dir='ltr' id='par_1_24' title="bbox 242 1217 1030 1254">
     <span class='ocr_line' id='line_1_24' title="bbox 242 1217 1030 1254; baseline -0.003 -8"><span class='ocrx_word' id='word_1_200' title='bbox 242 1224 268 1246; x_wconf 91' lang='lat' dir='ltr'><strong>ct</strong></span> <span class='ocrx_word' id='word_1_201' title='bbox 281 1220 439 1246; x_wconf 89' lang='lat' dir='ltr'><strong>sententiam</strong></span> <span class='ocrx_word' id='word_1_202' title='bbox 454 1224 614 1254; x_wconf 89' lang='lat' dir='ltr'><strong>acceperunt</strong></span> <span class='ocrx_word' id='word_1_203' title='bbox 628 1219 721 1246; x_wconf 85' lang='lat' dir='ltr'><strong>mortis</strong></span> <span class='ocrx_word' id='word_1_204' title='bbox 734 1239 741 1251; x_wconf 87' lang='lat'><strong>,</strong></span> <span class='ocrx_word' id='word_1_205' title='bbox 763 1218 889 1245; x_wconf 81' lang='lat' dir='ltr'><strong>mortales</strong></span> <span class='ocrx_word' id='word_1_206' title='bbox 904 1217 1008 1245; x_wconf 88' lang='lat' dir='ltr'><strong>fuerunt</strong></span> <span class='ocrx_word' id='word_1_207' title='bbox 1024 1226 1030 1245; x_wconf 90' lang='lat'><strong>:</strong></span> 
     </span>
    </p>
   </div>
   <div class='ocr_carea' id='block_1_25' title="bbox 242 1263 1033 1303">
    <p class='ocr_par' dir='ltr' id='par_1_25' title="bbox 242 1263 1033 1303">
     <span class='ocr_line' id='line_1_25' title="bbox 242 1263 1033 1303; baseline -0.001 -12"><span class='ocrx_word' id='word_1_208' title='bbox 242 1268 268 1291; x_wconf 90' lang='lat' dir='ltr'><strong>et</strong></span> <span class='ocrx_word' id='word_1_209' title='bbox 280 1271 312 1291; x_wconf 92' lang='lat' dir='ltr'><strong>ex</strong></span> <span class='ocrx_word' id='word_1_210' title='bbox 327 1264 372 1291; x_wconf 79' lang='lat' dir='ltr'><strong>illo</strong></span> <span class='ocrx_word' id='word_1_211' title='bbox 391 1268 509 1298; x_wconf 86' lang='lat' dir='ltr'><strong>tempore</strong></span> <span class='ocrx_word' id='word_1_212' title='bbox 525 1263 632 1291; x_wconf 90' lang='lat' dir='ltr'><strong>fuerunt</strong></span> <span class='ocrx_word' id='word_1_213' title='bbox 654 1263 782 1298; x_wconf 82' lang='lat' dir='ltr'><strong>perinde,</strong></span> <span class='ocrx_word' id='word_1_214' title='bbox 806 1271 836 1290; x_wconf 90' lang='lat' dir='ltr'><strong>ac</strong></span> <span class='ocrx_word' id='word_1_215' title='bbox 859 1264 880 1290; x_wconf 92' lang='lat' dir='ltr'><strong>si</strong></span> <span class='ocrx_word' id='word_1_216' title='bbox 900 1263 959 1303; x_wconf 84' lang='lat' dir='ltr'><strong>quis</strong></span> <span class='ocrx_word' id='word_1_217' title='bbox 974 1263 1033 1290; x_wconf 86' lang='lat' dir='ltr'><strong>illos</strong></span> 
     </span>
    </p>
   </div>
   <div class='ocr_carea' id='block_1_26' title="bbox 243 1309 1033 1344">
    <p class='ocr_par' dir='ltr' id='par_1_26' title="bbox 243 1309 1033 1344">
     <span class='ocr_line' id='line_1_26' title="bbox 243 1309 1033 1344; baseline -0.001 -7"><span class='ocrx_word' id='word_1_218' title='bbox 243 1310 313 1337; x_wconf 81' lang='lat' dir='ltr'><strong>dicat</strong></span> <span class='ocrx_word' id='word_1_219' title='bbox 326 1315 445 1338; x_wconf 93' lang='lat' dir='ltr'><strong>mortuos</strong></span> <span class='ocrx_word' id='word_1_220' title='bbox 467 1310 558 1337; x_wconf 85' lang='lat' dir='ltr'><strong>fuisse.</strong></span> <span class='ocrx_word' id='word_1_221' title='bbox 575 1310 631 1337; x_wconf 86' lang='lat' dir='ltr'><strong>Hoc</strong></span> <span class='ocrx_word' id='word_1_222' title='bbox 646 1309 723 1344; x_wconf 77' lang='lat' dir='ltr'><strong>igitur</strong></span> <span class='ocrx_word' id='word_1_223' title='bbox 741 1314 768 1337; x_wconf 88' lang='lat' dir='ltr'><strong>et</strong></span> <span class='ocrx_word' id='word_1_224' title='bbox 782 1310 918 1344; x_wconf 87' lang='lat' dir='ltr'><strong>Scriptura</strong></span> <span class='ocrx_word' id='word_1_225' title='bbox 933 1309 1033 1344; x_wconf 80' lang='lat' dir='ltr'><strong>signiﬁ-</strong></span> 
     </span>
    </p>
   </div>
   <div class='ocr_carea' id='block_1_27' title="bbox 243 1355 1031 1391">
    <p class='ocr_par' dir='ltr' id='par_1_27' title="bbox 243 1355 1031 1391">
     <span class='ocr_line' id='line_1_27' title="bbox 243 1355 1031 1391; baseline -0.001 -9"><span class='ocrx_word' id='word_1_226' title='bbox 243 1362 317 1387; x_wconf 85' lang='lat' dir='ltr'><strong>cans,</strong></span> <span class='ocrx_word' id='word_1_227' title='bbox 331 1355 415 1388; x_wconf 90' lang='lat' dir='ltr'><strong>dixit,</strong></span> <span class='ocrx_word' id='word_1_228' title='bbox 431 1355 593 1391; x_wconf 78' lang='lat' dir='ltr'><strong>Quocumque</strong></span> <span class='ocrx_word' id='word_1_229' title='bbox 608 1355 648 1382; x_wconf 84' lang='lat' dir='ltr'><strong>die</strong></span> <span class='ocrx_word' id='word_1_230' title='bbox 659 1355 824 1388; x_wconf 77' lang='lat' dir='ltr'><strong>tomedcrilis,</strong></span> <span class='ocrx_word' id='word_1_231' title='bbox 843 1360 921 1382; x_wconf 88' lang='lat' dir='ltr'><strong>morte</strong></span> <span class='ocrx_word' id='word_1_232' title='bbox 939 1355 1031 1382; x_wconf 82' lang='lat' dir='ltr'><strong>morie-</strong></span> 
     </span>
    </p>
   </div>
   <div class='ocr_carea' id='block_1_28' title="bbox 243 1399 1032 1435">
    <p class='ocr_par' dir='ltr' id='par_1_28' title="bbox 243 1399 1032 1435">
     <span class='ocr_line' id='line_1_28' title="bbox 243 1399 1032 1435; baseline 0.003 -10"><span class='ocrx_word' id='word_1_233' title='bbox 243 1400 305 1426; x_wconf 84' lang='lat' dir='ltr'><strong>mini</strong></span> <span class='ocrx_word' id='word_1_234' title='bbox 320 1409 329 1427; x_wconf 87' lang='lat'><em>:</em></span> <span class='ocrx_word' id='word_1_235' title='bbox 344 1399 394 1427; x_wconf 87' lang='lat' dir='ltr'><strong>hoc</strong></span> <span class='ocrx_word' id='word_1_236' title='bbox 407 1405 458 1432; x_wconf 88' lang='lat' dir='ltr'><strong>est,</strong></span> <span class='ocrx_word' id='word_1_237' title='bbox 478 1401 636 1428; x_wconf 82' lang='lat' dir='ltr'><strong>sententiam</strong></span> <span class='ocrx_word' id='word_1_238' title='bbox 650 1400 785 1435; x_wconf 76' lang='lat' dir='ltr'><strong>accipietis</strong></span> <span class='ocrx_word' id='word_1_239' title='bbox 797 1421 804 1432; x_wconf 91' lang='lat'><strong>,</strong></span> <span class='ocrx_word' id='word_1_240' title='bbox 821 1401 945 1428; x_wconf 81' lang='lat' dir='ltr'><strong>mortales</strong></span> <span class='ocrx_word' id='word_1_241' title='bbox 959 1405 1032 1435; x_wconf 84' lang='lat' dir='ltr'><strong>post-</strong></span> 
     </span>
    </p>
   </div>
   <div class='ocr_carea' id='block_1_29' title="bbox 245 1446 1032 1481">
    <p class='ocr_par' dir='ltr' id='par_1_29' title="bbox 245 1446 1032 1481">
     <span class='ocr_line' id='line_1_29' title="bbox 245 1446 1032 1481; baseline 0.001 -10"><span class='ocrx_word' id='word_1_242' title='bbox 245 1446 293 1472; x_wconf 85' lang='lat' dir='ltr'><strong>hac</strong></span> <span class='ocrx_word' id='word_1_243' title='bbox 316 1452 363 1473; x_wconf 85' lang='lat' dir='ltr'><strong>vos</strong></span> <span class='ocrx_word' id='word_1_244' title='bbox 385 1446 496 1473; x_wconf 84' lang='lat' dir='ltr'><strong>futuros.</strong></span> <span class='ocrx_word' id='word_1_245' title='bbox 528 1446 602 1474; x_wconf 89' lang='lat' dir='ltr'><strong>Sicut</strong></span> <span class='ocrx_word' id='word_1_246' title='bbox 623 1447 693 1473; x_wconf 92' lang='lat' dir='ltr'><strong>enim</strong></span> <span class='ocrx_word' id='word_1_247' title='bbox 719 1447 744 1473; x_wconf 93' lang='lat' dir='ltr'><strong>in</strong></span> <span class='ocrx_word' id='word_1_248' title='bbox 769 1446 891 1474; x_wconf 77' lang='lat' dir='ltr'><strong>humanis</strong></span> <span class='ocrx_word' id='word_1_249' title='bbox 915 1446 1032 1481; x_wconf 86' lang='lat' dir='ltr'><strong>jndieiis,</strong></span> 
     </span>
    </p>
   </div>
   <div class='ocr_carea' id='block_1_30' title="bbox 243 1491 1033 1526">
    <p class='ocr_par' dir='ltr' id='par_1_30' title="bbox 243 1491 1033 1526">
     <span class='ocr_line' id='line_1_30' title="bbox 243 1491 1033 1526; baseline 0.004 -10"><span class='ocrx_word' id='word_1_250' title='bbox 243 1491 349 1525; x_wconf 87' lang='lat' dir='ltr'><strong>quando</strong></span> <span class='ocrx_word' id='word_1_251' title='bbox 361 1491 420 1525; x_wconf 87' lang='lat' dir='ltr'><strong>quis</strong></span> <span class='ocrx_word' id='word_1_252' title='bbox 432 1491 562 1519; x_wconf 82' lang='lat' dir='ltr'><strong>sententia</strong></span> <span class='ocrx_word' id='word_1_253' title='bbox 575 1492 625 1518; x_wconf 88' lang='lat' dir='ltr'><strong>lata</strong></span> <span class='ocrx_word' id='word_1_254' title='bbox 638 1497 665 1518; x_wconf 93' lang='lat' dir='ltr'><strong>ut</strong></span> <span class='ocrx_word' id='word_1_255' title='bbox 678 1491 763 1526; x_wconf 88' lang='lat' dir='ltr'><strong>capite</strong></span> <span class='ocrx_word' id='word_1_256' title='bbox 776 1492 928 1525; x_wconf 84' lang='lat' dir='ltr'><strong>mulctctur,</strong></span> <span class='ocrx_word' id='word_1_257' title='bbox 939 1493 1033 1519; x_wconf 83' lang='lat' dir='ltr'><strong>iterum</strong></span> 
     </span>
    </p>
   </div>
   <div class='ocr_carea' id='block_1_31' title="bbox 246 1536 1033 1573">
    <p class='ocr_par' dir='ltr' id='par_1_31' title="bbox 246 1536 1033 1573">
     <span class='ocr_line' id='line_1_31' title="bbox 246 1536 1033 1573; baseline 0.004 -11"><span class='ocrx_word' id='word_1_258' title='bbox 246 1536 271 1563; x_wconf 86' lang='lat' dir='ltr'><strong>in</strong></span> <span class='ocrx_word' id='word_1_259' title='bbox 285 1543 419 1563; x_wconf 73' lang='lat' dir='ltr'><strong>carcerem</strong></span> <span class='ocrx_word' id='word_1_260' title='bbox 432 1537 588 1571; x_wconf 84' lang='lat' dir='ltr'><strong>conjicitur,</strong></span> <span class='ocrx_word' id='word_1_261' title='bbox 604 1537 666 1564; x_wconf 88' lang='lat' dir='ltr'><strong>licet</strong></span> <span class='ocrx_word' id='word_1_262' title='bbox 684 1537 720 1564; x_wconf 88' lang='lat' dir='ltr'><strong>ibi</strong></span> <span class='ocrx_word' id='word_1_263' title='bbox 734 1537 817 1564; x_wconf 91' lang='lat' dir='ltr'><strong>multo</strong></span> <span class='ocrx_word' id='word_1_264' title='bbox 832 1542 951 1572; x_wconf 90' lang='lat' dir='ltr'><strong>tempore</strong></span> <span class='ocrx_word' id='word_1_265' title='bbox 964 1543 1033 1573; x_wconf 80' lang='lat' dir='ltr'><strong>agat,</strong></span> 
     </span>
    </p>
   </div>
   <div class='ocr_carea' id='block_1_32' title="bbox 245 1581 1036 1618">
    <p class='ocr_par' dir='ltr' id='par_1_32' title="bbox 245 1581 1036 1618">
     <span class='ocr_line' id='line_1_32' title="bbox 245 1581 1036 1618; baseline 0.005 -12"><span class='ocrx_word' id='word_1_266' title='bbox 245 1581 312 1607; x_wconf 86' lang='lat' dir='ltr'><strong>nihil</strong></span> <span class='ocrx_word' id='word_1_267' title='bbox 327 1581 421 1609; x_wconf 90' lang='lat' dir='ltr'><strong>melius</strong></span> <span class='ocrx_word' id='word_1_268' title='bbox 435 1586 521 1608; x_wconf 87' lang='lat' dir='ltr'><strong>tamen</strong></span> <span class='ocrx_word' id='word_1_269' title='bbox 534 1582 613 1610; x_wconf 88' lang='lat' dir='ltr'><strong>habet</strong></span> <span class='ocrx_word' id='word_1_270' title='bbox 623 1582 753 1610; x_wconf 83' lang='lat' dir='ltr'><strong>defunctis</strong></span> <span class='ocrx_word' id='word_1_271' title='bbox 767 1587 794 1610; x_wconf 89' lang='lat' dir='ltr'><strong>et</strong></span> <span class='ocrx_word' id='word_1_272' title='bbox 807 1583 930 1617; x_wconf 86' lang='lat' dir='ltr'><strong>mortuis,</strong></span> <span class='ocrx_word' id='word_1_273' title='bbox 944 1587 1036 1618; x_wconf 89' lang='lat' dir='ltr'><strong>utpote</strong></span> 
     </span>
    </p>
   </div>
   <div class='ocr_carea' id='block_1_33' title="bbox 242 1625 1036 1661">
    <p class='ocr_par' dir='ltr' id='par_1_33' title="bbox 242 1625 1036 1661">
     <span class='ocr_line' id='line_1_33' title="bbox 242 1625 1036 1661; baseline 0.004 -9"><span class='ocrx_word' id='word_1_274' title='bbox 242 1625 297 1659; x_wconf 88' lang='lat' dir='ltr'><strong>jatn</strong></span> <span class='ocrx_word' id='word_1_275' title='bbox 312 1633 359 1659; x_wconf 86' lang='lat' dir='ltr'><strong>per</strong></span> <span class='ocrx_word' id='word_1_276' title='bbox 373 1627 529 1654; x_wconf 89' lang='lat' dir='ltr'><strong>sententiam</strong></span> <span class='ocrx_word' id='word_1_277' title='bbox 543 1632 663 1654; x_wconf 86' lang='lat' dir='ltr'><strong>mortuus</strong></span> <span class='ocrx_word' id='word_1_278' title='bbox 677 1636 683 1653; x_wconf 88' lang='lat'><strong>:</strong></span> <span class='ocrx_word' id='word_1_279' title='bbox 700 1627 793 1655; x_wconf 89' lang='lat' dir='ltr'><strong>eodem</strong></span> <span class='ocrx_word' id='word_1_280' title='bbox 806 1628 884 1655; x_wconf 92' lang='lat' dir='ltr'><strong>modo</strong></span> <span class='ocrx_word' id='word_1_281' title='bbox 899 1632 926 1655; x_wconf 85' lang='lat' dir='ltr'><strong>et</strong></span> <span class='ocrx_word' id='word_1_282' title='bbox 942 1628 968 1655; x_wconf 91' lang='lat' dir='ltr'><strong>hi</strong></span> <span class='ocrx_word' id='word_1_283' title='bbox 979 1649 986 1661; x_wconf 92' lang='lat'><strong>,</strong></span> <span class='ocrx_word' id='word_1_284' title='bbox 1003 1629 1036 1656; x_wconf 88' lang='lat' dir='ltr'><strong>ab</strong></span> 
     </span>
    </p>
   </div>
   <div class='ocr_carea' id='block_1_34' title="bbox 246 1670 1036 1708">
    <p class='ocr_par' dir='ltr' id='par_1_34' title="bbox 246 1670 1036 1708">
     <span class='ocr_line' id='line_1_34' title="bbox 246 1670 1036 1708; baseline 0.006 -11"><span class='ocrx_word' id='word_1_285' title='bbox 246 1677 279 1697; x_wconf 90' lang='lat' dir='ltr'><strong>co</strong></span> <span class='ocrx_word' id='word_1_286' title='bbox 293 1670 336 1698; x_wconf 92' lang='lat' dir='ltr'><strong>die</strong></span> <span class='ocrx_word' id='word_1_287' title='bbox 348 1678 363 1698; x_wconf 94' lang='lat' dir='ltr'><strong>a</strong></span> <span class='ocrx_word' id='word_1_288' title='bbox 374 1679 426 1706; x_wconf 89' lang='lat' dir='ltr'><strong>quo</strong></span> <span class='ocrx_word' id='word_1_289' title='bbox 439 1672 606 1699; x_wconf 85' lang='lat' dir='ltr'><strong>mortalitatis</strong></span> <span class='ocrx_word' id='word_1_290' title='bbox 619 1673 777 1700; x_wconf 88' lang='lat' dir='ltr'><strong>sententiam</strong></span> <span class='ocrx_word' id='word_1_291' title='bbox 791 1678 960 1708; x_wconf 85' lang='lat' dir='ltr'><strong>acceperunt,</strong></span> <span class='ocrx_word' id='word_1_292' title='bbox 973 1679 1036 1702; x_wconf 86' lang='lat' dir='ltr'><strong>tam-</strong></span> 
     </span>
    </p>
   </div>
   <div class='ocr_carea' id='block_1_35' title="bbox 247 1716 1035 1752">
    <p class='ocr_par' dir='ltr' id='par_1_35' title="bbox 247 1716 1035 1752">
     <span class='ocr_line' id='line_1_35' title="bbox 247 1716 1035 1752; baseline 0.008 -10"><span class='ocrx_word' id='word_1_293' title='bbox 247 1716 297 1743; x_wconf 87' lang='lat' dir='ltr'><strong>etsi</strong></span> <span class='ocrx_word' id='word_1_294' title='bbox 312 1716 392 1752; x_wconf 87' lang='lat' dir='ltr'><strong>longo</strong></span> <span class='ocrx_word' id='word_1_295' title='bbox 407 1722 527 1752; x_wconf 87' lang='lat' dir='ltr'><strong>tempore</strong></span> <span class='ocrx_word' id='word_1_296' title='bbox 540 1718 702 1752; x_wconf 81' lang='lat' dir='ltr'><strong>duraver’mt,</strong></span> <span class='ocrx_word' id='word_1_297' title='bbox 719 1719 891 1747; x_wconf 90' lang='lat' dir='ltr'><strong>nihilominus</strong></span> <span class='ocrx_word' id='word_1_298' title='bbox 906 1722 1035 1748; x_wconf 85' lang='lat' dir='ltr'><strong>sententia</strong></span> 
     </span>
    </p>
   </div>
   <div class='ocr_carea' id='block_1_36' title="bbox 247 1762 1037 1800">
    <p class='ocr_par' dir='ltr' id='par_1_36' title="bbox 247 1762 1037 1800">
     <span class='ocr_line' id='line_1_36' title="bbox 247 1762 1037 1800; baseline 0.009 -13"><span class='ocrx_word' id='word_1_299' title='bbox 247 1762 344 1788; x_wconf 89' lang='lat' dir='ltr'><strong>mortui</strong></span> <span class='ocrx_word' id='word_1_300' title='bbox 357 1766 443 1789; x_wconf 88' lang='lat' dir='ltr'><strong>erant.</strong></span> <span class='ocrx_word' id='word_1_301' title='bbox 456 1762 517 1790; x_wconf 92' lang='lat' dir='ltr'><strong>Scio</strong></span> <span class='ocrx_word' id='word_1_302' title='bbox 531 1771 573 1790; x_wconf 91' lang='lat' dir='ltr'><strong>me</strong></span> <span class='ocrx_word' id='word_1_303' title='bbox 585 1765 732 1798; x_wconf 90' lang='lat' dir='ltr'><strong>copiosiore</strong></span> <span class='ocrx_word' id='word_1_304' title='bbox 747 1772 870 1792; x_wconf 87' lang='lat' dir='ltr'><strong>sermone</strong></span> <span class='ocrx_word' id='word_1_305' title='bbox 880 1770 907 1793; x_wconf 90' lang='lat' dir='ltr'><strong>et</strong></span> <span class='ocrx_word' id='word_1_306' title='bbox 918 1766 1037 1800; x_wconf 82' lang='lat' dir='ltr'><strong>longiore</strong></span> 
     </span>
    </p>
   </div>
   <div class='ocr_carea' id='block_1_37' title="bbox 247 1807 1036 1846">
    <p class='ocr_par' dir='ltr' id='par_1_37' title="bbox 247 1807 1036 1846">
     <span class='ocr_line' id='line_1_37' title="bbox 247 1807 1036 1846; baseline 0.005 -12"><span class='ocrx_word' id='word_1_307' title='bbox 247 1807 368 1836; x_wconf 88' lang='lat' dir='ltr'><strong>doctrina</strong></span> <span class='ocrx_word' id='word_1_308' title='bbox 383 1816 459 1836; x_wconf 82' lang='lat' dir='ltr'><strong>nsunt</strong></span> <span class='ocrx_word' id='word_1_309' title='bbox 476 1818 483 1836; x_wconf 89' lang='lat'><strong>:</strong></span> <span class='ocrx_word' id='word_1_310' title='bbox 500 1809 560 1843; x_wconf 85' lang='lat' dir='ltr'><strong>ideo</strong></span> <span class='ocrx_word' id='word_1_311' title='bbox 573 1810 634 1845; x_wconf 87' lang='lat' dir='ltr'><strong>quia</strong></span> <span class='ocrx_word' id='word_1_312' title='bbox 657 1818 704 1845; x_wconf 88' lang='lat' dir='ltr'><strong>per</strong></span> <span class='ocrx_word' id='word_1_313' title='bbox 718 1811 828 1845; x_wconf 82' lang='lat' dir='ltr'><strong>gratiam</strong></span> <span class='ocrx_word' id='word_1_314' title='bbox 843 1811 888 1838; x_wconf 87' lang='lat' dir='ltr'><strong>Dei</strong></span> <span class='ocrx_word' id='word_1_315' title='bbox 901 1831 908 1843; x_wconf 93' lang='lat'><strong>,</strong></span> <span class='ocrx_word' id='word_1_316' title='bbox 926 1819 973 1846; x_wconf 88' lang='lat' dir='ltr'><strong>pro</strong></span> <span class='ocrx_word' id='word_1_317' title='bbox 987 1819 1036 1838; x_wconf 86' lang='lat' dir='ltr'><strong>no-</strong></span> 
     </span>
    </p>
   </div>
   <div class='ocr_carea' id='block_1_38' title="bbox 247 1854 1038 1890">
    <p class='ocr_par' dir='ltr' id='par_1_38' title="bbox 247 1854 1038 1890">
     <span class='ocr_line' id='line_1_38' title="bbox 247 1854 1038 1890; baseline 0.005 -10"><span class='ocrx_word' id='word_1_318' title='bbox 247 1854 310 1880; x_wconf 87' lang='lat' dir='ltr'><strong>stris</strong></span> <span class='ocrx_word' id='word_1_319' title='bbox 325 1854 424 1882; x_wconf 82' lang='lat' dir='ltr'><strong>viribus</strong></span> <span class='ocrx_word' id='word_1_320' title='bbox 444 1855 532 1882; x_wconf 88' lang='lat' dir='ltr'><strong>omnia</strong></span> <span class='ocrx_word' id='word_1_321' title='bbox 548 1856 573 1883; x_wconf 92' lang='lat' dir='ltr'><strong>in</strong></span> <span class='ocrx_word' id='word_1_322' title='bbox 591 1856 706 1883; x_wconf 88' lang='lat' dir='ltr'><strong>medium</strong></span> <span class='ocrx_word' id='word_1_323' title='bbox 729 1856 831 1890; x_wconf 85' lang='lat' dir='ltr'><strong>prolata</strong></span> <span class='ocrx_word' id='word_1_324' title='bbox 851 1861 928 1890; x_wconf 91' lang='lat' dir='ltr'><strong>sunt,</strong></span> <span class='ocrx_word' id='word_1_325' title='bbox 949 1862 976 1884; x_wconf 89' lang='lat' dir='ltr'><strong>et</strong></span> <span class='ocrx_word' id='word_1_326' title='bbox 996 1856 1038 1884; x_wconf 87' lang='lat' dir='ltr'><strong>his</strong></span> 
     </span>
    </p>
   </div>
   <div class='ocr_carea' id='block_1_39' title="bbox 247 1899 1037 1937">
    <p class='ocr_par' dir='ltr' id='par_1_39' title="bbox 247 1899 1037 1937">
     <span class='ocr_line' id='line_1_39' title="bbox 247 1899 1037 1937; baseline 0.006 -12"><span class='ocrx_word' id='word_1_327' title='bbox 247 1906 306 1933; x_wconf 61' lang='lat' dir='ltr'><strong>qum</strong></span> <span class='ocrx_word' id='word_1_328' title='bbox 321 1899 388 1927; x_wconf 89' lang='lat' dir='ltr'><strong>lecta</strong></span> <span class='ocrx_word' id='word_1_329' title='bbox 403 1905 465 1928; x_wconf 88' lang='lat' dir='ltr'><strong>sunt</strong></span> <span class='ocrx_word' id='word_1_330' title='bbox 476 1900 555 1928; x_wconf 86' lang='lat' dir='ltr'><strong>ﬁnem</strong></span> <span class='ocrx_word' id='word_1_331' title='bbox 578 1901 752 1937; x_wconf 90' lang='lat' dir='ltr'><strong>imposuimus</strong></span> <span class='ocrx_word' id='word_1_332' title='bbox 765 1922 772 1935; x_wconf 96' lang='lat'><strong>,</strong></span> <span class='ocrx_word' id='word_1_333' title='bbox 794 1910 863 1930; x_wconf 90' lang='lat' dir='ltr'><strong>nunc</strong></span> <span class='ocrx_word' id='word_1_334' title='bbox 884 1909 1037 1931; x_wconf 87' lang='lat' dir='ltr'><strong>sermonem</strong></span> 
     </span>
    </p>
   </div>
   <div class='ocr_carea' id='block_1_40' title="bbox 246 1945 444 1973">
    <p class='ocr_par' dir='ltr' id='par_1_40' title="bbox 246 1945 444 1973">
     <span class='ocr_line' id='line_1_40' title="bbox 246 1945 444 1973; baseline 0.015 -3"><span class='ocrx_word' id='word_1_335' title='bbox 246 1945 444 1973; x_wconf 79' lang='lat' dir='ltr'><strong>contrahamus.</strong></span> 
     </span>
    </p>
   </div>
   <div class='ocr_carea' id='block_1_41' title="bbox 282 1990 1038 2028">
    <p class='ocr_par' dir='ltr' id='par_1_41' title="bbox 282 1990 1038 2028">
     <span class='ocr_line' id='line_1_41' title="bbox 282 1990 1038 2028; baseline 0.005 -11"><span class='ocrx_word' id='word_1_336' title='bbox 282 1990 326 2018; x_wconf 83' lang='lat' dir='ltr'><strong>lO.</strong></span> <span class='ocrx_word' id='word_1_337' title='bbox 342 1991 464 2027; x_wconf 73' lang='lat' dir='ltr'><strong>Epilogus</strong></span> <span class='ocrx_word' id='word_1_338' title='bbox 475 1993 744 2021; x_wconf 73' lang='lat' dir='ltr'><strong>homiliw.——Possent</strong></span> <span class='ocrx_word' id='word_1_339' title='bbox 754 1993 860 2028; x_wconf 87' lang='lat' dir='ltr'><strong>quidem</strong></span> <span class='ocrx_word' id='word_1_340' title='bbox 873 1998 900 2021; x_wconf 92' lang='lat' dir='ltr'><strong>et</strong></span> <span class='ocrx_word' id='word_1_341' title='bbox 910 1993 960 2021; x_wconf 89' lang='lat' dir='ltr'><strong>alia</strong></span> <span class='ocrx_word' id='word_1_342' title='bbox 974 2001 1038 2028; x_wconf 89' lang='lat' dir='ltr'><strong>pro-</strong></span> 
     </span>
    </p>
   </div>
   <div class='ocr_carea' id='block_1_42' title="bbox 247 2035 1039 2074">
    <p class='ocr_par' dir='ltr' id='par_1_42' title="bbox 247 2035 1039 2074">
     <span class='ocr_line' id='line_1_42' title="bbox 247 2035 1039 2074; baseline 0.005 -11"><span class='ocrx_word' id='word_1_343' title='bbox 247 2035 310 2063; x_wconf 90' lang='lat' dir='ltr'><strong>ferri</strong></span> <span class='ocrx_word' id='word_1_344' title='bbox 323 2057 330 2070; x_wconf 92' lang='lat'><strong>,</strong></span> <span class='ocrx_word' id='word_1_345' title='bbox 343 2041 367 2064; x_wconf 93' lang='lat' dir='ltr'><strong>et</strong></span> <span class='ocrx_word' id='word_1_346' title='bbox 385 2037 480 2065; x_wconf 89' lang='lat' dir='ltr'><strong>iterum</strong></span> <span class='ocrx_word' id='word_1_347' title='bbox 495 2039 638 2066; x_wconf 86' lang='lat' dir='ltr'><strong>monstrari</strong></span> <span class='ocrx_word' id='word_1_348' title='bbox 652 2039 779 2066; x_wconf 89' lang='lat' dir='ltr'><strong>inllictam</strong></span> <span class='ocrx_word' id='word_1_349' title='bbox 796 2039 858 2067; x_wconf 87' lang='lat' dir='ltr'><strong>Itinc</strong></span> <span class='ocrx_word' id='word_1_350' title='bbox 870 2047 974 2074; x_wconf 87' lang='lat' dir='ltr'><strong>poenam</strong></span> <span class='ocrx_word' id='word_1_351' title='bbox 987 2060 994 2071; x_wconf 83' lang='lat'><strong>,</strong></span> <span class='ocrx_word' id='word_1_352' title='bbox 1011 2045 1039 2067; x_wconf 92' lang='lat' dir='ltr'><strong>et</strong></span> 
     </span>
    </p>
   </div>
   <div class='ocr_carea' id='block_1_43' title="bbox 248 2082 1038 2119">
    <p class='ocr_par' dir='ltr' id='par_1_43' title="bbox 248 2082 1038 2119">
     <span class='ocr_line' id='line_1_43' title="bbox 248 2082 1038 2119; baseline 0.004 -11"><span class='ocrx_word' id='word_1_353' title='bbox 248 2082 435 2110; x_wconf 88' lang='lat' dir='ltr'><strong>mortalitatem</strong></span> <span class='ocrx_word' id='word_1_354' title='bbox 452 2083 477 2110; x_wconf 90' lang='lat' dir='ltr'><strong>in</strong></span> <span class='ocrx_word' id='word_1_355' title='bbox 492 2091 541 2110; x_wconf 92' lang='lat' dir='ltr'><strong>nos</strong></span> <span class='ocrx_word' id='word_1_356' title='bbox 554 2084 688 2111; x_wconf 85' lang='lat' dir='ltr'><strong>inductam</strong></span> <span class='ocrx_word' id='word_1_357' title='bbox 703 2105 711 2117; x_wconf 90' lang='lat'><strong>,</strong></span> <span class='ocrx_word' id='word_1_358' title='bbox 726 2084 835 2111; x_wconf 88' lang='lat' dir='ltr'><strong>multam</strong></span> <span class='ocrx_word' id='word_1_359' title='bbox 850 2084 974 2119; x_wconf 85' lang='lat' dir='ltr'><strong>abyssum</strong></span> <span class='ocrx_word' id='word_1_360' title='bbox 989 2084 1038 2112; x_wconf 88' lang='lat' dir='ltr'><strong>ha-</strong></span> 
     </span>
    </p>
   </div>
   <div class='ocr_carea' id='block_1_44' title="bbox 249 2127 1040 2158">
    <p class='ocr_par' dir='ltr' id='par_1_44' title="bbox 249 2127 1040 2158">
     <span class='ocr_line' id='line_1_44' title="bbox 249 2127 1040 2158; baseline 0.005 -4"><span class='ocrx_word' id='word_1_361' title='bbox 249 2127 313 2155; x_wconf 89' lang='lat' dir='ltr'><strong>bere</strong></span> <span class='ocrx_word' id='word_1_362' title='bbox 327 2128 423 2156; x_wconf 77' lang='lat' dir='ltr'><strong>divina:</strong></span> <span class='ocrx_word' id='word_1_363' title='bbox 438 2129 645 2157; x_wconf 73' lang='lat' dir='ltr'><strong>miscricordize:</strong></span> <span class='ocrx_word' id='word_1_364' title='bbox 661 2130 709 2157; x_wconf 92' lang='lat' dir='ltr'><strong>sed</strong></span> <span class='ocrx_word' id='word_1_365' title='bbox 724 2138 758 2157; x_wconf 92' lang='lat' dir='ltr'><strong>ne</strong></span> <span class='ocrx_word' id='word_1_366' title='bbox 772 2130 940 2158; x_wconf 87' lang='lat' dir='ltr'><strong>multitudine</strong></span> <span class='ocrx_word' id='word_1_367' title='bbox 955 2131 1040 2158; x_wconf 87' lang='lat' dir='ltr'><strong>dicto—</strong></span> 
     </span>
    </p>
   </div>
   <div class='ocr_carea' id='block_1_45' title="bbox 248 2175 1037 2211">
    <p class='ocr_par' dir='ltr' id='par_1_45' title="bbox 248 2175 1037 2211">
     <span class='ocr_line' id='line_1_45' title="bbox 248 2175 1037 2211; baseline 0.006 -12"><span class='ocrx_word' id='word_1_368' title='bbox 248 2180 306 2199; x_wconf 90' lang='lat' dir='ltr'><strong>rum</strong></span> <span class='ocrx_word' id='word_1_369' title='bbox 318 2178 434 2201; x_wconf 90' lang='lat' dir='ltr'><strong>mentem</strong></span> <span class='ocrx_word' id='word_1_370' title='bbox 443 2179 558 2202; x_wconf 73' lang='lat' dir='ltr'><strong>vestram</strong></span> <span class='ocrx_word' id='word_1_371' title='bbox 569 2175 723 2207; x_wconf 77' lang='lat' dir='ltr'><strong>obruamus,</strong></span> <span class='ocrx_word' id='word_1_372' title='bbox 731 2183 788 2210; x_wconf 75' lang='lat' dir='ltr'><strong>age,</strong></span> <span class='ocrx_word' id='word_1_373' title='bbox 796 2176 968 2204; x_wconf 73' lang='lat' dir='ltr'><strong>Obsecremus</strong></span> <span class='ocrx_word' id='word_1_374' title='bbox 980 2184 1037 2211; x_wconf 81' lang='lat' dir='ltr'><strong>VOS,</strong></span> 
     </span>
    </p>
   </div>
   <div class='ocr_carea' id='block_1_46' title="bbox 248 2218 1037 2257">
    <p class='ocr_par' dir='ltr' id='par_1_46' title="bbox 248 2218 1037 2257">
     <span class='ocr_line' id='line_1_46' title="bbox 248 2218 1037 2257; baseline 0.008 -13"><span class='ocrx_word' id='word_1_375' title='bbox 248 2222 277 2245; x_wconf 90' lang='lat' dir='ltr'><strong>ut</strong></span> <span class='ocrx_word' id='word_1_376' title='bbox 289 2225 349 2245; x_wconf 89' lang='lat' dir='ltr'><strong>cum</strong></span> <span class='ocrx_word' id='word_1_377' title='bbox 364 2218 425 2246; x_wconf 89' lang='lat' dir='ltr'><strong>hinc</strong></span> <span class='ocrx_word' id='word_1_378' title='bbox 440 2220 568 2254; x_wconf 89' lang='lat' dir='ltr'><strong>abieritis,</strong></span> <span class='ocrx_word' id='word_1_379' title='bbox 584 2228 617 2248; x_wconf 92' lang='lat' dir='ltr'><strong>ne</strong></span> <span class='ocrx_word' id='word_1_380' title='bbox 628 2221 653 2248; x_wconf 91' lang='lat' dir='ltr'><strong>in</strong></span> <span class='ocrx_word' id='word_1_381' title='bbox 663 2221 847 2249; x_wconf 87' lang='lat' dir='ltr'><strong>conventicula</strong></span> <span class='ocrx_word' id='word_1_382' title='bbox 859 2222 1037 2257; x_wconf 88' lang='lat' dir='ltr'><strong>insipientium</strong></span> 
     </span>
    </p>
   </div>
   <div class='ocr_carea' id='block_1_47' title="bbox 249 2264 1037 2303">
    <p class='ocr_par' dir='ltr' id='par_1_47' title="bbox 249 2264 1037 2303">
     <span class='ocr_line' id='line_1_47' title="bbox 249 2264 1037 2303; baseline 0.008 -13"><span class='ocrx_word' id='word_1_383' title='bbox 249 2271 295 2291; x_wconf 91' lang='lat' dir='ltr'><strong>vos</strong></span> <span class='ocrx_word' id='word_1_384' title='bbox 306 2264 460 2299; x_wconf 77' lang='lat' dir='ltr'><strong>conferatis,</strong></span> <span class='ocrx_word' id='word_1_385' title='bbox 471 2273 556 2300; x_wconf 89' lang='lat' dir='ltr'><strong>neque</strong></span> <span class='ocrx_word' id='word_1_386' title='bbox 570 2267 760 2301; x_wconf 56' lang='lat' dir='ltr'><strong>intempestivas</strong></span> <span class='ocrx_word' id='word_1_387' title='bbox 771 2269 913 2302; x_wconf 77' lang='lat' dir='ltr'><strong>nugaeitati</strong></span> <span class='ocrx_word' id='word_1_388' title='bbox 927 2270 1037 2303; x_wconf 85' lang='lat' dir='ltr'><strong>vacetis,</strong></span> 
     </span>
    </p>
   </div>
   <div class='ocr_carea' id='block_1_48' title="bbox 249 2310 1039 2350">
    <p class='ocr_par' dir='ltr' id='par_1_48' title="bbox 249 2310 1039 2350">
     <span class='ocr_line' id='line_1_48' title="bbox 249 2310 1039 2350; baseline 0.006 -14"><span class='ocrx_word' id='word_1_389' title='bbox 249 2310 296 2337; x_wconf 83' lang='lat' dir='ltr'><strong>sed</strong></span> <span class='ocrx_word' id='word_1_390' title='bbox 310 2310 378 2345; x_wconf 88' lang='lat' dir='ltr'><strong>apud</strong></span> <span class='ocrx_word' id='word_1_391' title='bbox 401 2319 448 2338; x_wconf 86' lang='lat' dir='ltr'><strong>vos</strong></span> <span class='ocrx_word' id='word_1_392' title='bbox 475 2311 613 2347; x_wconf 78' lang='lat' dir='ltr'><strong>intelligite</strong></span> <span class='ocrx_word' id='word_1_393' title='bbox 637 2317 664 2340; x_wconf 90' lang='lat' dir='ltr'><strong>et</strong></span> <span class='ocrx_word' id='word_1_394' title='bbox 684 2319 744 2339; x_wconf 93' lang='lat' dir='ltr'><strong>cum</strong></span> <span class='ocrx_word' id='word_1_395' title='bbox 767 2313 825 2340; x_wconf 88' lang='lat' dir='ltr'><strong>aliis</strong></span> <span class='ocrx_word' id='word_1_396' title='bbox 845 2314 959 2348; x_wconf 80' lang='lat' dir='ltr'><strong>colligite</strong></span> <span class='ocrx_word' id='word_1_397' title='bbox 980 2323 1039 2350; x_wconf 70' lang='lat' dir='ltr'><strong>quae</strong></span> 
     </span>
    </p>
   </div>
   <div class='ocr_carea' id='block_1_49' title="bbox 249 2355 1037 2394">
    <p class='ocr_par' dir='ltr' id='par_1_49' title="bbox 249 2355 1037 2394">
     <span class='ocr_line' id='line_1_49' title="bbox 249 2355 1037 2394; baseline 0.006 -12"><span class='ocrx_word' id='word_1_398' title='bbox 249 2355 318 2382; x_wconf 89' lang='lat' dir='ltr'><strong>dicta</strong></span> <span class='ocrx_word' id='word_1_399' title='bbox 331 2360 392 2383; x_wconf 91' lang='lat' dir='ltr'><strong>sunt</strong></span> <span class='ocrx_word' id='word_1_400' title='bbox 406 2377 414 2390; x_wconf 91' lang='lat'><strong>,</strong></span> <span class='ocrx_word' id='word_1_401' title='bbox 426 2361 453 2384; x_wconf 89' lang='lat' dir='ltr'><strong>et</strong></span> <span class='ocrx_word' id='word_1_402' title='bbox 468 2357 493 2383; x_wconf 90' lang='lat' dir='ltr'><strong>in</strong></span> <span class='ocrx_word' id='word_1_403' title='bbox 510 2357 665 2384; x_wconf 84' lang='lat' dir='ltr'><strong>memoriam</strong></span> <span class='ocrx_word' id='word_1_404' title='bbox 684 2357 780 2385; x_wconf 84' lang='lat' dir='ltr'><strong>referte</strong></span> <span class='ocrx_word' id='word_1_405' title='bbox 793 2379 800 2392; x_wconf 93' lang='lat'><strong>,</strong></span> <span class='ocrx_word' id='word_1_406' title='bbox 816 2358 942 2393; x_wconf 91' lang='lat' dir='ltr'><strong>quidnam</strong></span> <span class='ocrx_word' id='word_1_407' title='bbox 957 2359 1037 2394; x_wconf 85' lang='lat' dir='ltr'><strong>judex</strong></span> 
     </span>
    </p>
   </div>
   <div class='ocr_carea' id='block_1_50' title="bbox 249 2401 1039 2439">
    <p class='ocr_par' dir='ltr' id='par_1_50' title="bbox 249 2401 1039 2439">
     <span class='ocr_line' id='line_1_50' title="bbox 249 2401 1039 2439; baseline 0.005 -11"><span class='ocrx_word' id='word_1_408' title='bbox 249 2401 437 2436; x_wconf 79' lang='lat' dir='ltr'><strong>responderit,</strong></span> <span class='ocrx_word' id='word_1_409' title='bbox 451 2402 514 2437; x_wconf 88' lang='lat' dir='ltr'><strong>qttid</strong></span> <span class='ocrx_word' id='word_1_410' title='bbox 537 2403 574 2430; x_wconf 88' lang='lat' dir='ltr'><strong>rei</strong></span> <span class='ocrx_word' id='word_1_411' title='bbox 594 2410 642 2437; x_wconf 82' lang='lat' dir='ltr'><strong>pro</strong></span> <span class='ocrx_word' id='word_1_412' title='bbox 665 2410 694 2430; x_wconf 90' lang='lat' dir='ltr'><strong>se</strong></span> <span class='ocrx_word' id='word_1_413' title='bbox 712 2403 827 2430; x_wconf 79' lang='lat' dir='ltr'><strong>dixerint</strong></span> <span class='ocrx_word' id='word_1_414' title='bbox 841 2424 848 2437; x_wconf 90' lang='lat'><strong>,</strong></span> <span class='ocrx_word' id='word_1_415' title='bbox 863 2408 891 2431; x_wconf 87' lang='lat' dir='ltr'><strong>et</strong></span> <span class='ocrx_word' id='word_1_416' title='bbox 906 2404 1039 2439; x_wconf 91' lang='lat' dir='ltr'><strong>quomodo</strong></span> 
     </span>
    </p>
   </div>
   <div class='ocr_carea' id='block_1_51' title="bbox 250 2447 1039 2484">
    <p class='ocr_par' dir='ltr' id='par_1_51' title="bbox 250 2447 1039 2484">
     <span class='ocr_line' id='line_1_51' title="bbox 250 2447 1039 2484; baseline 0.005 -11"><span class='ocrx_word' id='word_1_417' title='bbox 250 2447 334 2474; x_wconf 83' lang='lat' dir='ltr'><strong>Adam</strong></span> <span class='ocrx_word' id='word_1_418' title='bbox 347 2447 453 2482; x_wconf 88' lang='lat' dir='ltr'><strong>culpam</strong></span> <span class='ocrx_word' id='word_1_419' title='bbox 469 2447 494 2474; x_wconf 90' lang='lat' dir='ltr'><strong>in</strong></span> <span class='ocrx_word' id='word_1_420' title='bbox 508 2455 617 2475; x_wconf 88' lang='lat' dir='ltr'><strong>uxorem</strong></span> <span class='ocrx_word' id='word_1_421' title='bbox 632 2449 813 2481; x_wconf 87' lang='lat' dir='ltr'><strong>transtulerit,</strong></span> <span class='ocrx_word' id='word_1_422' title='bbox 827 2449 872 2476; x_wconf 90' lang='lat' dir='ltr'><strong>illa</strong></span> <span class='ocrx_word' id='word_1_423' title='bbox 884 2449 909 2476; x_wconf 89' lang='lat' dir='ltr'><strong>in</strong></span> <span class='ocrx_word' id='word_1_424' title='bbox 928 2457 1039 2484; x_wconf 91' lang='lat' dir='ltr'><strong>serpen-</strong></span> 
     </span>
    </p>
   </div>
   <div class='ocr_carea' id='block_1_52' title="bbox 250 2494 1039 2530">
    <p class='ocr_par' dir='ltr' id='par_1_52' title="bbox 250 2494 1039 2530">
     <span class='ocr_line' id='line_1_52' title="bbox 250 2494 1039 2530; baseline 0.004 -10"><span class='ocrx_word' id='word_1_425' title='bbox 250 2498 313 2524; x_wconf 84' lang='lat' dir='ltr'><strong>tem.</strong></span> <span class='ocrx_word' id='word_1_426' title='bbox 328 2494 462 2529; x_wconf 89' lang='lat' dir='ltr'><strong>quomodo</strong></span> <span class='ocrx_word' id='word_1_427' title='bbox 472 2495 535 2522; x_wconf 89' lang='lat' dir='ltr'><strong>item</strong></span> <span class='ocrx_word' id='word_1_428' title='bbox 548 2495 617 2522; x_wconf 89' lang='lat' dir='ltr'><strong>Deus</strong></span> <span class='ocrx_word' id='word_1_429' title='bbox 626 2495 705 2523; x_wconf 83' lang='lat' dir='ltr'><strong>etiam</strong></span> <span class='ocrx_word' id='word_1_430' title='bbox 720 2495 790 2523; x_wconf 87' lang='lat' dir='ltr'><strong>hunc</strong></span> <span class='ocrx_word' id='word_1_431' title='bbox 805 2495 929 2530; x_wconf 91' lang='lat' dir='ltr'><strong>punierit,</strong></span> <span class='ocrx_word' id='word_1_432' title='bbox 945 2500 970 2523; x_wconf 89' lang='lat' dir='ltr'><strong>ct</strong></span> <span class='ocrx_word' id='word_1_433' title='bbox 982 2503 1039 2530; x_wconf 81' lang='lat' dir='ltr'><strong>poe-</strong></span> 
     </span>
    </p>
   </div>
   <div class='ocr_carea' id='block_1_53' title="bbox 250 2540 1039 2576">
    <p class='ocr_par' dir='ltr' id='par_1_53' title="bbox 250 2540 1039 2576">
     <span class='ocr_line' id='line_1_53' title="bbox 250 2540 1039 2576; baseline 0.004 -11"><span class='ocrx_word' id='word_1_434' title='bbox 250 2547 310 2566; x_wconf 86' lang='lat' dir='ltr'><strong>nam</strong></span> <span class='ocrx_word' id='word_1_435' title='bbox 327 2540 363 2567; x_wconf 91' lang='lat' dir='ltr'><strong>illi</strong></span> <span class='ocrx_word' id='word_1_436' title='bbox 378 2544 434 2568; x_wconf 88' lang='lat' dir='ltr'><strong>toto</strong></span> <span class='ocrx_word' id='word_1_437' title='bbox 448 2541 546 2568; x_wconf 73' lang='lat' dir='ltr'><strong>sazculo</strong></span> <span class='ocrx_word' id='word_1_438' title='bbox 555 2541 708 2568; x_wconf 85' lang='lat' dir='ltr'><strong>duraturam</strong></span> <span class='ocrx_word' id='word_1_439' title='bbox 721 2541 845 2568; x_wconf 86' lang='lat' dir='ltr'><strong>inﬁixerit</strong></span> <span class='ocrx_word' id='word_1_440' title='bbox 855 2562 863 2574; x_wconf 89' lang='lat'><strong>,</strong></span> <span class='ocrx_word' id='word_1_441' title='bbox 879 2549 1039 2576; x_wconf 79' lang='lat' dir='ltr'><strong>gravemque</strong></span> 
     </span>
    </p>
   </div>
   <div class='ocr_carea' id='block_1_54' title="bbox 251 2585 1041 2621">
    <p class='ocr_par' dir='ltr' id='par_1_54' title="bbox 251 2585 1041 2621">
     <span class='ocr_line' id='line_1_54' title="bbox 251 2585 1041 2621; baseline 0.001 -10"><span class='ocrx_word' id='word_1_442' title='bbox 251 2585 276 2611; x_wconf 91' lang='lat' dir='ltr'><strong>in</strong></span> <span class='ocrx_word' id='word_1_443' title='bbox 297 2585 370 2612; x_wconf 92' lang='lat' dir='ltr'><strong>illum</strong></span> <span class='ocrx_word' id='word_1_444' title='bbox 393 2586 602 2620; x_wconf 84' lang='lat' dir='ltr'><strong>indignationem</strong></span> <span class='ocrx_word' id='word_1_445' title='bbox 621 2587 815 2620; x_wconf 84' lang='lat' dir='ltr'><strong>declaraverit,</strong></span> <span class='ocrx_word' id='word_1_446' title='bbox 838 2591 918 2621; x_wconf 89' lang='lat' dir='ltr'><strong>atque</strong></span> <span class='ocrx_word' id='word_1_447' title='bbox 934 2595 968 2613; x_wconf 88' lang='lat' dir='ltr'><strong>ex</strong></span> <span class='ocrx_word' id='word_1_448' title='bbox 990 2586 1041 2613; x_wconf 88' lang='lat' dir='ltr'><strong>hoc</strong></span> 
     </span>
    </p>
   </div>
   <div class='ocr_carea' id='block_1_55' title="bbox 249 2630 1039 2667">
    <p class='ocr_par' dir='ltr' id='par_1_55' title="bbox 249 2630 1039 2667">
     <span class='ocr_line' id='line_1_55' title="bbox 249 2630 1039 2667; baseline 0.003 -11"><span class='ocrx_word' id='word_1_449' title='bbox 249 2630 397 2657; x_wconf 88' lang='lat' dir='ltr'><strong>ostenderit</strong></span> <span class='ocrx_word' id='word_1_450' title='bbox 419 2638 494 2659; x_wconf 87' lang='lat' dir='ltr'><strong>suam</strong></span> <span class='ocrx_word' id='word_1_451' title='bbox 517 2639 578 2666; x_wconf 83' lang='lat' dir='ltr'><strong>erga</strong></span> <span class='ocrx_word' id='word_1_452' title='bbox 594 2631 720 2667; x_wconf 85' lang='lat' dir='ltr'><strong>deceptos</strong></span> <span class='ocrx_word' id='word_1_453' title='bbox 740 2639 842 2659; x_wconf 87' lang='lat' dir='ltr'><strong>curam.</strong></span> <span class='ocrx_word' id='word_1_454' title='bbox 863 2631 901 2658; x_wconf 82' lang='lat' dir='ltr'><strong>Ex</strong></span> <span class='ocrx_word' id='word_1_455' title='bbox 916 2639 949 2658; x_wconf 89' lang='lat' dir='ltr'><strong>eo</strong></span> <span class='ocrx_word' id='word_1_456' title='bbox 968 2631 1039 2658; x_wconf 89' lang='lat' dir='ltr'><strong>enim</strong></span> 
     </span>
    </p>
   </div>
   <div class='ocr_carea' id='block_1_56' title="bbox 249 2675 1038 2711">
    <p class='ocr_par' dir='ltr' id='par_1_56' title="bbox 249 2675 1038 2711">
     <span class='ocr_line' id='line_1_56' title="bbox 249 2675 1038 2711; baseline 0.004 -11"><span class='ocrx_word' id='word_1_457' title='bbox 249 2675 320 2709; x_wconf 80' lang='lat' dir='ltr'><strong>qnol</strong></span> <span class='ocrx_word' id='word_1_458' title='bbox 334 2675 508 2710; x_wconf 86' lang='lat' dir='ltr'><strong>decipientcm</strong></span> <span class='ocrx_word' id='word_1_459' title='bbox 522 2676 560 2704; x_wconf 90' lang='lat' dir='ltr'><strong>sic</strong></span> <span class='ocrx_word' id='word_1_460' title='bbox 576 2677 644 2704; x_wconf 91' lang='lat' dir='ltr'><strong>ultus</strong></span> <span class='ocrx_word' id='word_1_461' title='bbox 661 2682 702 2704; x_wconf 92' lang='lat' dir='ltr'><strong>est</strong></span> <span class='ocrx_word' id='word_1_462' title='bbox 713 2697 720 2710; x_wconf 89' lang='lat'><strong>,</strong></span> <span class='ocrx_word' id='word_1_463' title='bbox 735 2677 889 2711; x_wconf 78' lang='lat' dir='ltr'><strong>intelligitur</strong></span> <span class='ocrx_word' id='word_1_464' title='bbox 901 2676 935 2704; x_wconf 90' lang='lat' dir='ltr'><strong>ab</strong></span> <span class='ocrx_word' id='word_1_465' title='bbox 946 2683 978 2703; x_wconf 86' lang='lat' dir='ltr'><strong>eo</strong></span> <span class='ocrx_word' id='word_1_466' title='bbox 991 2676 1038 2703; x_wconf 90' lang='lat' dir='ltr'><strong>de-</strong></span> 
     </span>
    </p>
   </div>
   <div class='ocr_carea' id='block_1_57' title="bbox 250 2721 1039 2757">
    <p class='ocr_par' dir='ltr' id='par_1_57' title="bbox 250 2721 1039 2757">
     <span class='ocr_line' id='line_1_57' title="bbox 250 2721 1039 2757; baseline 0.004 -12"><span class='ocrx_word' id='word_1_467' title='bbox 250 2725 342 2755; x_wconf 80' lang='lat' dir='ltr'><strong>ceptos</strong></span> <span class='ocrx_word' id='word_1_468' title='bbox 355 2727 400 2748; x_wconf 91' lang='lat' dir='ltr'><strong>eos</strong></span> <span class='ocrx_word' id='word_1_469' title='bbox 411 2721 501 2754; x_wconf 86' lang='lat' dir='ltr'><strong>fuisse,</strong></span> <span class='ocrx_word' id='word_1_470' title='bbox 511 2722 555 2756; x_wconf 89' lang='lat' dir='ltr'><strong>qui</strong></span> <span class='ocrx_word' id='word_1_471' title='bbox 566 2722 621 2749; x_wconf 80' lang='lat' dir='ltr'><strong>Deo</strong></span> <span class='ocrx_word' id='word_1_472' title='bbox 628 2722 702 2749; x_wconf 85' lang='lat' dir='ltr'><strong>valde</strong></span> <span class='ocrx_word' id='word_1_473' title='bbox 710 2722 776 2757; x_wconf 82' lang='lat' dir='ltr'><strong>grati</strong></span> <span class='ocrx_word' id='word_1_474' title='bbox 786 2725 870 2753; x_wconf 90' lang='lat' dir='ltr'><strong>crant,</strong></span> <span class='ocrx_word' id='word_1_475' title='bbox 878 2726 904 2748; x_wconf 91' lang='lat' dir='ltr'><strong>et</strong></span> <span class='ocrx_word' id='word_1_476' title='bbox 915 2729 964 2755; x_wconf 90' lang='lat' dir='ltr'><strong>pro</strong></span> <span class='ocrx_word' id='word_1_477' title='bbox 980 2721 1039 2755; x_wconf 73' lang='lat' dir='ltr'><strong>qui~</strong></span> 
     </span>
    </p>
   </div>
   <div class='ocr_carea' id='block_1_58' title="bbox 251 2765 1040 2801">
    <p class='ocr_par' dir='ltr' id='par_1_58' title="bbox 251 2765 1040 2801">
     <span class='ocr_line' id='line_1_58' title="bbox 251 2765 1040 2801; baseline 0 -9"><span class='ocrx_word' id='word_1_478' title='bbox 251 2765 301 2792; x_wconf 88' lang='lat' dir='ltr'><strong>bus</strong></span> <span class='ocrx_word' id='word_1_479' title='bbox 322 2766 432 2793; x_wconf 89' lang='lat' dir='ltr'><strong>multum</strong></span> <span class='ocrx_word' id='word_1_480' title='bbox 452 2767 579 2795; x_wconf 88' lang='lat' dir='ltr'><strong>sollicitus</strong></span> <span class='ocrx_word' id='word_1_481' title='bbox 595 2767 689 2794; x_wconf 87' lang='lat' dir='ltr'><strong>fuerat.</strong></span> <span class='ocrx_word' id='word_1_482' title='bbox 715 2767 779 2794; x_wconf 88' lang='lat' dir='ltr'><strong>Dein</strong></span> <span class='ocrx_word' id='word_1_483' title='bbox 802 2771 963 2794; x_wconf 90' lang='lat' dir='ltr'><strong>mementote</strong></span> <span class='ocrx_word' id='word_1_484' title='bbox 977 2773 1040 2801; x_wconf 79' lang='lat' dir='ltr'><strong>sup-</strong></span> 
     </span>
    </p>
   </div>
   <div class='ocr_carea' id='block_1_59' title="bbox 251 2811 1040 2848">
    <p class='ocr_par' dir='ltr' id='par_1_59' title="bbox 251 2811 1040 2848">
     <span class='ocr_line' id='line_1_59' title="bbox 251 2811 1040 2848; baseline 0 -11"><span class='ocrx_word' id='word_1_485' title='bbox 251 2812 321 2846; x_wconf 81' lang='lat' dir='ltr'><strong>plicii</strong></span> <span class='ocrx_word' id='word_1_486' title='bbox 338 2813 465 2845; x_wconf 88' lang='lat' dir='ltr'><strong>mulieris,</strong></span> <span class='ocrx_word' id='word_1_487' title='bbox 478 2817 504 2840; x_wconf 90' lang='lat' dir='ltr'><strong>ct</strong></span> <span class='ocrx_word' id='word_1_488' title='bbox 513 2820 598 2848; x_wconf 68' lang='lat' dir='ltr'><strong>poena:</strong></span> <span class='ocrx_word' id='word_1_489' title='bbox 608 2821 666 2847; x_wconf 72' lang='lat' dir='ltr'><strong>qua:</strong></span> <span class='ocrx_word' id='word_1_490' title='bbox 675 2813 712 2840; x_wconf 90' lang='lat' dir='ltr'><strong>illi</strong></span> <span class='ocrx_word' id='word_1_491' title='bbox 723 2812 819 2839; x_wconf 82' lang='lat' dir='ltr'><strong>inﬂicta</strong></span> <span class='ocrx_word' id='word_1_492' title='bbox 831 2817 881 2843; x_wconf 87' lang='lat' dir='ltr'><strong>est,</strong></span> <span class='ocrx_word' id='word_1_493' title='bbox 891 2811 944 2838; x_wconf 91' lang='lat' dir='ltr'><strong>imo</strong></span> <span class='ocrx_word' id='word_1_494' title='bbox 953 2811 1040 2846; x_wconf 90' lang='lat' dir='ltr'><strong>potius</strong></span> 
     </span>
    </p>
   </div>
   <div class='ocr_carea' id='block_1_60' title="bbox 250 2852 1039 2893">
    <p class='ocr_par' dir='ltr' id='par_1_60' title="bbox 250 2852 1039 2893">
     <span class='ocr_line' id='line_1_60' title="bbox 250 2852 1039 2893; baseline -0.004 -8"><span class='ocrx_word' id='word_1_495' title='bbox 250 2858 460 2892; x_wconf 74' lang='lat' dir='ltr'><strong>admonitionis,</strong></span> <span class='ocrx_word' id='word_1_496' title='bbox 481 2863 506 2886; x_wconf 87' lang='lat' dir='ltr'><strong>et</strong></span> <span class='ocrx_word' id='word_1_497' title='bbox 527 2859 565 2886; x_wconf 89' lang='lat' dir='ltr'><strong>sic</strong></span> <span class='ocrx_word' id='word_1_498' title='bbox 584 2852 689 2893; x_wconf 83' lang='lat' dir='ltr'><strong>quoque</strong></span> <span class='ocrx_word' id='word_1_499' title='bbox 707 2856 884 2886; x_wconf 84' lang='lat' dir='ltr'><strong>recordemiui</strong></span> <span class='ocrx_word' id='word_1_500' title='bbox 906 2863 964 2892; x_wconf 75' lang='lat' dir='ltr'><strong>qua:</strong></span> <span class='ocrx_word' id='word_1_501' title='bbox 987 2855 1039 2883; x_wconf 85' lang='lat' dir='ltr'><strong>sint</strong></span> 
     </span>
    </p>
   </div>
   <div class='ocr_carea' id='block_1_61' title="bbox 585 150 1491 187">
    <p class='ocr_par' dir='ltr' id='par_1_61' title="bbox 585 150 1491 187">
     <span class='ocr_line' id='line_1_61' title="bbox 585 150 1491 187; baseline -0.009 -1"><span class='ocrx_word' id='word_1_502' title='bbox 585 159 613 187; x_wconf 88' lang='lat' dir='ltr'><strong>S.</strong></span> <span class='ocrx_word' id='word_1_503' title='bbox 633 155 773 186; x_wconf 80' lang='lat' dir='ltr'><strong>.IOANNIS</strong></span> <span class='ocrx_word' id='word_1_504' title='bbox 791 152 1028 184; x_wconf 69' lang='lat' dir='ltr'><strong>CIIltYSOSTOMI</strong></span> <span class='ocrx_word' id='word_1_505' title='bbox 1052 152 1209 181; x_wconf 70' lang='lat' dir='ltr'><strong>ARCIIIEI‘.</strong></span> <span class='ocrx_word' id='word_1_506' title='bbox 1225 150 1491 180; x_wconf 74' lang='lat' dir='ltr'><strong>CONS&#39;I&#39;ANTINOI’.</strong></span> 
     </span>
    </p>
   </div>
   <div class='ocr_carea' id='block_1_62' title="bbox 1817 140 1869 169">
    <p class='ocr_par' dir='ltr' id='par_1_62' title="bbox 1817 140 1869 169">
     <span class='ocr_line' id='line_1_62' title="bbox 1817 140 1869 169; baseline 0.038 -2"><span class='ocrx_word' id='word_1_507' title='bbox 1817 140 1869 169; x_wconf 70' lang='grc'><strong>118</strong></span> 
     </span>
    </p>
   </div>
   <div class='ocr_carea' id='block_1_63' title="bbox 1082 200 1865 242">
    <p class='ocr_par' dir='ltr' id='par_1_63' title="bbox 1082 200 1865 242">
     <span class='ocr_line' id='line_1_63' title="bbox 1082 200 1865 242; baseline -0.009 -5"><span class='ocrx_word' id='word_1_508' title='bbox 1082 209 1147 237; x_wconf 77' lang='lat' dir='ltr'><strong>Adae</strong></span> <span class='ocrx_word' id='word_1_509' title='bbox 1173 209 1263 242; x_wconf 88' lang='lat' dir='ltr'><strong>dicta,</strong></span> <span class='ocrx_word' id='word_1_510' title='bbox 1284 200 1495 242; x_wconf 78' lang='lat' dir='ltr'><strong>sententiamque</strong></span> <span class='ocrx_word' id='word_1_511' title='bbox 1523 206 1591 233; x_wconf 89' lang='lat' dir='ltr'><strong>hanc</strong></span> <span class='ocrx_word' id='word_1_512' title='bbox 1619 204 1708 231; x_wconf 86' lang='lat' dir='ltr'><strong>animo</strong></span> <span class='ocrx_word' id='word_1_513' title='bbox 1732 204 1865 238; x_wconf 84' lang='lat' dir='ltr'><strong>repetite,</strong></span> 
     </span>
    </p>
   </div>
   <div class='ocr_carea' id='block_1_64' title="bbox 1081 250 1868 288">
    <p class='ocr_par' dir='ltr' id='par_1_64' title="bbox 1081 250 1868 288">
     <span class='ocr_line' id='line_1_64' title="bbox 1081 250 1868 288; baseline -0.008 -6"><span class='ocrx_word' id='word_1_514' title='bbox 1081 255 1159 282; x_wconf 75' lang='lat' dir='ltr'><strong>Terra</strong></span> <span class='ocrx_word' id='word_1_515' title='bbox 1173 263 1199 282; x_wconf 74' lang='lat' dir='ltr'><strong>es</strong></span> <span class='ocrx_word' id='word_1_516' title='bbox 1211 276 1219 288; x_wconf 91' lang='lat'><strong>,</strong></span> <span class='ocrx_word' id='word_1_517' title='bbox 1238 260 1261 282; x_wconf 80' lang='lat' dir='ltr'><strong>et</strong></span> <span class='ocrx_word' id='word_1_518' title='bbox 1275 255 1301 281; x_wconf 88' lang='lat' dir='ltr'><strong>in</strong></span> <span class='ocrx_word' id='word_1_519' title='bbox 1317 260 1408 282; x_wconf 83' lang='lat' dir='ltr'><strong>terram</strong></span> <span class='ocrx_word' id='word_1_520' title='bbox 1423 253 1510 280; x_wconf 75' lang='lat' dir='ltr'><strong>abibis.</strong></span> <span class='ocrx_word' id='word_1_521' title='bbox 1527 252 1593 279; x_wconf 91' lang='lat' dir='ltr'><strong>Iline</strong></span> <span class='ocrx_word' id='word_1_522' title='bbox 1605 250 1786 285; x_wconf 82' lang='lat' dir='ltr'><strong>obstupescite</strong></span> <span class='ocrx_word' id='word_1_523' title='bbox 1799 250 1868 277; x_wconf 88' lang='lat' dir='ltr'><strong>inef-</strong></span> 
     </span>
    </p>
   </div>
   <div class='ocr_carea' id='block_1_65' title="bbox 1080 296 1870 332">
    <p class='ocr_par' dir='ltr' id='par_1_65' title="bbox 1080 296 1870 332">
     <span class='ocr_line' id='line_1_65' title="bbox 1080 296 1870 332; baseline -0.006 -5"><span class='ocrx_word' id='word_1_524' title='bbox 1080 299 1185 327; x_wconf 75' lang='lat' dir='ltr'><strong>fabilem</strong></span> <span class='ocrx_word' id='word_1_525' title='bbox 1207 300 1252 327; x_wconf 89' lang='lat' dir='ltr'><strong>Dei</strong></span> <span class='ocrx_word' id='word_1_526' title='bbox 1274 299 1482 326; x_wconf 86' lang='lat' dir='ltr'><strong>miscricordiam</strong></span> <span class='ocrx_word' id='word_1_527' title='bbox 1495 318 1502 329; x_wconf 85' lang='lat'><strong>,</strong></span> <span class='ocrx_word' id='word_1_528' title='bbox 1521 296 1591 332; x_wconf 85' lang='lat' dir='ltr'><strong>quod</strong></span> <span class='ocrx_word' id='word_1_529' title='bbox 1610 303 1675 328; x_wconf 88' lang='lat' dir='ltr'><strong>nos,</strong></span> <span class='ocrx_word' id='word_1_530' title='bbox 1688 297 1732 331; x_wconf 88' lang='lat' dir='ltr'><strong>qui</strong></span> <span class='ocrx_word' id='word_1_531' title='bbox 1746 303 1778 323; x_wconf 88' lang='lat' dir='ltr'><strong>ex</strong></span> <span class='ocrx_word' id='word_1_532' title='bbox 1799 300 1870 322; x_wconf 87' lang='lat' dir='ltr'><strong>terra</strong></span> 
     </span>
    </p>
   </div>
   <div class='ocr_carea' id='block_1_66' title="bbox 1079 341 1865 377">
    <p class='ocr_par' dir='ltr' id='par_1_66' title="bbox 1079 341 1865 377">
     <span class='ocr_line' id='line_1_66' title="bbox 1079 341 1865 377; baseline -0.008 -5"><span class='ocrx_word' id='word_1_533' title='bbox 1079 351 1170 372; x_wconf 91' lang='lat' dir='ltr'><strong>sumus</strong></span> <span class='ocrx_word' id='word_1_534' title='bbox 1180 366 1187 377; x_wconf 92' lang='lat'><strong>,</strong></span> <span class='ocrx_word' id='word_1_535' title='bbox 1201 350 1228 372; x_wconf 88' lang='lat' dir='ltr'><strong>et</strong></span> <span class='ocrx_word' id='word_1_536' title='bbox 1243 345 1268 372; x_wconf 92' lang='lat' dir='ltr'><strong>in</strong></span> <span class='ocrx_word' id='word_1_537' title='bbox 1283 349 1382 372; x_wconf 85' lang='lat' dir='ltr'><strong>terram</strong></span> <span class='ocrx_word' id='word_1_538' title='bbox 1393 344 1584 374; x_wconf 80' lang='lat' dir='ltr'><strong>dissolvemur,</strong></span> <span class='ocrx_word' id='word_1_539' title='bbox 1601 342 1623 369; x_wconf 93' lang='lat' dir='ltr'><strong>si</strong></span> <span class='ocrx_word' id='word_1_540' title='bbox 1643 342 1803 368; x_wconf 78' lang='lat' dir='ltr'><strong>voluerimus</strong></span> <span class='ocrx_word' id='word_1_541' title='bbox 1816 341 1865 367; x_wconf 65' lang='lat' dir='ltr'><strong>vir.</strong></span> 
     </span>
    </p>
   </div>
   <div class='ocr_carea' id='block_1_67' title="bbox 1080 385 1870 425">
    <p class='ocr_par' dir='ltr' id='par_1_67' title="bbox 1080 385 1870 425">
     <span class='ocr_line' id='line_1_67' title="bbox 1080 385 1870 425; baseline -0.008 -8"><span class='ocrx_word' id='word_1_542' title='bbox 1080 395 1161 417; x_wconf 89' lang='lat' dir='ltr'><strong>tutcm</strong></span> <span class='ocrx_word' id='word_1_543' title='bbox 1177 389 1324 425; x_wconf 84' lang='lat' dir='ltr'><strong>amplexari</strong></span> <span class='ocrx_word' id='word_1_544' title='bbox 1340 409 1347 422; x_wconf 93' lang='lat'><strong>,</strong></span> <span class='ocrx_word' id='word_1_545' title='bbox 1364 394 1390 415; x_wconf 92' lang='lat' dir='ltr'><strong>et</strong></span> <span class='ocrx_word' id='word_1_546' title='bbox 1402 388 1463 415; x_wconf 89' lang='lat' dir='ltr'><strong>vitia</strong></span> <span class='ocrx_word' id='word_1_547' title='bbox 1477 388 1566 422; x_wconf 81' lang='lat' dir='ltr'><strong>fugere</strong></span> <span class='ocrx_word' id='word_1_548' title='bbox 1581 407 1587 419; x_wconf 92' lang='lat'><strong>,</strong></span> <span class='ocrx_word' id='word_1_549' title='bbox 1603 386 1707 421; x_wconf 83' lang='lat' dir='ltr'><strong>assequi</strong></span> <span class='ocrx_word' id='word_1_550' title='bbox 1723 385 1870 420; x_wconf 84' lang='lat' dir='ltr'><strong>poterimus</strong></span> 
     </span>
    </p>
   </div>
   <div class='ocr_carea' id='block_1_68' title="bbox 1080 431 1870 469">
    <p class='ocr_par' dir='ltr' id='par_1_68' title="bbox 1080 431 1870 469">
     <span class='ocr_line' id='line_1_68' title="bbox 1080 431 1870 469; baseline -0.006 -7"><span class='ocrx_word' id='word_1_551' title='bbox 1080 435 1221 463; x_wconf 73' lang='lat' dir='ltr'><strong>ineliabilia</strong></span> <span class='ocrx_word' id='word_1_552' title='bbox 1235 435 1280 462; x_wconf 90' lang='lat' dir='ltr'><strong>illa</strong></span> <span class='ocrx_word' id='word_1_553' title='bbox 1299 435 1368 462; x_wconf 90' lang='lat' dir='ltr'><strong>bona</strong></span> <span class='ocrx_word' id='word_1_554' title='bbox 1381 455 1388 467; x_wconf 90' lang='lat'><strong>,</strong></span> <span class='ocrx_word' id='word_1_555' title='bbox 1399 441 1458 469; x_wconf 75' lang='lat' dir='ltr'><strong>qua:</strong></span> <span class='ocrx_word' id='word_1_556' title='bbox 1472 433 1576 468; x_wconf 86' lang='lat' dir='ltr'><strong>paravit</strong></span> <span class='ocrx_word' id='word_1_557' title='bbox 1585 437 1612 460; x_wconf 90' lang='lat' dir='ltr'><strong>et</strong></span> <span class='ocrx_word' id='word_1_558' title='bbox 1623 431 1745 467; x_wconf 87' lang='lat' dir='ltr'><strong>promisit</strong></span> <span class='ocrx_word' id='word_1_559' title='bbox 1757 431 1870 465; x_wconf 77' lang='lat' dir='ltr'><strong>diligen-</strong></span> 
     </span>
    </p>
   </div>
   <div class='ocr_carea' id='block_1_69' title="bbox 1079 478 1871 516">
    <p class='ocr_par' dir='ltr' id='par_1_69' title="bbox 1079 478 1871 516">
     <span class='ocr_line' id='line_1_69' title="bbox 1079 478 1871 516; baseline -0.008 -7"><span class='ocrx_word' id='word_1_560' title='bbox 1079 482 1149 509; x_wconf 87' lang='lat' dir='ltr'><strong>tibus</strong></span> <span class='ocrx_word' id='word_1_561' title='bbox 1157 489 1195 511; x_wconf 89' lang='lat' dir='ltr'><strong>se.</strong></span> <span class='ocrx_word' id='word_1_562' title='bbox 1203 489 1261 516; x_wconf 73' lang='lat' dir='ltr'><strong>qua:</strong></span> <span class='ocrx_word' id='word_1_563' title='bbox 1269 481 1361 508; x_wconf 90' lang='lat' dir='ltr'><strong>oculus</strong></span> <span class='ocrx_word' id='word_1_564' title='bbox 1369 488 1421 507; x_wconf 93' lang='lat' dir='ltr'><strong>non</strong></span> <span class='ocrx_word' id='word_1_565' title='bbox 1428 480 1492 507; x_wconf 89' lang='lat' dir='ltr'><strong>vidit</strong></span> <span class='ocrx_word' id='word_1_566' title='bbox 1501 480 1520 511; x_wconf 72' lang='grc' dir='ltr'>ί,</span> <span class='ocrx_word' id='word_1_567' title='bbox 1532 479 1657 506; x_wconf 88' lang='lat' dir='ltr'><strong>necanris</strong></span> <span class='ocrx_word' id='word_1_568' title='bbox 1666 478 1776 510; x_wconf 86' lang='lat' dir='ltr'><strong>audivit,</strong></span> <span class='ocrx_word' id='word_1_569' title='bbox 1786 485 1834 504; x_wconf 89' lang='lat' dir='ltr'><strong>nec</strong></span> <span class='ocrx_word' id='word_1_570' title='bbox 1842 478 1871 504; x_wconf 84' lang='lat' dir='ltr'><strong>in</strong></span> 
     </span>
    </p>
   </div>
   <div class='ocr_carea' id='block_1_70' title="bbox 1079 522 1868 559">
    <p class='ocr_par' dir='ltr' id='par_1_70' title="bbox 1079 522 1868 559">
     <span class='ocr_line' id='line_1_70' title="bbox 1079 522 1868 559; baseline -0.004 -6"><span class='ocrx_word' id='word_1_571' title='bbox 1079 534 1125 553; x_wconf 85' lang='lat' dir='ltr'><strong>cor</strong></span> <span class='ocrx_word' id='word_1_572' title='bbox 1135 525 1481 559; x_wconf 84' lang='lat' dir='ltr'><strong>hominisascenderunt(i.</strong></span> <span class='ocrx_word' id='word_1_573' title='bbox 1494 524 1552 551; x_wconf 87' lang='lat' dir='ltr'><strong>Cor.</strong></span> <span class='ocrx_word' id='word_1_574' title='bbox 1572 524 1598 551; x_wconf 75' lang='lat'><strong>2.</strong></span> <span class='ocrx_word' id='word_1_575' title='bbox 1614 522 1652 559; x_wconf 85' lang='lat'><strong>9).</strong></span> <span class='ocrx_word' id='word_1_576' title='bbox 1671 523 1775 551; x_wconf 86' lang='lat' dir='ltr'><strong>Gratias</strong></span> <span class='ocrx_word' id='word_1_577' title='bbox 1788 523 1868 557; x_wconf 81' lang='lat' dir='ltr'><strong>igitur</strong></span> 
     </span>
    </p>
   </div>
   <div class='ocr_carea' id='block_1_71' title="bbox 1080 567 1872 604">
    <p class='ocr_par' dir='ltr' id='par_1_71' title="bbox 1080 567 1872 604">
     <span class='ocr_line' id='line_1_71' title="bbox 1080 567 1872 604; baseline -0.005 -6"><span class='ocrx_word' id='word_1_578' title='bbox 1080 573 1175 599; x_wconf 89' lang='lat' dir='ltr'><strong>tnnltas</strong></span> <span class='ocrx_word' id='word_1_579' title='bbox 1187 572 1299 598; x_wconf 90' lang='lat' dir='ltr'><strong>Domino</strong></span> <span class='ocrx_word' id='word_1_580' title='bbox 1314 575 1404 598; x_wconf 87' lang='lat' dir='ltr'><strong>nostro</strong></span> <span class='ocrx_word' id='word_1_581' title='bbox 1417 570 1544 598; x_wconf 88' lang='lat' dir='ltr'><strong>debemus</strong></span> <span class='ocrx_word' id='word_1_582' title='bbox 1556 576 1604 604; x_wconf 90' lang='lat' dir='ltr'><strong>pro</strong></span> <span class='ocrx_word' id='word_1_583' title='bbox 1618 573 1656 596; x_wconf 91' lang='lat' dir='ltr'><strong>tot</strong></span> <span class='ocrx_word' id='word_1_584' title='bbox 1668 568 1816 603; x_wconf 84' lang='lat' dir='ltr'><strong>talibusque</strong></span> <span class='ocrx_word' id='word_1_585' title='bbox 1827 567 1872 595; x_wconf 82' lang='lat' dir='ltr'><strong>be—</strong></span> 
     </span>
    </p>
   </div>
   <div class='ocr_carea' id='block_1_72' title="bbox 1079 614 1870 653">
    <p class='ocr_par' dir='ltr' id='par_1_72' title="bbox 1079 614 1870 653">
     <span class='ocr_line' id='line_1_72' title="bbox 1079 614 1870 653; baseline -0.008 -8"><span class='ocrx_word' id='word_1_586' title='bbox 1079 618 1181 646; x_wconf 90' lang='lat' dir='ltr'><strong>neﬁciis</strong></span> <span class='ocrx_word' id='word_1_587' title='bbox 1191 627 1197 645; x_wconf 90' lang='lat'><strong>:</strong></span> <span class='ocrx_word' id='word_1_588' title='bbox 1206 622 1232 646; x_wconf 88' lang='lat' dir='ltr'><strong>et</strong></span> <span class='ocrx_word' id='word_1_589' title='bbox 1240 625 1269 645; x_wconf 89' lang='lat' dir='ltr'><strong>ca</strong></span> <span class='ocrx_word' id='word_1_590' title='bbox 1279 625 1444 653; x_wconf 90' lang='lat' dir='ltr'><strong>nequaquam</strong></span> <span class='ocrx_word' id='word_1_591' title='bbox 1456 624 1488 644; x_wconf 82' lang='lat' dir='ltr'><strong>ex</strong></span> <span class='ocrx_word' id='word_1_592' title='bbox 1499 615 1627 644; x_wconf 85' lang='lat' dir='ltr'><strong>memoria</strong></span> <span class='ocrx_word' id='word_1_593' title='bbox 1635 614 1790 642; x_wconf 86' lang='lat' dir='ltr'><strong>dimittendo</strong></span> <span class='ocrx_word' id='word_1_594' title='bbox 1799 635 1805 646; x_wconf 92' lang='lat'><strong>,</strong></span> <span class='ocrx_word' id='word_1_595' title='bbox 1823 620 1870 648; x_wconf 87' lang='lat' dir='ltr'><strong>per</strong></span> 
     </span>
    </p>
   </div>
   <div class='ocr_carea' id='block_1_73' title="bbox 1080 658 1870 697">
    <p class='ocr_par' dir='ltr' id='par_1_73' title="bbox 1080 658 1870 697">
     <span class='ocr_line' id='line_1_73' title="bbox 1080 658 1870 697; baseline -0.008 -7"><span class='ocrx_word' id='word_1_596' title='bbox 1080 663 1148 690; x_wconf 89' lang='lat' dir='ltr'><strong>bona</strong></span> <span class='ocrx_word' id='word_1_597' title='bbox 1161 670 1239 697; x_wconf 88' lang='lat' dir='ltr'><strong>opera</strong></span> <span class='ocrx_word' id='word_1_598' title='bbox 1250 684 1257 695; x_wconf 86' lang='lat'><strong>,</strong></span> <span class='ocrx_word' id='word_1_599' title='bbox 1274 667 1300 690; x_wconf 89' lang='lat' dir='ltr'><strong>et</strong></span> <span class='ocrx_word' id='word_1_600' title='bbox 1312 662 1431 697; x_wconf 75' lang='lat' dir='ltr'><strong>diligenti</strong></span> <span class='ocrx_word' id='word_1_601' title='bbox 1448 661 1578 688; x_wconf 86' lang='lat' dir='ltr'><strong>malorum</strong></span> <span class='ocrx_word' id='word_1_602' title='bbox 1597 659 1656 694; x_wconf 78' lang='lat' dir='ltr'><strong>fuga</strong></span> <span class='ocrx_word' id='word_1_603' title='bbox 1667 660 1751 693; x_wconf 89' lang='lat' dir='ltr'><strong>ipsum</strong></span> <span class='ocrx_word' id='word_1_604' title='bbox 1765 658 1870 693; x_wconf 63' lang='lat' dir='ltr'><strong>mitige-</strong></span> 
     </span>
    </p>
   </div>
   <div class='ocr_carea' id='block_1_74' title="bbox 1080 703 1870 742">
    <p class='ocr_par' dir='ltr' id='par_1_74' title="bbox 1080 703 1870 742">
     <span class='ocr_line' id='line_1_74' title="bbox 1080 703 1870 742; baseline -0.008 -7"><span class='ocrx_word' id='word_1_605' title='bbox 1080 715 1149 739; x_wconf 84' lang='lat' dir='ltr'><strong>mus,</strong></span> <span class='ocrx_word' id='word_1_606' title='bbox 1157 715 1188 735; x_wconf 90' lang='lat' dir='ltr'><strong>ac</strong></span> <span class='ocrx_word' id='word_1_607' title='bbox 1196 708 1336 742; x_wconf 88' lang='lat' dir='ltr'><strong>propitium</strong></span> <span class='ocrx_word' id='word_1_608' title='bbox 1346 707 1421 734; x_wconf 89' lang='lat' dir='ltr'><strong>nobis</strong></span> <span class='ocrx_word' id='word_1_609' title='bbox 1429 706 1581 733; x_wconf 88' lang='lat' dir='ltr'><strong>reddamus.</strong></span> <span class='ocrx_word' id='word_1_610' title='bbox 1594 703 1731 738; x_wconf 84' lang='lat' dir='ltr'><strong>Quomodo</strong></span> <span class='ocrx_word' id='word_1_611' title='bbox 1738 704 1807 730; x_wconf 91' lang='lat' dir='ltr'><strong>enim</strong></span> <span class='ocrx_word' id='word_1_612' title='bbox 1816 711 1870 730; x_wconf 89' lang='lat' dir='ltr'><strong>non</strong></span> 
     </span>
    </p>
   </div>
   <div class='ocr_carea' id='block_1_75' title="bbox 1081 749 1869 788">
    <p class='ocr_par' dir='ltr' id='par_1_75' title="bbox 1081 749 1869 788">
     <span class='ocr_line' id='line_1_75' title="bbox 1081 749 1869 788; baseline -0.006 -8"><span class='ocrx_word' id='word_1_613' title='bbox 1081 753 1175 788; x_wconf 74' lang='lat' dir='ltr'><strong>ingrati</strong></span> <span class='ocrx_word' id='word_1_614' title='bbox 1193 759 1301 787; x_wconf 89' lang='lat' dir='ltr'><strong>prorsus</strong></span> <span class='ocrx_word' id='word_1_615' title='bbox 1315 752 1395 779; x_wconf 90' lang='lat' dir='ltr'><strong>animi</strong></span> <span class='ocrx_word' id='word_1_616' title='bbox 1409 752 1514 786; x_wconf 81' lang='lat' dir='ltr'><strong>signum</strong></span> <span class='ocrx_word' id='word_1_617' title='bbox 1529 751 1608 778; x_wconf 89' lang='lat' dir='ltr'><strong>fuerit</strong></span> <span class='ocrx_word' id='word_1_618' title='bbox 1620 770 1627 782; x_wconf 91' lang='lat'><strong>,</strong></span> <span class='ocrx_word' id='word_1_619' title='bbox 1640 749 1662 777; x_wconf 84' lang='lat' dir='ltr'><strong>si</strong></span> <span class='ocrx_word' id='word_1_620' title='bbox 1676 750 1732 784; x_wconf 91' lang='lat' dir='ltr'><strong>ipse</strong></span> <span class='ocrx_word' id='word_1_621' title='bbox 1743 749 1850 784; x_wconf 88' lang='lat' dir='ltr'><strong>quidem</strong></span> <span class='ocrx_word' id='word_1_622' title='bbox 1861 769 1869 781; x_wconf 94' lang='lat'><strong>,</strong></span> 
     </span>
    </p>
   </div>
   <div class='ocr_carea' id='block_1_76' title="bbox 1080 794 1872 828">
    <p class='ocr_par' dir='ltr' id='par_1_76' title="bbox 1080 794 1872 828">
     <span class='ocr_line' id='line_1_76' title="bbox 1080 794 1872 828; baseline -0.009 -2"><span class='ocrx_word' id='word_1_623' title='bbox 1080 805 1140 826; x_wconf 83' lang='lat' dir='ltr'><strong>cum</strong></span> <span class='ocrx_word' id='word_1_624' title='bbox 1164 798 1234 825; x_wconf 88' lang='lat' dir='ltr'><strong>Deus</strong></span> <span class='ocrx_word' id='word_1_625' title='bbox 1255 798 1290 825; x_wconf 89' lang='lat' dir='ltr'><strong>sit</strong></span> <span class='ocrx_word' id='word_1_626' title='bbox 1312 801 1340 825; x_wconf 90' lang='lat' dir='ltr'><strong>et</strong></span> <span class='ocrx_word' id='word_1_627' title='bbox 1365 796 1522 824; x_wconf 84' lang='lat' dir='ltr'><strong>immortalis</strong></span> <span class='ocrx_word' id='word_1_628' title='bbox 1544 800 1644 822; x_wconf 71' lang='lat' dir='ltr'><strong>natura:</strong></span> <span class='ocrx_word' id='word_1_629' title='bbox 1659 815 1667 827; x_wconf 85' lang='lat'><strong>,</strong></span> <span class='ocrx_word' id='word_1_630' title='bbox 1682 802 1735 821; x_wconf 90' lang='lat' dir='ltr'><strong>non</strong></span> <span class='ocrx_word' id='word_1_631' title='bbox 1759 794 1872 828; x_wconf 80' lang='lat' dir='ltr'><strong>refugiat</strong></span> 
     </span>
    </p>
   </div>
   <div class='ocr_carea' id='block_1_77' title="bbox 1080 840 1873 872">
    <p class='ocr_par' dir='ltr' id='par_1_77' title="bbox 1080 840 1873 872">
     <span class='ocr_line' id='line_1_77' title="bbox 1080 840 1873 872; baseline -0.009 0"><span class='ocrx_word' id='word_1_632' title='bbox 1080 844 1376 872; x_wconf 77' lang='lat' dir='ltr'><strong>assumere‘mortalem</strong></span> <span class='ocrx_word' id='word_1_633' title='bbox 1398 847 1425 870; x_wconf 86' lang='lat' dir='ltr'><strong>et</strong></span> <span class='ocrx_word' id='word_1_634' title='bbox 1447 847 1599 869; x_wconf 89' lang='lat' dir='ltr'><strong>terrestrem</strong></span> <span class='ocrx_word' id='word_1_635' title='bbox 1613 845 1732 868; x_wconf 84' lang='lat' dir='ltr'><strong>nostram</strong></span> <span class='ocrx_word' id='word_1_636' title='bbox 1748 840 1873 867; x_wconf 88' lang='lat' dir='ltr'><strong>substan-</strong></span> 
     </span>
    </p>
   </div>
   <div class='ocr_carea' id='block_1_78' title="bbox 1081 885 1872 924">
    <p class='ocr_par' dir='ltr' id='par_1_78' title="bbox 1081 885 1872 924">
     <span class='ocr_line' id='line_1_78' title="bbox 1081 885 1872 924; baseline -0.009 -5"><span class='ocrx_word' id='word_1_637' title='bbox 1081 892 1156 924; x_wconf 86' lang='lat' dir='ltr'><strong>tiam,</strong></span> <span class='ocrx_word' id='word_1_638' title='bbox 1172 895 1200 918; x_wconf 88' lang='lat' dir='ltr'><strong>ut</strong></span> <span class='ocrx_word' id='word_1_639' title='bbox 1212 895 1238 918; x_wconf 89' lang='lat' dir='ltr'><strong>et</strong></span> <span class='ocrx_word' id='word_1_640' title='bbox 1249 890 1282 917; x_wconf 88' lang='lat' dir='ltr'><strong>ab</strong></span> <span class='ocrx_word' id='word_1_641' title='bbox 1295 889 1401 924; x_wconf 88' lang='lat' dir='ltr'><strong>antiqua</strong></span> <span class='ocrx_word' id='word_1_642' title='bbox 1416 892 1501 915; x_wconf 87' lang='lat' dir='ltr'><strong>morte</strong></span> <span class='ocrx_word' id='word_1_643' title='bbox 1516 895 1565 914; x_wconf 90' lang='lat' dir='ltr'><strong>nos</strong></span> <span class='ocrx_word' id='word_1_644' title='bbox 1577 887 1680 919; x_wconf 84' lang='lat' dir='ltr'><strong>liberet,</strong></span> <span class='ocrx_word' id='word_1_645' title='bbox 1696 893 1776 920; x_wconf 89' lang='lat' dir='ltr'><strong>supra</strong></span> <span class='ocrx_word' id='word_1_646' title='bbox 1787 885 1872 912; x_wconf 64' lang='lat' dir='ltr'><strong>cmlos</strong></span> 
     </span>
    </p>
   </div>
   <div class='ocr_carea' id='block_1_79' title="bbox 1082 930 1873 970">
    <p class='ocr_par' dir='ltr' id='par_1_79' title="bbox 1082 930 1873 970">
     <span class='ocr_line' id='line_1_79' title="bbox 1082 930 1873 970; baseline -0.011 -5"><span class='ocrx_word' id='word_1_647' title='bbox 1082 937 1187 969; x_wconf 81' lang='lat' dir='ltr'><strong>evehat,</strong></span> <span class='ocrx_word' id='word_1_648' title='bbox 1204 941 1315 970; x_wconf 85' lang='lat' dir='ltr'><strong>paterno</strong></span> <span class='ocrx_word' id='word_1_649' title='bbox 1327 941 1455 962; x_wconf 86' lang='lat' dir='ltr'><strong>consessu</strong></span> <span class='ocrx_word' id='word_1_650' title='bbox 1467 934 1589 965; x_wconf 89' lang='lat' dir='ltr'><strong>honoret,</strong></span> <span class='ocrx_word' id='word_1_651' title='bbox 1605 937 1632 959; x_wconf 89' lang='lat' dir='ltr'><strong>et</strong></span> <span class='ocrx_word' id='word_1_652' title='bbox 1644 931 1677 958; x_wconf 88' lang='lat' dir='ltr'><strong>ab</strong></span> <span class='ocrx_word' id='word_1_653' title='bbox 1687 930 1758 958; x_wconf 90' lang='lat' dir='ltr'><strong>omni</strong></span> <span class='ocrx_word' id='word_1_654' title='bbox 1771 930 1873 957; x_wconf 76' lang='lat' dir='ltr'><strong>czelesti</strong></span> 
     </span>
    </p>
   </div>
   <div class='ocr_carea' id='block_1_80' title="bbox 1082 975 1874 1011">
    <p class='ocr_par' dir='ltr' id='par_1_80' title="bbox 1082 975 1874 1011">
     <span class='ocr_line' id='line_1_80' title="bbox 1082 975 1874 1011; baseline -0.011 -1"><span class='ocrx_word' id='word_1_655' title='bbox 1082 983 1200 1011; x_wconf 88' lang='lat' dir='ltr'><strong>exercitu</strong></span> <span class='ocrx_word' id='word_1_656' title='bbox 1221 981 1326 1008; x_wconf 88' lang='lat' dir='ltr'><strong>adorari</strong></span> <span class='ocrx_word' id='word_1_657' title='bbox 1341 984 1434 1007; x_wconf 87' lang='lat' dir='ltr'><strong>curet:</strong></span> <span class='ocrx_word' id='word_1_658' title='bbox 1447 986 1494 1006; x_wconf 89' lang='lat' dir='ltr'><strong>nos</strong></span> <span class='ocrx_word' id='word_1_659' title='bbox 1509 983 1598 1005; x_wconf 89' lang='lat' dir='ltr'><strong>autem</strong></span> <span class='ocrx_word' id='word_1_660' title='bbox 1616 975 1748 1004; x_wconf 87' lang='lat' dir='ltr'><strong>contraria</strong></span> <span class='ocrx_word' id='word_1_661' title='bbox 1771 975 1807 1002; x_wconf 92' lang='lat' dir='ltr'><strong>illi</strong></span> <span class='ocrx_word' id='word_1_662' title='bbox 1830 982 1874 1001; x_wconf 87' lang='lat' dir='ltr'><strong>re-</strong></span> 
     </span>
    </p>
   </div>
   <div class='ocr_carea' id='block_1_81' title="bbox 1083 1020 1875 1057">
    <p class='ocr_par' dir='ltr' id='par_1_81' title="bbox 1083 1020 1875 1057">
     <span class='ocr_line' id='line_1_81' title="bbox 1083 1020 1875 1057; baseline -0.011 -2"><span class='ocrx_word' id='word_1_663' title='bbox 1083 1028 1200 1055; x_wconf 87' lang='lat' dir='ltr'><strong>tribuere</strong></span> <span class='ocrx_word' id='word_1_664' title='bbox 1219 1034 1272 1054; x_wconf 88' lang='lat' dir='ltr'><strong>non</strong></span> <span class='ocrx_word' id='word_1_665' title='bbox 1292 1026 1481 1053; x_wconf 85' lang='lat' dir='ltr'><strong>erubescamus</strong></span> <span class='ocrx_word' id='word_1_666' title='bbox 1494 1044 1503 1057; x_wconf 92' lang='lat'><strong>,</strong></span> <span class='ocrx_word' id='word_1_667' title='bbox 1519 1023 1566 1051; x_wconf 87' lang='lat' dir='ltr'><strong>sed</strong></span> <span class='ocrx_word' id='word_1_668' title='bbox 1583 1027 1611 1050; x_wconf 91' lang='lat' dir='ltr'><strong>et</strong></span> <span class='ocrx_word' id='word_1_669' title='bbox 1627 1021 1802 1049; x_wconf 87' lang='lat' dir='ltr'><strong>immortalem</strong></span> <span class='ocrx_word' id='word_1_670' title='bbox 1816 1020 1875 1047; x_wconf 85' lang='lat' dir='ltr'><strong>ani-</strong></span> 
     </span>
    </p>
   </div>
   <div class='ocr_carea' id='block_1_82' title="bbox 1083 1067 1874 1107">
    <p class='ocr_par' dir='ltr' id='par_1_82' title="bbox 1083 1067 1874 1107">
     <span class='ocr_line' id='line_1_82' title="bbox 1083 1067 1874 1107; baseline -0.011 -7"><span class='ocrx_word' id='word_1_671' title='bbox 1083 1080 1165 1105; x_wconf 89' lang='lat' dir='ltr'><strong>mam,</strong></span> <span class='ocrx_word' id='word_1_672' title='bbox 1178 1072 1252 1107; x_wconf 88' lang='lat' dir='ltr'><strong>quasi</strong></span> <span class='ocrx_word' id='word_1_673' title='bbox 1262 1070 1358 1099; x_wconf 79' lang='lat' dir='ltr'><strong>dixerit</strong></span> <span class='ocrx_word' id='word_1_674' title='bbox 1366 1069 1436 1104; x_wconf 84' lang='lat' dir='ltr'><strong>quis,</strong></span> <span class='ocrx_word' id='word_1_675' title='bbox 1447 1069 1520 1096; x_wconf 84' lang='lat' dir='ltr'><strong>carni</strong></span> <span class='ocrx_word' id='word_1_676' title='bbox 1531 1067 1730 1103; x_wconf 75' lang='lat' dir='ltr'><strong>agglutinatam,</strong></span> <span class='ocrx_word' id='word_1_677' title='bbox 1741 1071 1874 1093; x_wconf 86' lang='lat' dir='ltr'><strong>terrenam</strong></span> 
     </span>
    </p>
   </div>
   <div class='ocr_carea' id='block_1_83' title="bbox 1084 1111 1874 1150">
    <p class='ocr_par' dir='ltr' id='par_1_83' title="bbox 1084 1111 1874 1150">
     <span class='ocr_line' id='line_1_83' title="bbox 1084 1111 1874 1150; baseline -0.011 -4"><span class='ocrx_word' id='word_1_678' title='bbox 1084 1123 1111 1146; x_wconf 84' lang='lat' dir='ltr'><strong>et</strong></span> <span class='ocrx_word' id='word_1_679' title='bbox 1125 1122 1257 1145; x_wconf 89' lang='lat' dir='ltr'><strong>mortuam</strong></span> <span class='ocrx_word' id='word_1_680' title='bbox 1273 1137 1280 1150; x_wconf 95' lang='lat'><strong>,</strong></span> <span class='ocrx_word' id='word_1_681' title='bbox 1292 1121 1320 1144; x_wconf 88' lang='lat' dir='ltr'><strong>et</strong></span> <span class='ocrx_word' id='word_1_682' title='bbox 1332 1115 1396 1142; x_wconf 92' lang='lat' dir='ltr'><strong>nihil</strong></span> <span class='ocrx_word' id='word_1_683' title='bbox 1412 1114 1517 1149; x_wconf 86' lang='lat' dir='ltr'><strong>operari</strong></span> <span class='ocrx_word' id='word_1_684' title='bbox 1529 1113 1660 1140; x_wconf 84' lang='lat' dir='ltr'><strong>valentem</strong></span> <span class='ocrx_word' id='word_1_685' title='bbox 1677 1132 1684 1144; x_wconf 93' lang='lat'><strong>,</strong></span> <span class='ocrx_word' id='word_1_686' title='bbox 1701 1111 1814 1139; x_wconf 87' lang='lat' dir='ltr'><strong>evadere</strong></span> <span class='ocrx_word' id='word_1_687' title='bbox 1828 1117 1874 1137; x_wconf 84' lang='lat' dir='ltr'><strong>cu-</strong></span> 
     </span>
    </p>
   </div>
   <div class='ocr_carea' id='block_1_84' title="bbox 1085 1156 1875 1193">
    <p class='ocr_par' dir='ltr' id='par_1_84' title="bbox 1085 1156 1875 1193">
     <span class='ocr_line' id='line_1_84' title="bbox 1085 1156 1875 1193; baseline -0.011 -2"><span class='ocrx_word' id='word_1_688' title='bbox 1085 1163 1193 1192; x_wconf 77' lang='lat' dir='ltr'><strong>remus?</strong></span> <span class='ocrx_word' id='word_1_689' title='bbox 1205 1163 1333 1193; x_wconf 86' lang='lat' dir='ltr'><strong>Obsecro,</strong></span> <span class='ocrx_word' id='word_1_690' title='bbox 1353 1168 1387 1188; x_wconf 90' lang='lat' dir='ltr'><strong>ne</strong></span> <span class='ocrx_word' id='word_1_691' title='bbox 1407 1161 1446 1188; x_wconf 90' lang='lat' dir='ltr'><strong>sic</strong></span> <span class='ocrx_word' id='word_1_692' title='bbox 1469 1160 1536 1192; x_wconf 88' lang='lat' dir='ltr'><strong>ﬁat,</strong></span> <span class='ocrx_word' id='word_1_693' title='bbox 1559 1166 1594 1186; x_wconf 85' lang='lat' dir='ltr'><strong>ne</strong></span> <span class='ocrx_word' id='word_1_694' title='bbox 1614 1158 1652 1185; x_wconf 92' lang='lat' dir='ltr'><strong>sic</strong></span> <span class='ocrx_word' id='word_1_695' title='bbox 1672 1157 1765 1192; x_wconf 83' lang='lat' dir='ltr'><strong>ingrati</strong></span> <span class='ocrx_word' id='word_1_696' title='bbox 1790 1156 1875 1183; x_wconf 87' lang='lat' dir='ltr'><strong>simus</strong></span> 
     </span>
    </p>
   </div>
   <div class='ocr_carea' id='block_1_85' title="bbox 1085 1204 1876 1245">
    <p class='ocr_par' dir='ltr' id='par_1_85' title="bbox 1085 1204 1876 1245">
     <span class='ocr_line' id='line_1_85' title="bbox 1085 1204 1876 1245; baseline -0.01 -8"><span class='ocrx_word' id='word_1_697' title='bbox 1085 1218 1146 1245; x_wconf 75' lang='lat' dir='ltr'><strong>erga</strong></span> <span class='ocrx_word' id='word_1_698' title='bbox 1162 1214 1263 1236; x_wconf 91' lang='lat' dir='ltr'><strong>tantum</strong></span> <span class='ocrx_word' id='word_1_699' title='bbox 1289 1208 1486 1236; x_wconf 82' lang='lat' dir='ltr'><strong>benefactorem</strong></span> <span class='ocrx_word' id='word_1_700' title='bbox 1507 1209 1628 1233; x_wconf 88' lang='lat' dir='ltr'><strong>nostrum</strong></span> <span class='ocrx_word' id='word_1_701' title='bbox 1643 1213 1650 1232; x_wconf 93' lang='lat'>:</span> <span class='ocrx_word' id='word_1_702' title='bbox 1663 1205 1709 1232; x_wconf 89' lang='lat' dir='ltr'><strong>sed</strong></span> <span class='ocrx_word' id='word_1_703' title='bbox 1723 1204 1792 1231; x_wconf 86' lang='lat' dir='ltr'><strong>illius</strong></span> <span class='ocrx_word' id='word_1_704' title='bbox 1806 1211 1876 1238; x_wconf 69' lang='lat' dir='ltr'><strong>pra:-</strong></span> 
     </span>
    </p>
   </div>
   <div class='ocr_carea' id='block_1_86' title="bbox 1085 1249 1874 1290">
    <p class='ocr_par' dir='ltr' id='par_1_86' title="bbox 1085 1249 1874 1290">
     <span class='ocr_line' id='line_1_86' title="bbox 1085 1249 1874 1290; baseline -0.011 -7"><span class='ocrx_word' id='word_1_705' title='bbox 1085 1255 1168 1290; x_wconf 88' lang='lat' dir='ltr'><strong>ceptis</strong></span> <span class='ocrx_word' id='word_1_706' title='bbox 1182 1253 1338 1281; x_wconf 81' lang='lat' dir='ltr'><strong>obedientes</strong></span> <span class='ocrx_word' id='word_1_707' title='bbox 1349 1274 1357 1286; x_wconf 90' lang='lat'><strong>,</strong></span> <span class='ocrx_word' id='word_1_708' title='bbox 1373 1260 1432 1287; x_wconf 74' lang='lat' dir='ltr'><strong>qum</strong></span> <span class='ocrx_word' id='word_1_709' title='bbox 1449 1251 1498 1287; x_wconf 86' lang='lat' dir='ltr'><strong>ipsi</strong></span> <span class='ocrx_word' id='word_1_710' title='bbox 1515 1255 1588 1286; x_wconf 77' lang='lat' dir='ltr'><strong>grata</strong></span> <span class='ocrx_word' id='word_1_711' title='bbox 1600 1255 1661 1277; x_wconf 87' lang='lat' dir='ltr'><strong>sunt</strong></span> <span class='ocrx_word' id='word_1_712' title='bbox 1673 1254 1698 1277; x_wconf 90' lang='lat' dir='ltr'><strong>et</strong></span> <span class='ocrx_word' id='word_1_713' title='bbox 1712 1249 1874 1284; x_wconf 81' lang='lat' dir='ltr'><strong>probantur,</strong></span> 
     </span>
    </p>
   </div>
   <div class='ocr_carea' id='block_1_87' title="bbox 1085 1293 1875 1336">
    <p class='ocr_par' dir='ltr' id='par_1_87' title="bbox 1085 1293 1875 1336">
     <span class='ocr_line' id='line_1_87' title="bbox 1085 1293 1875 1336; baseline -0.011 -8"><span class='ocrx_word' id='word_1_714' title='bbox 1085 1307 1228 1336; x_wconf 88' lang='lat' dir='ltr'><strong>operemur</strong></span> <span class='ocrx_word' id='word_1_715' title='bbox 1246 1308 1252 1325; x_wconf 94' lang='lat'><strong><em>:</em></strong></span> <span class='ocrx_word' id='word_1_716' title='bbox 1270 1304 1299 1326; x_wconf 91' lang='lat' dir='ltr'><strong>ut</strong></span> <span class='ocrx_word' id='word_1_717' title='bbox 1317 1303 1344 1325; x_wconf 89' lang='lat' dir='ltr'><strong>et</strong></span> <span class='ocrx_word' id='word_1_718' title='bbox 1360 1305 1408 1326; x_wconf 88' lang='lat' dir='ltr'><strong>nos</strong></span> <span class='ocrx_word' id='word_1_719' title='bbox 1422 1297 1529 1324; x_wconf 69' lang='lat' dir='ltr'><strong>internis</strong></span> <span class='ocrx_word' id='word_1_720' title='bbox 1547 1296 1624 1323; x_wconf 88' lang='lat' dir='ltr'><strong>bonis</strong></span> <span class='ocrx_word' id='word_1_721' title='bbox 1642 1295 1736 1329; x_wconf 79' lang='lat' dir='ltr'><strong>dignos</strong></span> <span class='ocrx_word' id='word_1_722' title='bbox 1760 1293 1875 1320; x_wconf 89' lang='lat' dir='ltr'><strong>efﬁciat:</strong></span> 
     </span>
    </p>
   </div>
   <div class='ocr_carea' id='block_1_88' title="bbox 1085 1339 1877 1381">
    <p class='ocr_par' dir='ltr' id='par_1_88' title="bbox 1085 1339 1877 1381">
     <span class='ocr_line' id='line_1_88' title="bbox 1085 1339 1877 1381; baseline -0.01 -8"><span class='ocrx_word' id='word_1_723' title='bbox 1085 1352 1145 1381; x_wconf 64' lang='lat' dir='ltr'><strong>quae</strong></span> <span class='ocrx_word' id='word_1_724' title='bbox 1160 1352 1208 1372; x_wconf 88' lang='lat' dir='ltr'><strong>nos</strong></span> <span class='ocrx_word' id='word_1_725' title='bbox 1221 1351 1316 1372; x_wconf 91' lang='lat' dir='ltr'><strong>omnes</strong></span> <span class='ocrx_word' id='word_1_726' title='bbox 1330 1343 1437 1377; x_wconf 86' lang='lat' dir='ltr'><strong>assequi</strong></span> <span class='ocrx_word' id='word_1_727' title='bbox 1450 1342 1586 1375; x_wconf 75' lang='lat' dir='ltr'><strong>contingat</strong></span> <span class='ocrx_word' id='word_1_728' title='bbox 1596 1361 1603 1373; x_wconf 90' lang='lat'><strong>,</strong></span> <span class='ocrx_word' id='word_1_729' title='bbox 1617 1340 1700 1375; x_wconf 79' lang='lat' dir='ltr'><strong>gratia</strong></span> <span class='ocrx_word' id='word_1_730' title='bbox 1715 1344 1742 1367; x_wconf 91' lang='lat' dir='ltr'><strong>et</strong></span> <span class='ocrx_word' id='word_1_731' title='bbox 1754 1339 1877 1373; x_wconf 78' lang='lat' dir='ltr'><strong>benigni-</strong></span> 
     </span>
    </p>
   </div>
   <div class='ocr_carea' id='block_1_89' title="bbox 1087 1383 1878 1418">
    <p class='ocr_par' dir='ltr' id='par_1_89' title="bbox 1087 1383 1878 1418">
     <span class='ocr_line' id='line_1_89' title="bbox 1087 1383 1878 1418; baseline -0.01 -1"><span class='ocrx_word' id='word_1_732' title='bbox 1087 1395 1140 1417; x_wconf 88' lang='lat' dir='ltr'><strong>tate</strong></span> <span class='ocrx_word' id='word_1_733' title='bbox 1162 1389 1266 1416; x_wconf 92' lang='lat' dir='ltr'><strong>Domini</strong></span> <span class='ocrx_word' id='word_1_734' title='bbox 1281 1388 1365 1415; x_wconf 91' lang='lat' dir='ltr'><strong>nostri</strong></span> <span class='ocrx_word' id='word_1_735' title='bbox 1385 1387 1448 1415; x_wconf 79' lang='lat' dir='ltr'><strong>.lesu</strong></span> <span class='ocrx_word' id='word_1_736' title='bbox 1469 1386 1587 1418; x_wconf 87' lang='lat' dir='ltr'><strong>Christi,</strong></span> <span class='ocrx_word' id='word_1_737' title='bbox 1604 1385 1646 1412; x_wconf 91' lang='lat' dir='ltr'><strong>cui</strong></span> <span class='ocrx_word' id='word_1_738' title='bbox 1667 1392 1727 1411; x_wconf 90' lang='lat' dir='ltr'><strong>cum</strong></span> <span class='ocrx_word' id='word_1_739' title='bbox 1751 1383 1829 1410; x_wconf 83' lang='lat' dir='ltr'><strong>Patre</strong></span> <span class='ocrx_word' id='word_1_740' title='bbox 1849 1387 1878 1410; x_wconf 87' lang='lat' dir='ltr'><strong>et</strong></span> 
     </span>
    </p>
   </div>
   <div class='ocr_carea' id='block_1_90' title="bbox 1086 1430 1877 1470">
    <p class='ocr_par' dir='ltr' id='par_1_90' title="bbox 1086 1430 1877 1470">
     <span class='ocr_line' id='line_1_90' title="bbox 1086 1430 1877 1470; baseline -0.01 -7"><span class='ocrx_word' id='word_1_741' title='bbox 1086 1435 1185 1470; x_wconf 89' lang='lat' dir='ltr'><strong>Spiritu</strong></span> <span class='ocrx_word' id='word_1_742' title='bbox 1197 1438 1289 1462; x_wconf 90' lang='lat' dir='ltr'><strong>sancto</strong></span> <span class='ocrx_word' id='word_1_743' title='bbox 1301 1434 1336 1460; x_wconf 88' lang='lat' dir='ltr'><strong>sit</strong></span> <span class='ocrx_word' id='word_1_744' title='bbox 1350 1432 1431 1468; x_wconf 75' lang='lat' dir='ltr'><strong>gloria</strong></span> <span class='ocrx_word' id='word_1_745' title='bbox 1442 1452 1449 1465; x_wconf 95' lang='lat'><strong>,</strong></span> <span class='ocrx_word' id='word_1_746' title='bbox 1465 1432 1550 1458; x_wconf 92' lang='lat' dir='ltr'><strong>honor</strong></span> <span class='ocrx_word' id='word_1_747' title='bbox 1562 1452 1570 1463; x_wconf 88' lang='lat'><strong>,</strong></span> <span class='ocrx_word' id='word_1_748' title='bbox 1585 1430 1724 1464; x_wconf 90' lang='lat' dir='ltr'><strong>imperium</strong></span> <span class='ocrx_word' id='word_1_749' title='bbox 1740 1450 1747 1462; x_wconf 93' lang='lat'><strong>,</strong></span> <span class='ocrx_word' id='word_1_750' title='bbox 1765 1436 1834 1456; x_wconf 87' lang='lat' dir='ltr'><strong>nunc</strong></span> <span class='ocrx_word' id='word_1_751' title='bbox 1849 1434 1877 1455; x_wconf 89' lang='lat' dir='ltr'><strong>et</strong></span> 
     </span>
    </p>
   </div>
   <div class='ocr_carea' id='block_1_91' title="bbox 1087 1476 1687 1516">
    <p class='ocr_par' dir='ltr' id='par_1_91' title="bbox 1087 1476 1687 1516">
     <span class='ocr_line' id='line_1_91' title="bbox 1087 1476 1687 1516; baseline -0.012 -7"><span class='ocrx_word' id='word_1_752' title='bbox 1087 1488 1202 1516; x_wconf 87' lang='lat' dir='ltr'><strong>semper,</strong></span> <span class='ocrx_word' id='word_1_753' title='bbox 1218 1484 1244 1507; x_wconf 90' lang='lat' dir='ltr'><strong>et</strong></span> <span class='ocrx_word' id='word_1_754' title='bbox 1257 1479 1284 1506; x_wconf 90' lang='lat' dir='ltr'><strong>iu</strong></span> <span class='ocrx_word' id='word_1_755' title='bbox 1298 1478 1395 1506; x_wconf 81' lang='lat' dir='ltr'><strong>saecula</strong></span> <span class='ocrx_word' id='word_1_756' title='bbox 1405 1477 1575 1505; x_wconf 58' lang='lat' dir='ltr'><strong>saeculorum.</strong></span> <span class='ocrx_word' id='word_1_757' title='bbox 1590 1476 1687 1503; x_wconf 84' lang='lat' dir='ltr'><strong>Amen.</strong></span> 
     </span>
    </p>
   </div>
   <div class='ocr_carea' id='block_1_92' title="bbox 1355 1543 1610 1573">
    <p class='ocr_par' dir='ltr' id='par_1_92' title="bbox 1355 1543 1610 1573">
     <span class='ocr_line' id='line_1_92' title="bbox 1355 1543 1610 1573; baseline -0.012 0"><span class='ocrx_word' id='word_1_758' title='bbox 1355 1544 1494 1573; x_wconf 77' lang='lat' dir='ltr'><strong>HOMILIA</strong></span> <span class='ocrx_word' id='word_1_759' title='bbox 1518 1543 1610 1571; x_wconf 80' lang='lat' dir='ltr'><strong>XVIII.</strong></span> 
     </span>
    </p>
   </div>
   <div class='ocr_carea' id='block_1_93' title="bbox 1089 1597 1879 1632">
    <p class='ocr_par' dir='ltr' id='par_1_93' title="bbox 1089 1597 1879 1632">
     <span class='ocr_line' id='line_1_93' title="bbox 1089 1597 1879 1632; baseline -0.01 -2"><span class='ocrx_word' id='word_1_760' title='bbox 1089 1603 1122 1630; x_wconf 83' lang='lat' dir='ltr'><strong>Et</strong></span> <span class='ocrx_word' id='word_1_761' title='bbox 1136 1603 1230 1630; x_wconf 73' lang='lat' dir='ltr'><strong>vocat-it</strong></span> <span class='ocrx_word' id='word_1_762' title='bbox 1243 1602 1325 1629; x_wconf 83' lang='lat' dir='ltr'><strong>Adam</strong></span> <span class='ocrx_word' id='word_1_763' title='bbox 1340 1609 1430 1628; x_wconf 84' lang='lat' dir='ltr'><strong>nomen</strong></span> <span class='ocrx_word' id='word_1_764' title='bbox 1450 1601 1537 1628; x_wconf 70' lang='lat' dir='ltr'><strong>uxoris</strong></span> <span class='ocrx_word' id='word_1_765' title='bbox 1555 1607 1608 1627; x_wconf 70' lang='lat' dir='ltr'><strong>tua:</strong></span> <span class='ocrx_word' id='word_1_766' title='bbox 1632 1598 1715 1625; x_wconf 78' lang='lat' dir='ltr'><strong>Vitam</strong></span> <span class='ocrx_word' id='word_1_767' title='bbox 1728 1619 1736 1631; x_wconf 86' lang='lat'><strong>,</strong></span> <span class='ocrx_word' id='word_1_768' title='bbox 1750 1598 1810 1632; x_wconf 86' lang='lat' dir='ltr'><strong>quia</strong></span> <span class='ocrx_word' id='word_1_769' title='bbox 1823 1597 1879 1631; x_wconf 73' lang='lat' dir='ltr'><strong>ipsa</strong></span> 
     </span>
    </p>
   </div>
   <div class='ocr_carea' id='block_1_94' title="bbox 1124 1641 1880 1678">
    <p class='ocr_par' dir='ltr' id='par_1_94' title="bbox 1124 1641 1880 1678">
     <span class='ocr_line' id='line_1_94' title="bbox 1124 1641 1880 1678; baseline -0.012 -3"><span class='ocrx_word' id='word_1_770' title='bbox 1124 1653 1160 1675; x_wconf 74' lang='lat' dir='ltr'><strong>est</strong></span> <span class='ocrx_word' id='word_1_771' title='bbox 1175 1652 1253 1675; x_wconf 85' lang='lat' dir='ltr'><strong>mater</strong></span> <span class='ocrx_word' id='word_1_772' title='bbox 1269 1647 1380 1673; x_wconf 85' lang='lat' dir='ltr'><strong>onmium</strong></span> <span class='ocrx_word' id='word_1_773' title='bbox 1399 1646 1541 1672; x_wconf 81' lang='lat' dir='ltr'><strong>virentium.</strong></span> <span class='ocrx_word' id='word_1_774' title='bbox 1558 1644 1590 1670; x_wconf 80' lang='lat' dir='ltr'><strong>Et</strong></span> <span class='ocrx_word' id='word_1_775' title='bbox 1603 1643 1661 1678; x_wconf 81' lang='lat' dir='ltr'><strong>fecit</strong></span> <span class='ocrx_word' id='word_1_776' title='bbox 1676 1643 1798 1669; x_wconf 71' lang='lat' dir='ltr'><strong>Dominus</strong></span> <span class='ocrx_word' id='word_1_777' title='bbox 1811 1641 1880 1667; x_wconf 75' lang='lat' dir='ltr'><strong>Deus</strong></span> 
     </span>
    </p>
   </div>
   <div class='ocr_carea' id='block_1_95' title="bbox 1125 1685 1879 1728">
    <p class='ocr_par' dir='ltr' id='par_1_95' title="bbox 1125 1685 1879 1728">
     <span class='ocr_line' id='line_1_95' title="bbox 1125 1685 1879 1728; baseline -0.012 -7"><span class='ocrx_word' id='word_1_778' title='bbox 1125 1695 1187 1721; x_wconf 67' lang='lat' dir='ltr'><strong>Adae</strong></span> <span class='ocrx_word' id='word_1_779' title='bbox 1199 1699 1221 1720; x_wconf 86' lang='lat' dir='ltr'><strong>et</strong></span> <span class='ocrx_word' id='word_1_780' title='bbox 1237 1693 1309 1720; x_wconf 71' lang='lat' dir='ltr'><strong>uxori</strong></span> <span class='ocrx_word' id='word_1_781' title='bbox 1322 1693 1376 1728; x_wconf 79' lang='lat' dir='ltr'><strong>ejus</strong></span> <span class='ocrx_word' id='word_1_782' title='bbox 1384 1692 1480 1718; x_wconf 80' lang='lat' dir='ltr'><strong>tunicas</strong></span> <span class='ocrx_word' id='word_1_783' title='bbox 1493 1690 1619 1726; x_wconf 70' lang='lat' dir='ltr'><strong>pellit-eas,</strong></span> <span class='ocrx_word' id='word_1_784' title='bbox 1636 1694 1658 1716; x_wconf 82' lang='lat' dir='ltr'><strong>et</strong></span> <span class='ocrx_word' id='word_1_785' title='bbox 1674 1688 1756 1715; x_wconf 86' lang='lat' dir='ltr'><strong>induit</strong></span> <span class='ocrx_word' id='word_1_786' title='bbox 1768 1687 1835 1714; x_wconf 84' lang='lat' dir='ltr'><strong>illos.</strong></span> <span class='ocrx_word' id='word_1_787' title='bbox 1846 1685 1879 1712; x_wconf 84' lang='lat' dir='ltr'><strong>Et</strong></span> 
     </span>
    </p>
   </div>
   <div class='ocr_carea' id='block_1_96' title="bbox 1125 1733 1879 1773">
    <p class='ocr_par' dir='ltr' id='par_1_96' title="bbox 1125 1733 1879 1773">
     <span class='ocr_line' id='line_1_96' title="bbox 1125 1733 1879 1773; baseline -0.012 -6"><span class='ocrx_word' id='word_1_788' title='bbox 1125 1742 1160 1768; x_wconf 87' lang='lat' dir='ltr'><strong>ait</strong></span> <span class='ocrx_word' id='word_1_789' title='bbox 1173 1739 1260 1767; x_wconf 76' lang='lat' dir='ltr'><strong>Deus:</strong></span> <span class='ocrx_word' id='word_1_790' title='bbox 1275 1738 1341 1766; x_wconf 82' lang='lat' dir='ltr'><strong>Ecce</strong></span> <span class='ocrx_word' id='word_1_791' title='bbox 1353 1738 1435 1765; x_wconf 84' lang='lat' dir='ltr'><strong>Adam</strong></span> <span class='ocrx_word' id='word_1_792' title='bbox 1449 1739 1531 1773; x_wconf 80' lang='lat' dir='ltr'><strong>factus</strong></span> <span class='ocrx_word' id='word_1_793' title='bbox 1552 1741 1587 1764; x_wconf 78' lang='lat' dir='ltr'><strong>est</strong></span> <span class='ocrx_word' id='word_1_794' title='bbox 1604 1736 1669 1763; x_wconf 70' lang='lat' dir='ltr'><strong>sicut</strong></span> <span class='ocrx_word' id='word_1_795' title='bbox 1681 1743 1744 1761; x_wconf 81' lang='lat' dir='ltr'><strong>unus</strong></span> <span class='ocrx_word' id='word_1_796' title='bbox 1760 1742 1789 1760; x_wconf 76' lang='lat' dir='ltr'><strong>ea:</strong></span> <span class='ocrx_word' id='word_1_797' title='bbox 1808 1733 1879 1760; x_wconf 72' lang='lat' dir='ltr'><strong>nobis</strong></span> 
     </span>
    </p>
   </div>
   <div class='ocr_carea' id='block_1_97' title="bbox 1127 1784 1365 1822">
    <p class='ocr_par' dir='ltr' id='par_1_97' title="bbox 1127 1784 1365 1822">
     <span class='ocr_line' id='line_1_97' title="bbox 1127 1784 1365 1822; baseline -0.017 -9"><span class='ocrx_word' id='word_1_798' title='bbox 1127 1786 1204 1822; x_wconf 78' lang='lat' dir='ltr'><strong>(Gen.</strong></span> <span class='ocrx_word' id='word_1_799' title='bbox 1221 1786 1247 1812; x_wconf 70' lang='grc' dir='ltr'><strong>δ.</strong></span> <span class='ocrx_word' id='word_1_800' title='bbox 1259 1785 1294 1812; x_wconf 76' lang='lat' dir='ltr'><strong>eo</strong></span> <span class='ocrx_word' id='word_1_801' title='bbox 1309 1784 1365 1819; x_wconf 68' lang='lat' dir='ltr'><strong>ea).</strong></span> 
     </span>
    </p>
   </div>
   <div class='ocr_carea' id='block_1_98' title="bbox 1126 1845 1879 1886">
    <p class='ocr_par' dir='ltr' id='par_1_98' title="bbox 1126 1845 1879 1886">
     <span class='ocr_line' id='line_1_98' title="bbox 1126 1845 1879 1886; baseline -0.012 -7"><span class='ocrx_word' id='word_1_802' title='bbox 1126 1853 1151 1880; x_wconf 77' lang='lat' dir='ltr'><strong>l.</strong></span> <span class='ocrx_word' id='word_1_803' title='bbox 1168 1852 1206 1878; x_wconf 89' lang='lat' dir='ltr'><strong>De</strong></span> <span class='ocrx_word' id='word_1_804' title='bbox 1221 1855 1320 1886; x_wconf 78' lang='lat' dir='ltr'><strong>peccato</strong></span> <span class='ocrx_word' id='word_1_805' title='bbox 1341 1849 1431 1877; x_wconf 71' lang='grc' dir='ltr'><strong>ΛάαΜί</strong></span> <span class='ocrx_word' id='word_1_806' title='bbox 1451 1848 1566 1884; x_wconf 67' lang='lat' dir='ltr'><strong>superius</strong></span> <span class='ocrx_word' id='word_1_807' title='bbox 1578 1847 1645 1874; x_wconf 79' lang='lat' dir='ltr'><strong>dicta</strong></span> <span class='ocrx_word' id='word_1_808' title='bbox 1659 1846 1801 1874; x_wconf 76' lang='lat' dir='ltr'><strong>summatim</strong></span> <span class='ocrx_word' id='word_1_809' title='bbox 1817 1845 1879 1871; x_wconf 81' lang='lat' dir='ltr'><strong>relc-</strong></span> 
     </span>
    </p>
   </div>
   <div class='ocr_carea' id='block_1_99' title="bbox 1091 1892 1879 1934">
    <p class='ocr_par' dir='ltr' id='par_1_99' title="bbox 1091 1892 1879 1934">
     <span class='ocr_line' id='line_1_99' title="bbox 1091 1892 1879 1934; baseline -0.013 -8"><span class='ocrx_word' id='word_1_810' title='bbox 1091 1901 1136 1934; x_wconf 84' lang='lat' dir='ltr'><strong>git.</strong></span> <span class='ocrx_word' id='word_1_811' title='bbox 1151 1898 1258 1925; x_wconf 82' lang='lat' dir='ltr'><strong>Gravior</strong></span> <span class='ocrx_word' id='word_1_812' title='bbox 1272 1904 1347 1932; x_wconf 80' lang='lat' dir='ltr'><strong>paena</strong></span> <span class='ocrx_word' id='word_1_813' title='bbox 1365 1900 1449 1922; x_wconf 80' lang='lat' dir='ltr'><strong>manet</strong></span> <span class='ocrx_word' id='word_1_814' title='bbox 1463 1903 1505 1922; x_wconf 72' lang='lat' dir='ltr'><strong>eos</strong></span> <span class='ocrx_word' id='word_1_815' title='bbox 1521 1914 1528 1927; x_wconf 93' lang='lat'><strong>,</strong></span> <span class='ocrx_word' id='word_1_816' title='bbox 1545 1893 1588 1927; x_wconf 85' lang='lat' dir='ltr'><strong>qui</strong></span> <span class='ocrx_word' id='word_1_817' title='bbox 1600 1897 1655 1928; x_wconf 78' lang='lat' dir='ltr'><strong>post</strong></span> <span class='ocrx_word' id='word_1_818' title='bbox 1669 1892 1748 1927; x_wconf 83' lang='lat' dir='ltr'><strong>legem</strong></span> <span class='ocrx_word' id='word_1_819' title='bbox 1765 1895 1879 1925; x_wconf 81' lang='lat' dir='ltr'><strong>peccant.</strong></span> 
     </span>
    </p>
   </div>
   <div class='ocr_carea' id='block_1_100' title="bbox 1090 1937 1878 1974">
    <p class='ocr_par' dir='ltr' id='par_1_100' title="bbox 1090 1937 1878 1974">
     <span class='ocr_line' id='line_1_100' title="bbox 1090 1937 1878 1974; baseline -0.014 -2"><span class='ocrx_word' id='word_1_820' title='bbox 1090 1943 1236 1972; x_wconf 83' lang='lat' dir='ltr'><strong>—-Vidistis</strong></span> <span class='ocrx_word' id='word_1_821' title='bbox 1249 1943 1306 1970; x_wconf 88' lang='lat' dir='ltr'><strong>heri</strong></span> <span class='ocrx_word' id='word_1_822' title='bbox 1319 1941 1419 1969; x_wconf 83' lang='lat' dir='ltr'><strong>Judicis</strong></span> <span class='ocrx_word' id='word_1_823' title='bbox 1429 1938 1638 1974; x_wconf 79' lang='lat' dir='ltr'><strong>benignitatem?</strong></span> <span class='ocrx_word' id='word_1_824' title='bbox 1648 1937 1751 1964; x_wconf 87' lang='lat' dir='ltr'><strong>vidistis</strong></span> <span class='ocrx_word' id='word_1_825' title='bbox 1765 1943 1878 1963; x_wconf 84' lang='lat' dir='ltr'><strong>examen</strong></span> 
     </span>
    </p>
   </div>
   <div class='ocr_carea' id='block_1_101' title="bbox 1091 1981 1881 2019">
    <p class='ocr_par' dir='ltr' id='par_1_101' title="bbox 1091 1981 1881 2019">
     <span class='ocr_line' id='line_1_101' title="bbox 1091 1981 1881 2019; baseline -0.013 -2"><span class='ocrx_word' id='word_1_826' title='bbox 1091 1989 1208 2017; x_wconf 83' lang='lat' dir='ltr'><strong>bonitate</strong></span> <span class='ocrx_word' id='word_1_827' title='bbox 1216 1987 1342 2015; x_wconf 82' lang='lat' dir='ltr'><strong>refertum</strong></span> <span class='ocrx_word' id='word_1_828' title='bbox 1350 1987 1362 2013; x_wconf 88' lang='lat'><strong>?</strong></span> <span class='ocrx_word' id='word_1_829' title='bbox 1370 1986 1472 2013; x_wconf 89' lang='lat' dir='ltr'><strong>vidistis</strong></span> <span class='ocrx_word' id='word_1_830' title='bbox 1480 1984 1669 2019; x_wconf 86' lang='lat' dir='ltr'><strong>suppliciorum</strong></span> <span class='ocrx_word' id='word_1_831' title='bbox 1680 1981 1861 2009; x_wconf 87' lang='lat' dir='ltr'><strong>diversitatem</strong></span> <span class='ocrx_word' id='word_1_832' title='bbox 1870 1981 1881 2007; x_wconf 84' lang='lat'><strong>?</strong></span> 
     </span>
    </p>
   </div>
   <div class='ocr_carea' id='block_1_102' title="bbox 1091 2028 1879 2071">
    <p class='ocr_par' dir='ltr' id='par_1_102' title="bbox 1091 2028 1879 2071">
     <span class='ocr_line' id='line_1_102' title="bbox 1091 2028 1879 2071; baseline -0.013 -9"><span class='ocrx_word' id='word_1_833' title='bbox 1091 2034 1226 2071; x_wconf 91' lang='lat' dir='ltr'><strong>quomodo</strong></span> <span class='ocrx_word' id='word_1_834' title='bbox 1239 2032 1347 2068; x_wconf 91' lang='lat' dir='ltr'><strong>punitus</strong></span> <span class='ocrx_word' id='word_1_835' title='bbox 1359 2031 1394 2058; x_wconf 87' lang='lat' dir='ltr'><strong>sit</strong></span> <span class='ocrx_word' id='word_1_836' title='bbox 1407 2031 1516 2058; x_wconf 88' lang='lat' dir='ltr'><strong>dolosus</strong></span> <span class='ocrx_word' id='word_1_837' title='bbox 1530 2030 1573 2056; x_wconf 90' lang='lat' dir='ltr'><strong>ille</strong></span> <span class='ocrx_word' id='word_1_838' title='bbox 1586 2028 1770 2063; x_wconf 81' lang='lat' dir='ltr'><strong>supplantator</strong></span> <span class='ocrx_word' id='word_1_839' title='bbox 1785 2046 1793 2059; x_wconf 92' lang='lat'><strong>,</strong></span> <span class='ocrx_word' id='word_1_840' title='bbox 1810 2033 1879 2060; x_wconf 89' lang='lat' dir='ltr'><strong>quo-</strong></span> 
     </span>
    </p>
   </div>
   <div class='ocr_carea' id='block_1_103' title="bbox 1094 2075 1879 2112">
    <p class='ocr_par' dir='ltr' id='par_1_103' title="bbox 1094 2075 1879 2112">
     <span class='ocr_line' id='line_1_103' title="bbox 1094 2075 1879 2112; baseline -0.014 -3"><span class='ocrx_word' id='word_1_841' title='bbox 1094 2081 1174 2109; x_wconf 92' lang='lat' dir='ltr'><strong>modo</strong></span> <span class='ocrx_word' id='word_1_842' title='bbox 1187 2081 1267 2108; x_wconf 88' lang='lat' dir='ltr'><strong>etiam</strong></span> <span class='ocrx_word' id='word_1_843' title='bbox 1277 2078 1394 2112; x_wconf 89' lang='lat' dir='ltr'><strong>deceptis</strong></span> <span class='ocrx_word' id='word_1_844' title='bbox 1406 2084 1483 2112; x_wconf 80' lang='lat' dir='ltr'><strong>poma</strong></span> <span class='ocrx_word' id='word_1_845' title='bbox 1499 2075 1532 2103; x_wconf 92' lang='lat' dir='ltr'><strong>sit</strong></span> <span class='ocrx_word' id='word_1_846' title='bbox 1547 2075 1656 2107; x_wconf 87' lang='lat' dir='ltr'><strong>ittﬁicta,</strong></span> <span class='ocrx_word' id='word_1_847' title='bbox 1673 2081 1733 2108; x_wconf 62' lang='lat' dir='ltr'><strong>quae</strong></span> <span class='ocrx_word' id='word_1_848' title='bbox 1755 2079 1879 2107; x_wconf 78' lang='lat' dir='ltr'><strong>magnam</strong></span> 
     </span>
    </p>
   </div>
   <div class='ocr_carea' id='block_1_104' title="bbox 1092 2117 1882 2162">
    <p class='ocr_par' dir='ltr' id='par_1_104' title="bbox 1092 2117 1882 2162">
     <span class='ocr_line' id='line_1_104' title="bbox 1092 2117 1882 2162; baseline -0.015 -6"><span class='ocrx_word' id='word_1_849' title='bbox 1092 2128 1140 2155; x_wconf 89' lang='lat' dir='ltr'><strong>Dei</strong></span> <span class='ocrx_word' id='word_1_850' title='bbox 1161 2135 1216 2162; x_wconf 53' lang='lat' dir='ltr'><strong>pra).</strong></span> <span class='ocrx_word' id='word_1_851' title='bbox 1237 2133 1267 2154; x_wconf 85' lang='lat' dir='ltr'><strong>se</strong></span> <span class='ocrx_word' id='word_1_852' title='bbox 1288 2125 1370 2153; x_wconf 84' lang='lat' dir='ltr'><strong>ferret</strong></span> <span class='ocrx_word' id='word_1_853' title='bbox 1391 2121 1599 2158; x_wconf 76' lang='lat' dir='ltr'><strong>benignitatem?</strong></span> <span class='ocrx_word' id='word_1_854' title='bbox 1624 2119 1728 2147; x_wconf 76' lang='lat' dir='ltr'><strong>vidistis</strong></span> <span class='ocrx_word' id='word_1_855' title='bbox 1748 2117 1882 2153; x_wconf 86' lang='lat' dir='ltr'><strong>quomodo</strong></span> 
     </span>
    </p>
   </div>
   <div class='ocr_carea' id='block_1_105' title="bbox 1093 2163 1881 2201">
    <p class='ocr_par' dir='ltr' id='par_1_105' title="bbox 1093 2163 1881 2201">
     <span class='ocr_line' id='line_1_105' title="bbox 1093 2163 1881 2201; baseline -0.015 0"><span class='ocrx_word' id='word_1_856' title='bbox 1093 2173 1170 2201; x_wconf 90' lang='lat' dir='ltr'><strong>nobis</strong></span> <span class='ocrx_word' id='word_1_857' title='bbox 1181 2170 1383 2200; x_wconf 89' lang='lat' dir='ltr'><strong>commodorum</strong></span> <span class='ocrx_word' id='word_1_858' title='bbox 1399 2168 1503 2196; x_wconf 86' lang='lat' dir='ltr'><strong>occasio</strong></span> <span class='ocrx_word' id='word_1_859' title='bbox 1517 2167 1565 2194; x_wconf 88' lang='lat' dir='ltr'><strong>fuit</strong></span> <span class='ocrx_word' id='word_1_860' title='bbox 1577 2186 1585 2199; x_wconf 95' lang='lat'><strong>,</strong></span> <span class='ocrx_word' id='word_1_861' title='bbox 1600 2165 1727 2194; x_wconf 85' lang='lat' dir='ltr'><strong>assistere</strong></span> <span class='ocrx_word' id='word_1_862' title='bbox 1741 2163 1881 2196; x_wconf 88' lang='lat' dir='ltr'><strong>tribunali,</strong></span> 
     </span>
    </p>
   </div>
   <div class='ocr_carea' id='block_1_106' title="bbox 1092 2210 1882 2253">
    <p class='ocr_par' dir='ltr' id='par_1_106' title="bbox 1092 2210 1882 2253">
     <span class='ocr_line' id='line_1_106' title="bbox 1092 2210 1882 2253; baseline -0.016 -5"><span class='ocrx_word' id='word_1_863' title='bbox 1092 2224 1119 2248; x_wconf 89' lang='lat' dir='ltr'><strong>et</strong></span> <span class='ocrx_word' id='word_1_864' title='bbox 1131 2219 1222 2246; x_wconf 86' lang='lat' dir='ltr'><strong>videre</strong></span> <span class='ocrx_word' id='word_1_865' title='bbox 1235 2216 1368 2253; x_wconf 86' lang='lat' dir='ltr'><strong>quomodo</strong></span> <span class='ocrx_word' id='word_1_866' title='bbox 1383 2214 1542 2250; x_wconf 75' lang='lat' dir='ltr'><strong>processerit</strong></span> <span class='ocrx_word' id='word_1_867' title='bbox 1556 2212 1686 2240; x_wconf 78' lang='lat' dir='ltr'><strong>examen?</strong></span> <span class='ocrx_word' id='word_1_868' title='bbox 1701 2210 1882 2245; x_wconf 77' lang='lat' dir='ltr'><strong>Cognovimns</strong></span> 
     </span>
    </p>
   </div>
   <div class='ocr_carea' id='block_1_107' title="bbox 1092 2255 1882 2298">
    <p class='ocr_par' dir='ltr' id='par_1_107' title="bbox 1092 2255 1882 2298">
     <span class='ocr_line' id='line_1_107' title="bbox 1092 2255 1882 2298; baseline -0.014 -6"><span class='ocrx_word' id='word_1_869' title='bbox 1092 2265 1163 2293; x_wconf 88' lang='lat' dir='ltr'><strong>enim</strong></span> <span class='ocrx_word' id='word_1_870' title='bbox 1176 2284 1182 2296; x_wconf 90' lang='lat'><strong>,</strong></span> <span class='ocrx_word' id='word_1_871' title='bbox 1195 2263 1299 2298; x_wconf 87' lang='lat' dir='ltr'><strong>quantis</strong></span> <span class='ocrx_word' id='word_1_872' title='bbox 1313 2262 1416 2296; x_wconf 89' lang='lat' dir='ltr'><strong>seipsos</strong></span> <span class='ocrx_word' id='word_1_873' title='bbox 1435 2259 1512 2287; x_wconf 89' lang='lat' dir='ltr'><strong>bonis</strong></span> <span class='ocrx_word' id='word_1_874' title='bbox 1533 2257 1650 2285; x_wconf 87' lang='lat' dir='ltr'><strong>mandati</strong></span> <span class='ocrx_word' id='word_1_875' title='bbox 1672 2255 1882 2290; x_wconf 82' lang='lat' dir='ltr'><strong>transgressione</strong></span> 
     </span>
    </p>
   </div>
   <div class='ocr_carea' id='block_1_108' title="bbox 1093 2301 1881 2347">
    <p class='ocr_par' dir='ltr' id='par_1_108' title="bbox 1093 2301 1881 2347">
     <span class='ocr_line' id='line_1_108' title="bbox 1093 2301 1881 2347; baseline -0.016 -8"><span class='ocrx_word' id='word_1_876' title='bbox 1093 2312 1222 2347; x_wconf 88' lang='lat' dir='ltr'><strong>privarint</strong></span> <span class='ocrx_word' id='word_1_877' title='bbox 1234 2309 1318 2336; x_wconf 80' lang='lat' dir='ltr'><strong>Adam</strong></span> <span class='ocrx_word' id='word_1_878' title='bbox 1344 2313 1371 2335; x_wconf 89' lang='lat' dir='ltr'><strong>et</strong></span> <span class='ocrx_word' id='word_1_879' title='bbox 1386 2307 1441 2334; x_wconf 88' lang='lat' dir='ltr'><strong>Eva</strong></span> <span class='ocrx_word' id='word_1_880' title='bbox 1454 2327 1461 2339; x_wconf 95' lang='lat'><strong>,</strong></span> <span class='ocrx_word' id='word_1_881' title='bbox 1476 2305 1568 2332; x_wconf 90' lang='lat' dir='ltr'><strong>nudati</strong></span> <span class='ocrx_word' id='word_1_882' title='bbox 1583 2303 1666 2338; x_wconf 81' lang='lat' dir='ltr'><strong>gloria</strong></span> <span class='ocrx_word' id='word_1_883' title='bbox 1678 2303 1721 2329; x_wconf 89' lang='lat' dir='ltr'><strong>illa</strong></span> <span class='ocrx_word' id='word_1_884' title='bbox 1735 2301 1860 2329; x_wconf 82' lang='lat' dir='ltr'><strong>ineﬁ‘abili</strong></span> <span class='ocrx_word' id='word_1_885' title='bbox 1873 2320 1881 2332; x_wconf 93' lang='lat'><strong>,</strong></span> 
     </span>
    </p>
   </div>
   <div class='ocr_carea' id='block_1_109' title="bbox 1092 2346 1883 2386">
    <p class='ocr_par' dir='ltr' id='par_1_109' title="bbox 1092 2346 1883 2386">
     <span class='ocr_line' id='line_1_109' title="bbox 1092 2346 1883 2386; baseline -0.016 -2"><span class='ocrx_word' id='word_1_886' title='bbox 1092 2362 1119 2385; x_wconf 91' lang='lat' dir='ltr'><strong>et</strong></span> <span class='ocrx_word' id='word_1_887' title='bbox 1133 2357 1184 2383; x_wconf 86' lang='lat' dir='ltr'><strong>vita</strong></span> <span class='ocrx_word' id='word_1_888' title='bbox 1199 2362 1252 2382; x_wconf 91' lang='lat' dir='ltr'><strong>non</strong></span> <span class='ocrx_word' id='word_1_889' title='bbox 1266 2353 1391 2381; x_wconf 84' lang='lat' dir='ltr'><strong>inferiore</strong></span> <span class='ocrx_word' id='word_1_890' title='bbox 1405 2359 1484 2386; x_wconf 86' lang='lat' dir='ltr'><strong>quam</strong></span> <span class='ocrx_word' id='word_1_891' title='bbox 1505 2349 1634 2384; x_wconf 82' lang='lat' dir='ltr'><strong>angelica.</strong></span> <span class='ocrx_word' id='word_1_892' title='bbox 1649 2347 1770 2375; x_wconf 82' lang='lat' dir='ltr'><strong>Vidimus</strong></span> <span class='ocrx_word' id='word_1_893' title='bbox 1785 2346 1883 2380; x_wconf 87' lang='lat' dir='ltr'><strong>patien-</strong></span> 
     </span>
    </p>
   </div>
   <div class='ocr_carea' id='block_1_110' title="bbox 1093 2390 1882 2432">
    <p class='ocr_par' dir='ltr' id='par_1_110' title="bbox 1093 2390 1882 2432">
     <span class='ocr_line' id='line_1_110' title="bbox 1093 2390 1882 2432; baseline -0.016 -3"><span class='ocrx_word' id='word_1_894' title='bbox 1093 2402 1155 2429; x_wconf 89' lang='lat' dir='ltr'><strong>tiam</strong></span> <span class='ocrx_word' id='word_1_895' title='bbox 1169 2399 1285 2432; x_wconf 82' lang='lat' dir='ltr'><strong>Domini,</strong></span> <span class='ocrx_word' id='word_1_896' title='bbox 1295 2398 1436 2425; x_wconf 88' lang='lat' dir='ltr'><strong>didicimus</strong></span> <span class='ocrx_word' id='word_1_897' title='bbox 1446 2401 1574 2430; x_wconf 88' lang='lat' dir='ltr'><strong>quantum</strong></span> <span class='ocrx_word' id='word_1_898' title='bbox 1589 2393 1688 2420; x_wconf 90' lang='lat' dir='ltr'><strong>malum</strong></span> <span class='ocrx_word' id='word_1_899' title='bbox 1707 2392 1742 2419; x_wconf 90' lang='lat' dir='ltr'><strong>sit</strong></span> <span class='ocrx_word' id='word_1_900' title='bbox 1760 2390 1860 2418; x_wconf 89' lang='lat' dir='ltr'><strong>desidia</strong></span> <span class='ocrx_word' id='word_1_901' title='bbox 1872 2409 1882 2423; x_wconf 86' lang='lat'><strong>,</strong></span> 
     </span>
    </p>
   </div>
   <div class='ocr_carea' id='block_1_111' title="bbox 1092 2436 1882 2482">
    <p class='ocr_par' dir='ltr' id='par_1_111' title="bbox 1092 2436 1882 2482">
     <span class='ocr_line' id='line_1_111' title="bbox 1092 2436 1882 2482; baseline -0.015 -8"><span class='ocrx_word' id='word_1_902' title='bbox 1092 2446 1225 2482; x_wconf 91' lang='lat' dir='ltr'><strong>quomodo</strong></span> <span class='ocrx_word' id='word_1_903' title='bbox 1239 2450 1265 2472; x_wconf 90' lang='lat' dir='ltr'><strong>et</strong></span> <span class='ocrx_word' id='word_1_904' title='bbox 1279 2443 1453 2479; x_wconf 59' lang='lat' dir='ltr'><strong>praesentibus</strong></span> <span class='ocrx_word' id='word_1_905' title='bbox 1468 2441 1572 2475; x_wconf 79' lang='lat' dir='ltr'><strong>spoliet,</strong></span> <span class='ocrx_word' id='word_1_906' title='bbox 1589 2443 1616 2466; x_wconf 88' lang='lat' dir='ltr'><strong>et</strong></span> <span class='ocrx_word' id='word_1_907' title='bbox 1629 2446 1722 2473; x_wconf 75' lang='lat' dir='ltr'><strong>magna</strong></span> <span class='ocrx_word' id='word_1_908' title='bbox 1738 2436 1882 2472; x_wconf 79' lang='lat' dir='ltr'><strong>ignominia</strong></span> 
     </span>
    </p>
   </div>
   <div class='ocr_carea' id='block_1_112' title="bbox 1092 2481 1882 2521">
    <p class='ocr_par' dir='ltr' id='par_1_112' title="bbox 1092 2481 1882 2521">
     <span class='ocr_line' id='line_1_112' title="bbox 1092 2481 1882 2521; baseline -0.015 -2"><span class='ocrx_word' id='word_1_909' title='bbox 1092 2481 1199 2519; x_wconf 81' lang='lat' dir='ltr'><strong>afﬁciat.</strong></span> <span class='ocrx_word' id='word_1_910' title='bbox 1212 2490 1322 2521; x_wconf 86' lang='lat' dir='ltr'><strong>Idcirco,</strong></span> <span class='ocrx_word' id='word_1_911' title='bbox 1336 2488 1458 2519; x_wconf 84' lang='lat' dir='ltr'><strong>obsecro,</strong></span> <span class='ocrx_word' id='word_1_912' title='bbox 1472 2484 1555 2513; x_wconf 89' lang='lat' dir='ltr'><strong>sobrii</strong></span> <span class='ocrx_word' id='word_1_913' title='bbox 1568 2484 1661 2516; x_wconf 85' lang='lat' dir='ltr'><strong>simus,</strong></span> <span class='ocrx_word' id='word_1_914' title='bbox 1675 2483 1791 2517; x_wconf 88' lang='lat' dir='ltr'><strong>ﬁantque</strong></span> <span class='ocrx_word' id='word_1_915' title='bbox 1804 2481 1882 2508; x_wconf 80' lang='lat' dir='ltr'><strong>nobis</strong></span> 
     </span>
    </p>
   </div>
   <div class='ocr_carea' id='block_1_113' title="bbox 1094 2526 1882 2569">
    <p class='ocr_par' dir='ltr' id='par_1_113' title="bbox 1094 2526 1882 2569">
     <span class='ocr_line' id='line_1_113' title="bbox 1094 2526 1882 2569; baseline -0.015 -5"><span class='ocrx_word' id='word_1_916' title='bbox 1094 2538 1196 2565; x_wconf 88' lang='lat' dir='ltr'><strong>illorutn</strong></span> <span class='ocrx_word' id='word_1_917' title='bbox 1211 2535 1301 2569; x_wconf 85' lang='lat' dir='ltr'><strong>lapsus</strong></span> <span class='ocrx_word' id='word_1_918' title='bbox 1311 2531 1440 2564; x_wconf 84' lang='lat' dir='ltr'><strong>remedia,</strong></span> <span class='ocrx_word' id='word_1_919' title='bbox 1455 2535 1481 2557; x_wconf 92' lang='lat' dir='ltr'><strong>et</strong></span> <span class='ocrx_word' id='word_1_920' title='bbox 1497 2530 1602 2557; x_wconf 91' lang='lat' dir='ltr'><strong>illorutu</strong></span> <span class='ocrx_word' id='word_1_921' title='bbox 1617 2528 1718 2556; x_wconf 88' lang='lat' dir='ltr'><strong>desidia</strong></span> <span class='ocrx_word' id='word_1_922' title='bbox 1731 2526 1882 2554; x_wconf 85' lang='lat' dir='ltr'><strong>securitatis</strong></span> 
     </span>
    </p>
   </div>
   <div class='ocr_carea' id='block_1_114' title="bbox 1093 2571 1882 2615">
    <p class='ocr_par' dir='ltr' id='par_1_114' title="bbox 1093 2571 1882 2615">
     <span class='ocr_line' id='line_1_114' title="bbox 1093 2571 1882 2615; baseline -0.014 -6"><span class='ocrx_word' id='word_1_923' title='bbox 1093 2589 1188 2609; x_wconf 84' lang='lat' dir='ltr'><strong>causa:</strong></span> <span class='ocrx_word' id='word_1_924' title='bbox 1204 2578 1416 2615; x_wconf 86' lang='lat' dir='ltr'><strong>quandoquidem</strong></span> <span class='ocrx_word' id='word_1_925' title='bbox 1427 2576 1511 2610; x_wconf 84' lang='lat' dir='ltr'><strong>major</strong></span> <span class='ocrx_word' id='word_1_926' title='bbox 1522 2583 1599 2610; x_wconf 68' lang='lat' dir='ltr'><strong>paena</strong></span> <span class='ocrx_word' id='word_1_927' title='bbox 1609 2578 1650 2601; x_wconf 91' lang='lat' dir='ltr'><strong>est</strong></span> <span class='ocrx_word' id='word_1_928' title='bbox 1659 2579 1751 2601; x_wconf 90' lang='lat' dir='ltr'><strong>eorum</strong></span> <span class='ocrx_word' id='word_1_929' title='bbox 1762 2571 1807 2607; x_wconf 90' lang='lat' dir='ltr'><strong>qui</strong></span> <span class='ocrx_word' id='word_1_930' title='bbox 1822 2575 1882 2606; x_wconf 85' lang='lat' dir='ltr'><strong>post</strong></span> 
     </span>
    </p>
   </div>
   <div class='ocr_carea' id='block_1_115' title="bbox 1094 2617 1882 2661">
    <p class='ocr_par' dir='ltr' id='par_1_115' title="bbox 1094 2617 1882 2661">
     <span class='ocr_line' id='line_1_115' title="bbox 1094 2617 1882 2661; baseline -0.014 -7"><span class='ocrx_word' id='word_1_931' title='bbox 1094 2628 1152 2654; x_wconf 92' lang='lat' dir='ltr'><strong>illos</strong></span> <span class='ocrx_word' id='word_1_932' title='bbox 1165 2629 1283 2661; x_wconf 87' lang='lat' dir='ltr'><strong>peccant,</strong></span> <span class='ocrx_word' id='word_1_933' title='bbox 1296 2629 1322 2652; x_wconf 92' lang='lat' dir='ltr'><strong>et</strong></span> <span class='ocrx_word' id='word_1_934' title='bbox 1334 2631 1366 2651; x_wconf 87' lang='lat' dir='ltr'><strong>eo</strong></span> <span class='ocrx_word' id='word_1_935' title='bbox 1380 2623 1463 2656; x_wconf 90' lang='lat' dir='ltr'><strong>major</strong></span> <span class='ocrx_word' id='word_1_936' title='bbox 1473 2620 1543 2656; x_wconf 94' lang='lat' dir='ltr'><strong>quod</strong></span> <span class='ocrx_word' id='word_1_937' title='bbox 1558 2619 1687 2654; x_wconf 76' lang='lat' dir='ltr'><strong>exemplis</strong></span> <span class='ocrx_word' id='word_1_938' title='bbox 1700 2617 1843 2645; x_wconf 87' lang='lat' dir='ltr'><strong>emendare</strong></span> <span class='ocrx_word' id='word_1_939' title='bbox 1853 2624 1882 2645; x_wconf 88' lang='lat' dir='ltr'><strong>se</strong></span> 
     </span>
    </p>
   </div>
   <div class='ocr_carea' id='block_1_116' title="bbox 1093 2663 1882 2703">
    <p class='ocr_par' dir='ltr' id='par_1_116' title="bbox 1093 2663 1882 2703">
     <span class='ocr_line' id='line_1_116' title="bbox 1093 2663 1882 2703; baseline -0.014 -3"><span class='ocrx_word' id='word_1_940' title='bbox 1093 2673 1186 2700; x_wconf 90' lang='lat' dir='ltr'><strong>nolint.</strong></span> <span class='ocrx_word' id='word_1_941' title='bbox 1201 2671 1258 2698; x_wconf 86' lang='lat' dir='ltr'><strong>Non</strong></span> <span class='ocrx_word' id='word_1_942' title='bbox 1271 2670 1340 2697; x_wconf 90' lang='lat' dir='ltr'><strong>enim</strong></span> <span class='ocrx_word' id='word_1_943' title='bbox 1356 2669 1400 2703; x_wconf 91' lang='lat' dir='ltr'><strong>qui</strong></span> <span class='ocrx_word' id='word_1_944' title='bbox 1414 2673 1505 2703; x_wconf 88' lang='lat' dir='ltr'><strong>postea</strong></span> <span class='ocrx_word' id='word_1_945' title='bbox 1517 2666 1609 2694; x_wconf 88' lang='lat' dir='ltr'><strong>eadem</strong></span> <span class='ocrx_word' id='word_1_946' title='bbox 1624 2668 1735 2700; x_wconf 88' lang='lat' dir='ltr'><strong>peccant</strong></span> <span class='ocrx_word' id='word_1_947' title='bbox 1752 2671 1811 2698; x_wconf 77' lang='lat' dir='ltr'><strong>quze</strong></span> <span class='ocrx_word' id='word_1_948' title='bbox 1827 2663 1882 2697; x_wconf 87' lang='lat' dir='ltr'><strong>pri-</strong></span> 
     </span>
    </p>
   </div>
   <div class='ocr_carea' id='block_1_117' title="bbox 1093 2707 1883 2752">
    <p class='ocr_par' dir='ltr' id='par_1_117' title="bbox 1093 2707 1883 2752">
     <span class='ocr_line' id='line_1_117' title="bbox 1093 2707 1883 2752; baseline -0.014 -6"><span class='ocrx_word' id='word_1_949' title='bbox 1093 2719 1128 2746; x_wconf 91' lang='lat' dir='ltr'><strong>mi</strong></span> <span class='ocrx_word' id='word_1_950' title='bbox 1142 2739 1149 2752; x_wconf 88' lang='lat'><strong>,</strong></span> <span class='ocrx_word' id='word_1_951' title='bbox 1162 2718 1188 2745; x_wconf 89' lang='lat' dir='ltr'><strong>in</strong></span> <span class='ocrx_word' id='word_1_952' title='bbox 1201 2716 1321 2744; x_wconf 87' lang='lat' dir='ltr'><strong>eamdem</strong></span> <span class='ocrx_word' id='word_1_953' title='bbox 1333 2721 1438 2749; x_wconf 75' lang='lat' dir='ltr'><strong>pmnam</strong></span> <span class='ocrx_word' id='word_1_954' title='bbox 1452 2712 1578 2740; x_wconf 88' lang='lat' dir='ltr'><strong>incident.</strong></span> <span class='ocrx_word' id='word_1_955' title='bbox 1595 2710 1623 2738; x_wconf 92' lang='lat' dir='ltr'><strong>Id</strong></span> <span class='ocrx_word' id='word_1_956' title='bbox 1637 2710 1708 2745; x_wconf 90' lang='lat' dir='ltr'><strong>quod</strong></span> <span class='ocrx_word' id='word_1_957' title='bbox 1721 2709 1839 2737; x_wconf 80' lang='lat' dir='ltr'><strong>breviter</strong></span> <span class='ocrx_word' id='word_1_958' title='bbox 1849 2707 1883 2735; x_wconf 90' lang='lat' dir='ltr'><strong>ab</strong></span> 
     </span>
    </p>
   </div>
   <div class='ocr_carea' id='block_1_118' title="bbox 1124 2755 1880 2786">
    <p class='ocr_par' dir='ltr' id='par_1_118' title="bbox 1124 2755 1880 2786">
     <span class='ocr_line' id='line_1_118' title="bbox 1124 2755 1880 2786; baseline -0.007 -1"><span class='ocrx_word' id='word_1_959' title='bbox 1124 2761 1131 2775; x_wconf 91' lang='grc'>¹</span> <span class='ocrx_word' id='word_1_960' title='bbox 1147 2762 1172 2785; x_wconf 89' lang='lat' dir='ltr'><strong>In</strong></span> <span class='ocrx_word' id='word_1_961' title='bbox 1185 2764 1240 2784; x_wconf 82' lang='lat' dir='ltr'><strong>octo</strong></span> <span class='ocrx_word' id='word_1_962' title='bbox 1251 2760 1306 2783; x_wconf 82' lang='lat' dir='ltr'><strong>Mss.</strong></span> <span class='ocrx_word' id='word_1_963' title='bbox 1319 2761 1345 2782; x_wconf 89' lang='lat' dir='ltr'><strong>et</strong></span> <span class='ocrx_word' id='word_1_964' title='bbox 1356 2765 1403 2782; x_wconf 88' lang='lat' dir='ltr'><strong>uno</strong></span> <span class='ocrx_word' id='word_1_965' title='bbox 1420 2757 1515 2786; x_wconf 84' lang='lat' dir='ltr'><strong>Savilii,</strong></span> <span class='ocrx_word' id='word_1_966' title='bbox 1527 2758 1593 2782; x_wconf 86' lang='lat' dir='ltr'><strong>bene</strong></span> <span class='ocrx_word' id='word_1_967' title='bbox 1610 2759 1696 2785; x_wconf 86' lang='lat' dir='ltr'><strong>multa,</strong></span> <span class='ocrx_word' id='word_1_968' title='bbox 1713 2757 1743 2780; x_wconf 86' lang='lat' dir='ltr'><strong>ab</strong></span> <span class='ocrx_word' id='word_1_969' title='bbox 1760 2757 1798 2780; x_wconf 90' lang='lat' dir='ltr'><strong>his</strong></span> <span class='ocrx_word' id='word_1_970' title='bbox 1815 2755 1880 2780; x_wconf 81' lang='lat' dir='ltr'><strong>voci-</strong></span> 
     </span>
    </p>
   </div>
   <div class='ocr_carea' id='block_1_119' title="bbox 1091 2786 1879 2823">
    <p class='ocr_par' dir='ltr' id='par_1_119' title="bbox 1091 2786 1879 2823">
     <span class='ocr_line' id='line_1_119' title="bbox 1091 2786 1879 2823; baseline -0.008 -7"><span class='ocrx_word' id='word_1_971' title='bbox 1091 2790 1144 2820; x_wconf 83' lang='lat' dir='ltr'><strong>bus,</strong></span> <span class='ocrx_word' id='word_1_972' title='bbox 1160 2796 1214 2823; x_wconf 72' lang='lat' dir='ltr'><strong>qua:</strong></span> <span class='ocrx_word' id='word_1_973' title='bbox 1225 2792 1307 2815; x_wconf 66' lang='lat' dir='ltr'><strong>oculus</strong></span> <span class='ocrx_word' id='word_1_974' title='bbox 1318 2795 1365 2823; x_wconf 81' lang='lat' dir='ltr'><strong>non</strong></span> <span class='ocrx_word' id='word_1_975' title='bbox 1376 2787 1436 2823; x_wconf 68' lang='lat' dir='ltr'><strong>vidit</strong></span> <span class='ocrx_word' id='word_1_976' title='bbox 1449 2789 1603 2823; x_wconf 53' lang='grc' dir='ltr'><strong>(ᾷρςιθαὶμᾲς</strong></span> <span class='ocrx_word' id='word_1_977' title='bbox 1616 2788 1659 2811; x_wconf 75' lang='grc' dir='ltr'><strong>οὐκ</strong></span> <span class='ocrx_word' id='word_1_978' title='bbox 1679 2787 1746 2816; x_wconf 78' lang='grc' dir='ltr'><strong>εἶδε),</strong></span> <span class='ocrx_word' id='word_1_979' title='bbox 1758 2793 1838 2817; x_wconf 89' lang='lat' dir='ltr'><strong>usque</strong></span> <span class='ocrx_word' id='word_1_980' title='bbox 1851 2786 1879 2810; x_wconf 84' lang='lat' dir='ltr'><strong>ad</strong></span> 
     </span>
    </p>
   </div>
   <div class='ocr_carea' id='block_1_120' title="bbox 1091 2819 1879 2851">
    <p class='ocr_par' dir='ltr' id='par_1_120' title="bbox 1091 2819 1879 2851">
     <span class='ocr_line' id='line_1_120' title="bbox 1091 2819 1879 2851; baseline -0.006 -5"><span class='ocrx_word' id='word_1_981' title='bbox 1091 2822 1153 2851; x_wconf 68' lang='lat' dir='ltr'><strong>bwe,</strong></span> <span class='ocrx_word' id='word_1_982' title='bbox 1166 2819 1244 2845; x_wconf 84' lang='lat' dir='ltr'><strong>iribns</strong></span> <span class='ocrx_word' id='word_1_983' title='bbox 1255 2823 1312 2844; x_wconf 88' lang='lat' dir='ltr'><strong>ante</strong></span> <span class='ocrx_word' id='word_1_984' title='bbox 1326 2820 1400 2842; x_wconf 76' lang='lat' dir='ltr'><strong>tinem</strong></span> <span class='ocrx_word' id='word_1_985' title='bbox 1409 2819 1518 2851; x_wconf 69' lang='lat' dir='ltr'><strong>humilia:</strong></span> <span class='ocrx_word' id='word_1_986' title='bbox 1528 2819 1649 2848; x_wconf 73' lang='lat' dir='ltr'><strong>versibus,</strong></span> <span class='ocrx_word' id='word_1_987' title='bbox 1660 2823 1714 2849; x_wconf 71' lang='lat' dir='ltr'><strong>quat</strong></span> <span class='ocrx_word' id='word_1_988' title='bbox 1735 2824 1778 2843; x_wconf 77' lang='lat' dir='ltr'><strong>nos</strong></span> <span class='ocrx_word' id='word_1_989' title='bbox 1798 2822 1879 2842; x_wconf 63' lang='lat' dir='ltr'><strong>eum“</strong></span> 
     </span>
    </p>
   </div>
   <div class='ocr_carea' id='block_1_121' title="bbox 1093 2849 1614 2886">
    <p class='ocr_par' dir='ltr' id='par_1_121' title="bbox 1093 2849 1614 2886">
     <span class='ocr_line' id='line_1_121' title="bbox 1093 2849 1614 2886; baseline -0.01 -9"><span class='ocrx_word' id='word_1_990' title='bbox 1093 2853 1135 2886; x_wconf 68' lang='lat' dir='ltr'><strong>{div</strong></span> <span class='ocrx_word' id='word_1_991' title='bbox 1147 2849 1236 2884; x_wconf 62' lang='grc' dir='ltr'><strong>γένοιτο</strong></span> <span class='ocrx_word' id='word_1_992' title='bbox 1247 2853 1334 2877; x_wconf 77' lang='grc' dir='ltr'><strong>πάντας</strong></span> <span class='ocrx_word' id='word_1_993' title='bbox 1344 2849 1416 2880; x_wconf 74' lang='grc' dir='ltr'><strong>ἡμᾶς)</strong></span> <span class='ocrx_word' id='word_1_994' title='bbox 1433 2849 1614 2875; x_wconf 74' lang='lat' dir='ltr'><strong>desiderantur.</strong></span> 
     </span>
    </p>
   </div>
  </div>
