2060 3122
131 150 180 180 ΗἹ

128 211 235 244 Μέχρις
250 209 358 236 ἐκείνου
378 209 463 237 ταῦτα
487 209 640 244 ὑπομενεῖς,
658 209 710 241 ἓως
726 210 758 236 ἂν
774 211 803 236 τὸ
825 211 901 242 τέλος
913 210 962 244 τῆς

130 253 205 287 ζωῆς
221 262 262 280 σοι
279 260 292 274 ι
304 254 498 289 ἐπαχθήσεται,
512 253 559 279 καὶ
570 253 609 284 εἰς
622 253 728 288 ἐκείνην
738 254 875 289 διαλυθῇς,
891 254 920 286 ἐξ
930 251 964 289 ἦς

131 299 180 324 καὶ
194 297 348 333 ἐπλάσθης.
364 298 395 324 Εἰ
410 297 463 333 γὰρ
488 298 535 324 καὶ
549 297 674 332 σώματός
688 306 728 323 σοι
743 297 822 332 φύσιν
835 298 964 334 ἐχαρισά-

132 351 189 377 μην
204 341 248 369 διὰ
261 341 311 376 τὴν
323 340 443 376 ἐμαυτοῦ
459 340 673 376 φιλανθρωπίαν.
687 341 744 367 ἀλλ’
758 341 823 367 αὐτὸ
837 341 867 367 τὸ
885 341 964 376 σῶμα

131 385 188 411 ἀπὺ
213 385 265 419 γῆς
289 385 330 415 ὂν,
354 385 390 419 γῆ
407 384 487 411 πάλιν
498 383 583 410 ἔσται.
599 383 644 416 Γῆ
657 384 711 419 γὰρ
725 382 761 416 εἷ,
776 384 824 410 καί
836 385 880 417 είς
906 385 965 420 γῆν

130 428 362 462 ὰ.τελεύσῃ.“’1να
372 428 426 462 γὰρ
441 427 478 462 μὴ
495 426 579 454 ταῦτα
591 427 712 462 γένηται,
729 426 772 453 διὰ
781 427 860 453 τοῦτο
877 425 963 461 εἶπον,

129 471 182 504 Μὴ
199 471 319 505 ᾶψησθε
333 470 385 497 τοῦ
413 471 530 503 ξύλου,
556 469 656 502 εἰπὼν,
677 470 718 497 ὅτι
744 468 785 506 ᾝ
809 471 847 498 ἂν
870 470 964 505 ἡμέρᾳ

129 514 249 549 φάγητε
271 514 321 541 ἀπ’
345 513 449 546 αὑτοῦ,
468 513 584 545 θανάτῳ
611 513 819 541 ἀποθανεῖσθε.
849 514 885 540 οὐ
911 514 965 549 γὰρ

129 558 284 593 ἐϐουλόμην
299 557 392 591 τοῦτο·
407 557 464 584 ἀλλ’
479 557 572 592 ἐπειδὴ
586 557 620 583 τὰ
633 557 681 592 μὲν
697 558 761 592 παρ’
776 557 842 592 ἐμοῦ
859 557 964 584 ἅπαντα

130 601 288 636 γεγένηται,
302 601 333 627 σὺ
350 600 377 627 δὲ
391 601 481 635 σαυτῷ
494 601 579 628 ταῦτα
591 600 784 636 προεξένησας,
801 601 847 627 ἐπὶ
861 601 962 636 μηδένα

130 645 225 680 ἕτερον
243 645 291 680 τὴν
309 644 398 670 αἰτίαν
420 644 531 678 ἓπαγεδ
544 663 551 675 ,
575 644 643 671 ἀλλά
663 646 695 679 τῇ
719 644 816 671 σαυτοῦ
844 642 978 680 ῥᾳθυμία

131 689 186 714 πᾶν
201 689 347 723 ὲπίγραφε.
366 687 445 714 Ἀλλὰ
455 687 534 714 πάλιν
546 688 609 723 ἡμῖν
620 688 711 723 ἕτερον
720 688 828 723 ζήτημα
842 688 964 715 ἐντεῦθεν

131 732 264 763 τίκτεται,
280 732 358 766 ὅπερ,
373 732 396 757 εἰ
412 730 538 766 βούλεσθε
549 751 556 763 ,
575 731 714 766 συντόμως
736 732 911 764 διαλύσαντες
934 733 964 758 τὸ

131 775 282 811 τηνικαῦτα
299 775 510 810 καταπαύσομεν
536 775 581 801 τὸν
606 774 693 809 λόγον.
721 773 804 808 Εἶπε,
829 776 929 811 φησὶν,
950 776 964 803 ὁ

132 819 212 850 Θεός·
225 816 266 854 τῌ
276 819 314 844 ἂν
321 818 414 852 ἡμέρᾳ
427 818 540 853 φάγητε
547 819 597 845 ἀπ’
612 819 715 851 αὑτοῦ,
727 819 843 851 θανάτῳ
856 820 964 846 ἀποθα-

131 862 243 889 νεῖσθε·
255 861 405 888 δείκνυνται
418 861 445 888 δέ
455 861 585 897 ζήσαντες
601 862 669 897 μετά
687 862 737 897 τὴν
753 864 906 897 παρακοήν,
918 863 964 888 καὶ

132 907 164 933 τὸ
176 907 225 941 τῆς
239 906 365 942 βρώσεως
379 907 533 941 μετασχεῖν,
550 905 652 932 πολλῶν
668 906 735 932 ἐτῶν
747 905 965 941 ἀριθμόν,Τοῦτο

131 951 206 977 δοκεῖ
233 951 283 986 μὲν
307 949 399 981 ἁπλῶς
424 951 480 981 τοῖς
503 949 668 982 ἐπιπολαίως
694 950 886 985 ἐντυγχάνουσι
908 951 964 982 τοῖς

132 994 304 1029 ἐγκειμένοις
327 993 399 1028 ἐχειν
416 992 526 1029 ζήτησίν
551 1001 629 1020 τινα’
653 994 677 1020 εἰ
698 994 726 1020 δέ
736 1003 776 1024 τις
788 993 964 1029 εὐγνωμόνως

131 1038 182 1074 τὴν
204 1038 288 1073 ἀκοὴν
302 1037 456 1072 ὑπόσχοιτο,
469 1037 554 1071 σαφές
572 1038 629 1064 ἐστι
646 1037 677 1063 τὸ
698 1037 841 1073 εἰρημένον
855 1037 902 1063 καὶ
919 1037 964 1063 οὺ-

131 1080 228 1115 δεμίαν
245 1080 284 1116 τῷ
299 1080 458 1115 προσέχοντι
473 1081 583 1115 ζήτησιν
605 1080 674 1114 ἐχον.
697 1080 730 1107 Εἰ
745 1080 798 1116 γὰρ
815 1080 862 1107 καὶ
882 1079 964 1106 πολὺν

130 1123 200 1150 ἐτῶν
213 1124 309 1159 χρόνον
320 1123 430 1159 ἔζησαν,
443 1123 500 1149 ἀλλ’
508 1124 582 1159 ὅμως
591 1124 638 1158 ἀφῑ
652 1121 686 1160 ἧς
696 1124 817 1159 ἥκουσαν
824 1124 865 1155 τὸ,
874 1122 919 1157 Γῆ
927 1122 962 1156 εἴ,

131 1168 182 1194 καὶ
197 1169 242 1200 εἰς
250 1167 309 1203 γῆν
321 1168 485 1202 ἀπελεύσῃ,
502 1167 548 1194 καὶ
561 1167 610 1204 τὴν
623 1168 759 1202 ἀπόφασιν
782 1167 905 1199 ἐδέξαντο
917 1167 963 1194 τοῦ

131 1211 258 1244 θανάτου,
278 1212 324 1238 καὶ
351 1211 441 1246 θνητοὶ
467 1211 605 1246 γεγόνασι,
631 1212 678 1238 καί
694 1212 723 1244 ἐξ
740 1212 844 1238 ἐκείνου
867 1211 899 1238 ἀν
923 1220 964 1244 τις

130 1253 208 1282 εἶπεν
222 1255 319 1286 αὐτοὺς
333 1254 502 1290 τεθνηκέναι.
518 1254 603 1281 Τοῦτο
618 1253 664 1281 οὖν
679 1255 752 1290 καὶὴ
772 1255 866 1290 Γραφὴ
880 1255 964 1282 αἰνιτ-

129 1300 233 1334 τομένη
246 1296 333 1330 εἶπεν,
351 1298 391 1324 ὄτι
415 1294 456 1334 ⁷ῌ
481 1298 508 1325 δ’
523 1299 562 1326 ἂν
589 1299 684 1333 ἡμέρᾳ
705 1298 829 1333 φάγητε,
849 1298 964 1331 θανάτῳ

130 1341 330 1369 ἀποθανεῖσθε
337 1350 344 1358 ο
354 1342 413 1368 ἀντὶ
427 1341 543 1377 τοῦ,Τῆν
554 1342 689 1377 ἀπόφασιν
699 1342 806 1375 δέξεσθε
817 1342 865 1368 τοῦ
874 1342 964 1378 θνητοὶ

131 1386 225 1412 λοιπὸν
255 1384 334 1412 εἶναι.
364 1385 496 1420 Καθάπερ
514 1385 568 1421 γὰρ
585 1386 631 1412 ἐπὶ
643 1386 696 1412 τῶν
711 1386 894 1422 δικαστηρίων
909 1386 963 1412 τῶν

131 1428 321 1463 ἀνθρωπίνων,
343 1428 451 1454 ἐπειδάν
467 1428 603 1463 ἀπόφασίν
618 1437 658 1460 τις
673 1429 818 1464 δεξάμενος
834 1429 880 1455 τοῦ
895 1430 963 1457 πάν-

129 1480 184 1503 τως
200 1472 249 1507 τὴν
261 1471 382 1506 κεφαλὴν
393 1471 595 1507 ἀποτμηθῆναι,
609 1470 668 1498 εἶτα
683 1473 723 1504 εἰς
735 1472 766 1498 τὸ
779 1472 963 1508 δεσμωτήριον

130 1515 266 1550 ἐμϐληθῇ,
289 1515 341 1541 κᾶν
357 1515 403 1541 ἐπὶ
416 1515 500 1542 πολὺν
513 1515 607 1550 χρόνον
620 1515 746 1551 διαμένῃ,
763 1515 839 1542 οὐδὲν
853 1516 964 1551 ἄμεινον

130 1559 185 1586 τῶν
198 1559 303 1594 νεκρῶν
317 1559 363 1585 καὶ
376 1558 545 1593 τεθνηκότων
558 1559 654 1592 διάξει,
668 1560 701 1595 τῇ
716 1559 852 1594 ἀποφάσει
869 1559 964 1594 τεθνη-

131 1602 205 1634 κώς’
230 1603 277 1630 τὸν
302 1602 384 1629 αὑτὸν
402 1603 433 1637 δὴ
448 1602 548 1638 τρόπον
562 1603 609 1629 καὶ
628 1599 712 1635 οὗτοι,
741 1603 770 1636 ἐξ
790 1603 896 1638 ἐκείνης
915 1604 964 1639 τῆς

131 1647 248 1683 ἡμέρας,
261 1646 291 1679 ἐξ
300 1644 334 1682 ἦς
347 1646 396 1681 τὴν
406 1646 543 1680 ἀπόφασιν
559 1646 682 1678 ἐδέξαντο
694 1647 742 1682 τῆς
755 1647 925 1682 θνητὸτητος,
941 1648 965 1674 εἰ

132 1692 178 1718 καὶ
193 1691 278 1717 πολὺν
298 1690 444 1725 διήρκεσαν
458 1690 562 1726 χρόνον,
576 1689 644 1717 ἀλλά
668 1692 702 1726 τῇ
719 1690 853 1725 ἀποφάσει
869 1691 965 1726 τεθνή-

132 1743 222 1762 κασιν.
239 1732 305 1762 Οἶδα
316 1734 357 1760 ὅτι
371 1733 456 1760 πολλά
471 1734 505 1760 τὰ
524 1734 658 1769 εἰρημένα
683 1734 731 1761 καὶ
743 1735 782 1766 εἰς
798 1735 864 1761 πολὺ
880 1735 965 1770 μῆκος

132 1780 199 1814 ἡμῖν
229 1777 343 1813 ἐξετάθη
363 1777 398 1804 τά
420 1777 470 1812 τῆς
493 1777 682 1809 διδασκαλίας·
699 1777 738 1804 διὸ
755 1778 848 1813 ἐπειδὴ
870 1780 903 1814 τῇ
918 1779 964 1805 τοῦ

133 1822 200 1848 Θεοῦ
216 1822 307 1857 χάριτι
321 1821 391 1848 κατά
405 1820 519 1855 δύναμιν
534 1821 670 1857 ἡμετέραν
692 1821 799 1848 ἅπαντα
819 1822 859 1852 εἰς
885 1822 965 1856 μέσον

134 1866 198 1900 ὑμῖν
217 1865 363 1900 προθέντες
378 1864 454 1896 τέλος
470 1864 646 1899 ἐπεθήκαμεν
668 1865 724 1896 τοῖς
750 1865 964 1899 ἀναγνωσθεῖσι,

135 1909 319 1944 συστείλωμεν
336 1907 453 1935 ἐνταῦθα
467 1907 513 1934 τὸν
532 1908 621 1942 λόγον.

168 1956 197 1982 ι’.
217 1953 296 1987 Ἐνῆν
318 1952 368 1987 μὲν
381 1951 436 1987 γὰρ
451 1951 497 1978 καὶ
510 1951 590 1987 ἐτερα
606 1952 771 1987 προσθέντας
787 1953 871 1986 δείξαι
886 1954 967 1981 πάλιν

133 1997 181 2024 καὶ
195 1996 297 2031 ταύτην
311 1996 397 2031 αὐτὴν
412 1996 462 2031 τὴν
473 1996 608 2032 τιμωρίαν
620 1995 670 2032 τὴν
685 1996 859 2032 ἐπαχθεῖσαν,
873 1998 920 2023 καὶ
936 1997 966 2024 τὺ

135 2041 248 2076 θνητοὺς
256 2040 382 2074 γενέσθαι
391 2038 490 2074 πολλὴν
501 2039 615 2074 ἔχουσαν
624 2040 740 2067 ἀσυσσον
752 2040 964 2076 φιλανθρωπίας·

136 2084 202 2112 ἀλλὰ
215 2085 259 2111 ἵνα
277 2084 315 2119 μὴ
327 2083 366 2119 τῷ
383 2083 471 2119 πολλῷ
488 2083 585 2119 πλήθει
599 2083 800 2119 καταχώσωμεν
827 2084 904 2119 ὑμῶν
918 2085 966 2120 τὴν

134 2128 264 2160 διάνοιαν,
292 2128 367 2162 φέρε,
394 2127 629 2163 παρακαλέσωμεν
653 2128 724 2162 ὑμᾶς
742 2127 817 2164 [149]
841 2129 967 2156 ἐντεῦθεν

135 2171 292 2203 ἐξελθόντας
310 2170 347 2206 μὴ
363 2171 403 2202 εἰς
427 2171 572 2205 ἀνονήτους
586 2176 598 2190 α
615 2171 760 2206 συλλόγους
779 2172 893 2204 ἑαυτοὺς
919 2173 965 2199 ἐκ-

135 2215 245 2247 διδόναι,
267 2214 333 2249 μηδὲ
345 2214 385 2245 είς
399 2213 532 2250 φλυαρίας
545 2214 686 2250 ἀκαίρους,
700 2214 768 2241 ἀλλά
780 2215 842 2242 καθ’
853 2216 967 2247 ἑαυτοὺς

135 2256 275 2288 συνιέντας
289 2255 347 2291 μετ’
360 2255 481 2291 ἀλλήλων
494 2255 634 2290 συλλέγειν
647 2256 682 2282 τὰ
698 2257 831 2292 εἰρημένα
840 2277 847 2289 ,
870 2258 916 2284 καὶ
928 2258 968 2290 εἰς

135 2301 288 2334 ὑπόμνησιν
302 2299 414 2330 ἑαυτοὺς
425 2299 513 2333 ἀγειν,
528 2298 555 2325 τί
568 2299 616 2334 μὲν
627 2300 640 2325 ὁ
651 2299 780 2335 δικαστὴς
790 2301 966 2336 ἀπεκρίνατο,

135 2344 160 2370 τί
171 2344 199 2371 δὲ
213 2345 237 2370 οἱ
252 2343 397 2370 ὑπεύθυνοι
411 2342 614 2378 ἀπελογήσαντο
628 2363 636 2376 ,
661 2343 708 2369 καὶ
731 2343 790 2374 πῶς
804 2344 818 2369 ὁ
846 2344 895 2379 μὲν
923 2345 966 2371 ἐπ’

136 2387 242 2422 ἐκείνην
254 2386 306 2422 τὴν
321 2386 410 2413 αἰτίαν
425 2386 589 2421 μετήγαγεν,
602 2385 692 2420 ἐκείνη
710 2385 740 2424 δὲ
762 2386 808 2412 ἐπὶ
822 2386 867 2413 τὸν
885 2386 946 2421 ὅφιν
958 2407 965 2418 ,

136 2431 182 2458 καὶ
195 2430 255 2462 πῶς
274 2429 322 2456 καὶ⁸
337 2429 431 2456 τοῦτον
449 2429 640 2464 ἐτιμωρήσατο
653 2449 659 2460 ,
680 2429 726 2456 καὶ
740 2429 780 2455 ὅτι
797 2430 906 2465 διηνεκῆ
921 2431 968 2457 καὶ

136 2474 173 2510 τῷ
187 2474 271 2500 παντὶ
281 2472 360 2500 αἰῶνι
378 2472 681 2507 συμπαρεκτεινομὲνην
694 2472 822 2508 αὐτῷτὴν
833 2473 967 2509 τιμωρίαν

136 2519 270 2554 ἐπήγαγε,
303 2517 350 2544 καὶ
381 2515 497 2551 σφοδρὰν
524 2516 572 2551 τὴν
596 2515 656 2542 κατ’
673 2515 755 2543 αὐτοῦ
781 2517 967 2552 ἀγανάκτησιν

136 2563 292 2596 ἐποιήσατο,
313 2561 361 2587 καὶ
371 2560 415 2587 διὰ
436 2560 531 2586 τούτου
544 2559 649 2591 δεικνὺς
662 2559 712 2595 τὴν
730 2560 799 2595 πρὸς
818 2561 881 2592 τοὺς
896 2561 969 2589 ἀπα-

134 2605 265 2640 τηθέντας
282 2603 454 2639 κηδεμονίαν.
466 2604 504 2629 Δι’
521 2600 558 2630 ὧν
568 2603 621 2638 γὰρ
632 2603 678 2630 τὸν
692 2603 869 2638 ἀπατήσαντα
883 2604 970 2638 οὕτως

70 2646 79 2653 '
135 2645 267 2680 ἠμύνατο,
281 2645 360 2680 δῆλον
368 2645 410 2671 ὅτι
425 2645 464 2675 εἰς
474 2645 536 2676 τοὺς
554 2645 624 2670 πάνυ
636 2643 710 2678 αὐτῷ
722 2645 970 2680 περισπουδάστους

135 2689 184 2724 τὴν
200 2688 308 2723 ἀπάτην
319 2687 476 2722 εἰργάσατο.
489 2685 555 2712 Εἶτα
566 2686 690 2713 ἐντεῦθεν
705 2695 757 2721 μνη
762 2686 909 2721 μονεύσατε
920 2689 967 2714 τοῦ

137 2731 273 2767 ἐπιτιμίου
295 2731 346 2766 τῆς
365 2730 504 2765 γυναικὸς,
531 2730 579 2756 καὶ
603 2729 653 2764 τῆς
681 2729 818 2761 κολάσεως
842 2731 892 2766 τῆς
919 2732 968 2758 ἐπ-

137 2775 265 2810 αχθείσης
280 2775 360 2810 αὐτῇ,
382 2773 482 2809 μᾶλλον
506 2772 535 2799 δὲ
550 2773 598 2808 τῆς
614 2772 763 2805 νουθεσίας,
784 2775 830 2800 καὶ
846 2774 918 2802 οὕτω
935 2776 968 2802 τὰ

138 2818 204 2853 πρὸς
231 2818 277 2844 τὸν
298 2817 384 2852 Ἀδὰμ
405 2816 537 2852 εἰρημένα
561 2815 794 2850 μνημονεύσαντες
808 2838 817 2850 ,
845 2818 893 2845 καὶ
919 2819 969 2854 τῆς

154 2884 181 2919 ’⁸
203 2883 305 2919 Οιιὶιιριῃ
326 2883 578 2919 n_1_ss,'elSavi1._tw?§:
592 2890 643 2919 σου.
657 2881 718 2906 Infra
725 2883 778 2919 Δ(ἰιιο
788 2890 844 2919 ms}.
858 2888 887 2913 γῆ
899 2885 969 2919 πάλιν

137 2914 231 2944 γίνεται.
265 2914 279 2933 1>
290 2914 463 2945 ὃσνὶιηάπαγε.
488 2913 574 2945 Marp].
596 2912 705 2945 ἐπάγαγε.
719 2913 788 2938 Alius
799 2912 891 2945 μέταγε.
905 2915 967 2941 Infra

138 2942 232 2976 Quidam
246 2952 302 2972 mss.
317 2942 477 2969 ἐνταῦθακατ.
512 2945 522 2958 τ
537 2942 623 2968 Morel.
644 2943 762 2972 ἀνοήτους.

681 151 715 179 ΙΝ
733 152 809 180 CAP.
832 152 863 179 ΙΙΙ
883 151 1004 179 GENES.
1027 151 1143 180 IIOMlL.
1159 153 1252 181 XVI".

1800 153 1849 181 HS

1016 209 1180 244 ἀποφάσεως
1197 211 1237 242 εἰς
1260 210 1361 238 ἔννοιαν
1387 210 1519 243 ἐλθόντες,
1532 211 1596 238 ’Ὁτι
1614 210 1653 246 γῆ
1670 208 1706 244 εἷ,
1730 211 1778 237 καὶ
1803 213 1848 244 είς

1015 252 1071 287 γῆν
1078 254 1245 287 ἀπελεύσῃ,
1259 253 1382 280 ἐντεῦθεν
1391 254 1545 289 ἐκπλάγητε
1552 255 1600 290 τὴν
1608 255 1709 289 ἄφατον
1723 254 1769 280 τοῦ
1781 254 1850 281 Θεοῦ

1015 296 1229 332 φιλανθρωπίαν,
1244 297 1284 324 ὅτι
1298 298 1371 332 ἡμᾶς
1382 297 1444 328 τοὺς
1461 297 1492 323 ἐκ
1508 298 1558 332 τῆς
1571 298 1623 333 γῆς
1637 297 1726 330 ὄντας,
1745 299 1791 324 καὶ
1808 299 1848 330 εις

1014 339 1066 374 γῆν
1092 339 1290 375 διαλυομένους,
1311 341 1335 367 εἰ
1357 340 1552 375 βουληθείημεν
1575 341 1676 376 ἀρετὴν
1690 342 1847 376 μετελθεῖν,

1014 384 1062 409 καὶ
1087 383 1186 410 κακίαν
1211 384 1317 418 φυγεῖν,
1345 383 1399 410 τῶν
1421 384 1584 419 ἀπορρήτων
1605 383 1716 410 ἐκείνων
1739 384 1848 418 ἀγαθῶν

1014 427 1105 460 ἀξιοῦν
1117 424 1297 462 ἐπηγγείλατο
1312 428 1365 454 τῶν
1382 427 1589 463 ἡτοιμασμένων
1601 428 1657 459 τοῖς
1677 428 1848 462 ἠγαπηκόσιν

1015 469 1105 503 αὑτὸν,
1125 471 1155 497 Ἃ
1170 470 1322 505 ὀφθαλμὸς
1338 472 1393 497 οὐκ
1407 469 1478 502 εἶδε,
1499 470 1548 498 καὶ
1572 468 1627 504 οὖς
1646 471 1702 498 οὐκ
1721 470 1847 505 ἢκουσε,

1015 513 1064 539 καὶ
1083 513 1132 540 ἐπὶ
1147 513 1272 547 καρδίαν
1292 513 1449 548 ἀνθρώπου
1468 515 1524 541 οὐκ
1535 513 1638 547 ἀνέϐη.
1656 513 1743 549 Χάριν
1759 514 1848 540 τοίνυν

1015 556 1113 592 πολλὴν
1132 557 1275 592 ὀφείλομεν
1296 557 1374 592 ἡμῶν
1400 557 1540 592 ὁμολογεῖν
1567 557 1605 592 τῷ
1630 556 1753 592 Δεσπότῃ
1779 557 1848 592 ὑπὲρ

1014 599 1068 626 τῶν
1079 600 1245 635 τηλικούτων
1256 600 1430 636 εὐεργεσιῶν,
1447 601 1494 628 καὶ
1511 600 1648 636 μηδέποτε
1666 600 1736 636 λήθῃ
1756 599 1847 627 ταῦτα

1015 643 1222 679 παραπέμπειν,
1252 643 1320 670 ἀλλά
1343 643 1387 670 διά
1412 643 1467 670 τῶν
1490 643 1601 678 ἀγαθῶν
1619 643 1708 678 ἔργων
1727 644 1772 670 καὶ
1797 643 1847 678 τῆς

1014 687 1113 722 πολλῆς
1125 687 1178 713 τῶν
1190 687 1298 722 φαύλων
1309 688 1463 723 ἀποφυγῆς,
1475 687 1568 714 τοῦτον
1574 687 1788 723 ,ἐξιλεωσώμεθα
1800 687 1848 714 καὶ

1014 731 1113 766 εὐμενῆ
1138 731 1203 766 ἡμῖν
1228 731 1454 767 καταστήσωμεν.
1471 731 1533 762 Πῶς
1548 731 1603 766 γὰρ
1615 731 1645 757 οὺ
1667 731 1758 766 πάσης
1769 730 1848 757 τοῦτο

1014 774 1208 810 ἀγνωμοσύνης
1226 774 1335 810 δεῖγμα,
1351 775 1375 801 εἰ
1388 774 1467 806 αὐτὸς
1484 774 1544 809 μὲν,
1562 774 1627 805 Θεὸς
1640 773 1677 801 ὢν
1694 774 1741 800 καὶ
1751 773 1848 801 ἀθάνα-

1013 826 1069 849 τος,
1086 817 1134 852 τὴν
1146 818 1225 849 φύσιν
1238 817 1420 844 ἀναλαϐέσθαι
1434 817 1484 853 τὴν
1495 817 1595 852 θνητὴν
1607 817 1686 852 ἡμῶν
1697 817 1743 844 καὶ
1755 817 1847 852 γήϊνον
1902 827 1904 830 ν

1014 861 1107 888 οὐσίαν
1126 862 1155 888 οὐ
1173 862 1370 898 παρῃτήσατο,
1396 862 1442 888 καὶ
1468 862 1519 897 τῆς
1543 862 1659 897 ἀρχαίας
1688 861 1848 897 νεκρώσεως

1014 905 1175 938 ἀπαλλάξαι,
1193 906 1239 932 καὶ
1262 906 1330 940 ὑπὲρ
1344 905 1390 932 τὸν
1404 906 1518 941 οὐρανὸν
1534 905 1636 940 ταύτην
1663 905 1828 932 ἀναϐιϐάσαι
1838 925 1846 937 ,

1014 949 1062 976 καὶ
1077 951 1110 984 τῇ
1126 950 1247 985 πατρικῇ
1272 949 1398 985 συνεδρίᾳ
1412 949 1537 984 τιμῆσαι,
1561 949 1607 976 καὶ
1623 949 1675 975 ὑπὸ
1688 949 1779 984 πάσης
1798 949 1848 985 τῆς

1013 994 1142 1029 οὐρανίας
1152 995 1281 1028 στρατιᾶς
1296 993 1504 1030 προσκυνεῖσθαι
1520 993 1697 1026 καταξιῶσαι,
1723 995 1804 1029 ἡμεῖς
1818 994 1846 1020 δὲ

1013 1038 1047 1063 τὰ
1055 1038 1162 1063 ἐναντία
1176 1037 1262 1073 τούτῳ
1272 1037 1436 1072 ἀνταμεῖψαι
1448 1037 1478 1064 οὺ
1491 1037 1706 1073 κατῃδέσθημεν,
1719 1036 1788 1063 ἀλλὰ
1799 1037 1847 1064 καὶ

1013 1080 1063 1117 τὴν
1074 1081 1205 1108 ἀθάνατον
1219 1081 1317 1116 ψυχὴν,
1334 1081 1371 1111 ὡς
1382 1081 1414 1108 ἀν
1425 1089 1466 1112 τις
1477 1081 1559 1113 είποι,
1574 1082 1608 1116 τῇ
1620 1081 1702 1116 σαρκὶ
1713 1079 1846 1116 προσκολ-

1014 1124 1156 1159 λήσαντες,
1173 1125 1267 1160 γήϊνον
1291 1125 1374 1160 αὐτὴν
1403 1125 1450 1151 καὶ
1478 1125 1578 1160 νεκρὰν
1600 1125 1647 1151 καὶ
1669 1124 1847 1160 ἀνενέργητον

1013 1167 1140 1201 γενέσθαι
1159 1168 1417 1203 κατεσκευάσαμεν;
1444 1167 1500 1202 Μὴ,
1521 1167 1683 1202 παρακαλῶ,
1704 1168 1741 1202 μὴ
1763 1167 1847 1199 οὕτως

1014 1210 1169 1246 ἀγνώμονες
1179 1208 1254 1246 ὦμεν
1268 1212 1331 1246 περὶ
1344 1211 1389 1237 τὸν
1413 1210 1530 1237 τοσαῦτα
1543 1211 1615 1245 ἡμᾶς
1632 1211 1847 1246 εὐηργετηκότα,

1015 1254 1082 1281 ἀλλά
1097 1255 1152 1286 τοῖς
1162 1254 1244 1281 αὐτοῦ
1257 1255 1348 1289 νόμοις
1364 1253 1501 1289 ἑπόμενοι,
1518 1253 1552 1280 τὰ
1572 1254 1647 1289 αὑτῷ
1658 1254 1788 1281 δοκοῦντα
1801 1255 1848 1280 καὶ

1015 1298 1150 1333 εὐάρεστα
1176 1298 1239 1324 ὄντα
1263 1296 1504 1333 διαπραττώμεθα,
1531 1297 1574 1323 ῖνα
1592 1297 1639 1324 καὶ
1661 1297 1715 1323 τῶν
1732 1298 1849 1324 αἰωνίων

1014 1341 1124 1375 ἀγαθῶν
1139 1341 1230 1375 ἀξίους
1243 1342 1317 1376 ἡμᾶς
1329 1340 1471 1376 ἀναδείξῃ·
1487 1337 1524 1367 ὧν
1537 1341 1642 1374 γένοιτο
1657 1341 1761 1372 πάντας
1776 1341 1849 1375 ἡμᾶς

1015 1385 1173 1419 ἀξιωθῆναι,
1203 1385 1294 1420 χάριτι
1313 1385 1358 1411 καὶ
1374 1384 1562 1419 φιλανθρωπίᾳ
1588 1384 1635 1411 τοῦ
1652 1384 1754 1420 Κυρίου
1770 1385 1850 1419 ἡμῶν

1021 1428 1109 1463 Ἰησοῦ
1122 1428 1249 1463 Χριστοῦ,
1268 1428 1327 1463 μεθ’
1347 1424 1376 1454 οὗ
1392 1428 1431 1463 τῷ
1451 1428 1548 1463 Πατρὶ,
1561 1427 1619 1463 ἅμα
1630 1427 1668 1462 τῷ
1685 1428 1754 1463 ἀγίῳ
1766 1428 1850 1454 Πνεῦ-

1017 1480 1083 1507 ματι
1106 1471 1179 1504 δόξα,
1198 1472 1315 1506 κράτος,
1337 1472 1415 1507 τιμὴ,
1441 1471 1489 1499 νῦν
1513 1472 1560 1499 καὶ
1579 1472 1640 1506 ἀεὶ,
1661 1473 1708 1498 καὶ
1727 1472 1767 1504 εἰς
1788 1472 1850 1504 τοὺς

1015 1515 1115 1547 αἰῶνας
1130 1515 1184 1543 τῶν
1195 1515 1313 1543 αἰώνων.
1336 1516 1432 1551 Ἀμήν.

1295 1596 1370 1633 [150]
1383 1597 1503 1624 ΟΜΙΛΙΔ
1520 1597 1574 1624 ur.

1016 1662 1072 1690 Καὶ
1089 1663 1238 1689 ἐκάλεσεν
1257 1661 1342 1696 Ἀδὰμ
1358 1661 1391 1688 τὸ
1407 1662 1499 1695 ὄνομα
1515 1661 1570 1696 τῆς
1588 1662 1730 1696 γυναικὸς
1745 1662 1849 1693 αὐτοῦ,

1051 1697 1149 1730 Ζωὴά,
1165 1698 1209 1723 ὅτι
1222 1697 1296 1729 αὕτη
1310 1697 1411 1731 μήτηρ
1425 1696 1545 1723 πάντων
1570 1697 1629 1724 τῶν
1648 1696 1772 1727 ζὶὑντων.
1795 1697 1849 1725 Καὶ

1052 1733 1178 1765 ἐποίησε
1205 1732 1311 1767 Κύριος
1325 1733 1340 1758 ό
1358 1732 1430 1764 Θεὸς
1446 1731 1487 1763 τῷ
1509 1731 1597 1766 Ἀδὰμ
1614 1732 1662 1758 καὶ
1677 1732 1713 1765 τῇ
1731 1732 1849 1767 γυναικί

1050 1767 1144 1793 αὑτοῦ
1156 1766 1284 1801 χιτῶνας
1295 1766 1500 1811 δερματίνους,
1511 1767 1559 1808 καὶ
1569 1766 1716 1810 ἐνέδυσεν
1728 1767 1848 1799 αὐτούς.
1860 1810 1862 1812 ι

1051 1801 1106 1828 Καὶ
1120 1800 1204 1828 εἶπεν
1218 1803 1234 1828 ὁ
1248 1802 1320 1834 Θεός
1331 1809 1337 1816 ’
1365 1801 1437 1828 Ιδου
1467 1801 1552 1835 Αὸαμ
1566 1801 1688 1836 γέγινεν
1701 1810 1741 1835 ως
1758 1799 1802 1835 εἷς
1816 1802 1850 1835 ἐξ

1052 1836 1144 1872 ἡμῶν.

1053 1908 1086 1931 α’.
1095 1904 1186 1931 Εἶδετε
1197 1903 1256 1939 χθὲς
1267 1903 1398 1931 Δικαστοῦ
1408 1903 1611 1940 φιλανθρωπίαν
1620 1911 1627 1936 ;
1636 1904 1720 1931 εἴδετε
1728 1903 1851 1936 ἐξέτασιν

1017 1948 1184 1983 ἀγαθότητος
1198 1948 1338 1983 γέμουσαν
1352 1957 1359 1981 ;
1372 1948 1456 1974 εἴδετε
1474 1948 1614 1983 τιμωριῶν
1631 1948 1777 1983 διαφοράν;
1793 1948 1851 1979 πῶς

1019 1992 1068 2028 μὲν
1082 1993 1096 2018 ό
1112 1991 1156 2018 διὰ
1175 1992 1225 2026 τῆς
1238 1992 1347 2027 ἀπάτης
1365 1991 1548 2022 ὑποσκελίσας
1563 1991 1732 2026 ἐτιμωρήθη,
1747 1992 1806 2022 πῶς
1822 1991 1850 2017 δὲ

1016 2037 1034 2072 ἡ
1046 2036 1101 2067 τοῖς
1113 2034 1346 2061 ὑποσκελισθεϊσιν
1362 2034 1512 2068 ἐπαχθεῖσα
1534 2034 1655 2068 τιμωρία
1671 2033 1771 2069 πολλὴν
1795 2035 1850 2061 δεί-

1017 2087 1095 2106 κνυσι
1110 2079 1159 2114 τὴν
1177 2078 1225 2105 τοῦ
1241 2078 1308 2104 Θεοῦ
1330 2077 1551 2112 φιλανθρωπίαν;
1569 2077 1654 2103 εἴδετε
1678 2078 1766 2113 πόσης
1784 2079 1850 2113 ἡμῖν

1016 2122 1148 2157 ὠφελείας
1165 2122 1276 2155 γέγονεν
1291 2121 1419 2152 ὑπόθεσις
1433 2120 1464 2147 τὸ
1485 2121 1657 2155 παραστῆναι
1673 2120 1713 2156 τῷ
1722 2121 1851 2156 δικαστη-

1018 2167 1079 2202 ρίῳ,
1095 2166 1142 2192 καὶ
1155 2166 1219 2192 ἰδεῖν
1228 2165 1302 2196 ὅπως
1312 2163 1533 2200 προεχώρησενὴ
1547 2164 1671 2196 ἐξέτασις
1682 2173 1689 2198 ;
1708 2160 1851 2200 Ἐγνωμεν

1016 2209 1082 2245 γὰρ,
1100 2210 1170 2236 ὅσων
1184 2217 1213 2235 τε
1225 2209 1273 2235 καὶ
1289 2208 1392 2243 ἡλίκων
1405 2207 1517 2242 ἀγαθῶν
1531 2208 1645 2240 ἑαυτοὺς
1659 2209 1851 2244 ἀπεστέρησαν

1017 2253 1031 2280 ὃ
1043 2262 1073 2279 τε
1091 2252 1186 2288 Ἀδὰμ,
1200 2253 1218 2288 ἡ
1232 2261 1262 2279 τε
1278 2252 1345 2285 Εὕα,
1358 2252 1401 2278 διὰ
1410 2252 1460 2287 τῆς
1472 2252 1654 2287 παραὸάσεως
1668 2253 1719 2287 τῆς
1729 2253 1851 2288 δοθείσης

1017 2297 1127 2331 ἐντολῆς
1138 2316 1145 2328 ,
1169 2296 1357 2332 γυμνωθέντες
1372 2296 1421 2331 τῆς
1442 2296 1521 2331 δόξης
1539 2296 1647 2331 ἐκείνης
1660 2297 1710 2332 τῆς
1724 2297 1830 2330 ἁφάτου
1841 2318 1850 2330 ,

1017 2341 1065 2368 καὶ
1079 2340 1128 2374 τῆς
1144 2340 1217 2375 ζωῆς
1228 2340 1278 2375 τῆς
1301 2340 1376 2366 οὐδὲν
1400 2340 1510 2366 ἔλαττον
1535 2339 1628 2374 σχεδὸν
1640 2345 1652 2359 ο
1670 2339 1785 2374 ἐχούσης
1797 2340 1852 2367 τῶν

1018 2383 1150 2417 ἀγγέλων.
1163 2383 1276 2418 Εἴδαμεν
1292 2383 1341 2418 τὴν
1352 2382 1530 2414 ἀνεξικακίαν
1543 2382 1591 2409 τοῦ
1605 2382 1751 2414 Δεσπότου,
1773 2384 1851 2410 ἐπαι-

1018 2428 1152 2463 δεύθημεν
1167 2429 1229 2455 ὅσον
1247 2428 1331 2454 κακόν
1347 2428 1404 2454 ἐστι
1427 2427 1557 2462 ῥᾳθυμία,
1577 2427 1623 2453 καί
1640 2427 1713 2458 ὅπως
1730 2427 1778 2453 καὶ
1797 2428 1851 2454 τῶν

1018 2471 1070 2506 ἤδη
1089 2471 1272 2506 ὑπηργμένων
1291 2471 1400 2505 ἀγαθῶν
1415 2471 1536 2505 γυμνοὺς
1559 2470 1606 2496 καὶ
1632 2471 1752 2506 ἐρήμους
1776 2472 1851 2506 ἡμᾶς

1019 2514 1174 2550 ἐργάζεται,
1191 2515 1237 2541 καὶ
1261 2515 1290 2541 ἐν
1313 2514 1397 2548 πολλῇ
1421 2513 1566 2548 καθίστησι
1585 2514 1619 2549 τῇ
1642 2513 1767 2550 αἰσχύνῃ.
1794 2515 1849 2548 Διὸ,

1020 2558 1179 2593 παρακαλῶ,
1198 2558 1337 2593 νήφωμεν,
1361 2557 1409 2584 καὶΙ
1434 2557 1469 2584 τὰ
1495 2556 1608 2583 ἐκείνων
1628 2557 1762 2592 πτώματα
1786 2558 1852 2593 ἡμῖν

1019 2602 1139 2636 γενέσθω
1148 2602 1291 2637 φάρμακα,
1305 2602 1351 2628 καὶ
1366 2602 1383 2635 ἡ
1397 2600 1508 2627 ἐκείνων
1521 2599 1642 2636 ῥᾳθυμία
1655 2601 1720 2636 ἡμῖν
1733 2601 1853 2635 γενέσθω

1020 2645 1169 2680 ἀσφαλείας
1185 2645 1311 2675 ὑπόθεσις
1322 2652 1329 2660 ·
1343 2643 1437 2679 ἐπειδὴ
1453 2644 1499 2670 καὶ
1515 2643 1616 2678 μείζων
1632 2644 1648 2679 ἡ
1665 2645 1785 2680 τιμωρία
1797 2647 1854 2678 τοῖς

1020 2690 1060 2720 εἰς
1074 2689 1104 2715 τὺ
1118 2689 1181 2724 ἐξῆς
1194 2688 1228 2714 τὰ
1238 2687 1309 2715 αὑτά
1326 2686 1541 2722 πλημμελοῦσιν.
1560 2687 1615 2722 ὅσῳ
1634 2688 1701 2722 μηδὲ
1716 2689 1772 2720 τοῖς
1787 2689 1854 2716 ὑπο-

1020 2732 1146 2767 δείγμασι
1155 2731 1368 2768 σωφρονέστεροι
1376 2729 1502 2764 γενέσθαι
1509 2730 1709 2766 ἠϐουλήθησαν.
1722 2732 1788 2758 Οὺδέ
1799 2732 1854 2767 γὰρ

1020 2775 1045 2801 οἱ
1057 2775 1126 2810 μετὰ
1141 2774 1226 2800 ταῦτα
1240 2773 1273 2800 τά
1285 2773 1354 2800 αὐτά
1369 2774 1426 2804 τοῖς
1439 2773 1582 2808 προτέροις
1592 2774 1796 2809 ἁμαρτάνοντες
1805 2775 1854 2809 τὴν

1021 2817 1105 2854 αὐτὴν
1123 2817 1331 2852 εἰσπράττονται
1345 2816 1433 2850 δίκην.
1445 2817 1500 2842 Καὶ
1509 2816 1588 2843 τοῦτο
1602 2817 1743 2853 συντόμως
1759 2818 1854 2853 μαθεῖν

1022 2861 1125 2893 ἔξεστιν
1137 2861 1192 2887 ἀπὸ
1208 2859 1255 2887 τοῦ
1269 2859 1350 2894 σοφοῦ
1368 2859 1528 2887 διδασκάλου
1543 2861 1592 2896 τῆς
1612 2862 1787 2897 οἰκουμένης,
1807 2863 1853 2889 τοῦ

1054 2949 1068 2968 «ι
1079 2949 1153 2973 Snvil.
1167 2948 1224 2978 Εὔα,
1238 2949 1294 2980 ὅπερ
1306 2949 1355 2972 ἐστὶ
1369 2950 1426 2978 ζωή.
1450 2956 1460 2970 e
1485 2950 1569 2981 Σχεδὸν
1580 2950 1651 2975 deest
1663 2951 1688 2975 in
1698 2951 1782 2976 310ml.
