2060 3122
142 119 193 147 ill)

141 174 215 200 orbis
232 173 345 201 doctore
365 173 558 209 sapientissimo
571 195 578 207 ,
603 173 680 201 beato
705 173 787 200 Paulo
809 173 935 208 inquam,

141 221 247 247 discere
264 228 427 254 possumus,
449 222 491 256 qui
512 221 575 248 dicit
596 231 602 248 :
625 222 781 256 Quicumque
798 221 865 247 enim
885 221 939 248 sine

143 267 198 301 lege
212 275 380 301 peccaverunt
391 287 398 299 ,
420 268 473 294 sine
487 267 540 302 lege
553 268 627 294 etiam
641 267 754 302 peribunt
766 274 775 294 .'
789 272 811 294 et
825 267 938 302 quicum-

139 320 189 347 que
204 313 232 339 in
245 313 299 347 lege
311 320 416 348 peccare
432 317 475 339 unt
488 333 494 344 ,
511 321 554 346 per
564 313 642 348 legem
651 312 835 348 judicabantur
847 312 936 344 (Rom.

138 357 167 383 '2.
184 357 241 393 12).
259 358 305 385 llis
325 358 412 385 verbis
432 358 561 393 signiﬁcat
575 378 583 391 ,
606 366 658 385 non
681 357 801 385 eamdem
826 358 936 384 inituros

142 410 251 436 ruinam
277 411 324 431 eos
346 404 390 438 qui
410 408 473 430 ante
493 404 578 438 legem
594 424 602 436 ,
618 408 644 431 et
658 411 704 431 eos
717 403 761 438 qui
777 409 836 438 post
851 403 936 438 legem

142 453 331 481 peccaverunt.
348 448 461 476 Gravius
472 449 542 475 enim
560 449 703 483 punientur
716 449 760 483 qui
775 452 835 483 post
850 448 935 483 legem

140 492 233 520 datam
247 494 422 528 peccaverint.
438 494 504 521 Nam
517 494 671 530 Quicumque
680 495 733 522 sine
747 495 801 530 lege
814 503 934 530 peccave—

139 543 215 570 runt,
232 540 306 566 etiam
319 539 371 566 sine
384 539 439 574 tege
457 540 571 574 peribunt
586 547 595 566 :
609 540 727 574 proﬁciet
740 540 791 567 illis
804 541 835 566 ad
852 541 935 567 levio-

141 591 199 610 rem
221 591 326 618 pmnnm
338 605 345 617 ,
360 585 430 619 quod
448 585 513 620 legis
532 585 652 613 doctrina
667 590 694 613 et
708 586 869 613 adminiculo
889 593 934 613 ca-

142 630 258 656 ruerint.
273 629 306 656 Et
317 630 467 666 quicumque
484 632 529 657 sub
542 631 594 666 lege
607 636 781 666 peccaverunt,
799 640 842 666 per
854 632 934 666 legem

140 679 164 701 et
173 675 369 710 judicabuntur.
383 676 427 703 isti
442 697 450 710 ,
465 677 559 711 inquit,
574 677 635 711 quia
648 682 675 704 et
685 677 771 711 legem
785 676 934 704 habuerunt

141 720 296 755 nugislram
309 741 318 754 ,
334 725 361 748 et
374 729 460 756 neque
473 721 512 749 sic
530 721 664 749 emendati
684 726 746 749 sunt
759 742 767 754 ,
778 722 825 749 sed
840 722 932 749 eadem

140 773 201 800 qum
216 765 254 792 illi
269 771 446 801 peccaverunt
461 787 468 800 ,
484 767 633 802 graviorem
647 774 753 802 quoque
765 774 871 802 ptenam
884 767 932 794 da-

140 811 216 838 bunt.
236 811 289 839 Sed
311 812 450 840 audiamus
473 820 532 847 quae
552 812 630 840 hodie
651 817 713 840 sunt
730 813 807 840 lecta.
830 813 875 841 ΞΟ.
899 813 932 840 Et

139 858 247 891 vocavit,
263 858 358 893 inquit,
374 858 456 886 Adam
470 867 559 886 nomen
568 859 654 886 uxoris
667 867 730 892 suae,
745 858 808 891 Eva,
824 859 852 885 id
865 859 933 893 quod

139 909 176 930 est
190 905 250 938 vita,
266 905 325 940 quia
335 905 391 940 ipsa
403 910 483 932 mater
496 906 608 932 omnium
621 905 765 932 viventium.
780 905 847 933 Vide
861 905 931 932 divi—

139 958 182 977 na:
203 950 348 985 Scriptura.-
363 951 537 986 diligentiam,
550 951 684 987 quomodo
700 959 786 987 neque
800 951 851 980 hoc
861 960 930 986 prte-

141 996 213 1028 tcrit,
228 997 276 1024 sed
289 996 368 1024 docet
379 1005 439 1030 nos,
453 997 584 1025 Adamutn
604 999 686 1025 etiam
706 999 811 1026 mulieri
832 1007 930 1026 nomen

139 1042 310 1076 imposuisse.
350 1042 474 1076 Vocavit,
503 1044 606 1079 inquit,
630 1053 719 1072 nomen
756 1046 844 1073 uxoris
879 1054 932 1073 sum

138 1086 214 1119 Eva,
237 1088 264 1114 id
291 1093 329 1116 est
353 1089 403 1115 vita
418 1097 428 1115 :
443 1089 502 1124 quia
518 1090 574 1124 ipsa
600 1095 680 1117 mater
704 1095 740 1118 est
761 1092 872 1118 omnium
892 1092 930 1118 vi-

138 1133 249 1160 ventium
262 1141 272 1161 :
290 1135 339 1161 hoc
357 1139 398 1161 est
409 1154 418 1168 ,
440 1134 497 1170 ipsa
514 1140 555 1162 est
567 1135 641 1170 origo
653 1142 746 1163 eorum
770 1136 815 1171 qui
833 1144 865 1164 ex
887 1137 931 1164 illa

136 1182 201 1205 sunt
222 1178 319 1211 futuri,
334 1178 462 1214 radixque
479 1184 506 1208 et
519 1180 719 1209 fundamentum
734 1182 870 1216 sequentis
882 1189 929 1217 ge-

138 1224 296 1251 nerationis.
314 1224 379 1252 Dein
395 1230 533 1260 postquam
551 1225 641 1254 docuit
660 1234 709 1254 nos
723 1226 858 1261 quomodo
873 1234 931 1254 mu-

137 1268 196 1296 lieri
205 1269 356 1304 impositum
364 1278 460 1298 nomen
469 1270 558 1305 fuerit,
567 1272 661 1299 iterum
668 1272 784 1300 ostendit
796 1272 872 1300 nobis
884 1272 930 1300 Dei

138 1314 298 1348 bonitatem,
310 1323 371 1350 qua:
383 1323 436 1343 non
444 1316 565 1352 despexit
573 1324 620 1344 eos
628 1317 673 1352 qui
685 1325 699 1345 a
711 1325 742 1346 se
750 1318 832 1345 creati
843 1322 928 1351 erant,

137 1359 166 1386 in
179 1364 250 1386 tanta
264 1360 385 1389 nuditate
399 1366 426 1388 et
438 1362 581 1397 ignominia
591 1367 739 1391 versantes.
753 1363 798 1391 2i.
812 1363 845 1391 Et
860 1364 929 1399 fecit,

138 1405 224 1440 inquit
236 1426 245 1439 ,
260 1405 387 1434 Dominus
399 1406 469 1434 Deus
487 1408 549 1435 Adw
561 1413 583 1435 et
593 1409 668 1436 uxori
679 1409 748 1437 illius
762 1415 840 1438 vestes
855 1410 932 1445 pelli-

137 1458 195 1477 ceas
210 1471 218 1484 ,
235 1455 259 1478 et
271 1452 354 1479 induit
366 1452 432 1480 illos.
450 1453 524 1480 Sicut
536 1453 687 1482 misericors
702 1459 777 1490 pater
786 1454 868 1483 ﬁlium
883 1455 931 1482 ha-

137 1495 205 1523 bens
218 1496 287 1524 bona
299 1498 387 1526 indole
396 1499 404 1514 ¹
416 1499 565 1533 praeditum,
579 1504 606 1528 et
617 1501 690 1528 onmi
700 1508 764 1528 cura
777 1501 929 1535 educatum.

135 1545 165 1568 et
181 1541 313 1570 fruentem
326 1544 449 1571 omnibus
464 1544 565 1572 deliciis
577 1565 585 1579 ,
610 1550 685 1574 veste
700 1546 781 1574 nitida
793 1555 825 1574 ac
836 1547 930 1575 sericis

136 1586 264 1614 amictum
277 1608 285 1621 ,
302 1590 473 1625 paternisque
492 1591 587 1625 opibus
599 1599 694 1619 secure
713 1597 831 1621 utentem
846 1614 854 1626 ,
867 1601 929 1621 cum

137 1633 234 1661 viderit
247 1641 309 1661 eum
323 1635 402 1662 nimia
414 1637 590 1671 prosperitate
600 1638 626 1666 in
637 1638 744 1666 malitia:
752 1640 929 1674 prtecipitium

136 1680 302 1716 prolapsum,
314 1682 401 1716 privat
413 1683 464 1711 illis
475 1685 607 1716 omnibtts,
618 1690 645 1712 et
658 1692 713 1712 sua:
725 1686 850 1720 potestati
864 1686 929 1714 sub-

138 1725 204 1760 iicit,
221 1731 296 1754 veste
306 1727 419 1762 spoliat,
432 1735 464 1756 ac
474 1729 519 1756 vili
533 1730 675 1765 servilique
685 1731 782 1758 amictu
796 1731 870 1759 illum
885 1731 926 1759 in-

136 1771 205 1804 duit,
219 1779 254 1799 ne
267 1773 376 1801 omnino
390 1773 476 1801 nudus
491 1774 526 1801 sit
545 1779 572 1803 et
588 1776 672 1810 turpis
687 1785 694 1803 :
711 1776 747 1803 ita
761 1780 789 1804 et
800 1777 929 1811 benignus

137 1817 225 1851 Deus,
239 1819 364 1852 quoniam
379 1819 464 1847 Adam
478 1825 505 1847 et
520 1821 573 1847 Eva
586 1821 711 1856 indignos
724 1829 785 1849 sese
798 1822 929 1850 exhibue-

136 1868 199 1890 runt
210 1863 368 1891 indumento
380 1865 495 1899 glorioso
506 1865 552 1894 illo
559 1870 587 1894 et
596 1867 690 1900 nitido,
702 1875 756 1902 quo
767 1868 930 1896 amicieban-

136 1913 181 1934 tur
195 1929 203 1941 ,
228 1913 256 1936 et
279 1909 351 1944 quod
366 1910 446 1938 nullis
465 1912 649 1945 corporalibus
662 1919 710 1940 eos
723 1913 929 1942 necessitatibus

135 1953 268 1983 obnoxios
290 1962 350 1983 esse
364 1956 467 1984 sinebat
482 1977 490 1989 ,
507 1957 615 1984 nudavit
630 1958 689 1985 illos
699 1959 771 1986 omni
786 1959 831 1987 illa
844 1960 928 1994 gloria

136 2005 165 2027 et
175 2001 311 2035 lruiuone,
323 2009 375 2036 qua
384 1997 446 2030 ante
454 2010 561 2037 gravem
575 2003 644 2031 hanc
655 2004 757 2032 ruinam
766 2005 927 2040 gaudebant:

136 2048 302 2082 multamque
312 2055 374 2083 erga
387 2048 446 2076 illos
460 2049 485 2076 in
501 2053 599 2077 tantam
616 2049 760 2084 perniciem
778 2051 868 2086 lapsos
882 2059 929 2078 ex-

138 2091 233 2120 hibens
253 2093 451 2121 miserationem
467 2115 474 2127 ,
497 2095 641 2130 vidensque
656 2103 751 2130 magno
766 2096 866 2131 pudore
877 2097 929 2124 cir-

139 2138 275 2165 cumfusos
291 2158 299 2171 ,
315 2139 473 2174 consiliique
496 2140 589 2175 inopes
604 2161 611 2175 ,
628 2149 662 2168 ne
686 2141 750 2169 nudi
777 2147 866 2169 essent
879 2163 887 2175 ,
902 2146 929 2169 et

140 2182 267 2210 indecore
280 2190 310 2210 se
321 2190 455 2218 gererent,
469 2190 558 2213 vestes
571 2186 635 2219 ipsis
650 2187 774 2220 pelliceas
785 2187 857 2220 facit,
872 2194 928 2215 eos-

137 2235 189 2263 que
201 2228 329 2263 contegit.
340 2229 419 2257 Tales
428 2230 499 2258 enim
510 2232 582 2258 sunt'
591 2231 689 2258 diaboli
700 2232 926 2261 machinationes:

137 2274 161 2301 si
175 2274 282 2308 quando
292 2275 363 2302 enim
374 2275 476 2310 aliquos
488 2277 618 2304 invenerit
629 2277 674 2312 qui
685 2277 734 2304 sibi
748 2283 867 2312 parcant,
881 2286 928 2307 eos

139 2319 274 2353 voluptate
281 2320 395 2354 quadam
407 2321 509 2348 modica
523 2322 718 2356 supplantatOs,
734 2327 761 2350 et
775 2323 801 2350 in
818 2324 927 2358 profuit-

139 2364 200 2391 dum
213 2365 323 2392 malitia:
338 2366 470 2401 proiectos
482 2387 489 2398 ,
506 2367 630 2402 onmique
644 2368 801 2397 confusione
815 2374 842 2396 et
854 2369 928 2404 igno-

140 2410 219 2437 minia
233 2410 338 2444 plenos,
350 2411 440 2445 jacere
460 2412 604 2447 relinquit,
629 2414 780 2441 miserabile
804 2415 928 2442 omnibus

140 2455 183 2488 qui
198 2455 272 2482 illum
287 2455 380 2484 vident
403 2457 594 2492 spectaculum.
609 2459 642 2485 At
656 2459 805 2486 animarutn
821 2465 926 2487 nostra-

139 2508 195 2527 rum
207 2501 322 2528 Curator
340 2523 347 2535 ,
361 2502 456 2530 videns
469 2503 527 2530 illos
540 2504 566 2530 in
581 2504 660 2531 tantis
672 2504 883 2538 difﬁcultatibus,
901 2506 927 2533 in

140 2546 189 2574 hoc
201 2551 272 2575 statu
289 2549 389 2583 positos
401 2557 452 2576 non
468 2549 579 2584 despicit
595 2571 602 2583 ,
619 2550 665 2577 sed
684 2551 861 2578 vclamentum
876 2551 928 2579 illis

138 2593 269 2627 excogitat
286 2614 294 2626 ,
310 2601 359 2628 per
373 2599 472 2621 vestem
493 2594 573 2622 vilem
595 2596 740 2624 ostendens
755 2598 877 2631 qualibus
898 2605 927 2625 sc

140 2637 303 2666 vestimentis
318 2639 413 2674 dignos
427 2639 545 2667 fecerint.

170 2738 178 2753 ι
194 2741 300 2769 Quatuor
312 2741 378 2769 aliis,
391 2738 487 2766 decore,
500 2746 550 2769 pro,
563 2739 623 2764 bona
635 2740 721 2765 indole.

169 2769 179 2784 '
194 2767 276 2797 δεινὴ,
289 2768 435 2801 multumth
447 2767 505 2801 ergo
515 2769 567 2794 illos
579 2771 684 2795 exhibuit
696 2771 878 2801 miserationem,
897 2771 927 2796 ri-

138 2799 194 2833 tlms
207 2805 294 2830 magno
312 2799 406 2833 pudore
418 2800 529 2833 animos.
539 2801 676 2833 consiliique
688 2808 777 2833 Inopes.
790 2802 854 2827 mles
865 2799 926 2827 enim

137 2832 196 2856 sunt,
212 2833 271 2859 etc.,
284 2831 382 2856 omissis
394 2831 552 2862 interwsitis.

680 117 711 145 IN
731 117 805 144 CAP.
823 117 865 144 lll.
879 116 999 144 GENES.
1018 116 1130 144 llOMlL.
1152 117 1245 145 XVIII.

1733 122 1783 149 550

1030 173 1160 206 Quomodo
1173 179 1249 201 vestes
1260 175 1376 210 pollicens
1390 184 1416 211 pi
1422 176 1472 204 imo
1497 178 1594 212 percuti
1607 183 1629 205 ei
1639 180 1710 206 uxori
1724 180 1782 215 fecit

993 217 1072 246 Deus.
1101 219 1188 247 Luxus
1209 220 1236 246 in
1248 221 1355 248 vestibus
1375 226 1486 257 tempore
1504 221 1687 258 Cltrysostomi.
1701 240 1736 245 —
1749 225 1781 253 Et

992 263 1052 296 fecit
1066 264 1190 292 Dominus
1203 264 1272 292 Deus
1282 266 1344 293 Atia:
1361 271 1383 293 et
1399 267 1472 294 uxori
1481 267 1549 294 illius
1559 274 1637 296 uestes
1649 270 1778 305 pellicem,

991 313 1014 336 et
1035 309 1117 336 induit
1140 310 1208 338 illos.
1236 311 1311 345 Vide,
1323 320 1423 346 qumso,
1443 318 1568 348 quantam
1584 317 1716 343 sermonis
1731 317 1781 344 im.

990 355 1128 383 militalcm
1160 357 1237 384 nobis
1262 362 1421 392 attemperat
1445 359 1533 387 divina
1562 360 1708 395 Scriptura.
1729 362 1779 391 Sed

989 400 1059 436 quod
1071 409 1142 436 smpe
1157 402 1222 436 dixi,
1241 404 1265 431 id
1280 408 1307 431 et
1321 412 1391 431 nunc
1401 405 1462 432 dico
1476 414 1482 431 :
1494 407 1583 434 omnia
1598 408 1633 434 ita
1648 408 1779 443 intelliga-

990 454 1049 474 mus
1065 468 1071 479 ,
1087 448 1154 475 sicut
1175 456 1222 483 par
1244 455 1284 477 cst
1298 450 1332 477 dc
1355 450 1410 478 Deo
1428 451 1549 488 intelligi.
1572 453 1688 481 Verbum
1709 454 1781 482 Fet-it

987 493 1078 527 accipe
1101 501 1148 528 pro
1172 502 1204 521 eo
1217 495 1287 528 quod
1301 500 1344 522 cst
1360 517 1367 527 ,
1389 496 1531 531 imperavit
1545 502 1574 525 ut
1586 503 1685 526 essent.
1698 499 1780 527 Jussit

985 539 1057 566 enim
1079 540 1173 567 tunicis
1194 541 1312 574 pclliceis
1334 542 1425 569 vestiri
1445 543 1471 570 in
1496 548 1650 579 perpetuam
1671 545 1779 573 inobseo

986 586 1101 618 quentia:
1115 586 1281 613 memoriam.

1019 630 1046 657 2.
1054 631 1301 666 Audiantopulenti,
1310 638 1337 660 et
1344 633 1389 668 qui
1399 633 1531 662 luxuriant
1543 636 1569 662 in
1579 636 1707 664 vermium
1721 642 1779 664 tex-

986 675 1084 710 tilibus,
1096 684 1127 703 ac
1141 677 1289 706 vcstiuntur
1302 679 1394 706 sericis
1407 701 1414 713 ,
1425 679 1582 715 discumque
1596 681 1731 716 quomodo
1743 683 1776 709 ait

986 722 1061 750 initio
1078 723 1219 751 humanam
1232 724 1332 752 docens
1342 728 1464 753 naturam
1477 726 1607 761 benignus
1629 727 1757 755 Dominus
1770 749 1777 760 ,

985 769 1045 802 quia
1064 773 1172 803 propter
1182 770 1422 806 transgressionem
1437 778 1523 805 poenae
1537 772 1630 799 mortis
1645 780 1704 799 rcus
1719 777 1776 800 erat

986 815 1086 849 primus
1101 815 1181 842 homo
1193 836 1200 848 ,
1214 823 1334 851 opusque
1348 816 1462 844 habebat
1476 821 1550 844 veste
1564 826 1622 852 qua:
1644 818 1774 852 pudorem

985 864 1102 894 tegeret,
1118 860 1241 895 pelliceas
1263 861 1312 895 ipsi
1325 860 1386 888 fecit
1400 866 1487 889 vestes
1503 871 1508 887 :
1526 870 1579 897 quo
1598 862 1688 890 docuit
1702 871 1751 890 nos
1762 884 1771 896 ,

984 910 1013 932 ut
1028 906 1136 933 mollem
1148 911 1174 934 et
1188 906 1342 934 dissolutam
1352 907 1432 935 vitam
1447 907 1590 943 fugiamus,
1603 916 1688 943 neque
1702 909 1774 936 incr-

985 955 1037 977 tcm
1051 955 1078 977 et
1091 951 1228 978 remissam
1245 957 1379 979 sectemur
1389 973 1396 984 ,
1412 953 1458 980 sed
1473 953 1556 988 magis
1572 958 1705 981 austeram
1718 961 1776 980 am-

984 996 1129 1031 plcxemur.
1146 996 1198 1024 Sed
1210 996 1278 1024 forte
1289 998 1418 1032 gravatim
1434 997 1550 1025 ferentes
1559 998 1615 1025 lucc
1625 999 1728 1032 divites,
1737 999 1776 1025 di-

983 1047 1042 1069 cent
1058 1051 1064 1069 :
1080 1042 1146 1076 Quid
1160 1043 1255 1078 igitur?
1268 1051 1301 1070 an
1316 1043 1427 1078 pellibus
1440 1044 1530 1071 vestiri
1545 1051 1593 1070 nos
1603 1043 1770 1078 jubcs?Nou

983 1087 1034 1115 hoc
1046 1087 1106 1116 dico
1123 1097 1130 1115 :
1146 1096 1208 1115 nam
1223 1096 1310 1124 neque
1332 1089 1368 1116 illi
1393 1094 1523 1123 perpetuo
1544 1089 1585 1115 usi
1607 1089 1713 1116 luerunt
1733 1089 1774 1116 his

982 1134 1118 1166 vestibus;
1132 1134 1263 1169 benignus
1279 1135 1350 1162 enim
1375 1135 1503 1163 Dominus
1524 1136 1656 1170 prioribus
1669 1143 1775 1170 seraper

983 1180 1120 1207 beneﬁciis
1135 1182 1284 1208 recentiora
1295 1181 1417 1216 quaedam
1434 1182 1597 1216 superaddit.
1614 1181 1679 1208 Nam
1700 1187 1775 1216 post-

983 1233 1061 1260 quam
1069 1232 1130 1253 scse
1138 1226 1322 1261 corporalibus
1329 1226 1529 1254 necessitatibus
1538 1227 1667 1253 obnoxios
1676 1226 1774 1259 fecere,

983 1275 1010 1298 et
1023 1278 1038 1297 a
1050 1271 1143 1299 dolore
1157 1278 1238 1298 vacua
1253 1276 1281 1299 et
1289 1272 1407 1306 angelica
1421 1272 1474 1298 vita
1485 1272 1650 1304 exciderunt,
1664 1271 1773 1306 dispen-

983 1317 1051 1344 savit
1076 1318 1166 1350 Deus,
1183 1321 1212 1344 ut
1226 1325 1259 1345 ex
1283 1317 1371 1345 ovium
1393 1318 1536 1345 velleribus
1557 1317 1679 1345 homines
1702 1317 1776 1345 indu-

984 1367 1071 1390 menta
1086 1362 1136 1390 sibi
1153 1367 1287 1397 pararent,
1303 1371 1355 1390 non
1369 1363 1420 1390 alia
1441 1363 1475 1390 de
1489 1370 1567 1390 causa
1579 1383 1586 1396 ,
1599 1371 1678 1398 quant
1695 1368 1723 1390 ut
1735 1368 1773 1390 tc-

983 1413 1136 1444 gnmentum
1153 1409 1268 1436 habeant
1280 1429 1287 1441 ,
1303 1413 1330 1437 et
1344 1418 1377 1437 ne
1392 1410 1521 1437 rationale
1535 1410 1633 1437 animal
1654 1409 1705 1437 hoc
1719 1418 1773 1437 non

983 1461 1060 1481 secus
1074 1462 1106 1482 ac
1118 1454 1195 1482 bruta
1215 1455 1242 1482 in
1257 1455 1377 1483 nuditate
1390 1460 1417 1482 et
1436 1455 1569 1483 dedecore
1588 1456 1668 1483 vitam
1684 1456 1773 1491 degat.

982 1499 1073 1534 itaque
1091 1500 1205 1527 vestium
1227 1500 1339 1527 amictus
1353 1501 1508 1528 continuum
1533 1500 1610 1528 nobis
1633 1501 1667 1527 sit
1688 1501 1771 1528 morti»

983 1549 1100 1572 mentum
1113 1566 1121 1578 ,
1135 1553 1188 1580 quo
1203 1552 1336 1572 memores
1358 1545 1442 1573 simus
1454 1567 1461 1579 ,
1476 1546 1583 1580 quantis
1607 1546 1684 1573 bonis
1696 1546 1774 1573 exci-

982 1590 1112 1624 derimus,
1124 1597 1151 1619 et
1165 1591 1299 1618 discamus
1312 1595 1411 1626 quanto
1423 1591 1555 1626 supplicio
1570 1591 1712 1618 humanum
1725 1599 1773 1626 ge-
1800 1583 1804 1588 ’

982 1643 1032 1663 nus
1041 1636 1075 1663 ob
1088 1636 1294 1663 inobedientiam
1308 1636 1342 1663 sit
1354 1635 1490 1663 affectum.
1501 1636 1592 1663 Dicant
1603 1636 1682 1671 igitur
1694 1636 1772 1664 nobis

981 1681 1026 1716 qui
1043 1686 1115 1708 tanto
1127 1685 1238 1709 utuntur
1245 1685 1383 1716 apparatu,
1393 1685 1422 1708 ut
1430 1681 1485 1716 jam
1497 1689 1574 1708 usum
1582 1681 1649 1708 lana:
1665 1689 1774 1717 prorsus

981 1734 1061 1754 nosse
1076 1727 1180 1760 nolint,
1197 1727 1245 1754 sed
1271 1727 1358 1754 serico
1380 1727 1537 1760 vestiantur,
1552 1734 1639 1762 eoque
1662 1727 1773 1754 insania:

981 1780 1144 1807 pervenere,
1161 1777 1190 1799 ut
1215 1779 1308 1800 aurum
1332 1772 1450 1800 vestibus
1473 1772 1593 1799 intexant
1607 1780 1614 1798 :
1630 1772 1656 1798 in
1680 1772 1772 1806 primis

981 1808 1052 1846 enim
1074 1819 1200 1846 mulieres
1223 1819 1284 1846 huic
1303 1818 1423 1846 mollitiei
1447 1818 1544 1846 dedqu
1567 1824 1629 1846 sunt
1643 1828 1649 1846 :
1663 1819 1769 1853 Quare.

981 1864 1034 1896 die,
1049 1864 1176 1896 obsecro,
1194 1871 1290 1898 corpus
1301 1864 1336 1891 ita
1351 1872 1440 1895 ornas,
1455 1868 1483 1890 et
1494 1863 1593 1898 gaudes
1607 1863 1769 1898 ejnscemodi

981 1910 1103 1938 amictu?
1118 1917 1170 1937 non
1187 1910 1288 1945 cogitas
1311 1917 1359 1944 pro
1381 1916 1477 1944 magno
1496 1909 1642 1944 supplicio,
1664 1914 1774 1943 propter

981 1955 1219 1991 transgressionem
1230 1975 1237 1988 ,
1255 1959 1359 1990 tegmen
1383 1954 1434 1981 ltoc
1457 1955 1634 1989 excogitatum
1645 1954 1726 1982 esse?
1741 1955 1772 1982 Et

981 2009 1064 2037 quare
1076 2009 1128 2028 non
1148 2001 1224 2028 audis
1237 2001 1345 2028 Paulum
1362 2000 1493 2027 dicentem
1507 2009 1514 2026 :
1532 2000 1660 2027 [labentes
1678 2000 1772 2027 uictum

981 2054 1004 2075 et
1017 2048 1136 2075 amictum
1149 2067 1156 2080 ,
1167 2046 1220 2074 illis
1234 2046 1343 2074 contenti
1355 2046 1448 2073 erimus
1462 2047 1499 2082 (Ι.
1515 2046 1582 2072 Tim.
1595 2046 1621 2073 6.
1635 2046 1674 2081 8).
1691 2046 1772 2074 Vides

982 2095 1059 2121 unius
1073 2093 1212 2121 dumtaxat
1230 2093 1269 2119 rei
1296 2091 1445 2119 habendam
1468 2098 1529 2118 esse
1541 2099 1632 2118 curam
1652 2099 1658 2118 :
1674 2091 1772 2118 videli-

981 2145 1034 2174 cet,
1046 2148 1079 2167 ne
1091 2147 1188 2174 corpus
1200 2138 1299 2166 nudum
1312 2138 1356 2170 sit,
1371 2137 1417 2165 sed
1431 2141 1458 2164 ut
1474 2141 1586 2172 tegatur,
1597 2145 1645 2164 nec
1657 2137 1772 2172 amplius

981 2187 1016 2214 de
1029 2174 1156 2213 varietate
1168 2185 1283 2212 vestium
1303 2191 1364 2212 esse
1379 2191 1428 2211 nos
1442 2183 1571 2210 sollicitos
1585 2187 1700 2218 oportet.
1715 2182 1770 2210 (ke-

981 2237 1065 2260 tcrum
1079 2231 1111 2258 ad
1130 2230 1266 2266 sequentia
1282 2230 1430 2257 veniamus.
1451 2228 1496 2255 22.
1516 2228 1550 2254 Et
1567 2227 1631 2254 dixit
1646 2228 1772 2255 Dominus

980 2277 1050 2305 Deus
1065 2285 1074 2304 :
1088 2277 1154 2304 Ecce
1167 2276 1249 2303 Adam
1264 2277 1345 2310 [actus
1366 2279 1401 2302 est
1420 2275 1483 2301 sicut
1502 2282 1567 2301 unus
1587 2281 1618 2300 ex
1636 2274 1723 2303 nobis,
1738 2271 1775 2298 ad

979 2323 1108 2350 sciendum
1121 2322 1213 2348 bonum
1236 2326 1260 2348 et
1274 2320 1378 2347 malum.
1394 2320 1428 2346 Et
1443 2327 1508 2346 nunc
1529 2327 1560 2346 ne
1576 2320 1640 2353 forte
1657 2318 1772 2345 retardat

979 2376 1083 2395 manum
1096 2375 1168 2394 suam
1178 2388 1185 2400 ,
1198 2371 1220 2394 et
1230 2366 1338 2400 accipiat
1355 2365 1386 2391 de
1399 2365 1467 2400 ligno
1477 2365 1534 2390 vita:
1544 2383 1551 2395 ,
1564 2367 1589 2390 et
1603 2366 1715 2389 toutedat
1726 2382 1733 2393 ,
1749 2367 1772 2388 et

979 2414 1046 2441 vivat
1058 2414 1084 2440 in
1098 2413 1228 2440 saxulum.
1241 2412 1287 2439 23.
1302 2411 1335 2437 Et
1345 2410 1428 2438 emisit
1439 2410 1512 2436 illum
1526 2408 1651 2435 Dominus
1662 2407 1729 2434 Deus
1740 2415 1772 2436 ap

980 2458 1100 2494 paradiso
1112 2457 1248 2492 voluptatis
1256 2478 1263 2490 ,
1278 2460 1306 2483 ut
1315 2459 1461 2491 operaretur
1475 2459 1567 2480 terram
1575 2473 1582 2484 ,
1594 2452 1625 2479 tle
1637 2461 1686 2488 qua
1700 2460 1770 2479 sum—

980 2509 1038 2539 ptus
1057 2508 1122 2531 erat.
1136 2503 1185 2530 Hic
1196 2509 1302 2537 quoque
1318 2501 1378 2528 vide
1399 2507 1477 2535 quam
1502 2498 1603 2525 idoneis
1621 2497 1767 2524 inﬁrmitati

979 2554 1078 2577 nostra;
1093 2549 1184 2576 verbis
1195 2553 1284 2575 utatur
1295 2548 1375 2574 Deus.
1392 2545 1425 2572 Et
1440 2544 1504 2571 dixit
1514 2564 1521 2578 ,
1537 2544 1632 2578 inquit,
1646 2543 1769 2571 Dominus

980 2596 1050 2623 Deus
1067 2603 1076 2622 :
1090 2595 1156 2622 Ecce
1168 2594 1251 2620 Adam
1266 2593 1349 2627 factus
1373 2595 1409 2618 est
1426 2590 1499 2625 quasi
1516 2597 1582 2616 unus
1595 2597 1626 2616 ex
1638 2588 1708 2617 nobis
1718 2609 1725 2621 ,
1736 2588 1770 2616 ad

979 2641 1110 2670 sciendum
1130 2642 1222 2668 bonum
1246 2644 1270 2666 et
1288 2638 1392 2665 malum.
1408 2636 1502 2664 Vidisti
1522 2639 1620 2670 quanta
1643 2635 1768 2662 dictionis

980 2687 1136 2716 lmmilitas‘?
1150 2687 1212 2714 llrec
1225 2691 1323 2717 autem,
1340 2688 1368 2711 ut
1382 2683 1468 2716 decet,
1481 2683 1559 2717 digne
1569 2681 1602 2708 de
1618 2681 1672 2708 Deo
1688 2680 1768 2708 intel-

980 2736 1102 2770 ligamus.
1121 2733 1182 2760 Vult
1194 2733 1264 2760 enim
1278 2739 1324 2766 per
1338 2731 1395 2757 hanc
1407 2729 1486 2756 verba
1498 2729 1523 2755 in
1544 2727 1700 2754 memoriam
1723 2734 1766 2753 re—

980 2781 1059 2812 ferre,
1072 2777 1206 2814 quomodo
1223 2776 1327 2810 decepti
1342 2775 1439 2802 iuerint
1451 2782 1464 2801 a
1480 2774 1586 2801 diabolo
1600 2780 1646 2807 per
1657 2779 1767 2807 serpen-

980 2831 1042 2854 tem.
1055 2823 1272 2859 Quandoquidem
1287 2822 1329 2849 ille
1341 2821 1464 2855 diccbat,
1479 2820 1509 2848 Si
1518 2818 1768 2853 comederitis,eritit
