2060 3122
261 123 305 150 154

260 186 285 206 ιιι
304 180 350 212 dit,
366 183 394 206 et
409 186 456 213 spe
480 177 611 213 potienda:
627 177 785 213 aequalitatis
809 184 870 204 cum
893 177 949 205 Deo
964 177 1052 204 cibum

263 225 332 251 hunc
348 231 455 251 sumere
469 223 527 250 ausi
540 227 611 250 sunt.
629 223 714 258 Atque
725 222 774 249 hac
789 221 823 250 de
836 229 915 249 causa
931 222 1000 250 Deus
1011 222 1056 249 ite-

261 277 321 297 rum
337 270 394 296 illos
410 275 521 296 monere
531 268 641 300 volens,
657 272 686 295 ιιι
700 268 831 295 sentirent
848 275 927 302 quam
940 267 1056 302 graviter

262 320 353 343 essent
376 316 444 350 lapsi
459 323 509 351 per
529 314 739 342 inohedientiam
760 318 787 341 ct
799 313 984 349 deccptionem
994 333 1002 346 ,
1016 313 1058 340 in-

262 362 321 396 quit
338 370 345 387 :
361 360 426 388 Ecce
444 360 526 388 Adam
540 362 622 396 factus
646 363 681 387 est
695 359 769 394 quasi
792 367 858 386 unus
870 366 902 386 ea:
921 358 1001 385 nobis.
1030 357 1058 384 ln

265 413 368 435 tantum
383 407 509 435 ruborem
523 406 575 434 hoc
594 405 704 433 verbum
720 405 821 440 injicit,
837 409 866 431 ut
880 410 1060 439 transgresso-

266 461 322 481 rem
347 453 463 488 graviter
477 457 585 487 tangere
609 451 707 478 valeat.
731 450 809 484 ldeo,
825 449 927 485 inquit,
941 454 1061 477 contem-

268 499 344 533 psisti
365 497 518 525 mandatum
543 504 631 524 meum
644 495 716 532 quod
736 495 864 530 aequalem
887 499 913 522 te
928 494 983 522 Deo
1004 494 1062 521 fore

271 549 378 580 putares
394 545 422 571 ’ἲ
437 544 506 572 Ecce
520 543 605 571 factus
619 550 648 571 es
661 543 731 577 quod
743 541 903 577 exspectasti
917 551 923 568 :
939 541 993 568 imo
1008 548 1060 567 non

269 589 340 624 quod
353 589 532 624 exspectasti,
548 589 595 616 sed
616 587 721 623 qualem
742 592 768 614 te
794 586 850 614 lteri
865 587 974 621 dignum
993 590 1060 613 erat.

270 635 348 667 Ecce,
364 634 459 669 inquit,
477 633 558 661 Adam
576 633 655 668 factus
667 637 702 660 est
720 632 791 667 quasi
804 640 868 659 unus
883 640 915 659 ex
927 632 998 658 nobis
1008 652 1015 663 ,
1028 631 1062 657 ad

269 680 398 708 sciendum
410 680 502 707 bonum
516 684 538 706 et
550 680 653 706 malum.
669 678 725 706 [loc
744 678 816 705 enim
841 677 919 705 fallax
942 677 1064 705 diabolus

271 726 376 754 diccbat
389 734 435 760 per
448 729 609 761 serpentem,
624 724 776 759 Aperiantur
793 725 859 751 oculi
882 724 956 751 vestri
964 743 972 756 ,
984 723 1066 750 eritis-

271 779 320 805 que
337 771 400 797 sicut
414 771 468 803 dii,
492 771 597 797 scientes
615 769 708 796 bonum
724 774 746 796 et
768 770 873 796 malum.
897 768 930 795 Et
947 777 1013 796 nunc
1035 776 1067 795 ne

276 819 340 851 forte
352 816 469 843 extendat
497 823 600 842 manum
622 819 646 842 et
660 819 746 849 tangat
761 815 856 850 lignum
872 814 946 847 vita,
962 819 985 840 et
998 821 1068 841 com-

273 861 342 893 edat,
355 866 377 888 et
392 861 456 887 vivat
464 861 490 886 in
500 859 717 891 teternum.Vide,
727 867 786 893 oro,
801 859 844 886 hic
855 858 1067 886 misericordiam

275 907 388 935 [)omiui
417 906 528 941 Oportet
551 907 622 933 enim
644 905 714 940 quod
737 905 837 932 dictum
861 910 903 932 est
927 904 1069 939 diligenter

275 953 387 980 scrutari
399 973 406 986 ,
423 956 452 979 ut
469 952 535 979 nihil
547 959 640 979 eorum
655 959 715 986 qua:
737 951 764 978 in
784 951 865 978 fundo
881 954 944 978 sunt
956 950 1070 978 abscon-

275 998 342 1032 dita,
354 998 437 1025 latere
451 1005 500 1025 nos
519 1001 609 1033 queat.
621 997 689 1025 Cum
713 997 784 1025 Deus
799 997 902 1024 Adamo
916 996 1070 1024 mandatum

276 1044 372 1077 daret,
386 1052 401 1071 a
414 1045 486 1071 nullo
498 1044 550 1071 alio
560 1044 694 1072 abstinere
706 1043 843 1078 prtecepit,
857 1050 936 1078 quam
947 1042 981 1070 ab
991 1042 1071 1070 unico

278 1090 360 1125 ligno,
374 1089 408 1117 de
424 1097 476 1124 quo
492 1090 552 1124 quia
563 1089 644 1117 edere
658 1088 707 1116 fuit
719 1096 811 1122 ausus,
823 1095 901 1123 paena
913 1087 1008 1115 mortis
1022 1087 1072 1122 ipsi

277 1135 392 1170 irrogata
415 1140 458 1162 est
472 1144 478 1162 :
490 1134 561 1170 qttod
576 1141 636 1162 cum
662 1134 820 1169 praeciperet
842 1133 877 1160 illi
893 1133 1013 1160 delinivit
1024 1153 1032 1165 ,
1048 1132 1071 1159 si

278 1181 518 1215 l‘rmrvaricaretur,
550 1179 584 1207 de
612 1180 684 1214 ligno
713 1180 775 1206 vitae
810 1179 875 1206 nihil
904 1177 1071 1213 praecipiens.

278 1226 499 1261 Quandoquidem
514 1225 585 1253 enim
595 1246 603 1258 ,
615 1229 645 1252 ut
655 1225 780 1252 existimo
792 1244 800 1256 ,
811 1228 839 1252 et
854 1223 1002 1258 intelligere
1014 1227 1055 1250 est
1063 1243 1070 1256 ,

281 1271 457 1298 immortalem
472 1271 547 1298 illum
562 1270 679 1303 creavit,
696 1270 827 1304 potuisset
849 1269 920 1304 ipse.
935 1269 957 1296 si
971 1268 1072 1296 voluis-

279 1321 330 1351 set,
342 1325 403 1344 cum
417 1317 476 1344 aliis
490 1317 570 1344 etiarn
583 1315 618 1343 de
631 1315 682 1343 hoc
696 1315 765 1343 vesci
776 1314 846 1350 quod
863 1318 1018 1349 perpetuam
1033 1313 1072 1341 illi

279 1363 436 1390 contulisset
455 1363 536 1390 vitam
552 1369 653 1397 :quare
673 1361 776 1388 nullum
799 1360 954 1388 mandatum
969 1359 1003 1387 de
1026 1359 1073 1387 illo

281 1409 393 1443 accepit.

319 1456 346 1482 5.
361 1455 389 1483 Si
407 1459 496 1482 autem
511 1454 633 1482 curiosus
649 1453 745 1488 aliquis
759 1457 853 1488 rogat,
867 1459 950 1487 quare
975 1451 1075 1486 lignum

282 1500 344 1528 vita:
368 1500 404 1527 sit
429 1499 588 1534 appellatum
603 1507 609 1525 :
623 1498 707 1531 sciat,
727 1505 788 1525 non
816 1504 896 1532 posse
921 1496 1076 1530 hominem,

282 1546 339 1573 suis
354 1546 473 1572 innixum
489 1544 635 1571 ratiociniis
646 1565 652 1576 ,
669 1543 758 1571 omnia
774 1543 821 1570 Dei
840 1549 922 1578 opera
942 1542 1075 1570 contueri.

285 1591 375 1618 Visum
389 1590 460 1618 enirn
472 1589 521 1616 fuit
533 1589 655 1623 Domino,
664 1593 693 1616 ut
705 1588 921 1616 exercitationem
932 1587 1076 1623 quamdam

283 1635 444 1663 ubedicntia:
458 1640 486 1662 et
498 1635 684 1662 inobcdientia:
692 1634 803 1662 haberet
817 1634 897 1662 homo
911 1642 926 1662 a
940 1643 970 1662 se
980 1634 1076 1668 factus,

284 1687 313 1710 et
329 1682 354 1708 in
380 1681 503 1716 paradiso
518 1681 634 1716 degens,
650 1685 679 1708 ut
699 1680 752 1708 duo
767 1681 815 1707 ista
835 1680 903 1715 ligna
919 1680 954 1708 ibi
977 1682 1078 1708 consti-

285 1732 371 1755 ttteret
383 1747 391 1760 ,
406 1727 519 1754 alterum
541 1726 649 1761 quidem
663 1727 725 1753 vitte
735 1746 742 1759 ,
761 1726 875 1753 alterum
889 1733 970 1756 vero.
997 1731 1026 1753 ut
1040 1726 1079 1753 sic

286 1773 312 1800 lo
323 1781 387 1806 ;uar,
401 1773 504 1799 mortis.
517 1772 582 1799 Nam
593 1772 651 1806 ejus
667 1779 729 1799 esus
740 1775 766 1799 et
776 1771 950 1806 transgressio
963 1771 1078 1798 mandati

287 1823 402 1846 mortem
418 1817 454 1845 illi
485 1818 582 1844 attulit.
599 1817 711 1851 Quando
722 1817 811 1852 igitur,
827 1816 871 1844 ubi
894 1816 928 1844 de
941 1816 991 1844 hoc
1004 1824 1080 1843 com-

287 1864 353 1895 edit,
368 1862 488 1890 mortalis
500 1862 584 1889 factus
605 1867 663 1894 est,
681 1862 853 1897 corporisque
877 1861 1080 1890 necessitatibus

286 1909 435 1942 obnoxius,
448 1912 475 1935 et
487 1907 573 1943 primo
585 1912 722 1946 peccatum
738 1907 884 1942 ingressum
897 1912 938 1934 est
950 1927 958 1940 ,
974 1912 1081 1942 propter

288 1955 360 1990 quod
379 1958 407 1982 et
419 1961 494 1981 mors
508 1962 523 1981 a
544 1953 658 1981 Domino
671 1953 770 1981 utiliter
788 1953 939 1988 dispensata
955 1957 996 1980 est
1007 1973 1015 1986 ,
1027 1960 1081 1980 non

289 2001 400 2034 posthac
413 2001 439 2027 in
456 1997 578 2035 paradiso
600 2000 726 2034 relinquit
750 1999 851 2032 Adam,
866 1998 913 2027 sed
927 1999 1001 2026 exire
1021 1999 1083 2027 inde

286 2047 373 2080 jubet,
389 2050 542 2073 monstrans
565 2053 594 2073 se
610 2049 718 2080 propter
735 2045 800 2072 nihil
813 2045 885 2072 aliud
908 2045 958 2073 hoc
973 2045 1061 2073 facere
1073 2065 1081 2078 ,

289 2100 370 2126 quam
383 2096 492 2126 propter
506 2091 696 2126 benignitatem
707 2098 759 2126 qua
774 2090 848 2118 illum
862 2091 1082 2125 prosequebatur.

291 2138 325 2164 Et
352 2142 379 2164 ut
403 2137 455 2164 hoc
467 2142 590 2164 accurate
602 2136 736 2164 discamus
746 2157 753 2168 ,
775 2143 863 2171 operte
877 2136 989 2170 pretium
1004 2135 1083 2163 fuerit

293 2182 371 2209 verba
379 2181 476 2208 divinat
486 2181 631 2216 Scriptura:
643 2181 731 2209 denuo
744 2181 840 2216 legere.
853 2181 886 2208 Et
895 2190 972 2215 nunc,
987 2182 1081 2217 inquit,

292 2235 322 2254 ne
344 2227 444 2262 quando
457 2227 574 2254 extendat
588 2235 692 2254 manum
701 2247 709 2260 ,
726 2231 750 2254 et
760 2227 867 2261 accipiat
879 2227 910 2254 de
923 2226 991 2262 ligno
1006 2228 1063 2254 vitae
1075 2245 1084 2260 ,

295 2278 320 2301 et
335 2273 460 2305 comedat,
472 2277 496 2300 et
507 2273 571 2300 uiuat
590 2273 616 2299 in
638 2277 768 2300 veternum.
783 2272 849 2300 Nam
861 2273 923 2308 quia
936 2280 1030 2308 magna
1043 2273 1086 2300 in~

293 2318 487 2354 temperantiae,
503 2318 597 2353 inquit,
615 2318 710 2345 indicia
721 2318 857 2352 exhibuit,
870 2318 1085 2353 przevaricando-

292 2371 344 2399 qtte
354 2363 507 2391 mandatum
520 2363 640 2390 mortalis
651 2362 736 2390 factus
745 2367 796 2396 est,
808 2371 841 2390 ne
851 2371 920 2390 tmnc
930 2368 957 2391 et
973 2363 1084 2398 lignum,

290 2408 361 2444 quod
376 2408 455 2436 vitam
476 2408 576 2443 praebet
585 2408 748 2442 continuam,
763 2408 894 2443 attingere
904 2409 1011 2442 audeat,
1026 2415 1087 2443 pec-

291 2459 401 2482 caturus
415 2458 546 2489 perpetuo
556 2474 564 2487 ,
579 2454 662 2481 satius
685 2453 766 2482 fuerit
785 2454 847 2481 hinc
857 2454 943 2488 ipsum
957 2454 1034 2489 ejiei;
1049 2454 1084 2482 ita

292 2505 321 2528 ut
334 2500 418 2535 magis
432 2499 619 2534 providentia),
634 2507 714 2535 quam
729 2500 917 2535 indignationis
940 2500 1019 2528 luerit
1041 2500 1085 2527 illa

291 2546 397 2580 ejectio.
413 2545 463 2573 llic
474 2545 545 2573 enim
569 2553 628 2573 mos
641 2550 682 2573 est
696 2545 799 2573 Domini
815 2545 914 2577 nostri,
929 2550 958 2572 ut
973 2545 1086 2580 puniens

292 2600 345 2619 non
357 2593 444 2619 minus
457 2599 536 2626 quam
551 2591 722 2619 benefaciens
740 2599 816 2619 suam
829 2598 892 2626 erga
906 2599 954 2619 nos
966 2591 1087 2618 declaret

295 2638 489 2671 providentiam
500 2658 508 2671 ,
522 2639 620 2673 quippe
638 2643 665 2666 et
680 2639 749 2666 hanc
775 2645 881 2673 poenam
896 2637 1085 2665 admonitionis

293 2684 377 2717 gratia
390 2683 466 2710 nobis
480 2683 614 2718 irrogavit.
630 2683 696 2717 Quia
710 2684 800 2718 utique
817 2683 840 2710 si
853 2683 947 2710 scisset
968 2689 1016 2709 nos
1031 2689 1083 2709 non

293 2728 400 2763 pejores
414 2728 472 2756 ﬁeri
494 2729 602 2765 impune
617 2728 750 2764 peccando
760 2748 767 2761 ,
783 2728 936 2763 neutiquam
950 2727 1019 2754 ultra
1035 2735 1085 2761 pu-

331 2776 338 2789 ‘
352 2775 397 2807 lite
405 2781 485 2805 voces,
496 2776 561 2807 quod
571 2773 686 2807 (vqttalem
698 2776 721 2807 te
732 2774 780 2807 pen
791 2775 889 2807 putares
901 2773 1016 2807 (Vicoils't‘av
1029 2782 1087 2807 φοιγ-

299 2806 413 2861 τασῗεῧ),
425 2804 515 2832 αρειιιὶι
526 2807 550 2831 in
562 2804 661 2835 διάγει,
675 2804 718 2829 sed
732 2804 855 2830 habentur
867 2804 891 2828 iu
907 2805 982 2829 Savil.
1000 2807 1027 2829 et
1039 2804 1085 2830 ali-

300 2844 350 2868 quo
397 2844 430 2862 ss.
1066 2846 1068 2848 ·

621 120 650 148 S.
671 119 809 148 JO.\NNlS
828 119 1067 148 CllliYSOSTOMl
1084 119 1240 149 ARClllEP.
1260 120 1526 149 CONSTANTINOP.

1849 119 1900 149 152

1108 178 1201 205 niisset
1217 187 1224 206 :
1238 178 1285 206 sed
1301 183 1327 206 ut
1352 179 1479 213 reprimat
1500 182 1620 205 nostrum
1635 176 1669 205 ad
1689 177 1823 206 deteriora
1837 185 1902 212 pro-

1107 230 1247 258 gressum,
1270 228 1298 251 et
1326 224 1402 251 tollat
1422 223 1549 251 malitiam
1576 222 1688 250 ulterius
1708 227 1876 257 grassantem
1892 242 1902 256 ,

1109 276 1183 296 suain
1208 269 1340 297 servando
1363 268 1573 296 misericordiam
1587 288 1595 300 ,
1616 268 1715 303 punit:
1731 267 1757 294 id
1778 267 1850 303 quod
1875 272 1904 295 et

1110 323 1181 342 nunc
1201 315 1272 343 fecit.
1288 314 1384 342 Curam
1407 315 1477 342 enim
1500 322 1580 350 agens
1603 313 1753 349 primigenii
1768 313 1904 345 hominis,

1111 361 1170 395 cjici
1186 361 1271 395 ipsum
1294 369 1310 388 e
1323 361 1446 396 paradiso
1461 361 1595 396 praecepit.
1619 360 1664 399 23.
1679 359 1713 387 Et
1726 360 1807 387 emisit
1830 359 1906 387 illum

1112 405 1236 434 Bantinos
1258 406 1327 434 Deus
1348 415 1380 434 ex
1399 406 1517 441 paradiso
1535 406 1684 442 voluptatis,
1708 410 1734 433 ut
1757 410 1909 441 operaretur

1112 455 1205 477 terram
1217 452 1249 478 de
1261 459 1311 486 qua
1333 456 1447 486 sumptus
1461 455 1506 478 est.
1523 451 1619 478 lterum
1633 458 1692 483 oro,
1708 455 1738 478 ut
1752 450 1795 478 hic
1807 450 1909 478 divina)

1113 494 1257 530 Scriptum
1268 496 1430 531 diligentiam
1440 495 1539 523 videas.
1553 495 1643 523 Emisit
1653 496 1736 529 illum,
1750 495 1845 531 inquit,
1859 495 1911 522 Do-

1114 542 1199 570 minus
1211 541 1281 569 Deus
1295 550 1327 569 ea:
1348 542 1468 576 paradiso
1489 542 1626 576 voluptatis
1636 562 1643 574 ,
1656 547 1682 568 ut
1696 545 1843 574 operaretur
1856 546 1909 568 ter-

1115 596 1169 614 ram
1182 587 1213 614 de
1221 596 1271 622 qua
1290 593 1406 623 sumptus
1416 593 1462 614 est.
1478 587 1547 614 Ecce
1563 586 1721 614 sententiam
1732 593 1807 614 suam
1821 586 1910 619 reipsa

1116 633 1287 669 exsequitur;
1312 638 1339 661 et
1360 641 1395 661 ex
1411 633 1535 668 paradiso
1547 633 1691 668 voluptatis
1710 633 1836 668 ejectum,
1853 637 1912 659 ter-

1116 686 1173 705 ram
1187 679 1220 706 de
1232 687 1284 714 qua
1304 683 1425 713 sumptus
1437 683 1495 705 erat
1507 678 1612 713 operari
1634 677 1719 713 jubet.
1733 677 1787 705 Nec
1808 682 1912 705 temere

1116 725 1200 758 dixit,
1214 725 1251 752 De
1269 733 1319 760 qua
1329 729 1443 760 sumptus
1457 729 1493 752 est
1507 732 1517 751 :
1531 724 1578 751 sed
1600 729 1630 750 ut
1645 727 1772 758 perpetuo
1786 730 1910 750 commo-

1119 772 1230 799 nellcret
1251 770 1409 798 humilitatis
1430 771 1499 797 inter
1513 769 1693 805 operantium.
1707 768 1830 804 scireque
1851 774 1916 803 pos-

1119 820 1161 845 set
1171 824 1201 844 se
1214 815 1275 844 inde
1287 823 1348 843 esse
1360 816 1546 848 constitutum,
1561 819 1588 841 ct
1600 814 1775 841 substantiam
1790 812 1914 848 corporis

1119 871 1153 892 ex
1176 867 1247 890 terra
1272 862 1371 890 habere
1392 861 1426 889 ab
1441 861 1516 888 initio
1531 870 1538 888 :
1555 864 1584 887 ut
1603 860 1675 886 illam
1696 860 1794 894 ipsam,
1808 858 1914 893 inquit,

1120 914 1246 945 operetur
1260 913 1371 940 terram,
1386 915 1418 936 ex
1430 915 1481 943 qua
1495 911 1522 934 et
1532 907 1589 941 ipse
1605 906 1765 934 constitutus
1779 909 1831 933 est.
1847 905 1915 932 Nam

1121 956 1172 984 hoc
1185 955 1254 991 quod
1270 956 1296 983 in
1313 954 1444 982 sententia
1468 953 1593 985 dicebat,
1617 951 1651 978 In
1669 951 1761 979 sudore
1775 951 1850 986 faciei
1866 956 1918 976 tum

1122 1002 1225 1029 vesceris
1250 1009 1315 1036 pane
1333 1005 1376 1027 ιιιο
1396 1007 1406 1027 :
1422 999 1535 1034 idipsum
1562 1002 1590 1025 et
1613 1004 1683 1024 nunc
1704 996 1784 1029 dicit,
1808 995 1917 1030 quando

1123 1047 1217 1083 inquit,
1232 1046 1266 1074 Ut
1279 1050 1425 1082 operaretur
1442 1049 1535 1072 terram
1548 1044 1578 1070 de
1588 1051 1638 1078 qua
1650 1047 1763 1077 sumplus
1777 1046 1824 1068 est.
1840 1040 1919 1068 Post-

1125 1093 1182 1126 hac,
1200 1097 1229 1120 ut
1237 1093 1372 1120 discamus
1386 1095 1485 1126 quanto
1496 1090 1676 1125 spatioipsum
1690 1095 1705 1114 a
1719 1086 1842 1122 paradiso
1857 1085 1918 1113 col-

1124 1138 1239 1170 locavit,
1261 1137 1340 1165 etiam
1362 1136 1425 1163 illud
1439 1136 1525 1170 ipsum
1538 1134 1676 1168 Scriptura
1698 1133 1787 1160 divina
1804 1138 1854 1158 nos
1867 1130 1918 1158 do-

1124 1188 1184 1211 cet:
1197 1183 1242 1210 ει.
1257 1182 1387 1218 Eject'tque
1408 1180 1531 1208 Dominus
1551 1179 1620 1206 Deus
1633 1178 1731 1211 Adam,
1744 1182 1766 1204 et
1785 1176 1920 1204 collocavit

1123 1237 1181 1256 eum
1194 1237 1207 1256 e
1217 1228 1317 1263 regione
1330 1227 1441 1263 paradisi
1455 1225 1600 1262 voluptatis.

1162 1273 1213 1301 Cur
1221 1281 1252 1300 ex
1259 1273 1362 1299 adverso
1371 1271 1484 1308 paradisi
1496 1272 1593 1307 positus
1600 1267 1922 1297 Adam—Animadverte

1124 1325 1294 1346 communem
1305 1318 1444 1345 Dominum
1452 1321 1573 1344 nostrum
1582 1316 1609 1342 in
1620 1314 1731 1350 singulis
1737 1313 1864 1349 Operibus
1875 1313 1921 1340 bc-

1126 1365 1261 1400 nignitatis
1270 1368 1453 1399 argumentum
1465 1362 1602 1394 exhibere,
1612 1366 1640 1389 et
1654 1360 1770 1395 singulas
1780 1366 1921 1395 pinnarum

1126 1411 1230 1446 species
1245 1410 1363 1438 bonitate
1376 1410 1466 1444 plenas
1479 1415 1549 1437 esse.
1563 1407 1620 1435 Non
1634 1407 1706 1434 enim
1717 1406 1768 1433 hoc
1775 1405 1861 1433 solum
1871 1404 1922 1431 tui-

1127 1456 1280 1485 sericordite
1286 1460 1314 1484 et
1323 1454 1493 1490 benignitatis
1499 1457 1685 1489 argumentum
1694 1455 1761 1484 erat,
1770 1450 1840 1486 quod
1847 1449 1923 1477 emit-

1128 1506 1196 1530 teret
1207 1507 1234 1529 et
1246 1502 1371 1536 ejiceret;
1383 1501 1430 1528 sed
1441 1505 1467 1527 ct
1487 1499 1558 1534 quod
1571 1499 1645 1526 illum
1664 1501 1756 1524 contra
1769 1495 1922 1531 paradisum

1128 1548 1280 1580 collocaret,
1290 1552 1318 1574 ut
1330 1547 1420 1582 jugetn
1429 1546 1548 1573 dolerent
1558 1544 1665 1571 haberet
1674 1542 1792 1578 quotidie
1802 1541 1924 1576 cogitans

1129 1594 1200 1621 unde
1212 1593 1348 1621 exciderat
1357 1614 1365 1626 ,
1380 1597 1407 1620 et
1429 1592 1456 1619 in
1466 1598 1545 1626 quem
1560 1595 1659 1617 statum
1672 1596 1701 1616 se
1712 1588 1874 1623 conjccerat.
1890 1587 1924 1616 Et

1129 1638 1250 1674 quamvis
1272 1638 1422 1673 gravissimi
1444 1636 1546 1664 doloris
1572 1635 1754 1670 spectaculum
1776 1637 1866 1666 esset,
1882 1637 1924 1659 ta—

1130 1693 1190 1713 men
1204 1692 1307 1720 magnte
1317 1683 1437 1712 utilitatis
1449 1687 1507 1711 erat
1518 1682 1634 1715 occasio,
1647 1685 1675 1708 ut
1689 1680 1786 1707 dolens
1796 1679 1926 1706 continuo

1129 1735 1249 1767 aspectu,
1267 1730 1395 1758 munitior
1408 1733 1434 1756 et
1448 1729 1551 1756 cautior
1562 1731 1635 1755 esset
1649 1727 1675 1754 in
1690 1726 1749 1753 aliis
1759 1746 1767 1759 ,
1779 1733 1813 1753 ne
1827 1725 1925 1752 iterant

1131 1777 1157 1803 in
1170 1775 1263 1803 cadetn
1276 1780 1381 1810 peccata
1396 1774 1537 1802 incideret.
1556 1772 1621 1800 Nam
1635 1772 1761 1807 quoniam
1780 1770 1822 1797 hic
1835 1769 1926 1796 homi-

1132 1823 1174 1850 nis
1187 1827 1215 1850 ut
1228 1822 1370 1858 plurimum
1383 1828 1441 1848 mos
1451 1825 1502 1854 est,
1519 1823 1547 1847 ut.
1561 1819 1623 1846 dum
1634 1818 1711 1846 bonis
1726 1817 1849 1850 fruimur,
1861 1816 1927 1850 ipsis

1133 1873 1161 1895 ut
1179 1872 1284 1902 oportet
1301 1868 1339 1894 uti
1353 1866 1504 1894 nesciamus
1515 1886 1522 1898 ,
1537 1865 1643 1892 illorum
1664 1862 1811 1898 privatione
1831 1869 1926 1889 cmen-

1133 1912 1237 1945 damur,
1253 1918 1279 1940 et
1300 1917 1362 1940 tunc
1374 1912 1537 1946 experientia
1549 1910 1621 1937 docti
1633 1908 1734 1936 sentire
1748 1912 1867 1935 nostram
1879 1906 1928 1934 de-

1133 1959 1226 1986 sidiam
1241 1958 1381 1993 incipimus
1393 1979 1399 1989 ,
1415 1962 1494 1992 atque
1518 1957 1554 1984 ita
1579 1960 1650 1983 tanta
1676 1962 1767 1982 rerum
1781 1953 1928 1981 mutatione

1134 2005 1271 2037 docemur,
1284 2009 1311 2031 et
1324 2011 1338 2031 a
1351 2003 1448 2038 quibus
1458 2001 1621 2034 excidimus,
1634 2007 1660 2028 et
1675 2000 1771 2036 quibus
1791 2006 1841 2026 nos
1855 1999 1928 2033 ipsos

1135 2051 1211 2079 malis
1221 2049 1454 2080 circumdedimus.
1467 2048 1558 2083 Itaque
1571 2047 1642 2083 quod
1658 2054 1740 2082 prope
1752 2049 1780 2073 et
1791 2053 1807 2074 e
1817 2045 1928 2079 regione

1136 2096 1250 2132 paradisi
1268 2103 1330 2123 eum
1354 2095 1398 2130 qui
1422 2095 1493 2122 illinc
1520 2093 1656 2121 exciderat
1679 2092 1798 2119 habitare
1829 2090 1926 2126 jussit,

1136 2143 1258 2170 maxima:
1280 2141 1453 2176 providentia:
1466 2145 1493 2167 et
1511 2147 1582 2167 cura:
1605 2139 1709 2173 signum
1732 2137 1781 2164 fuit
1794 2157 1802 2169 ,
1816 2141 1845 2164 ut
1865 2143 1928 2171 spe-

1136 2187 1234 2216 ctando
1248 2195 1350 2215 memor
1360 2191 1433 2214 esset
1447 2191 1475 2214 et
1486 2185 1548 2213 inde
1560 2185 1662 2212 lucrum
1674 2183 1783 2216 faceret,
1797 2189 1829 2209 ac
1843 2189 1929 2216 neque

1137 2235 1278 2261 immodica
1288 2233 1393 2261 vivendi
1405 2230 1632 2266 concupiscentia,
1648 2230 1690 2257 vel
1704 2229 1769 2256 l’oris
1783 2228 1928 2259 exsistens,

1137 2279 1170 2307 de
1185 2280 1255 2314 ligno
1265 2278 1405 2306 comedere
1416 2280 1599 2312 praesumeret.
1610 2275 1701 2302 Divina
1712 2274 1782 2302 enim
1794 2273 1929 2306 Scriptura

1137 2327 1226 2354 omnia
1240 2325 1326 2357 nobis,
1337 2329 1414 2359 prout
1428 2328 1526 2351 nostrae
1540 2321 1686 2350 infirmitati
1697 2323 1857 2354 congruunt,
1870 2325 1932 2344 nar~

1138 2377 1190 2399 rat.
1205 2371 1238 2397 Et
1251 2370 1380 2398 collocauit
1403 2369 1535 2396 Cherubim
1550 2374 1572 2395 et
1586 2369 1731 2403 ﬂammeum
1743 2365 1859 2401 gladium
1875 2372 1931 2391 ner—

1138 2417 1235 2445 satt‘lcnt
1249 2417 1282 2443 ad
1301 2416 1490 2443 custodiendam
1507 2415 1573 2442 viam
1590 2414 1652 2449 ligni
1669 2413 1734 2440 vita.
1750 2410 1931 2447 Negligentia,

1138 2471 1217 2499 quam
1235 2463 1290 2498 jam
1312 2462 1383 2490 circa
1405 2461 1531 2489 traditum
1555 2464 1715 2495 prmceptum
1735 2457 1931 2488 exhibuerant,

1140 2511 1166 2537 in
1181 2517 1259 2537 causa
1275 2509 1363 2536 fuitut
1385 2513 1456 2535 tanta
1478 2507 1603 2535 cautione
1623 2504 1710 2534 aditus
1724 2505 1788 2540 ipsis
1803 2504 1931 2531 interclu-

1139 2557 1256 2585 deretur.
1265 2555 1456 2584 Animadverte
1463 2554 1506 2581 hic
1514 2554 1658 2588 benignum
1667 2553 1749 2579 Deutn
1759 2559 1812 2578 non
1821 2554 1932 2577 conten-

1144 2607 1198 2629 tum
1216 2601 1296 2629 fuisse
1309 2600 1444 2628 hominem
1459 2607 1474 2627 e
1489 2598 1597 2634 regione
1612 2596 1728 2633 paradisi
1739 2596 1872 2628 habitare,
1885 2594 1932 2622 sed

1141 2648 1299 2683 praecepisse
1312 2647 1391 2674 etiam
1402 2667 1409 2679 ,
1424 2650 1453 2673 ut
1466 2645 1577 2672 virtutes
1591 2644 1643 2671 illa:
1657 2641 1800 2671 Cherubim
1816 2644 1843 2667 et
1855 2639 1933 2667 llam-

1142 2701 1216 2721 meus
1231 2693 1334 2728 gladius
1349 2692 1395 2719 ille
1408 2691 1541 2719 versatilis
1555 2689 1722 2717 custodirent
1732 2688 1815 2718 viam,
1831 2693 1890 2720 qua;
1904 2685 1933 2712 il-

1142 2740 1185 2767 luc
1200 2739 1350 2766 inducebat.
1368 2737 1422 2765 Nec
1435 2737 1536 2771 absque
1547 2742 1627 2763 causa
1643 2734 1753 2767 addidit,
1770 2731 1935 2762 Versalilcm,

1141 2785 1187 2812 sed
1202 2789 1229 2811 ut
1237 2784 1331 2811 doceat
1353 2790 1402 2810 nos
1412 2803 1419 2814 ,
1435 2789 1542 2809 onmem
1557 2781 1626 2807 viam
1642 2779 1688 2807 illo
1708 2777 1850 2805 ducentem
1864 2783 1933 2810 pra:-

1143 2830 1244 2858 clusam
1267 2828 1348 2857 luisse
1359 2848 1367 2863 ,
1383 2835 1415 2856 co
1425 2826 1495 2863 quod
1513 2825 1615 2862 gladius
1635 2824 1679 2852 ille
1692 2824 1756 2852 dum
1772 2825 1932 2851 versaretur.
