2060 3122
153 111 204 139 153

150 168 290 195 obturaret
312 169 339 194 et
361 164 531 200 praemuniret
549 169 644 190 omnes
661 162 716 190 vias
731 169 789 196 qua:
806 161 850 188 illo
865 160 941 187 duce-

152 218 232 246 rent,
248 217 276 240 et
291 217 321 239 ut
338 212 491 239 continuam
506 210 662 237 memoriam
682 213 709 236 et
723 209 846 236 timorem
872 207 946 234 incu-

152 264 210 286 tere
224 258 261 284 illi
275 261 366 291 posset
383 257 403 282 ι.

188 304 215 330 ι.
236 302 320 329 Adam
332 306 417 328 autem
429 300 543 335 cognouit
557 299 638 326 Evam
651 306 755 325 uxorem
764 305 836 324 suam
857 296 866 333 (
880 295 944 331 Cap.

153 350 179 375 4.
198 357 221 374 υ.
238 347 277 382 1).
291 346 436 374 Considera
460 345 566 380 quando
586 346 637 372 hoc
652 344 748 371 factum
769 344 813 370 sit.
828 343 890 370 Post
905 343 947 369 in-

153 392 344 423 obcdientiam,
355 395 415 425 post
429 389 544 425 paradisi
557 389 740 421 amissionem,
752 393 815 415 tunc
833 387 947 422 primutn

155 445 220 464 usus
235 437 273 464 rei
289 443 411 464 venereae
438 435 529 470 erepit.
552 435 622 462 Ante
644 433 851 461 inobedientiam
876 432 947 459 enim

155 483 304 517 angelicam
321 482 400 508 vitam
417 481 599 513 imitabantur,
614 484 642 507 et
652 479 740 507 nullus
753 479 785 506 de
794 486 823 506 re
835 485 947 505 venerea

156 529 247 556 sts‘rmo
260 531 323 554 erat.
340 527 390 560 Qui
402 526 472 553 enim
485 526 579 561 potuit,
590 533 651 552 cum
666 532 752 560 neque
766 523 949 558 corporalibus

157 572 358 600 necessitatibus
369 572 475 599 obnoxii
485 570 603 598 fuerint?
618 570 708 605 Itaque
721 570 754 596 ab
769 569 845 596 initio
869 561 950 603 virg‘t-

158 619 228 645 nitas
240 619 353 653 palmam
366 618 527 653 principatus
543 617 644 651 accepit
661 625 668 644 :
682 616 728 643 sed
741 620 880 651 postquam
904 622 951 650 per

159 665 287 692 desidiam
299 664 407 692 intrarit
419 663 608 695 inobcdicntia,
635 666 663 689 et
687 662 775 689 aditus
803 661 951 697 patefactus

157 717 200 740 est
215 717 335 747 peccato,
351 711 394 738 illa
408 710 514 746 quidem
526 709 651 742 avolavit,
676 714 770 744 utpote
798 708 832 736 ab
854 707 887 735 iis
907 706 952 742 qui

160 758 260 793 indigni
276 762 355 784 tanta:
369 757 474 784 virtutis
488 755 671 791 magnitudine
690 754 752 782 facti
776 758 852 781 erant
866 761 873 779 :
888 753 952 780 sub-

162 804 269 831 intravit
281 807 369 830 autem
394 803 440 829 lex:
457 808 624 836 congressus.
640 800 730 835 Cogita
744 800 832 834 igitur,
845 798 952 832 dilecte,

161 854 258 884 quanta
270 849 432 884 virginitatis
443 848 567 882 dignitas,
585 855 664 882 quam
680 845 801 873 sublimis
816 849 843 872 et
857 850 954 878 magna

162 895 306 930 pOSSCSaIO,
321 902 380 929 qua:
391 895 429 921 sit
440 901 519 928 supra
532 893 673 920 humanam
689 896 810 919 naturam
823 911 831 922 ,
855 894 882 917 et
896 897 955 925 quae

163 947 231 975 opus
245 939 342 967 habeat
358 947 437 967 manu
448 940 463 954 ’ν
473 946 598 974 superna.
612 937 686 972 Quod
699 937 771 964 enim
783 937 800 964 ii
815 936 859 971 qui
872 935 953 970 virgi-

164 986 273 1013 nitatem
288 985 412 1013 alacriter
423 984 564 1020 arripiunt,
579 984 605 1011 in
617 990 731 1017 corpore
745 989 776 1009 ea
798 985 877 1016 agant
895 987 954 1016 qnte

165 1030 383 1064 incorporearum
394 1034 458 1058 sunt
471 1029 611 1062 virtutum,
625 1028 686 1055 audi
700 1027 836 1055 Christum
850 1026 956 1055 Saddu-

164 1078 228 1103 caus
242 1076 396 1103 dicentem:
413 1082 474 1102 nam
500 1075 534 1103 de
559 1073 756 1102 resurrectione
781 1072 957 1108 qua-stionem

165 1125 319 1154 moventes,
329 1121 495 1148 sciscitantes
504 1120 627 1148 dicebant
639 1128 646 1146 :
658 1119 791 1154 Magister,
805 1123 876 1145 erant
886 1117 956 1153 apud

165 1175 212 1194 nos
224 1171 318 1201 septem
328 1169 429 1202 fratres,
443 1171 466 1194 et
480 1167 577 1202 primus
588 1173 666 1193 uxore
678 1165 754 1192 ducta
763 1165 898 1200 defunctus
911 1168 957 1197 est,

166 1221 217 1240 non
231 1213 324 1240 habens
339 1213 439 1247 liberos,
454 1218 477 1240 et
490 1212 585 1239 dimisit
604 1220 708 1239 uxorem
728 1219 801 1238 suam
814 1211 888 1246 fratri
901 1218 959 1237 tuo.

167 1257 292 1285 Similiter
302 1263 326 1285 et
338 1258 475 1291 secundus,
492 1263 515 1285 et
527 1258 624 1290 tertius,
641 1262 663 1284 et
677 1262 791 1292 quartus,
806 1261 830 1283 et
842 1256 957 1291 quintus,

167 1308 191 1330 et
204 1309 301 1336 sextus,
312 1308 336 1330 et
348 1304 477 1338 septimus.
495 1303 526 1330 In
541 1303 724 1330 resurrectione
746 1310 805 1337 ergo
815 1303 887 1338 cujus
899 1310 911 1328 c
922 1310 962 1329 se-

168 1353 237 1382 ptem
249 1349 300 1376 illis
313 1349 360 1375 erit
370 1357 434 1376 uxor
443 1348 457 1375 .7
470 1348 563 1375 Omnes
575 1349 641 1375 enim
649 1348 787 1375 habuerunt
796 1347 876 1374 illam.
893 1347 961 1380 Quid

169 1394 250 1429 igitur
269 1394 334 1422 dicit
347 1394 398 1422 illis
407 1394 550 1422 Christus?
564 1394 675 1425 Erratis.
691 1394 828 1421 nescientes
843 1392 964 1426 Scriptu-

169 1447 222 1471 ηις,
235 1448 315 1474 neque
325 1440 439 1467 virtutem
453 1439 511 1467 Dei.
535 1440 568 1467 In
590 1439 771 1467 resurrectione
791 1439 858 1465 enim
884 1445 963 1472 neque

171 1493 263 1512 uxores
272 1486 378 1518 ductmt,
405 1493 484 1520 neque
506 1485 614 1518 nubunt,
641 1485 686 1512 sed
708 1489 766 1511 sunt
795 1483 860 1511 sicut
881 1484 964 1517 angeli

172 1532 288 1566 (Matt/1.
316 1532 361 1559 32.
389 1532 485 1561 25-50.
520 1532 584 1560 Luc.
616 1532 661 1560 20.
695 1531 790 1559 28-56.
826 1535 849 1558 et
880 1530 963 1557 Marc.

173 1578 217 1606 12.
234 1578 340 1614 19-25).
355 1579 448 1606 Vidisti
463 1579 597 1614 quomodo
622 1579 648 1606 in
661 1582 730 1605 terra
745 1577 923 1609 ambulantes,
937 1581 965 1603 et

173 1632 285 1660 corpore
304 1625 460 1652 circumdati
475 1626 620 1660 angelicam
651 1625 732 1652 vitam
759 1623 895 1651 imitantur
921 1622 964 1657 qui

174 1669 273 1697 Christi
292 1677 385 1697 amore
398 1669 557 1704 virginitatis
584 1674 683 1697 sortem
707 1668 886 1703 acceperunt?
899 1667 965 1694 Nam

175 1720 274 1750 quanto
285 1715 343 1743 haec
355 1716 441 1750 major
461 1720 503 1742 est
528 1720 555 1743 et
578 1715 727 1749 sublimior,
754 1718 827 1741 tanto
851 1714 967 1748 majores

175 1766 237 1789 sunt
256 1767 282 1790 et
297 1770 414 1795 corona},
429 1768 456 1790 et
470 1763 667 1795 retributiones,
693 1766 721 1789 et
735 1761 896 1796 repromissa
918 1761 967 1788 bo-

177 1815 209 1834 ua
223 1815 316 1835 eorum
325 1808 368 1842 qui
380 1815 439 1835 cum
454 1807 504 1835 hac
517 1807 543 1834 in
558 1807 618 1835 aliis
632 1807 707 1835 bonis
719 1807 844 1842 operibus
851 1814 880 1834 se
891 1814 968 1833 exer-

176 1859 247 1882 cent.
260 1854 342 1881 Adam
350 1859 444 1888 autem,
458 1854 551 1889 inquit,
563 1852 676 1889 cognovit
685 1853 764 1881 Evam
774 1860 967 1886 moretttsuam,

177 1901 340 1934 etwncepit,
355 1905 378 1927 et
394 1901 488 1935 peperit
502 1899 575 1927 Cain.
593 1899 734 1934 Postquam
750 1906 798 1933 per
810 1897 967 1925 inobedien-

180 1947 242 1974 tium
259 1946 368 1974 intravit
379 1952 531 1981 peccatum,
543 1951 570 1973 et
580 1944 710 1973 sententia
726 1944 852 1971 mortales
863 1943 922 1970 illos
933 1943 970 1970 fe-

178 1993 225 2024 cit,
239 1995 436 2026 consequenter
450 1991 618 2025 omnipotens
639 1990 708 2017 Deus
722 1988 868 2017 secundum
895 1996 970 2017 suam

181 2037 339 2071 sapientiam
350 2036 459 2063 humani
481 2036 587 2071 generis
600 2034 782 2070 propagationi
802 2034 945 2061 consulens
961 2052 969 2065 ,

178 2083 312 2110 concessit
334 2090 383 2117 per
395 2082 493 2109 coitum
508 2086 613 2108 auctum
628 2081 660 2108 iri
676 2084 795 2107 nostrum
817 2087 911 2115 genus.
938 2078 971 2105 Et

181 2128 254 2159 dixit,
272 2127 376 2154 Possedi
391 2127 515 2154 hominem
530 2135 574 2161 per
587 2126 680 2154 Deum.
694 2125 760 2153 Vide
770 2125 905 2160 quomodo
914 2131 972 2160 put-

181 2182 214 2201 na
230 2174 328 2201 inﬂicta
344 2174 482 2201 mulierem
494 2173 686 2205 emendaverit,
703 2172 895 2206 melioremque
910 2171 972 2198 red-

180 2221 291 2250 diderit.
303 2221 369 2248 Nam
385 2221 500 2256 puellum
523 2224 613 2247 natum
636 2227 688 2246 non
710 2223 831 2249 naturae,
845 2217 891 2245 sed
918 2217 973 2244 Deo

181 2272 318 2302 acet-ptum
331 2267 423 2300 refert,
438 2270 595 2301 gratumque
608 2265 726 2292 animum
739 2263 866 2291 declarat.
878 2262 973 2290 Vidisti

182 2313 317 2347 quomodo
329 2320 406 2348 parua
421 2312 610 2340 admonitionis
622 2311 681 2338 loco
692 2310 744 2337 illis
758 2309 855 2336 fuerit?
869 2308 974 2335 Possedi

182 2360 265 2390 enim,
276 2359 371 2393 inquit,
384 2358 509 2385 hominem
524 2365 568 2392 per
580 2356 673 2383 Deum.
686 2356 743 2383 Non
759 2361 865 2386 natura,
877 2354 972 2388 inquit,

185 2404 322 2439 puerulum
337 2404 402 2430 mibi
412 2403 498 2436 dedit,
514 2402 560 2430 sed
575 2402 664 2429 divina
675 2401 768 2436 gratia.
781 2400 809 2427 ‘2.
828 2400 858 2426 Et
881 2399 974 2434 adjecit

184 2456 210 2476 ut
224 2454 322 2484 pareret
332 2451 436 2484 fratrem
450 2448 518 2475 illius
533 2447 604 2475 Abel.
619 2448 683 2480 Quia
700 2454 749 2481 pro
763 2450 824 2472 nato
839 2445 893 2472 filio
901 2450 973 2479 grata

184 2496 242 2528 fuit,
259 2501 285 2522 et
299 2495 374 2530 prius
388 2494 547 2522 beneficium
566 2493 684 2528 agnovit,
712 2495 856 2526 asscquuta
878 2496 920 2518 est
949 2494 976 2518 ct

216 2563 223 2578 ¹
243 2565 298 2586 Post
309 2562 353 2586 has
366 2568 446 2589 voces.
459 2560 564 2585 incutere
575 2557 615 2585 illi
622 2562 707 2591 posset,
728 2557 888 2591 sicrclauduut
899 2556 976 2591 homi-

184 2593 242 2617 liam
249 2594 299 2617 duo
310 2597 362 2616 om.
377 2597 383 2616 :
398 2587 473 2625 Igitur
481 2591 615 2625 gratiarum
622 2587 730 2625 actiones
741 2590 868 2624 omet-anuis
883 2587 977 2625 (ltrislo

185 2631 215 2648 rc.
224 2631 238 2648 o
253 2628 301 2648 Deo
312 2627 393 2648 nostro
400 2617 475 2653 {quia
482 2617 564 2653 ipsum
574 2621 642 2646 decet
661 2620 747 2652 gloria,
755 2617 894 2653 imperium,
903 2617 976 2653 [tonor-

183 2659 205 2678 et
220 2654 339 2683 udorutio,
351 2649 414 2678 nunc
425 2649 448 2677 et
460 2649 563 2684 scrltper,
575 2655 623 2677 etc.
636 2649 757 2682 Et'postea
769 2649 890 2675 homiliam
903 2650 931 2673 I9
942 2649 977 2673 sic

184 2686 334 2710 ordiuntur:

404 2713 507 2739 Humilia
525 2713 562 2737 I9.

217 2746 292 2771 Adam
300 2749 380 2770 autem
396 2745 503 2776 cognovit
517 2749 710 2776 scttrnuxorem
721 2748 832 2776 suum...
845 2745 871 2765 et
881 2744 977 2776 tantum

185 2770 374 2809 prosequuntur,
388 2770 551 2809 claudumque
561 2776 585 2799 in
594 2774 646 2798 haec
657 2774 741 2804 verba,
749 2776 772 2798 et
789 2771 849 2798 Cain
860 2770 976 2803 agricola.

216 2808 227 2824 ⁸
244 2806 344 2836 Quidam
356 2811 420 2837 ais-5.,
430 2806 518 2837 gratia,
533 2811 585 2837 pro,
597 2811 678 2830 uwutt.

744 105 775 133 IN
794 104 871 132 CAP.
891 103 934 130 IV.
956 103 1076 131 GENES.
1099 104 1211 132 IlOMlL
1234 104 1325 131 XVIII.

1736 104 1787 132 55.1

997 161 1080 188 aliud.
1095 162 1165 189 Talis
1178 162 1248 189 enim
1263 167 1304 190 est
1315 163 1442 190 Dominus
1456 169 1565 190 uoster:
1581 162 1686 198 quando
1697 163 1722 189 in
1734 163 1788 198 pri-

999 207 1049 233 mis
1070 211 1172 240 gratum
1193 207 1310 234 animum
1335 207 1518 239 declaramus,
1541 213 1568 235 et
1587 206 1786 235 bencfactorcm

998 253 1177 288 agnoscimus,
1199 253 1298 288 largius
1312 260 1360 280 sua
1374 253 1443 280 dona
1469 254 1543 280 nobis
1566 258 1667 289 erogat.
1698 254 1788 288 Itaque

999 300 1058 333 quia
1070 304 1095 326 et
1110 299 1157 326 ista
1172 299 1226 327 Deo
1241 304 1343 334 partum
1358 300 1508 334 adscripsit,
1525 305 1663 336 propterea
1674 305 1699 327 ct
1707 300 1787 328 alium

999 344 1093 379 accipit
1102 345 1251 380 pucrulutn.
1268 345 1376 372 Summa
1391 345 1472 376 enim,
1500 350 1672 380 posteaquam
1695 346 1788 373 subin-

1002 390 1082 417 trarit
1101 391 1259 424 mortalitas,
1274 391 1421 418 consolatio
1441 395 1497 418 erat
1517 391 1629 418 filiorum
1643 398 1789 417 successio.

1003 437 1034 464 Et
1050 437 1149 464 idcirco
1161 436 1291 472 benignus
1309 437 1378 463 Deus
1392 436 1481 463 statim
1505 436 1539 463 ab
1565 435 1640 463 initio
1663 435 1790 470 puniendi

1001 484 1170 510 severitatem
1184 483 1354 514 imminueus,
1369 487 1395 509 et
1409 482 1554 509 terribilem
1571 483 1578 497 '
1594 482 1687 508 mortis
1699 488 1791 515 perso-

1002 537 1062 556 nam
1074 529 1207 561 auferens,
1230 528 1374 556 Iiberorum
1388 528 1583 555 successionem
1601 527 1711 562 largitus
1725 532 1765 554 est
1778 547 1785 558 ,

1002 574 1200 608 quodammodo
1213 574 1356 608 imaginem
1371 573 1575 600 resurrectionis
1590 580 1636 607 per
1657 572 1707 598 hoc
1730 571 1794 598 sub-

1003 620 1131 653 indicans,
1148 624 1175 646 et
1185 620 1352 654 dispensans,
1367 623 1396 645 ut
1409 626 1456 653 pro
1467 618 1622 646 cadentibus
1643 618 1688 644 alii
1703 625 1794 644 resut~

1004 670 1077 701 gant.
1094 665 1125 692 Et
1140 667 1223 700 factus
1232 670 1279 699 est,
1296 665 1392 700 inquit,
1409 664 1470 691 Abel
1483 668 1569 698 pastor
1579 664 1662 690 ovium
1673 671 1682 696 ;
1694 667 1717 689 et
1729 662 1792 689 Cain

1004 711 1155 746 operabatur
1165 716 1266 738 terram.
1278 711 1370 738 Docuit
1380 718 1428 738 nos
1441 710 1528 737 divina
1543 709 1690 744 Scriptura,
1715 716 1794 744 quam

1008 762 1120 793 uterque
1133 762 1256 785 natorum
1268 761 1352 784 artem
1363 757 1522 788 exercuerit,
1542 761 1570 783 et
1592 759 1620 782 ut
1632 755 1699 782 alter
1714 754 1794 782 vitam

1005 803 1176 839 pastoralem,
1189 803 1258 831 alter
1272 803 1460 838 agriculturam
1474 801 1581 836 delegit.
1597 801 1626 829 δε
1642 800 1675 827 Et
1700 800 1797 835 factum

1006 854 1042 876 cst
1053 854 1107 884 post
1123 848 1185 882 dies,
1197 848 1286 875 obtulit
1301 847 1364 875 Cain
1377 847 1407 874 de
1421 847 1542 883 fructibus
1555 851 1628 873 terra:
1646 845 1798 880 sacri/icium

1007 894 1126 922 Domino.
1143 894 1287 922 Considera
1303 894 1436 929 quomodo
1450 898 1551 920 natura:
1571 892 1700 919 Conditor
1712 891 1799 918 scien-

1009 940 1071 968 tiam
1083 940 1256 968 conscientiae
1271 939 1376 967 indidit.
1389 939 1454 972 Quis
1465 939 1535 966 euim
1548 938 1633 970 illum,
1649 937 1692 964 die
1706 957 1714 969 ,
1728 943 1777 963 oro
1790 956 1797 968 ,

1008 986 1041 1014 ad
1055 986 1123 1014 hanc
1137 985 1318 1020 cognitionem
1334 984 1520 1019 perduxisset?
1536 983 1629 1010 Nullus
1643 982 1710 1009 alius
1720 989 1799 1017 quam

1008 1042 1067 1069 qua:
1081 1034 1106 1061 in
1121 1034 1211 1060 animo
1225 1032 1333 1060 conscio
1345 1033 1467 1060 scientia.
1485 1032 1580 1059 Obtulit
1595 1032 1616 1064 ¹,
1636 1031 1739 1065 inquit,
1767 1030 1799 1055 de

1010 1079 1216 1116 [ructibusterrtc
1228 1079 1381 1113 sacri/icium
1405 1077 1524 1105 Domino.
1551 1076 1658 1104 Sciebat
1679 1075 1751 1103 enim
1775 1078 1802 1101 et

1009 1124 1339 1160 cognoscebatcongruum
1353 1131 1413 1150 esse
1421 1131 1454 1150 ex
1465 1123 1519 1150 suis
1529 1121 1741 1157 possessionibus
1752 1120 1802 1147 ali-

1010 1171 1074 1206 quid
1090 1171 1222 1198 fructuum
1237 1171 1292 1197 Deo
1305 1169 1403 1196 offerre
1419 1178 1424 1196 :
1442 1176 1494 1195 non
1508 1168 1578 1203 quod
1597 1167 1629 1194 iis
1644 1167 1713 1194 Deus
1735 1165 1803 1193 indi-

1011 1222 1082 1252 gcat,
1097 1216 1144 1244 sed
1159 1221 1186 1243 ut
1199 1220 1302 1251 gratum
1314 1215 1434 1242 animum
1451 1221 1527 1241 suum
1551 1213 1670 1240 declaret
1693 1213 1737 1247 qui
1758 1211 1805 1238 tali

1013 1263 1143 1291 beneﬁcio
1155 1262 1262 1289 fruitur.
1274 1260 1352 1288 Nulla
1363 1261 1433 1288 enim
1449 1267 1478 1287 re
1490 1259 1590 1294 indiget
1602 1259 1683 1291 Deus,
1709 1257 1805 1285 nullis-

1014 1316 1066 1343 que
1080 1308 1179 1335 nostris
1190 1315 1256 1342 opus
1272 1306 1371 1339 habet;
1387 1310 1514 1332 ca-terum
1528 1304 1562 1332 ob
1576 1303 1735 1331 ineffabilem
1760 1303 1807 1330 be-

1014 1354 1171 1389 nignitatem
1188 1353 1224 1380 ita
1247 1358 1346 1379 nostrae
1369 1349 1516 1378 infirmitati
1538 1357 1566 1377 se
1589 1353 1756 1384 attemperat.
1780 1352 1808 1375 et

1014 1403 1124 1435 propter
1137 1399 1251 1426 salutem
1262 1401 1382 1425 nostram
1399 1396 1456 1423 lucc
1473 1395 1530 1423 ﬁeri
1546 1394 1619 1427 sinit,
1633 1399 1662 1421 ut
1674 1394 1720 1421 Dei
1734 1393 1811 1428 agni-

1018 1445 1054 1472 tio
1068 1444 1192 1471 humante
1203 1447 1305 1470 natura:
1314 1441 1420 1469 virtutis
1430 1441 1465 1468 sit
1476 1440 1576 1467 schola.
1587 1440 1613 1467 4.
1622 1438 1655 1465 Ει
1666 1439 1727 1465 Abel
1733 1440 1808 1465 etiam

1015 1491 1070 1526 ipse
1078 1490 1166 1517 obtulit
1178 1488 1209 1516 de
1222 1488 1396 1524 primogenitt's
1410 1494 1515 1514 suarum
1529 1486 1622 1512 ovium.
1637 1484 1694 1512 Non
1708 1484 1809 1519 absque

1016 1544 1095 1564 causa
1110 1536 1152 1563 vel
1166 1535 1262 1562 frustra
1277 1534 1302 1561 in
1314 1533 1397 1569 priori
1411 1540 1535 1560 sermone
1548 1536 1664 1559 vestram
1678 1529 1755 1557 docui
1765 1538 1810 1557 ca-

1016 1584 1133 1615 ritatem,
1151 1581 1292 1608 Dominum
1316 1584 1435 1607 nom-um
1463 1578 1618 1605 varietatem
1638 1584 1817 1611 personarum-

1019 1628 1141 1664 ignorare
1152 1636 1158 1654 :
1171 1627 1219 1655 sed
1233 1626 1397 1653 voluntatem
1409 1624 1533 1655 scrutari,
1548 1630 1579 1650 ac
1593 1627 1708 1650 mentem
1722 1622 1812 1648 intcn-

1018 1676 1173 1710 tionemque
1187 1680 1328 1702 coronare.
1344 1672 1377 1699 Et
1399 1678 1471 1698 nunc
1485 1676 1591 1705 quoque
1617 1668 1689 1696 idem
1703 1668 1811 1695 .factutu

1018 1721 1212 1749 animadverte.

1056 1768 1190 1803 Scriptum
1201 1774 1274 1794 sacra
1284 1764 1348 1792 nihil
1362 1764 1458 1799 frustra
1468 1761 1538 1789 dicit.
1546 1760 1665 1789 —Dictis
1672 1760 1814 1796 diligenter

1020 1813 1199 1842 auscultemus
1208 1833 1215 1845 ,
1232 1816 1259 1839 et
1272 1810 1409 1838 videamus
1420 1807 1483 1843 quid
1497 1807 1529 1835 de
1546 1807 1611 1835 Cain
1636 1812 1726 1834 narret
1738 1806 1813 1834 Scri—

1021 1865 1097 1895 ptura
1107 1879 1114 1891 ,
1130 1857 1231 1892 etquid
1248 1857 1282 1884 de
1292 1855 1374 1887 Abel,
1391 1859 1418 1882 et
1433 1861 1466 1881 ne
1480 1852 1710 1881 inconsideranter
1725 1857 1812 1879 trans-

1021 1912 1122 1933 eamus.
1139 1904 1208 1931 Nihil
1223 1903 1294 1930 enim
1310 1906 1411 1929 temere
1423 1900 1465 1927 rel
1478 1899 1587 1926 fortuito
1600 1898 1715 1933 loquitur
1725 1898 1813 1925 divina

1022 1951 1171 1985 Scriptura,
1189 1948 1235 1975 sed
1252 1951 1280 1975 et
1292 1946 1391 1982 syllaba
1402 1965 1409 1978 ,
1424 1949 1452 1973 et
1470 1944 1591 1980 apiculus
1606 1944 1699 1971 unicus
1717 1951 1813 1971 recon-

1022 1997 1106 2024 ditum
1131 1996 1211 2022 habet
1232 1993 1406 2021 thesaurum:
1431 1999 1493 2018 nam
1514 1991 1540 2017 in
1565 1989 1635 2017 hunc
1655 1989 1763 2017 modum
1786 1996 1822 2016 se-

1024 2044 1121 2071 habent
1134 2040 1278 2077 spiritualia
1288 2037 1463 2071 omnia.Quid
1476 2035 1554 2071 igitur
1563 2034 1659 2069 inquit?
1671 2034 1702 2061 Et
1716 2036 1813 2070 factum

1024 2094 1058 2117 est
1074 2085 1129 2124 post
1139 2088 1208 2119 dies,
1219 2085 1307 2113 obtulit
1318 2084 1381 2111 Cain
1393 2083 1423 2110 de
1441 2081 1562 2117 fructibus
1577 2086 1650 2107 terra:
1663 2081 1822 2115 sacri/icium

1026 2135 1132 2162 Domino
1142 2155 1149 2167 ,
1166 2138 1189 2159 et
1198 2131 1259 2158 Abel
1268 2130 1354 2157 obtulit
1366 2131 1440 2156 etiam
1450 2129 1503 2163 ipse
1513 2128 1543 2154 de
1552 2127 1724 2163 primogenitis
1735 2127 1822 2154 ovium-

1025 2187 1138 2213 suurum,
1147 2184 1169 2205 ct
1181 2178 1211 2204 de
1221 2176 1337 2211 adipibus
1346 2175 1458 2202 illarum.

1061 2227 1087 2255 5.
1109 2225 1143 2253 Iis
1156 2224 1200 2259 qui
1222 2223 1324 2251 acutius
1348 2221 1438 2248 valent
1461 2219 1575 2252 intueri,
1589 2217 1644 2254 jam
1658 2225 1691 2245 ex
1705 2217 1825 2245 lectione

1026 2274 1082 2308 ipsa
1098 2270 1226 2306 liquidum
1241 2273 1282 2296 est
1294 2267 1356 2303 quid
1370 2266 1472 2293 dicatur
1487 2274 1493 2292 :
1510 2272 1602 2292 verum
1624 2263 1685 2298 quia
1701 2263 1824 2290 omnium

1025 2319 1103 2345 simul
1117 2314 1236 2343 habenda
1252 2318 1293 2342 est
1307 2321 1368 2341 cura
1379 2333 1386 2346 ,
1398 2316 1425 2339 et
1445 2310 1622 2338 differentiam
1645 2315 1825 2344 personarum:

1027 2366 1111 2393 nescit
1120 2361 1263 2398 spiritualis
1276 2359 1396 2388 doctrina
1411 2367 1418 2385 :
1432 2364 1479 2392 age
1489 2354 1653 2384 manifestius
1662 2353 1736 2381 vobis
1746 2353 1818 2380 dcte~

1027 2419 1118 2447 gamus
1126 2418 1184 2444 qua-
1191 2407 1259 2435 dicta
1268 2405 1437 2438 sunt,iterum
1444 2410 1475 2430 ea
1482 2398 1823 2436 repelentes.Cain,inquit,

1027 2443 1116 2484 obtulit
1127 2455 1157 2482 de
1174 2453 1295 2489 fructibus
1314 2457 1386 2478 terra:
1398 2448 1551 2483 sacri/trium
1571 2446 1680 2472 Domino
1694 2453 1704 2471 :
1722 2443 1825 2471 deinde

1028 2504 1120 2532 volens
1131 2507 1157 2529 et
1173 2501 1206 2528 de
1229 2499 1294 2526 Abel
1308 2498 1403 2525 docere
1415 2502 1463 2522 nos
1480 2493 1615 2527 Scriptura
1631 2490 1719 2518 divina
1737 2489 1826 2520 dicit,

1061 2583 1068 2598 ¹
1081 2581 1143 2609 \‘ox,
1154 2576 1286 2604 terribilem
1299 2574 1430 2609 (φοϐερὸνῇ
1440 2571 1463 2596 ὶη
1475 2568 1731 2609 quibusdam;

1059 2597 1070 2629 ί
1087 2597 1132 2637 iii};
1262 2597 1323 2638 'kiu‘i',
1330 2597 1354 2630 ἐἰ
1360 2597 1363 2598 ⁷
1369 2597 1507 2638 ’γοέίιιυεξα
1520 2600 1637 2638 (obtulit:
1642 2597 1825 2638 anigitur?

1028 2627 1263 2676 πτιπῖίῖνιῖεῖῶτνῖέῗι
1270 2627 1354 2673 δέὶίίιέ
1509 2633 1574 2676 at:
1581 2627 1822 2676 ιεέίιέἐᾞεᾷονέξπῖ

1039 2658 1831 2705 ἴιὶἒὲῖἱῖιῗιῖξῗιέίὲἵιίἑιάῐῐνέἐέιάξηξιξξεξΰὲξέεηὲἓειί·δίιὶ¹ῗ¹2κέκεῖ⁰ξ

1039 2683 1082 2699 .tus
1088 2683 1160 2705 quam
1169 2683 1273 2696 meum":
1286 2683 1395 2699 μαδιιιαι..
1403 2683 1469 2699 ηυντ.
1476 2683 1504 2699 ..η
1512 2683 1518 2693 ,
1529 2683 1551 2693 r.
1558 2683 1569 2686 ,
1580 2683 1618 2685 πμ
1628 2683 1632 2687 ,
1675 2683 1682 2690 _
1744 2683 1747 2686 π
1782 2689 1785 2692 '
1812 2683 1819 2688 '

1028 2683 1089 2733 llaec,
1103 2703 1184 2728 multis
1194 2701 1297 2728 omissis,
1310 2698 1382 2722 θεῖοι-ι
1394 2695 1550 2729 Corslmtauus
1564 2692 1644 2717 Codex
1658 2698 1665 2725 _:
1683 2700 1694 2713 ι
1705 2689 1797 2728 abtultt
1807 2697 1819 2711 ν

1029 2736 1104 2747 .-.._.,.-.
1129 2743 1137 2747 .
1152 2733 1180 2747 ,ιη
1199 2730 1313 2747 rsum-t1...
1333 2732 1405 2747 m-rm
1424 2723 1573 2747 sacriﬁcium
1593 2726 1709 2747 Donuuo:
1731 2723 1754 2745 et
1765 2718 1828 2744 Abeb

1196 2723 1313 2763 fructibus
1333 2732 1405 2753 terra:
1424 2723 1573 2760 sacriﬁcium
1593 2723 1709 2751 Domino;
1731 2723 1754 2745 et
1765 2723 1825 2744 Abel

1029 2755 1114 2792 obtutil
1122 2765 1194 2789 etiam
1206 2763 1257 2794 ipse
1269 2761 1299 2793 tle
1310 2759 1471 2791 primogenita
1488 2761 1566 2781 omum
1578 2758 1685 2780 suariam
1696 2750 1761 2794 elue
1770 2749 1825 2776 ad?

1030 2788 1220 2831 pibusmilluruml
1283 2790 1286 2793 ’
1310 2788 1315 2791 ⁷
1388 2788 1396 2789 ί
1726 2788 1734 2794 ’
