2060 3122
253 94 301 121 1ὲό

248 152 317 186 quod
332 156 359 178 et
381 152 436 187 ipse
455 151 490 179 de
514 159 562 180 sua
575 158 648 186 arte,
671 162 768 189 nempe
787 154 923 189 pastor-ilia
935 174 943 187 ,
963 161 1039 181 suum

249 197 366 224 attulerit
382 198 551 226 sacriﬁcium.
568 199 665 226 Obtulit
677 200 747 227 enim
758 221 766 233 ,
789 200 887 235 inquit,
903 205 925 226 et
943 200 996 234 ipse
1013 200 1044 226 tle

250 243 424 278 primogenitis
443 244 526 270 ovium
546 252 652 272 suarum
669 265 677 277 ,
703 251 726 272 et
748 246 779 273 de
801 245 917 281 adipibus
931 246 1042 272 illarum.

249 287 367 315 Observa
382 289 516 324 quomodo
527 290 603 318 nobis
617 291 780 325 pientiSsima
795 291 864 319 illius
876 299 950 319 mens
964 291 1045 326 signi-

251 332 358 366 ﬁcetur,
375 338 402 361 et
416 342 468 362 non
492 339 593 362 tantum
611 335 645 363 de
663 336 756 363 ovibus
771 336 913 369 obtulerit,
930 335 991 368 sed,
1007 335 1045 361 De

253 378 426 415 primogenitis
436 400 443 413 ,
465 379 517 408 hoc
529 384 587 414 est,
603 380 636 408 de
657 381 855 415 pretiosissimis
866 401 873 414 ,
890 385 915 408 et
931 380 1045 407 maxime

250 424 356 452 eximiis
372 434 379 452 :
393 425 489 453 deinde
503 431 529 454 et
543 434 577 453 ex
592 426 644 453 illis
664 426 729 461 ipsis
742 426 924 462 priinogenitis
944 426 1044 460 pretio-

251 470 355 497 sissima
377 479 507 506 qumque:
532 471 563 498 Et
588 472 620 499 de
644 472 780 507 adipibus.
804 473 904 508 inquit,
925 473 1045 505 illarum,

253 516 304 542 hoc
317 520 368 549 est,
377 516 411 544 de
423 518 604 552 pinguissimis
614 523 641 546 et
653 518 771 553 optimis.
787 518 824 546 De
838 518 902 546 Cain
916 518 980 546 nihil
995 519 1046 546 tale

253 561 406 590 adnotatum
417 567 457 590 est
472 572 479 592 :
493 564 540 591 sed
554 563 681 592 obtulisse
693 565 699 580 ‘
709 564 750 591 De
762 565 877 600 frugibus
890 569 963 591 terra:
972 564 1048 591 sarri-

254 607 362 641 ]ἱι·ἰιιηι;
383 609 459 643 quasi
490 609 608 643 diceret,
632 610 835 645 qualiacumque
848 610 1024 637 obveniebant
1038 630 1045 643 ,

255 652 325 680 nulla
349 652 382 680 ad
397 653 530 681 delectum
552 655 669 682 adhibita
683 663 763 690 opera
779 656 820 683 vel
834 655 981 691 diligentia.
996 656 1046 683 lte-

255 705 315 724 rum
326 698 394 731 dico,
408 703 434 726 et
444 699 533 727 dicere
545 708 596 727 non
610 701 720 728 cessabo
732 711 738 728 :
752 709 803 728 non
816 702 877 736 quia
890 702 958 729 Deus
969 702 1049 730 rebus

255 744 353 770 nostris
367 743 480 778 indiget,
503 745 589 772 oblata
605 746 732 779 suscipit,
757 747 803 773 sed
822 747 876 773 vult
889 751 916 774 et
927 755 973 782 per
992 747 1049 776 haec

255 788 357 814 ostendi
373 792 477 822 gratum
492 793 612 816 nostrum
628 790 756 819 animum.
772 791 836 818 Nam
858 799 918 818 eum
931 792 974 826 qui
995 792 1050 819 Deo

256 833 398 867 olTerchal,
414 838 441 862 et
453 835 582 863 olferebat
600 836 677 864 exiis
694 845 753 872 qua:
769 837 814 864 Dei
839 842 917 870 sunt,
933 845 992 864 cum
1008 837 1050 864 in-

258 879 388 914 telligeret
411 885 538 915 quantum
552 881 670 910 differret
691 887 804 916 natura,
820 887 846 911 et
859 891 888 911 se
911 884 1047 911 hominem

260 929 360 952 tantum
386 925 495 954 honoris
516 927 638 954 sortitum
661 935 738 960 esse,
754 929 908 963 oportebat,
924 934 1050 964 quantum

259 971 315 997 ﬁeri
332 975 448 1005 poterat,
465 980 540 1000 suum
557 973 649 1000 testari
663 973 780 1001 ofﬁcium
791 995 798 1007 ,
813 979 840 1002 et
860 975 1051 1010 pretiosissima

256 1015 364 1044 oﬁerre.
379 1017 430 1044 Sed
448 1018 507 1046 vide
517 1040 524 1052 ,
539 1019 652 1047 obsecro
664 1041 672 1053 ,
686 1020 791 1048 dilecte.
810 1021 897 1048 llabes
912 1021 955 1049 hic
975 1029 1052 1049 occa-

259 1061 348 1089 siones
362 1067 390 1089 ut
409 1063 480 1097 quod
496 1069 601 1098 oportet
621 1066 824 1101 contempleris,
847 1067 943 1093 merito
959 1074 1052 1100 pmnas

258 1105 332 1138 luem
355 1115 415 1134 cum
443 1108 486 1142 qui
510 1116 584 1135 suam
608 1109 643 1136 ob
664 1109 794 1145 ignaviam
820 1111 909 1145 prodit
929 1111 1051 1138 salutem.

258 1151 348 1187 Neque
363 1153 433 1180 enim
450 1154 492 1181 ille
506 1154 643 1182 doctorem
659 1156 771 1191 aliquem
786 1156 892 1191 habuit,
912 1165 998 1192 neque
1011 1158 1053 1185 hic

259 1203 444 1232 suggerentem
458 1203 486 1226 et
505 1200 702 1234 consiliarium,
726 1201 773 1229 sed
789 1207 897 1237 uterque
912 1203 1053 1230 conscien-

260 1243 303 1270 tia:
318 1251 373 1271 sua:
388 1245 555 1280 magisterio,
577 1251 605 1274 et
630 1248 759 1282 sapientia
783 1248 912 1276 divinitus
934 1249 1051 1277 humano

260 1290 351 1323 generi
371 1291 553 1325 suppeditata,
577 1292 610 1319 ad
633 1292 702 1319 hanc
724 1293 885 1321 oblationem
908 1295 1052 1323 incitatur:

261 1336 307 1363 sed
323 1335 478 1364 excellentia
488 1338 615 1372 propositi
629 1343 656 1366 et
668 1338 813 1367 voluntatis
833 1340 959 1375 segnities
982 1339 1053 1367 illius

260 1380 366 1415 quidem
381 1383 593 1417 aeceptissimam
609 1383 670 1411 fecit
681 1384 843 1412 oblationem
853 1406 861 1419 ,
877 1385 955 1420 hujus
965 1390 1054 1413 autem

263 1426 438 1461 repudiatam.
453 1427 487 1454 Et
500 1428 672 1463 αερεπίιιὶειις
679 1429 713 1456 ad
719 1429 789 1463 Abel,
800 1434 823 1457 et
835 1430 868 1456 ad
880 1429 947 1457 dona
962 1431 1053 1466 ipsius.

267 1472 332 1500 Vide
351 1473 486 1507 quomodo
505 1474 630 1508 impletur
652 1474 695 1502 hic
714 1474 784 1509 quod
807 1475 833 1502 in
855 1476 993 1510 evangelio
1014 1483 1056 1504 est

261 1517 360 1544 dictum
373 1527 379 1543 :
397 1518 477 1545 Primi
492 1523 570 1546 erunt
584 1519 684 1552 ultimi,
699 1524 725 1547 et
748 1520 832 1547 ultimi
856 1521 932 1555 primi
947 1520 1054 1557 (.llattli.

263 1563 306 1590 19.
322 1563 369 1590 so.-
382 1563 462 1590 Marc.
482 1564 524 1590 10.
540 1564 584 1591 51.
599 1563 661 1591 Luc.
681 1565 723 1592 l5.
741 1565 805 1600 50).
829 1566 898 1593 Ecce
920 1566 990 1593 enim
1010 1567 1054 1601 qui

262 1608 296 1634 oh
319 1608 552 1642 primogenituram
573 1609 738 1644 privilegium
762 1610 890 1642 habebat,
905 1611 1055 1645 ctpro'nde

263 1653 336 1687 prior
358 1653 502 1686 oll'erebat,
518 1653 606 1681 minor
629 1654 702 1681 visus
719 1659 760 1682 est
773 1654 864 1687 fratre,
880 1660 908 1682 ut
921 1656 965 1690 qui
978 1664 1056 1684 secus

263 1699 370 1727 offerret
380 1707 457 1734 quam
470 1700 617 1734 oportebat.
629 1700 693 1728 Nam
702 1707 762 1728 eum
775 1705 887 1736 uterque
898 1701 1052 1734 obtulisset,

264 1745 329 1771 dicit
341 1744 428 1771 divina
439 1744 574 1779 Scriptura
589 1753 594 1771 :
612 1745 644 1771 Et
659 1746 756 1780 aspexit
771 1745 839 1773 Deus
849 1746 883 1772 ad
894 1746 970 1779 Abel,
987 1752 1010 1773 et
1022 1747 1056 1773 ad

263 1791 330 1817 dona
348 1791 413 1825 ejus.
435 1790 502 1824 Quid
518 1794 576 1823 est,
592 1790 626 1818 Et
636 1792 733 1826 asper-it
744 1791 757 1818 5’
770 1791 798 1819 ld
811 1796 867 1824 est,
881 1793 1052 1827 approbavit,

265 1836 380 1863 laudavit
402 1841 535 1869 mentem,
562 1838 699 1865 coronavit
726 1838 905 1871 voluntatem,
929 1843 956 1866 et
981 1840 1055 1874 quasi

263 1881 322 1915 quis
343 1881 430 1916 dicat,
452 1883 520 1909 laeto
540 1888 681 1910 contentus
703 1883 760 1910 fuit.
783 1883 847 1910 Nam
863 1889 890 1911 et
912 1884 934 1912 si
954 1884 988 1912 de
1002 1885 1056 1912 Deo

265 1926 412 1961 loquimur,
435 1931 461 1954 et
484 1927 517 1954 de
531 1927 672 1955 immortali
688 1932 781 1955 natura
796 1929 900 1964 aperire
923 1936 954 1956 os
974 1930 1055 1957 aude-

266 1979 342 2005 mus,
358 1973 420 2006 sed,
435 1980 503 2013 eum,
516 1973 639 2001 homines
653 1974 750 2006 simus,
767 1982 820 2001 non
842 1982 981 2009 possumus
999 1975 1056 2002 haec

264 2017 422 2053 aliterqnam
433 2026 479 2053 per
487 2019 600 2054 linguam
608 2020 754 2054 percipere.
763 2020 877 2047 Attende
885 2028 941 2047 rem
951 2021 1054 2047 miram.

266 2062 384 2098 Aspexit,
395 2064 488 2099 inquit,
501 2064 569 2092 Deus
582 2065 616 2091 ad
628 2065 700 2098 Abel,
709 2065 771 2092 etad
781 2065 847 2092 dona
859 2066 948 2100 ipsius.
963 2065 1056 2093 Ovium

265 2109 426 2137 oblationem
439 2110 507 2137 dona
524 2111 646 2138 vocavit:
667 2111 727 2146 quia
748 2111 879 2146 pretiosa,
902 2111 1014 2144 eximia,
1030 2115 1058 2139 et

267 2156 436 2183 immaculata
450 2156 593 2184 obtulerat.
616 2157 728 2191 Aspexit
741 2157 819 2192 igitur
833 2157 865 2183 ad
879 2156 980 2191 ipsum,
997 2157 1057 2192 quia

267 2209 333 2229 sano
348 2207 374 2229 et
387 2201 491 2230 sincero
503 2203 594 2230 animo
609 2203 759 2236 obtulerat;
779 2208 806 2231 et
819 2203 852 2230 ad
867 2204 936 2231 dona
951 2204 1038 2232 oblata
1048 2225 1056 2237 ,

267 2256 319 2275 non
336 2248 407 2283 quod
421 2248 501 2277 nullis
521 2249 632 2276 maculis
653 2256 761 2285 aspersa
785 2253 886 2277 tantum
897 2270 905 2283 ,
927 2249 973 2277 sed
986 2250 1058 2285 quod

267 2295 339 2322 omni
355 2301 388 2322 ex
411 2299 485 2329 parte
506 2295 622 2329 pretiosa
638 2299 729 2326 erant.
747 2300 802 2322 tum
823 2296 857 2323 ob
873 2300 988 2323 mentem
1001 2295 1059 2330 ejus

266 2341 310 2376 qui
334 2341 481 2374 obtulerat,
504 2346 558 2368 tum
578 2341 648 2376 quod
673 2341 846 2376 primogenita
871 2345 964 2374 erant,
978 2345 1005 2368 et
1026 2349 1058 2368 ex

270 2386 320 2414 illis
341 2386 517 2418 electissima,
541 2391 568 2413 et
582 2394 614 2413 ex
638 2385 760 2420 adipibus
782 2386 863 2421 ipsis,
880 2386 930 2413 hoc
953 2391 1011 2418 est,
1025 2393 1059 2412 ex

268 2432 374 2466 optimis
388 2432 498 2466 optima.
512 2431 546 2459 Et
567 2432 663 2467 aspexit
677 2431 745 2458 Deus
766 2432 799 2458 ad
813 2432 892 2464 Abel,
913 2437 935 2458 et
947 2432 981 2458 ad
994 2431 1060 2458 rloua

268 2478 367 2511 ipsius:
382 2478 398 2505 5
422 2478 456 2504 ad
476 2477 538 2504 Cain
557 2482 640 2504 autem
655 2498 662 2510 ,
682 2483 705 2504 et
719 2479 753 2504 ad
765 2478 892 2512 sacri/icio
910 2478 990 2512 ipsius
1009 2486 1059 2504 non

269 2523 383 2549 attendit.
396 2523 464 2556 Quid
477 2527 547 2550 recta
560 2523 721 2555 intentione,
735 2528 761 2550 et
775 2523 878 2550 sincera
890 2527 977 2550 mente
987 2523 1059 2550 oblu-

270 2570 337 2597 lerat
361 2570 443 2603 Abel,
459 2570 580 2605 Aspexit,
602 2570 701 2604 inquit,
716 2569 802 2601 Deus,
831 2569 882 2596 hoc
902 2574 961 2602 est,
980 2577 1059 2598 acce-

270 2616 324 2649 pit,
341 2619 444 2649 gratum
456 2614 563 2647 habuit,
579 2614 695 2641 laudavit
708 2622 716 2646 ;
730 2619 856 2641 emtorqu
877 2614 965 2642 oblata
979 2621 1060 2641 voca-

272 2661 309 2687 vit
333 2660 420 2693 dona,
455 2665 483 2687 ut
509 2667 556 2695 per
579 2660 632 2688 hoc
661 2660 798 2688 oﬁ'erentis
819 2660 908 2687 animo
933 2659 1058 2693 majorem

270 2706 401 2732 honorem
421 2705 561 2740 pra-heret.
583 2705 624 2732 Ad
642 2705 705 2733 Cain
728 2711 827 2737 autent,
850 2710 872 2731 et
892 2705 925 2731 ad
937 2705 1060 2739 sacriﬁcia

270 2751 339 2778 illius
363 2759 413 2778 non
432 2751 547 2778 attendit.
571 2751 759 2778 Animadverte
780 2751 925 2786 Scriptura:
951 2750 1060 2785 diligen-

303 2819 310 2834 ¹
328 2798 396 2844 ξένη.
411 2822 435 2844 el
447 2819 555 2850 quinque
565 2823 629 2849 Mss,
647 2819 689 2844 sed
705 2817 763 2850 quid
776 2817 788 2842 .’

605 95 634 123 S.
656 95 795 124 JOANNIS
811 94 1046 124 CHRYSOSTUMI
1067 95 1225 129 ARCHIEP.
1246 98 1514 128 CONSTAN‘I‘INOP.

1835 99 1886 128 156

1100 156 1162 182 tiam
1177 157 1196 182 ‘.
1211 155 1276 183 Cum
1291 156 1366 188 dixit,
1383 157 1442 184 Non
1453 157 1568 189 attendit,
1587 156 1742 183 monstravit
1761 156 1887 190 reproba-

1098 202 1196 228 tioncm
1210 201 1377 229 oblatorum:
1393 207 1419 229 et
1430 210 1490 229 cum
1501 201 1650 229 oblationes
1665 201 1796 228 fructuum
1809 206 1889 228 terra:

1097 247 1225 275 sacriﬁcia
1250 253 1345 281 vocat,
1369 248 1441 275 aliud
1468 255 1516 275 nos
1544 247 1630 274 docet.
1658 246 1726 274 Vide
1753 246 1890 282 quomodo

1099 300 1146 327 per
1167 291 1235 320 facta
1255 298 1282 320 et
1306 293 1387 321 verba
1403 293 1459 328 ipsa
1484 293 1580 320 doceat
1606 292 1755 324 Dominus,
1778 300 1808 319 se
1831 291 1890 319 lucc

1101 338 1189 365 omnia
1212 346 1228 365 a
1252 338 1329 366 nobis
1345 339 1413 365 velle
1429 338 1545 373 praestari
1559 358 1566 370 ,
1591 343 1619 365 ut
1639 337 1721 364 animi
1736 337 1818 365 nostri
1843 345 1892 372 per

1098 391 1128 411 ea
1151 391 1209 418 qua:
1228 391 1243 410 a
1266 383 1342 410 nobis
1364 383 1450 416 ﬁunt,
1474 382 1607 410 manifesti
1629 382 1793 415 reddantur,
1816 386 1843 410 et
1863 388 1893 409 ut

1098 429 1213 456 sciamus
1233 435 1282 457 nos
1305 429 1443 456 Dominum
1471 428 1570 456 habere
1586 433 1614 456 et
1634 427 1804 455 Conditorem
1828 436 1891 456 eum

1099 474 1144 509 qni
1159 482 1190 501 ex
1216 474 1299 501 nihilo
1315 481 1363 501 nos
1375 478 1404 501 ut
1427 480 1548 501 essemus
1571 473 1704 508 produxit.
1727 472 1798 500 Oves
1819 474 1892 500 enim

1101 526 1210 547 munera
1235 519 1396 546 nominando
1420 519 1509 546 divina
1531 518 1683 553 Scriptura.
1700 522 1777 545 terrae
1803 522 1893 545 autem

1102 560 1202 592 fruetus
1219 564 1347 592 sacriﬁcia
1375 563 1553 599 appellando,
1581 564 1658 591 docet
1669 570 1718 590 nos
1751 563 1892 590 Dominum

1102 618 1188 645 neque
1202 614 1229 637 ut
1251 610 1327 637 bruta
1340 609 1519 641 adducantur,
1542 616 1628 644 neque
1649 613 1678 636 ut
1690 613 1770 636 terra:
1794 608 1896 636 fructus

1101 656 1247 684 offerantur
1258 677 1266 689 ,
1282 656 1328 684 sed
1345 660 1446 683 tantum
1468 655 1565 683 mentis
1583 654 1749 682 affectionem
1764 661 1895 689 quzerere.

1102 702 1178 730 Umle
1192 707 1219 729 et
1233 709 1304 729 nunc
1319 706 1426 736 propter
1440 700 1538 728 mentis
1548 700 1715 737 allectionem
1728 700 1773 727 ille
1785 700 1894 735 quidem

1102 756 1162 775 cum
1177 748 1254 774 donis
1277 748 1438 782 approbatus
1453 751 1512 780 est,
1525 751 1552 773 et
1572 751 1664 782 gratus
1680 746 1728 773 fuit
1741 754 1751 772 :
1766 746 1816 774 iste
1831 753 1898 773 vero

1101 802 1161 822 eum
1175 793 1307 822 sacriﬁcio
1317 801 1365 821 suo
1376 793 1491 828 rejeetus
1499 797 1550 820 est.
1560 792 1625 819 illud
1636 796 1724 819 autem
1732 813 1739 826 ,
1750 792 1852 827 Aspexit
1864 792 1900 818 ad

1102 840 1180 873 Abel,
1194 845 1216 866 et
1227 840 1261 866 ad
1272 847 1375 866 munera
1386 839 1465 873 ipsius
1477 859 1484 872 ,
1497 838 1530 865 ad
1543 837 1607 865 Cain
1618 842 1717 870 autem,
1728 841 1750 864 et
1760 837 1797 863 ad
1820 837 1899 863 sacri-

1104 887 1163 921 ﬁcia
1184 886 1253 913 illius
1274 894 1325 912 non
1350 884 1472 918 attendit,
1498 885 1534 911 ita
1559 883 1739 918 intelligamus
1762 887 1792 910 ut
1814 883 1898 910 Deum

1104 932 1191 960 decet.
1207 931 1272 958 Vult
1286 931 1356 958 enim
1380 931 1487 963 dicere,
1504 930 1587 957 Deum
1604 929 1655 956 illis
1670 933 1761 956 notum
1786 929 1898 962 fecisse,

1103 987 1133 1007 se
1145 980 1214 1007 illius
1222 979 1370 1014 approbare
1381 977 1554 1010 voluntatem,
1570 976 1647 1011 hujus
1664 980 1752 1003 autem
1767 976 1901 1010 repellere

1105 1025 1236 1060 ingratum
1251 1024 1379 1051 animum.
1394 1022 1551 1058 Hujusmodi
1561 1027 1623 1049 sunt
1634 1029 1665 1049 ea
1674 1028 1733 1056 quae
1747 1029 1761 1047 a
1772 1021 1825 1048 Deo
1837 1025 1898 1048 acta

1105 1071 1195 1098 fuere:
1211 1070 1349 1098 videamus
1362 1074 1451 1096 autem
1472 1069 1620 1104 sequentia.
1632 1068 1666 1094 Et
1688 1067 1790 1094 tristitia
1812 1067 1899 1100 affecit

1106 1117 1167 1144 Cain
1180 1116 1252 1143 valde
1266 1115 1303 1151 (a)
1313 1137 1320 1148 ,
1335 1120 1357 1142 et
1372 1115 1481 1142 concidit
1488 1115 1570 1141 vultus
1582 1114 1645 1148 ejus.
1662 1113 1730 1146 Quid
1746 1118 1796 1145 εει,
1811 1112 1842 1139 Et
1856 1113 1901 1139 tri-

1104 1163 1174 1191 stitia
1195 1162 1280 1196 affecit
1302 1162 1365 1190 Cain
1387 1162 1480 1189 valde?
1493 1161 1597 1196 Duplex
1610 1160 1646 1187 illi
1665 1159 1770 1186 tristitia
1790 1158 1898 1190 accidit,

1104 1216 1158 1236 non
1173 1213 1274 1236 tantum
1298 1207 1369 1243 quod
1392 1207 1464 1234 solus
1487 1207 1544 1241 ipse
1567 1205 1739 1240 repudiatus,
1754 1204 1801 1232 sed
1829 1204 1902 1238 quod

1106 1254 1197 1281 fratris
1225 1253 1324 1280 donum
1356 1256 1494 1286 acceptum
1521 1251 1610 1278 fuerit.
1636 1249 1670 1277 Et
1693 1250 1794 1276 tristitia
1816 1249 1902 1282 a/fecit

1104 1298 1169 1326 Cain
1183 1299 1265 1331 valde,
1279 1304 1303 1325 et
1316 1299 1424 1326 concidit
1438 1298 1520 1325 vultus
1540 1297 1619 1324 illius.
1635 1296 1703 1330 Quid
1725 1295 1812 1323 affecit
1826 1295 1901 1322 illum

1107 1345 1230 1373 tristitia?
1253 1345 1368 1380 Utraque
1390 1344 1446 1371 lucc
1458 1343 1535 1371 valde
1561 1343 1667 1370 tristitia
1690 1342 1850 1374 atl‘ecerunt,
1875 1346 1903 1368 et

1105 1390 1176 1426 quod
1198 1390 1325 1418 Dominus
1346 1397 1398 1416 non
1422 1388 1565 1416 attenderit
1587 1387 1744 1416 sacriﬁcium
1768 1387 1860 1422 ipsius,
1875 1391 1903 1413 et

1105 1435 1176 1471 quod
1198 1435 1296 1462 donum
1319 1434 1408 1462 fratris
1428 1438 1567 1468 acceptum
1588 1433 1612 1460 ei
1632 1432 1722 1460 fuerit.
1738 1432 1803 1459 Cum
1823 1427 1914 1466 igitur

1106 1489 1173 1516 opus
1187 1485 1258 1508 esset
1273 1485 1302 1508 ut
1315 1480 1347 1512 is,
1363 1480 1406 1515 qui
1430 1479 1557 1507 delictum
1572 1479 1725 1510 admiserat,
1741 1478 1804 1505 illud
1817 1479 1903 1505 corri-

1107 1532 1200 1562 geret:
1217 1526 1344 1554 Dominus
1367 1525 1438 1552 enim
1453 1524 1570 1552 clemens
1585 1531 1646 1551 cum
1658 1524 1703 1556 sit,
1720 1531 1772 1550 non
1786 1527 1838 1549 tam
1854 1531 1903 1549 nos

1107 1577 1244 1600 aversatur
1259 1572 1280 1598 si
1296 1570 1492 1606 delinquamus,
1509 1576 1588 1604 quam
1606 1569 1627 1596 si
1644 1568 1670 1595 in
1684 1568 1781 1596 delicto
1795 1575 1902 1602 perma-

1107 1625 1217 1647 ncamus
1234 1626 1241 1644 :
1258 1617 1302 1644 ille
1316 1621 1407 1644 contra
1421 1616 1519 1642 nullam
1532 1615 1588 1649 ejus
1597 1615 1725 1641 rationem
1739 1613 1843 1640 habuit.

1143 1665 1170 1691 6.
1185 1663 1289 1690 Bonitas
1303 1661 1351 1688 Dei
1381 1669 1441 1696 erga
1462 1661 1579 1687 Cainum.
1603 1659 1636 1686 In
1659 1658 1825 1686 oblationibus
1842 1658 1904 1692 quid

1107 1710 1298 1738 observandum.
1311 1723 1348 1728 ——
1367 1708 1400 1735 Et
1413 1711 1442 1735 nt
1455 1707 1505 1734 hoc
1524 1706 1661 1734 evidenter
1678 1704 1757 1737 scias,
1772 1707 1800 1732 et
1825 1704 1903 1731 beni-

1106 1755 1217 1791 gnitatis
1245 1755 1329 1789 ipsius
1358 1752 1565 1788 magnitudinem
1595 1751 1755 1779 inell'abilem
1787 1750 1903 1783 videas,

1110 1801 1168 1828 vide
1200 1807 1233 1828 ex
1263 1799 1305 1827 his
1332 1807 1392 1834 quae
1421 1805 1492 1825 nunc
1517 1797 1582 1824 ﬁunt
1606 1796 1733 1824 bonitatis
1757 1796 1826 1823 illius
1854 1803 1904 1822 ex-

1108 1847 1275 1878 cellentiam,
1297 1850 1324 1873 et
1343 1844 1475 1880 patientia:
1498 1843 1716 1878 magnitudinem.
1741 1842 1807 1869 Nam
1831 1846 1904 1876 post-

1108 1900 1186 1928 quam
1212 1891 1278 1919 vidit
1298 1890 1372 1918 illum
1399 1897 1478 1924 supra
1504 1889 1611 1916 modum
1640 1892 1777 1920 mtestum,
1800 1891 1842 1918 ct,
1875 1890 1905 1914 ut

1109 1940 1144 1966 ita
1157 1939 1254 1971 dicam,
1267 1945 1282 1964 a
1295 1936 1410 1964 tristitiae
1421 1935 1544 1963 ﬂuctibus
1559 1934 1725 1962 submersum
1741 1934 1784 1966 iri,
1794 1941 1846 1959 non
1856 1933 1903 1970 tle-

1109 1984 1205 2019 spexit,
1216 1983 1263 2011 sed
1276 1990 1355 2019 quam
1369 1990 1430 2017 erga
1443 1986 1543 2016 patrem
1555 1981 1638 2016 ipsius
1650 1979 1840 2012 benignitatem
1852 1978 1903 2005 de—

1108 2030 1256 2058 claraverat
1265 2049 1273 2061 ,
1282 2028 1350 2055 dans
1361 2027 1398 2054 illi
1408 2026 1588 2055 satisfaciendi
1598 2025 1752 2053 occasiones
1767 2028 1827 2059 post
1840 2031 1901 2059 gra-

1109 2083 1169 2104 vem
1188 2075 1261 2103 illum
1281 2075 1402 2109 lapsura,
1423 2081 1454 2101 ac
1475 2073 1579 2100 ﬁduciae
1597 2072 1705 2107 januam
1721 2071 1860 2106 aperiens,
1874 2074 1902 2097 et

1109 2123 1200 2151 dicens
1212 2131 1218 2149 :
1234 2122 1282 2150 Ubi
1295 2122 1338 2148 es?
1348 2121 1469 2149 eamdem
1484 2125 1510 2148 et
1524 2127 1596 2148 nunc
1606 2126 1669 2154 erga
1682 2119 1813 2153 ingratum
1827 2117 1901 2144 illum

1109 2169 1245 2200 declarat,
1268 2175 1376 2195 manum
1400 2166 1437 2193 illi
1456 2165 1531 2201 quasi
1551 2165 1575 2192 in
1595 2171 1715 2200 praeceps
1729 2163 1801 2190 eunti
1815 2162 1902 2197 porri-

1112 2222 1198 2249 gens;
1221 2219 1250 2242 et
1267 2213 1434 2240 occasionem
1456 2211 1575 2246 praebere
1596 2210 1706 2242 volens,
1728 2214 1756 2236 ut
1777 2207 1902 2235 delictum

1111 2257 1244 2295 corrigat,
1268 2259 1305 2286 illi
1330 2258 1394 2286 dicit
1417 2266 1424 2283 :
1449 2257 1476 2284 6.
1500 2256 1585 2288 Quare
1604 2255 1704 2282 mestus
1723 2258 1806 2289 [actus
1820 2253 1906 2280 es?“

1109 2313 1188 2340 quare
1204 2305 1310 2332 concidit
1328 2304 1410 2330 uultus
1430 2307 1486 2330 tuus
1497 2302 1510 2328 ?
1529 2303 1555 2329 7.
1576 2301 1683 2333 Nonne,
1695 2301 1717 2326 si
1729 2304 1793 2326 recte
1805 2299 1904 2326 obtule-

1111 2352 1156 2383 ris,
1169 2355 1236 2378 recte
1251 2355 1334 2377 autem
1349 2357 1399 2376 non
1414 2349 1538 2380 diriseris,
1555 2347 1684 2382 peccasti?
1696 2346 1810 2380 Quiesce.
1827 2346 1867 2372 Ad
1882 2350 1905 2371 te

1111 2396 1236 2424 conversio
1247 2396 1316 2422 illius
1326 2416 1332 2427 ,
1347 2399 1370 2421 et
1381 2399 1407 2421 tu
1419 2394 1488 2420 illitis
1500 2393 1679 2419 dominoberis.
1696 2390 1887 2418 Animadverte
1896 2411 1903 2422 ,

1111 2442 1219 2471 dilecte.
1232 2439 1391 2466 iiteﬁaltilcm
1420 2438 1592 2473 providentiae
1613 2436 1814 2472 indulgentiam.
1837 2435 1903 2468 Quia

1112 2487 1183 2514 enim
1197 2484 1263 2512 vidit
1281 2484 1354 2511 illum
1368 2484 1403 2511 ab
1415 2482 1567 2510 invidentia:
1582 2482 1692 2515 morbo,
1708 2485 1737 2508 ut
1749 2481 1784 2507 ita
1799 2479 1903 2507 dicam.

1109 2525 1273 2560 oppugnari,
1288 2525 1348 2551 vide
1362 2524 1497 2558 quomodo
1510 2531 1558 2559 pro
1568 2531 1614 2551 sua
1624 2524 1741 2551 bonitate
1755 2532 1905 2560 congruen-

1109 2577 1143 2599 tia
1158 2578 1208 2605 ψει
1221 2570 1336 2598 remedia
1349 2570 1458 2605 apponit
1470 2590 1477 2603 ,
1495 2574 1524 2597 ut
1536 2571 1626 2597 statim
1641 2571 1780 2604 educatur,
1791 2575 1818 2598 et
1827 2572 1904 2606 aquis

1109 2625 1161 2645 non
1177 2617 1314 2645 obruatur.
1331 2617 1416 2650 Quare
1426 2621 1528 2643 maestus
1541 2616 1622 2651 factus
1635 2625 1660 2643 es
1669 2617 1682 2643 .9
1695 2622 1717 2644 et
1727 2625 1805 2652 quare
1818 2619 1903 2644 conci-

1108 2664 1145 2690 dit
1157 2664 1237 2690 vultus
1259 2667 1316 2689 tuus
1326 2664 1338 2690 .7
1350 2662 1437 2696 Quare
1452 2667 1522 2689 tanta
1534 2662 1662 2690 detineris
1674 2663 1790 2696 tristitia,
1800 2669 1827 2690 ut
1839 2669 1866 2690 et
1876 2664 1901 2690 in

1106 2711 1173 2740 facie
1186 2710 1310 2738 mceroris
1319 2708 1526 2744 magnitudinem
1536 2709 1680 2737 ostendas?
1696 2710 1780 2744 Quare
1792 2710 1902 2737 concidit

1148 2784 1157 2800 ι
1174 2782 1269 2807 Ceislin.
1277 2799 1284 2809 ,
1299 2780 1425 2806 rerimtem,

1149 2805 1260 2844 (ej—tida
1272 2805 1340 2836 ιῖηιιῑ.
1352 2809 1422 2841 hujus
1432 2807 1499 2837 tomi,
1510 2805 1522 2837 §
1535 2805 1574 2831 ιν.
