2060 3122
149 141 198 168 l5?

147 198 230 224 ratius
249 201 308 223 tuus
318 196 332 224 Ι
348 203 396 223 cur
410 203 443 223 ex
460 195 508 222 hac
522 202 550 222 re
566 195 750 222 conturbaris"
764 202 845 230 quare
859 203 911 222 non
924 202 938 222 a

149 249 172 269 te
186 249 243 276 Ipso
258 241 331 276 quod
344 241 482 275 oportebat
498 240 554 267 ﬁeri
565 260 573 273 ,
593 240 788 268 considerasti?
801 240 869 268 Num
890 240 940 267 lto-

149 288 212 314 mini
236 287 398 314 sacrilicium
420 286 545 318 obtulisti,
560 286 605 321 qui
623 285 678 313 falli
701 286 805 320 possit?
823 286 937 321 ignoras,

147 334 211 361 mihi
232 341 285 361 non
307 341 368 360 esse
387 341 454 368 optts
468 336 497 359 ut
510 333 608 368 aliquid
622 332 765 366 offeratur,
781 333 828 360 sed
843 341 885 361 me
898 341 942 360 sa.

147 388 207 407 nam
229 379 397 406 offerentium
414 383 528 405 tuentem
544 378 632 405 velle?
648 378 732 411 Quare
743 383 844 406 nttzstua
859 380 941 414 fartus

146 434 172 452 cs
184 426 196 452 ?
209 430 233 452 et
245 433 323 459 quare
336 424 445 451 concidit
459 423 541 451 uultus
557 424 634 451 tuus?
648 423 741 451 Nonne
754 425 775 452 si
788 430 853 452 recte
867 426 941 452 obtu-

146 469 221 502 [ιιι-ῖς,
242 477 292 496 non
308 474 391 495 autent
407 473 471 495 recte
484 469 598 501 dividas,
612 470 738 503 peccasti?
750 470 825 502 Quod
840 469 866 497 in
882 470 942 498 ani-

148 524 223 542 mtnn
240 515 366 542 induxisti
376 535 384 548 ,
398 521 458 542 esse
472 514 635 541 offerendum
645 535 653 545 ,
670 515 746 542 laude
758 515 865 549 dignum
880 521 940 550 est;

145 563 220 597 quod
235 569 297 589 vero
308 569 359 589 non
381 565 455 588 recte
469 560 589 594 dividas,
604 561 629 588 id
644 565 673 588 ut
685 561 801 589 oblatum
817 561 940 595 repudia-

147 613 224 635 retur
235 608 331 635 ctfccit.
351 607 498 642 Oportebat
508 607 578 634 enitn
594 607 750 635 offerentem
763 609 833 642 Deo,
849 609 874 635 itt
888 609 942 636 dis-

146 654 280 682 cernendo
295 661 416 688 magnam
438 653 564 681 adhibere
582 653 744 687 diligentiam
760 657 804 681 :et
816 659 941 689 quantum

150 700 277 726 differunt
292 699 335 734 qui
350 698 427 726 olfcrt
446 703 472 725 et
489 699 533 734 qui
546 699 661 733 accipit,
678 703 749 726 tanta
761 703 788 726 et
803 699 829 726 in
842 700 943 727 discre-

148 746 218 771 tione
230 744 348 771 facienda
368 744 518 771 diversitas.
533 744 566 770 At
580 744 673 771 horum
688 743 753 770 nihil
767 749 794 772 ιιι
806 745 941 780 cogitasti,

148 791 193 817 sed
219 794 248 817 ut
276 789 383 816 fortuito
395 789 522 824 contigit,
534 789 662 816 obtulisti.
679 790 765 824 Atque
778 790 876 817 ideirco
889 799 941 818 non

150 841 293 871 potuerunt
312 843 372 863 esse
386 840 503 870 accepta.
519 835 585 862 Nam
600 835 668 862 sicut
681 835 785 863 animus
800 840 876 870 tuus,
890 845 942 872 quo

148 882 312 909 oblationem
336 880 431 912 fecisti,
448 881 512 907 nihil
525 880 676 908 intermcdii
697 888 757 908 esse
770 882 941 916 existimans,

147 928 236 955 effecit
260 932 289 954 ut
309 927 483 961 rcjicerentur
503 934 535 953 ea
552 934 611 961 quae
633 934 648 953 a
669 930 694 953 te
707 932 767 954 sunt
780 927 867 955 oblata
883 937 889 954 ε
903 929 943 956 sic

150 973 240 1000 fratris
255 973 292 1000 lui
308 973 428 1005 animus,
445 972 488 1007 qtti
502 977 589 999 rectus
604 971 667 1004 fuit,
683 977 708 999 et
723 973 834 999 multum
850 974 875 1000 in
889 973 943 1000 dis-

148 1019 283 1046 cernendo
304 1018 420 1045 studium
441 1017 546 1050 habuit,
566 1023 673 1052 accepta
697 1017 767 1045 illitts
786 1018 854 1045 dona
869 1018 941 1047 fecit.

151 1066 338 1093 Verumtamen
362 1072 448 1099 neque
470 1065 508 1091 sic
531 1071 636 1098 pinnam
657 1063 745 1091 delicti
769 1070 878 1100 repeto,
893 1065 940 1094 scd

147 1113 263 1140 ostendo
292 1112 430 1138 dumtaxat
454 1111 601 1143 delictum,
624 1114 651 1137 et
676 1111 813 1138 consilium
837 1111 940 1146 altero,

145 1158 218 1192 quod
239 1158 262 1185 si
283 1157 404 1192 accipere
424 1157 555 1189 volttcris',
573 1160 600 1183 et
614 1161 751 1190 peccatum
767 1157 921 1184 emendabis
933 1177 940 1190 ,

146 1209 176 1232 et
194 1205 308 1239 tcipsnm
327 1203 492 1239 gravioribus
507 1203 583 1230 titulis
599 1211 651 1230 non
667 1203 795 1231 involves.
810 1203 877 1237 Quid
892 1204 941 1239 igi-

148 1251 210 1277 tur?
223 1250 353 1283 Peccasti,
366 1254 394 1277 et.
403 1249 519 1284 graviter
528 1249 653 1284 peccasti,
667 1249 712 1276 sed
724 1257 776 1276 non
789 1250 867 1284 punio
879 1258 941 1285 pro-

147 1300 206 1330 pter
220 1296 345 1323 delictum
361 1305 367 1322 :
382 1295 510 1329 benignus
525 1295 596 1322 enim
612 1302 688 1328 sum,
705 1299 732 1322 et
748 1294 816 1322 Nolo
839 1301 942 1322 mortem

147 1342 287 1377 peccatoris
296 1362 302 1374 ,
322 1341 367 1368 sed
379 1346 404 1368 ut
418 1345 575 1368 convertatur
589 1345 610 1367 et
625 1341 690 1367 vivat
704 1340 808 1375 (Ezcclt.
825 1341 868 1368 I8.
881 1341 939 1376 €25).

146 1388 227 1423 Igitur
237 1387 298 1423 quia
313 1387 437 1423 peccasti,
453 1387 567 1419 Quiesce,
581 1386 798 1421 tranquillitatem
814 1393 878 1422 para
893 1394 941 1413 co-

144 1434 319 1469 gitationibus
334 1433 403 1466 tuis,
424 1439 451 1460 et
470 1433 552 1459 libera
573 1437 689 1459 mentem
709 1439 725 1458 a
747 1432 871 1467 procellis
890 1432 940 1460 ilu-

145 1485 237 1507 ctnum
261 1478 462 1511 inundantium,
485 1477 581 1505 cohibe
605 1477 831 1512 perturbationem
852 1478 939 1511 illam,

145 1534 181 1554 ne
204 1526 288 1553 addas
311 1525 392 1560 priori
408 1529 516 1560 peccato
529 1524 635 1559 gravius
649 1523 734 1556 aliud,
754 1531 840 1559 neque
854 1524 941 1551 consi-

145 1572 210 1599 Iittm
223 1571 332 1607 aliquod
346 1570 539 1598 immedicabile
552 1570 674 1604 arripias.
686 1569 725 1598 Ne
739 1570 851 1604 tcipsutn
865 1570 940 1596 mali-

143 1626 199 1653 gno
212 1617 327 1644 ιῑτειιιοιιί
340 1617 472 1651 captivum
487 1616 586 1643 tradas.
603 1615 725 1648 Peccasti,
741 1616 848 1651 quiesce.
865 1615 940 1643 Scie-

146 1664 192 1691 bat
211 1664 244 1690 ab
266 1663 342 1690 initio
361 1662 430 1697 quod
453 1661 562 1689 fratrem
585 1661 628 1688 ltic
646 1661 797 1688 adoriturus
811 1666 899 1693 esset,
914 1666 942 1688 et

146 1710 206 1737 ideo
219 1714 297 1736 atttca
312 1708 401 1736 verbis
416 1708 544 1742 repritnit.
560 1707 625 1734 Nam
637 1706 697 1741 quia
713 1711 845 1741 tamquam
859 1707 939 1739 Deus,

144 1755 187 1782 cui
207 1755 288 1782 etiam
310 1761 406 1780 arcana
425 1757 488 1780 sunt
510 1752 631 1787 cognita,
651 1751 751 1779 sciebat
768 1752 856 1779 cordis
870 1752 940 1779 illius

145 1805 233 1827 motus
243 1821 251 1833 ,
273 1800 385 1826 multum
407 1798 590 1831 admonendo,
609 1801 637 1824 et
651 1797 730 1824 verba
744 1797 813 1824 illius
827 1798 940 1825 inlirmi-

146 1846 193 1873 tati
212 1845 383 1874 accommoda
394 1843 553 1879 proferendo
566 1848 755 1878 congruentem
769 1843 818 1878 ipsi
830 1844 940 1871 medici-

147 1900 208 1919 nam
228 1892 354 1926 protulit,
371 1898 430 1925 qua:
452 1889 477 1917 itt
498 1897 528 1917 se
542 1892 619 1917 erant
633 1888 721 1916 omnia
735 1888 852 1922 faciens,
870 1892 938 1916 tam-

145 1938 195 1966 ctsi
218 1938 264 1964 ille
284 1937 391 1971 repulso
412 1935 621 1968 medicamento,
641 1934 666 1961 in
680 1933 817 1961 fratricidii
832 1935 940 1969 profun-

146 1984 209 2011 dtttn
230 1990 260 2011 se
275 1981 455 2018 prtecipitarit.
469 1980 583 2007 Peccasti
595 1999 602 2012 ,
615 1980 721 2015 quiesce.
736 1979 774 2006 Ne
790 1983 864 2014 putes
876 2000 884 2011 ,
900 1980 939 2006 itt-

146 2030 219 2064 quit,
236 2030 297 2057 licet
313 2033 386 2055 tuum
399 2032 539 2054 aversatus
551 2026 600 2053 sim
611 2025 770 2053 sacrificium
780 2024 815 2052 ob
829 2032 936 2060 pravam

148 2080 279 2107 tuentem,
303 2074 443 2109 fratrisque
462 2073 622 2101 oblationem
645 2076 779 2106 acceptant
800 2071 937 2098 habuerint

147 2123 181 2150 ob
195 2129 287 2150 sanam
301 2121 486 2152 intentionem,
499 2127 542 2146 me
552 2118 612 2146 ideo
623 2118 735 2153 primatu
747 2121 772 2145 te
782 2116 936 2150 destituere,

147 2173 174 2195 et
194 2167 411 2203 primogenitum
432 2165 586 2200 dignitatem
607 2171 621 2190 a
638 2168 664 2191 te
683 2162 798 2190 auferre.
813 2162 937 2195 Quiesce;

147 2221 207 2241 nam
231 2213 293 2240 licet
307 2212 407 2239 honore
419 2219 468 2246 ego
484 2210 557 2237 illum
573 2213 748 2245 proseqttutus
761 2208 855 2236 fuerim
867 2230 873 2242 ,
890 2216 937 2235 ae—

147 2265 275 2294 eeptaque
289 2258 384 2285 fuerint
399 2258 468 2284 illius
480 2256 549 2284 dona
566 2265 572 2284 :
588 2260 771 2283 verumtamen
785 2255 824 2281 Ad
839 2259 862 2281 te
877 2263 937 2281 can-

147 2307 225 2333 venio
235 2305 315 2338 illius,
336 2310 358 2331 et
373 2309 399 2331 tu
413 2304 494 2338 ipsius
508 2302 687 2330 dominabcris.
699 2301 789 2336 Itaque
802 2305 862 2336 post
876 2308 937 2336 pce-

148 2357 235 2379 catum
258 2351 310 2378 hoc
331 2349 476 2384 permitto,
500 2353 530 2375 ut
553 2347 770 2384 primogenitum:
792 2346 936 2382 privilegiis

145 2398 261 2432 gaudeas
271 2419 279 2430 ,
296 2397 422 2431 illumque
435 2396 484 2423 sub
500 2400 542 2422 tua
559 2398 690 2429 potestate
704 2398 731 2422 et
744 2393 862 2421 dominio
876 2401 937 2421 esse

144 2444 233 2478 jubeo.
249 2443 315 2470 Vide
336 2442 524 2477 benignitatem
540 2439 661 2474 Domini,
675 2440 807 2476 quomodo
820 2440 935 2468 furorem

145 2496 171 2518 et
193 2491 322 2518 insaniam
345 2490 412 2517 illius
431 2489 600 2521 demulcere,
615 2493 641 2515 et
655 2488 742 2514 verbis
757 2487 798 2514 his
809 2487 935 2521 impetutn

144 2535 250 2564 auferre
271 2535 374 2562 nititur.
389 2534 492 2569 Quippe
507 2538 594 2560 motus
607 2533 704 2560 mentis
716 2532 784 2559 illius
797 2532 898 2564 videns,
910 2536 937 2558 et

144 2581 278 2609 crudelem
298 2587 330 2607 ac
348 2579 542 2615 sanguinariam
565 2578 635 2605 illius
647 2578 809 2605 voluntatem
830 2577 936 2612 sciens,

146 2634 214 2654 nunc
238 2626 417 2661 praemitigarc
436 2625 492 2659 ejus
513 2625 642 2651 rationem
656 2623 710 2650 vult
725 2628 751 2650 et
764 2622 935 2650 serenitatem

145 2673 227 2700 menti
240 2671 368 2700 inducere
380 2691 388 2704 ,
402 2669 566 2704 subjicienda
579 2669 628 2704 ipsi
642 2669 749 2696 fratrem
762 2689 770 2701 ,
783 2674 811 2695 et
825 2672 935 2702 potesta-

145 2723 197 2746 tem
221 2718 305 2753 ipsius
317 2716 385 2744 nihil
397 2715 548 2744 minuendo.
563 2714 749 2742 Verumtamen
766 2717 824 2748 post
836 2717 934 2740 tantam

144 2772 235 2792 curam
255 2768 282 2791 et
295 2767 367 2790 tanta
381 2762 498 2790 remedia
511 2761 576 2789 nihil
590 2760 722 2789 commodi
736 2760 799 2788 Cain
815 2759 876 2787 inde
891 2767 934 2786 re—

145 2810 213 2837 tulit.
236 2810 352 2837 Tantum
375 2807 443 2836 valet
465 2806 562 2836 mentis
574 2806 713 2835 diversitas
725 2810 752 2835 et
764 2806 872 2834 malitiae
889 2811 935 2834 ex~

143 2864 245 2885 CCSSIIS.

664 138 694 166 IN
714 138 787 166 CAP.
810 139 854 167 IV.
875 136 993 166 GENES.
1015 137 1127 166 llOllIlL.
1148 139 1219 167 XIX.

1733 142 1781 171 153

1031 195 1056 222 7.
1080 196 1188 224 .Iloralis
1208 197 1331 232 epilogus.
1344 213 1379 217 -—
1400 198 1451 226 Sed
1474 205 1508 226 ne
1526 199 1629 234 longius
1652 205 1786 233 protracta

993 242 1079 268 "ratio
1100 247 1188 269 nostra
1212 243 1315 270 caritati
1333 247 1429 270 vestra:
1443 244 1591 272 tnolcstiattt
1606 244 1732 274 exhibere
1747 249 1782 273 ri-

992 286 1086 314 dcatttr
1097 307 1104 320 ,
1129 295 1195 315 neve
1220 288 1325 315 taedium
1340 288 1414 316 vobis
1425 289 1520 317 all'erre
1533 290 1575 317 hic
1589 298 1678 318 sermo
1692 297 1782 319 noster

993 338 1150 366 censeatur,
1174 338 1201 361 et
1219 341 1298 361 aures
1321 340 1423 362 vestras
1437 335 1576 368 obtundat,
1594 336 1636 364 hic
1649 337 1728 364 tinem
1744 338 1782 365 di-

993 379 1069 406 cendi
1085 379 1230 413 facientes,
1247 385 1363 408 vestrum
1385 380 1510 409 audiendi
1528 382 1642 409 studium
1659 382 1781 410 cohorte-

995 434 1072 459 mnr,
1097 431 1125 454 ut
1146 427 1260 454 caveatis
1282 436 1315 455 ne
1339 428 1418 455 istum
1441 428 1596 460 imitemini,
1612 433 1639 456 et
1651 432 1679 456 ut
1693 429 1782 456 relicta

994 472 1065 499 omni
1090 473 1186 500 malitia
1198 494 1205 506 ,
1229 473 1352 501 mandata
1370 474 1472 501 Domini
1487 479 1587 502 attente
1600 482 1630 502 ac
1642 475 1784 510 diligenter

995 518 1154 552 perficiatis,
1172 520 1318 553 prtesertim
1340 525 1399 554 post
1421 524 1492 547 tanta
1517 521 1631 555 taliaqtte
1651 520 1783 555 exempla.

994 562 1083 598 Neque
1105 564 1174 590 enim
1197 564 1230 591 ad
1251 564 1425 599 ignorantiam
1441 565 1567 600 deinceps
1582 566 1721 601 quisquam
1736 573 1784 592 no-

994 613 1077 636 strum
1098 610 1241 645 confugere
1261 612 1366 645 poterit.
1387 611 1452 638 Nam
1473 612 1495 638 si
1510 612 1568 644 hic,
1581 611 1644 639 Cain
1658 612 1782 647 inquam,

995 657 1095 683 nttllttnt
1103 662 1164 684 ante
1174 665 1203 685 se
1213 658 1321 689 invenit,
1332 659 1374 692 qui
1388 658 1438 685 tale
1446 658 1570 693 quiddattt
1582 659 1676 693 egerit,
1689 658 1786 685 nihilo-

995 702 1082 730 minus
1107 707 1194 730 tatncn
1216 703 1406 731 intolerabilem
1426 708 1452 731 et
1471 712 1577 739 gravem
1605 705 1675 731 illam
1703 705 1785 731 susti-

995 749 1051 775 nuit
1066 757 1182 784 poauatn,
1197 757 1275 784 quatn
1290 754 1316 776 et
1328 757 1373 776 vos
1386 754 1477 784 postea
1491 750 1579 777 scietis
1592 771 1598 783 ,
1613 750 1676 785 quid
1691 751 1784 778 verisi-

996 796 1057 822 mile
1068 800 1108 822 est
1123 802 1171 822 nos
1184 802 1309 830 passuros
1318 817 1325 828 ,
1340 795 1383 830 qui
1394 795 1486 823 eadem
1497 817 1503 829 ,
1516 797 1557 823 vel
1572 797 1651 823 etiam
1664 796 1784 830 gravium

995 849 1145 877 peccamus,
1156 841 1234 877 idque
1244 847 1304 877 post
1313 847 1410 869 tantam
1422 843 1512 877 gratiae
1524 842 1687 877 largitatem?
1699 851 1786 869 nonne

995 889 1082 924 ignem
1097 893 1237 922 teternutn,
1249 895 1365 916 vermem
1377 889 1421 924 qui
1436 897 1487 916 tton
1504 888 1630 920 interibit,
1644 888 1784 916 Stridoretn

994 936 1124 968 dentiutn,
1136 935 1259 963 tenebras
1270 936 1424 968 exteriores,
1437 936 1585 970 gehennam
1595 935 1671 970 ignis,
1683 940 1708 962 ct
1719 935 1784 962 alias

995 981 1160 1008 inevitabiles
1181 988 1272 1016 pt‘enas
1291 988 1350 1015 quae
1370 988 1418 1008 nos
1439 986 1589 1015 exceptura:
1608 982 1688 1008 sunt?
1707 981 1783 1008 Nulla

995 1028 1065 1055 enim
1089 1027 1208 1055 defensio
1227 1027 1304 1054 nobis
1318 1027 1410 1055 relicta
1425 1032 1466 1054 est
1476 1048 1482 1060 ,
1498 1027 1521 1054 si
1535 1027 1569 1054 ita
1582 1027 1747 1062 negligentes
1761 1033 1787 1054 et

995 1075 1081 1109 ignavi
1102 1074 1238 1101 fuerimus.
1261 1073 1355 1101 Nonne
1377 1074 1478 1100 scimus
1498 1080 1591 1101 omnes
1607 1081 1665 1108 quat
1679 1073 1732 1100 sint
1747 1073 1785 1099 fa-

995 1120 1087 1148 cienda
1098 1141 1105 1153 ,
1122 1128 1181 1155 qua:
1196 1128 1247 1147 non
1263 1119 1380 1147 facienda
1391 1119 1403 1146 ?
1413 1124 1439 1146 et
1451 1127 1497 1147 eos
1508 1119 1551 1154 qui
1569 1119 1655 1154 priora
1668 1120 1767 1146 faciuttt
1777 1140 1785 1152 ,

996 1166 1154 1201 principtlcs
1179 1173 1291 1192 coronas
1315 1170 1504 1200 assequuturus
1525 1173 1602 1198 csse,
1625 1172 1672 1192 eos
1697 1169 1785 1192 autem

995 1212 1038 1247 qtti
1058 1212 1084 1238 in
1100 1216 1222 1239 extrema
1234 1211 1365 1242 incidunt,
1379 1211 1507 1238 extremis
1520 1211 1656 1245 suppliciis
1667 1217 1727 1238 esse
1740 1218 1787 1245 pu-

995 1258 1124 1286 niendos?
1137 1258 1198 1285 Ideo
1214 1265 1307 1292 precor
1316 1261 1395 1292 atque
1405 1257 1526 1289 obsecro,
1540 1265 1572 1284 tte
1581 1262 1727 1285 conventus
1738 1259 1788 1285 iste

996 1310 1085 1331 noster
1108 1304 1206 1331 inutilis
1224 1303 1278 1336 sit,
1292 1303 1340 1330 sed
1361 1307 1389 1330 ut
1403 1311 1462 1338 qua:
1474 1303 1582 1330 auribus
1596 1302 1689 1330 hausta
1704 1308 1785 1336 sunt,

994 1350 1087 1377 eadetn
1109 1354 1137 1376 et
1154 1349 1229 1376 factis
1241 1352 1432 1383 exprotnantur
1441 1368 1448 1381 ,
1465 1352 1493 1375 ut
1507 1348 1583 1375 nobis
1596 1348 1663 1375 bene
1676 1349 1786 1381 conscii,

995 1401 1074 1430 atque
1091 1395 1197 1422 interim
1219 1395 1287 1422 bona
1306 1402 1354 1430 spe
1374 1394 1451 1427 freti,
1467 1394 1574 1422 difficile
1588 1394 1638 1422 ltoc
1650 1395 1787 1430 prtesentis

995 1442 1056 1468 vitm
1072 1442 1179 1476 pelagus
1196 1440 1274 1468 facile
1290 1441 1462 1474 trajicientes,
1477 1440 1502 1467 itt
1519 1445 1623 1476 portum
1637 1441 1788 1476 benignita-

995 1487 1029 1514 tis
1042 1487 1087 1514 Dei
1104 1487 1254 1521 pcrvenire,
1270 1490 1298 1513 et
1310 1485 1452 1513 ineffabilia
1464 1486 1531 1513 bona
1547 1486 1589 1513 illa
1605 1487 1731 1521 consequi
1746 1494 1787 1513 va-

994 1534 1105 1567 leamus,
1122 1536 1182 1568 quae
1195 1533 1316 1568 promisit
1331 1533 1458 1560 Dominus
1469 1532 1639 1568 diligentibus
1652 1541 1690 1565 se,
1704 1534 1786 1568 gratia

994 1584 1021 1607 et
1031 1579 1212 1606 misericordia
1227 1578 1354 1614 unigeniti
1369 1579 1426 1615 ejus
1438 1578 1506 1613 Filii,
1523 1587 1584 1607 cum
1596 1587 1648 1615 quo
1659 1584 1751 1607 sancto
1762 1586 1788 1607 et

993 1625 1129 1652 adorando
1151 1626 1209 1662 ejus
1226 1624 1335 1661 Spiritui
1349 1624 1431 1659 gloria
1443 1645 1450 1658 ,
1463 1624 1550 1652 honor
1562 1645 1569 1657 ,
1585 1629 1612 1652 et
1626 1624 1765 1659 intperium
1779 1645 1786 1657 ,

994 1679 1064 1699 nunc
1077 1675 1104 1699 et
1117 1679 1233 1706 semper,
1244 1676 1272 1699 et
1285 1671 1311 1699 itt
1322 1671 1417 1699 saecula
1430 1671 1598 1698 sceculorum.
1612 1673 1706 1698 Amen.

1279 1739 1415 1767 llOMlLlA
1431 1739 1502 1766 XIX.

994 1796 1026 1823 Et
1043 1797 1106 1824 dixit
1129 1796 1191 1824 Cain
1208 1796 1242 1822 ad
1263 1796 1324 1822 Abel
1344 1797 1448 1832 fratrem
1466 1803 1539 1822 suum
1557 1804 1566 1822 :
1582 1795 1748 1831 Egrediatttttr
1760 1796 1787 1822 in

1244 1850 1360 1876 campum
1371 1840 1446 1877 (Gen.
1458 1842 1484 1868 Δ.
1497 1840 1536 1877 8).

1029 1900 1056 1927 I.
1077 1899 1169 1926 Misera
1194 1899 1287 1934 peccati
1310 1899 1424 1926 servitus.
1449 1898 1533 1925 llomo
1554 1898 1666 1926 libertate
1688 1899 1786 1926 arbitrii

993 1946 1109 1973 donatus.
1132 1945 1200 1979 Deus
1227 1945 1395 1972 necessitatem
1414 1952 1464 1971 non
1484 1945 1599 1979 imponit.
1626 1959 1661 1964 —
1684 1943 1784 1978 Quem-

993 1991 1136 2018 admodum
1164 1990 1319 2018 inCurabilia
1342 1991 1451 2018 vulnera
1480 1997 1566 2024 neque
1590 1990 1703 2017 austeris
1729 1997 1787 2017 me-

992 2037 1149 2064 dicamentis
1162 2037 1259 2064 ceduttt
1270 2057 1278 2070 ,
1300 2043 1386 2071 neque
1399 2035 1559 2063 lenientibus
1577 2044 1583 2062 :
1600 2036 1633 2062 ita
1649 2040 1677 2063 ct
1695 2036 1782 2062 anima

992 2083 1075 2111 semel
1087 2083 1201 2118 captiva,
1214 2083 1277 2110 sise
1297 2087 1407 2118 peccato
1426 2082 1540 2117 cuipiam
1557 2081 1698 2109 obnoxiam
1715 2081 1784 2109 fece-

992 2130 1042 2162 rit,
1066 2133 1093 2156 et
1113 2128 1282 2156 considerare
1312 2128 1427 2155 noluerit
1447 2135 1506 2162 qum
1527 2127 1577 2154 sibi
1599 2131 1663 2154 sunt
1684 2127 1758 2154 utilia
1773 2147 1782 2159 ,

991 2178 1071 2205 etiam
1091 2176 1113 2202 si
1131 2175 1190 2211 quis
1209 2177 1347 2202 inttumera
1366 2174 1478 2201 inculcet
1495 2173 1565 2200 illius
1582 2173 1700 2205 auribus,
1717 2173 1783 2200 nihil

992 2223 1126 2258 proﬁciet:
1136 2221 1182 2249 sed
1189 2221 1264 2256 quasi
1271 2225 1382 2248 mortua:
1390 2223 1478 2247 essent
1487 2226 1576 2251 aures,
1587 2218 1686 2246 nullam
1697 2226 1731 2246 ex
1740 2218 1786 2245 ad-

991 2269 1137 2296 monitione
1148 2266 1259 2301 suscipit
1269 2266 1410 2293 utilitatcm
1423 2273 1429 2291 :
1442 2271 1496 2292 non
1507 2265 1566 2299 quia
1576 2271 1627 2291 non
1634 2264 1782 2299 potest,scd

991 2316 1051 2350 quia
1065 2322 1117 2342 non
1128 2314 1183 2341 vult
1197 2314 1216 2340 ί.
1229 2312 1287 2340 Non
1302 2312 1373 2340 enim
1384 2311 1485 2338 sictttet
1493 2311 1518 2337 in
1526 2309 1710 2345 corporalibus
1724 2309 1783 2336 vul-

991 2361 1099 2388 neribus
1116 2359 1200 2387 videri
1221 2358 1306 2391 solet,
1330 2357 1364 2384 ita
1379 2361 1405 2384 et
1420 2357 1447 2384 in
1461 2356 1597 2383 voluntate
1611 2359 1662 2382 est.
1677 2354 1742 2381 Nam
1756 2354 1783 2381 in

991 2405 1177 2441 corporalibus
1189 2408 1290 2431 natura:
1302 2403 1455 2430 all'ectiones
1468 2409 1538 2436 smpc
1549 2400 1697 2428 immobiles
1707 2407 1780 2432 sunt,

991 2453 1017 2481 itt
1031 2452 1164 2479 voluntate
1179 2455 1268 2477 autem
1283 2456 1336 2476 non
1356 2449 1391 2475 ita
1406 2455 1435 2474 se
1450 2454 1492 2474 res
1507 2446 1587 2473 habet
1602 2455 1609 2472 :
1624 2453 1695 2480 ειυρο
1710 2445 1779 2473 enim

991 2500 1013 2526 si
1029 2498 1140 2525 voluerit
1154 2497 1232 2524 etiatn
1246 2495 1289 2530 qui
1303 2495 1388 2521 tnalus
1400 2497 1450 2525 est,
1463 2496 1589 2524 mutatur,
1601 2495 1626 2518 et
1638 2491 1666 2517 Iit
1676 2490 1779 2517 bonus:

991 2551 1018 2574 et
1032 2545 1076 2581 qtti
1091 2545 1186 2575 bonus,
1202 2550 1249 2578 per
1260 2541 1389 2576 ignaviam
1403 2539 1510 2569 excidit,
1524 2542 1550 2565 et
1565 2537 1593 2563 fit
1603 2537 1696 2563 malus.
1715 2535 1781 2568 Quia

991 2600 1054 2627 ergo
1066 2590 1141 2618 liberi
1152 2588 1252 2616 arbitrii
1264 2594 1323 2614 esse
1332 2589 1448 2613 nostram
1458 2586 1578 2610 naturam
1590 2581 1651 2609 fecit
1660 2581 1779 2607 omttium

991 2637 1118 2665 Dominus
1128 2635 1150 2668 ',
1169 2635 1225 2669 ipse
1239 2632 1345 2668 quidetn
1361 2638 1420 2665 quae
1433 2636 1479 2656 sua
1495 2634 1558 2656 sunt
1570 2628 1659 2655 omnia
1671 2634 1724 2662 pro
1733 2634 1779 2654 sua

990 2681 1171 2711 misericordia
1184 2686 1290 2713 semper
1304 2676 1411 2705 exhibet
1425 2684 1432 2703 :
1446 2679 1474 2703 et
1486 2674 1573 2702 sciens
1586 2672 1739 2700 abscondita
1754 2672 1782 2700 in

1021 2763 1029 2778 ¹
1049 2765 1107 2791 neg.
1125 2765 1198 2789 unus,
1219 2763 1266 2782 non
1285 2753 1350 2788 quod
1365 2752 1485 2781 evidentia
1503 2751 1575 2782 absit,
1589 2750 1633 2778 sed
1644 2751 1708 2782 quod
1718 2749 1778 2776 absit

989 2795 1184 2851 Ροεεῗῖξξίοεες,
1195 2818 1300 2851 onmium
1312 2815 1429 2851 Dominus
1440 2815 1464 2851 (ῥ
1479 2815 1526 2838 τῶν
1543 2814 1702 2851 alti-mpetu),
1719 2817 1775 2842 qum

991 2845 1116 2881 destiiﬁin
1128 2845 1213 2878 ιιέιτὶει.
1225 2854 1250 2876 et
1260 2849 1369 2877 lllontef.,
1386 2846 1522 2871 addtdnnus
1531 2851 1546 2870 e
1555 2845 1654 2870 Savitio.
