2060 3122
270 142 324 169 1ης)

273 198 403 234 profundo
419 196 514 224 mentis
529 200 553 222 et
568 203 674 227 arcana,
691 195 820 227 hortatur,
836 193 960 224 consulit.
978 201 1058 220 cona-

272 251 366 278 tusque
379 247 485 271 nostros
499 242 582 271 malos
598 241 762 276 praeveniens
776 240 905 274 reprimit.
921 238 955 268 Et
968 246 1062 266 llCCf'S-

272 290 376 316 sitatem
391 289 480 323 utique
494 295 545 315 non
560 287 682 322 itupnnit,
695 286 741 314 sed
755 286 962 321 congruentibus
974 291 1062 312 reme—

273 335 323 362 diis
347 335 493 369 appositis,
508 337 591 363 totum
617 333 696 360 situm
719 332 744 359 in
767 331 919 366 :I‘grolanlis
934 330 1062 358 sententia

274 381 391 409 dimittit.
417 381 471 408 Hoc
486 381 564 416 igitur
577 385 603 407 et
617 379 642 407 itt
655 379 718 406 Cain
735 386 805 406 nunc
820 378 916 406 factum
932 382 982 408 est.
999 377 1064 404 Vide

273 428 344 455 enim
369 431 428 462 post
452 431 550 453 tantam
576 425 768 460 providentiam
792 429 818 451 et
840 424 879 451 sui
902 430 1012 455 curam,
1038 422 1063 448 in

275 477 399 507 quantam
410 471 531 500 inciderit
542 471 680 498 insaniam.
694 469 837 504 Oportebat
846 469 915 496 enim
927 467 1063 495 conscium

293 518 376 546 cccati
393 518 434 547 sui
449 517 475 544 in
490 516 656 544 emendando
672 520 762 550 postca
776 518 931 548 occupatum
947 520 1022 544 esse;
1038 517 1063 541 at

273 565 319 592 ille
340 564 415 598 quasi
444 563 552 595 ebrius,
578 562 681 590 alit-elui
707 565 733 589 et
756 560 859 588 vulneri
888 559 968 594 priori
995 559 1063 586 aliud

276 611 350 639 ulcus
370 609 532 644 coniungens
544 630 552 642 ,
567 613 592 636 et
608 608 765 636 medicinam
781 611 852 634 tanta
867 605 999 641 diligentia
1014 605 1063 632 ad.

276 655 385 684 hihitam
408 663 461 683 non
483 655 640 688 admittens,
663 654 709 681 sed
734 653 892 680 destinatam
915 651 1013 679 ctcdem
1039 652 1064 678 in

277 710 343 736 opus
355 701 499 736 perducere
512 701 646 732 festinam,
659 708 672 726 a
684 699 745 727 dolo
756 703 782 726 et
791 698 906 725 versutia
918 697 1063 728 exorditur.

276 752 303 775 et
323 747 459 774 fallacibus
473 747 560 773 verbis
575 746 681 773 fratrem
697 745 802 780 decipit.
828 745 891 772 Tam
908 744 1005 772 efferus
1026 749 1067 771 cst

277 792 365 823 homo.
378 793 421 827 qui
435 792 459 818 in
472 792 615 827 nequitiam
626 790 776 818 declinavit.
789 790 853 818 Nam
865 790 933 816 sicut
944 797 1066 824 magnum

275 842 302 864 et
318 836 495 864 venerandum
509 839 551 863 est
570 836 698 863 rationale
715 835 765 862 hoc
783 835 899 867 animal,
913 839 939 861 et
953 834 1066 861 maxime

276 883 381 918 quando
405 882 431 909 in
452 882 558 909 virtutis
579 881 646 908 viam
670 880 806 908 contendit
827 888 834 906 :
858 879 893 906 ita
915 879 1020 914 quando
1040 879 1065 906 in

277 929 374 957 malmn
399 928 531 962 declinat,
555 927 763 955 trueulcntarum
786 926 928 953 bestiarum
949 926 1067 953 imitatur

277 974 470 1002 crudelitatem.
501 974 568 1007 Quin
591 977 617 1000 et
637 980 697 1000 cum
722 972 822 999 feroces
845 971 949 998 illarum
975 977 1064 998 mores

278 1020 461 1055 assumpserit,
474 1019 593 1055 qnatnvis
607 1018 735 1046 rationale
748 1023 774 1045 et
790 1022 955 1044 tnanSuetum
970 1016 1068 1043 animal

277 1067 320 1095 sit.
332 1065 422 1093 tuultis
434 1069 520 1092 tanten
533 1064 683 1092 nominibus
697 1064 802 1091 illarum
814 1067 920 1098 superat
933 1062 1066 1089 ferociam.

279 1113 418 1139 Videamus
441 1111 518 1146 igitur
538 1115 565 1138 ct
584 1111 643 1138 istic
662 1110 724 1145 quid
745 1109 881 1136 acciderit.
902 1108 928 1136 8.
951 1107 983 1135 Et
1005 1108 1069 1135 dixit

277 1157 339 1185 Cain
353 1178 360 1191 ,
377 1157 477 1192 inquit,
493 1157 526 1183 ad
541 1156 602 1183 Abel
623 1157 725 1191 fratrem
745 1163 819 1182 suum
833 1162 842 1182 ε
859 1154 1028 1189 Egrediamur
1043 1154 1069 1180 in

282 1212 408 1238 euinpum.
426 1202 511 1230 Verba
526 1201 631 1236 quidem
646 1201 745 1234 fratris,
762 1208 838 1228 mens
852 1204 940 1227 autem
955 1199 1068 1227 homici—

278 1250 328 1277 dae.
345 1249 412 1282 Quid
427 1248 500 1280 facis,
516 1256 531 1274 o
545 1247 627 1276 Cain?
642 1247 728 1274 nescis
741 1247 782 1274 cui
798 1246 932 1282 loqueris?
955 1254 1006 1273 non
1021 1254 1066 1273 co-

277 1296 345 1331 gitas
367 1295 411 1325 tibi
428 1302 487 1323 cum
509 1293 589 1321 fratre
605 1292 763 1328 colloquium
780 1292 859 1319 esse?
873 1299 926 1319 non
940 1295 1046 1326 reputas
1061 1312 1068 1324 ,

279 1342 371 1369 eodem
387 1349 440 1377 quo
454 1345 481 1367 ιιι
495 1345 571 1368 utero
586 1345 675 1367 natum
692 1339 768 1366 esse?
782 1346 833 1365 non
849 1338 939 1366 animo
952 1338 1070 1372 concipis

279 1387 470 1416 abominabiles
493 1385 624 1414 conatus?
646 1392 698 1412 non
721 1384 797 1412 times
814 1383 930 1419 judicem
949 1384 993 1419 qui
1017 1384 1069 1411 falli

281 1433 390 1469 nequit?
407 1440 458 1461 non
473 1432 565 1459 horret
576 1438 650 1459 mens
664 1436 706 1458 tua
718 1430 836 1457 facinus?
847 1429 900 1457 Cur
911 1429 936 1456 in
946 1437 1069 1464 campum

279 1487 358 1507 vocas
374 1479 491 1512 fratrem,
503 1483 529 1506 et
544 1477 615 1505 foras
625 1485 639 1503 a
652 1476 768 1511 paternis
781 1475 850 1502 ulnis
863 1475 990 1502 abducis?
1005 1482 1070 1510 qua-

279 1534 307 1554 rc
322 1527 406 1560 ipsum
422 1530 532 1559 paterno
545 1523 642 1550 auxilio
656 1521 796 1549 destituis?
809 1521 876 1554 Quid
890 1521 948 1548 novi
963 1521 1068 1554 accidit,

279 1571 348 1607 quod
364 1578 432 1597 nunc
443 1570 549 1597 fratrem
561 1569 587 1595 in
598 1575 720 1602 campum
733 1566 824 1599 trahis,
835 1570 863 1593 ct
875 1566 899 1593 id
914 1566 982 1601 quod
997 1566 1070 1601 prius

280 1626 331 1645 non
347 1617 441 1650 fecisti,
457 1623 526 1643 nunc
540 1615 626 1642 facere
638 1618 764 1646 attentas,
777 1618 802 1641 et
813 1613 935 1640 amicitiae
949 1613 1069 1640 Occasio-

279 1671 312 1691 ne
344 1662 487 1690 fraternam
512 1660 724 1688 benevolentiam
751 1657 940 1692 prtetexendo,
965 1657 1069 1685 hostilia

278 1715 389 1744 qumque
402 1711 554 1742 perpetrare
570 1705 721 1732 deliberas?
733 1704 796 1738 Qum
815 1703 935 1730 insania?
952 1711 1011 1738 quze
1025 1711 1069 1730 ra-

279 1754 355 1781 bies?
379 1753 461 1786 Esto,
483 1755 629 1779 excaecatus
652 1754 741 1777 mente
771 1748 895 1776 fraterna:
921 1748 1069 1776 affectionis

280 1800 380 1828 nullam
402 1799 530 1827 rationem
545 1798 642 1825 habeas
653 1817 659 1828 .
677 1803 762 1831 neque
777 1800 898 1823 naturam
919 1803 1046 1830 agnoscas
1061 1805 1067 1822 :

279 1854 325 1874 cur
340 1845 466 1872 adversus
481 1844 554 1871 illum
569 1843 601 1869 ad
616 1842 715 1870 bellum
731 1846 756 1869 te
770 1841 888 1874 instruis,
902 1842 946 1876 qui
960 1841 1031 1868 nulla
1045 1846 1070 1869 te

279 1891 374 1926 injuria
389 1890 494 1918 affecit?
518 1889 580 1925 quid
596 1889 657 1916 item
674 1887 755 1915 babes
770 1887 839 1922 quod
856 1887 1007 1921 parentibus
1021 1887 1069 1913 ob-

276 1938 352 1973 jicias
363 1958 369 1971 ,
381 1944 448 1972 quos
462 1941 533 1964 tanta
547 1934 670 1963 mmstitia
682 1934 798 1968 affligere
812 1933 946 1960 deliberas
958 1953 964 1965 ,
980 1937 1007 1961 et
1020 1941 1069 1959 au-

277 1992 336 2013 ctor
349 1993 409 2014 esse
421 1985 547 2021 terribilis
562 1983 708 2019 tragmdim,
724 1987 751 2010 ut
765 1983 864 2018 primus
877 1983 915 2010 eis
926 1982 1068 2010 violentam

278 2031 346 2059 hanc
369 2035 481 2058 mortem
502 2030 648 2057 Ostendas?
672 2029 728 2056 llas
749 2029 800 2055 illis
820 2027 956 2055 mercedes
980 2027 1069 2055 reddis

279 2082 331 2105 tua:
345 2077 529 2104 educationis?
545 2076 610 2109 Qua:
626 2074 722 2102 diaboli
736 2081 780 2102 ars
794 2074 820 2101 in
836 2073 886 2101 hoc
901 2078 926 2101 te
941 2073 1068 2110 ﬂagitium

278 2123 400 2158 impulit?
414 2124 453 2150 An
467 2122 556 2150 dicere
569 2125 643 2156 potes
658 2120 870 2148 benevolentiam
886 2120 991 2147 Domini
1006 2127 1068 2155 erga

278 2169 370 2200 illum,
388 2168 473 2202 ipsum
497 2166 637 2194 adversum
662 2170 688 2193 te
709 2170 876 2199 arrogantem
897 2165 1068 2193 reddidisse?

279 2213 372 2240 Nonne
383 2219 534 2247 prmcavens
544 2211 578 2238 ob
589 2211 656 2238 hanc
666 2210 858 2244 sanguinariam
871 2214 940 2237 tuam
952 2215 1067 2238 mentem

278 2258 390 2293 subjecit
406 2258 479 2285 illum
494 2257 548 2290 tibi,
563 2261 590 2284 et
607 2261 658 2283 tua:
672 2256 793 2290 potestati
808 2256 932 2288 subdidit,
947 2262 973 2284 et
988 2257 1065 2290 dixit,

279 2304 346 2339 Quia
366 2303 399 2330 ad
420 2308 443 2330 te
462 2303 589 2330 conversio
602 2302 669 2329 illius
681 2322 688 2335 ,
703 2306 726 2329 ct
742 2306 768 2328 tu
784 2301 861 2336 ipsius
876 2300 1041 2329 dominaberis
1056 2303 1068 2329 ?

278 2351 344 2378 Nam
357 2350 407 2377 hoc
417 2350 450 2377 de
461 2349 548 2376 fratris
561 2349 724 2384 subjectione
737 2347 917 2382 accipiendum
934 2352 983 2375 est.
1000 2348 1066 2376 Sunt

279 2398 350 2425 enim
364 2397 443 2432 aliqui
457 2396 585 2429 dicentes,
600 2395 633 2422 dc
648 2395 777 2422 sacrificio
791 2394 825 2421 ab
838 2402 869 2421 ea
883 2394 970 2421 oblato
985 2395 1066 2422 Deum

279 2443 341 2470 talia
361 2442 460 2470 dixisse
475 2451 481 2469 :
497 2442 536 2468 Ad
553 2446 576 2468 te
596 2441 722 2467 conversio
735 2461 742 2473 ,
765 2440 866 2474 inquit,
889 2440 989 2467 scilicet
1004 2440 1067 2468 doni

276 2489 347 2517 illius
358 2510 364 2520 ,
380 2494 402 2516 et
417 2493 442 2515 ιιι
456 2488 535 2523 ipsius
551 2487 717 2514 dominaberis
732 2485 777 2513 :id
792 2491 832 2513 est
843 2507 850 2519 ,
866 2493 898 2513 eo
913 2486 1016 2513 frueris.
1035 2487 1067 2514 Et

276 2535 336 2563 ideo
346 2539 485 2569 utrutnque
496 2541 601 2561 sensum
610 2532 674 2566 dixi,
685 2531 835 2567 relinquens
846 2537 940 2559 vestrm
951 2532 1066 2567 pruden-

277 2582 319 2609 tiae
332 2601 339 2613 ,
354 2581 381 2609 id
395 2580 465 2614 quod
479 2579 557 2608 dictis
572 2580 655 2614 magis
667 2585 813 2613 congruum
828 2578 932 2605 videtur
943 2599 950 2610 ,
966 2578 1065 2613 eligen-

278 2627 350 2654 dum.
375 2625 436 2653 Mihi
460 2626 531 2653 enim
552 2625 657 2653 videtur
678 2624 711 2652 de
735 2624 814 2651 fratre
833 2631 893 2651 esse
908 2623 1015 2651 dictum.
1033 2624 1066 2651 Et

275 2673 372 2706 factum
391 2676 427 2698 est
442 2692 448 2703 ,
469 2679 526 2699 cum
545 2676 624 2698 essent
642 2669 690 2705 ipsi
709 2670 735 2697 in
752 2678 856 2704 campo,
876 2670 984 2696 SllrfeIll
1005 2668 1066 2696 Cain

276 2721 364 2743 contra
376 2716 437 2743 Abel
451 2718 554 2751 fratrem
566 2724 649 2748 suum,
663 2720 686 2742 et
699 2715 788 2742 occidit
801 2714 883 2741 illum.
898 2714 1065 2741 llorrcndum

276 2762 388 2794 facinus,
404 2761 544 2797 periculosi
558 2768 648 2794 ausus,
660 2760 838 2790 abominabile
851 2767 932 2794 opus,
946 2759 1066 2787 irremis-

275 2808 352 2836 sibilc
365 2812 501 2843 peccatum
514 2828 521 2839 ,
537 2806 652 2834 onerata:
664 2807 761 2834 anima:
777 2806 952 2841 propositum.
972 2805 1065 2833 δυνη-

271 2855 321 2889 :ril,
336 2851 436 2891 inquit,
449 2858 535 2881 contra
551 2853 612 2880 Abel
624 2853 729 2889 fratrem
744 2861 827 2886 suum,
844 2861 866 2881 et
881 2853 969 2880 Occidi!
981 2853 1063 2880 illum.

638 138 667 165 S.
689 137 826 166 10,“le
845 135 1080 170 tiliRiSOSTOlll
1101 135 1257 163 ARClllEP.
1279 133 1544 163 CONSTANTINOP.

1852 137 1903 165 If-O

1118 193 1139 220 0
1156 193 1356 221 abominabilem
1373 195 1496 221 manum!
1517 202 1533 221 ο
1548 195 1682 225 dexteram
1704 196 1882 224 miserabilem
1901 202 1906 226 ι

1118 239 1170 265 ἰιιιο
1185 247 1236 267 non
1254 247 1358 269 manum
1375 245 1478 273 oportet
1489 248 1584 270 vocare
1595 242 1801 270 ahominahilem
1816 249 1842 271 et
1857 245 1902 270 mi-

1117 286 1273 320 serabilem,
1286 287 1332 314 sed
1349 292 1463 315 mentem
1479 288 1520 315 cui
1534 289 1682 316 membrum
1697 291 1813 318 servivit.
1831 291 1908 318 Dica-

1118 338 1176 357 mus
1190 331 1268 366 igitur
1281 332 1328 362 sic.
1344 340 1359 359 ο
1371 333 1495 360 audacem
1510 339 1625 362 mentem
1641 355 1648 367 ,
1662 339 1689 362 et
1700 335 1907 364 abominabilem

1117 383 1144 404 et
1167 377 1366 405 miserabilem!
1390 383 1415 405 ct
1434 378 1560 414 quidquid
1580 379 1630 407 dici
1647 385 1732 414 potest
1745 402 1752 412 ,
1768 389 1820 409 non
1842 383 1908 411 satis

1117 423 1230 452 dicetur.
1253 425 1390 459 Quomodo
1409 434 1460 453 non
1482 427 1615 462 obtorpuit
1629 429 1686 462 ejus
1702 431 1813 457 manus?
1838 438 1908 466 quo-

1119 470 1198 498 modo
1214 471 1297 505 potuit
1320 476 1411 499 tenere
1431 472 1545 506 gladium
1560 473 1567 489 ί
1581 494 1588 507 ,
1604 478 1630 501 et
1644 474 1762 510 infligere
1783 477 1910 512 plagam?

1118 518 1251 552 quomodo
1275 525 1326 545 non
1345 518 1458 545 avolavit
1479 526 1494 546 a
1517 526 1628 554 corpore
1644 521 1752 548 anima?
1775 523 1910 556 quomodo

1117 563 1197 590 valuit
1213 563 1318 597 operari
1338 567 1390 591 tam
1404 563 1547 593 nefandum
1561 565 1684 593 facinus?
1707 568 1841 602 quomodo
1856 576 1909 596 non

1118 607 1213 636 inflexa
1229 613 1279 639 est,
1295 614 1321 636 et
1333 607 1396 636 Cain
1413 617 1465 636 non
1479 611 1589 637 mutavit
1603 613 1759 639 sententiam
1772 612 1783 639 ?
1798 621 1912 648 quomo-

1118 653 1153 681 do
1164 662 1215 682 non
1226 654 1350 689 cogitavit
1361 656 1501 682 naturam?
1512 656 1645 690 quomodo
1657 664 1708 684 non
1719 659 1909 692 consideravit,

1119 705 1258 734 anthttatn
1278 700 1427 728 adoriretur
1443 700 1516 728 nefas
1530 722 1536 733 ,
1553 702 1642 736 operis
1655 702 1755 730 finem?
1776 705 1911 739 quomodo

1119 745 1242 773 sustinuit
1257 750 1316 780 post
1332 746 1434 774 facinus
1447 767 1454 780 ,
1470 747 1560 775 videre
1578 755 1674 782 corpus
1688 749 1773 777 fratris
1788 750 1911 784 spiritum

1120 791 1234 819 cfflantis
1249 797 1275 819 et
1289 793 1439 826 palpitantis
1451 800 1531 828 super
1547 798 1642 822 terram
1655 794 1666 821 ?
1679 796 1811 829 quomodo
1826 797 1912 830 potuit

1119 837 1210 865 videre
1225 843 1357 866 mortuum
1379 844 1405 866 et
1420 839 1492 866 hunti
1508 840 1653 874 projectum
1666 861 1673 874 ,
1688 845 1714 868 ct
1732 849 1746 868 a
1760 842 1912 877 spectaculo
1945 875 1956 884 _

1120 891 1172 911 non
1189 884 1277 911 statim
1291 884 1435 912 dissolutus
1449 886 1508 913 est?
1519 885 1586 913 Nam
1601 894 1661 914 cum
1677 894 1726 914 nos
1741 892 1799 922 post
1813 893 1852 916 tot
1865 896 1912 916 an-

1121 938 1214 958 norum
1231 939 1370 958 numerum
1383 953 1390 965 ,
1407 940 1466 960 cum
1481 933 1598 967 quotidie
1616 934 1759 962 morientes
1771 935 1892 962 videmus
1903 955 1911 967 .

1120 977 1240 1012 quamvis
1253 978 1366 1005 naturali
1380 983 1465 1005 morte
1477 999 1484 1010 ,
1503 983 1530 1006 et
1544 979 1671 1014 sanguine
1684 979 1747 1007 nihil
1762 980 1837 1008 nobis
1848 980 1913 1015 jun-

1120 1027 1188 1055 ctos,
1205 1024 1303 1051 viribus
1317 1024 1485 1052 destituimur
1495 1045 1501 1057 ,
1517 1029 1543 1052 et
1556 1025 1579 1052 si
1593 1026 1715 1053 inimicus
1728 1027 1762 1054 sit
1774 1047 1781 1059 ,
1794 1027 1912 1054 inimici-

1122 1069 1217 1096 tiarum
1235 1070 1313 1097 finem
1334 1070 1444 1098 facimus
1462 1080 1468 1097 :
1483 1076 1581 1105 quanto
1600 1073 1683 1107 magis
1699 1072 1768 1100 hunc
1781 1073 1914 1108 disperire

1121 1122 1168 1149 par
1188 1120 1246 1142 erat
1258 1136 1265 1148 ,
1279 1120 1306 1143 ct
1326 1118 1415 1143 statim
1438 1117 1559 1144 emittere
1579 1118 1712 1151 animam,
1733 1126 1793 1146 cum
1812 1119 1915 1146 videret

1122 1159 1229 1187 fratrem
1243 1181 1249 1193 ,
1268 1161 1312 1195 qui
1335 1161 1411 1195 paulo
1431 1166 1507 1188 antea
1524 1162 1680 1198 loquebatur
1693 1183 1700 1196 ,
1717 1163 1808 1191 eadetn
1826 1169 1913 1192 tnalre

1121 1210 1211 1233 natutn
1226 1225 1231 1237 .
1246 1206 1340 1234 eodem
1363 1212 1437 1241 patre
1457 1209 1575 1243 genitum
1588 1230 1595 1242 ,
1611 1209 1731 1244 ejusdem
1753 1211 1820 1238 uteri
1836 1216 1914 1246 partu

1121 1251 1233 1285 editum,
1249 1251 1303 1278 Deo
1318 1253 1443 1287 singulari
1458 1253 1641 1281 benevolentia
1654 1260 1809 1290 acceptum,
1824 1257 1914 1284 subito

1121 1298 1220 1333 absque
1232 1298 1324 1333 spiritu
1336 1303 1360 1326 et
1372 1299 1525 1334 operatione
1534 1300 1676 1335 jacentctn,
1688 1307 1714 1329 et
1723 1309 1803 1337 super
1813 1307 1913 1331 terram

1123 1344 1315 1378 palpitantem?

1156 1389 1183 1416 2.
1200 1390 1233 1416 At
1247 1390 1381 1417 videamus
1395 1395 1453 1425 post
1468 1391 1596 1418 nefarium
1610 1391 1673 1419 illud
1688 1392 1798 1425 facinus,
1812 1398 1838 1420 et
1852 1399 1911 1428 post

1122 1434 1250 1470 ﬂagitium
1263 1436 1334 1463 nulla
1349 1436 1425 1463 venia
1436 1436 1543 1471 dignum
1557 1442 1655 1471 quanta
1667 1438 1762 1465 iterum
1774 1439 1912 1474 indulgen-

1123 1481 1158 1507 tia
1181 1487 1330 1516 quantaque
1352 1482 1512 1516 benignitate
1534 1483 1651 1510 omnium
1678 1483 1747 1511 Dens
1769 1484 1861 1511 utitur.
1883 1485 1911 1512 9.

1122 1525 1156 1552 Et
1171 1526 1234 1552 dicit
1249 1525 1318 1553 Deus
1331 1527 1364 1553 ad
1377 1527 1447 1554 Cain.
1464 1527 1578 1562 ldipsum
1594 1528 1634 1555 vel
1648 1529 1733 1555 solum
1748 1534 1853 1564 quanta:
1866 1530 1913 1557 bo-

1121 1571 1211 1599 nitatis
1223 1571 1309 1604 fuerit,
1320 1572 1390 1607 quod
1400 1580 1460 1599 eum
1471 1573 1515 1607 qui
1527 1578 1597 1600 tanta
1610 1573 1726 1601 facinora
1736 1575 1910 1609 commiserit,

1121 1617 1253 1652 Colloquio
1277 1617 1421 1652 dignetur?
1443 1618 1509 1645 Nam
1538 1627 1598 1646 cum
1623 1627 1672 1647 nos
1692 1628 1764 1656 sa-pe
1786 1627 1913 1657 cognatos

1122 1668 1227 1690 nostros
1249 1664 1452 1697 abominemur,
1474 1665 1495 1692 si
1516 1666 1620 1700 quando
1635 1667 1778 1695 viderimus
1795 1676 1842 1696 eos
1861 1669 1913 1697 tale

1121 1708 1253 1742 quoddam
1273 1708 1374 1736 facinus
1396 1714 1582 1744 perpetrasse:
1600 1712 1682 1739 multo
1706 1713 1789 1748 magis
1813 1714 1911 1741 bonum

1122 1753 1205 1781 Deum
1230 1754 1319 1782 mirari
1344 1762 1391 1789 par
1414 1760 1452 1782 est
1476 1760 1548 1782 tanta
1572 1761 1688 1784 utentem
1710 1759 1847 1786 tolerantia
1865 1765 1912 1787 :et

1119 1799 1179 1833 jure
1194 1801 1298 1827 merizo.
1316 1801 1432 1829 llledicus
1444 1802 1513 1829 enim
1527 1807 1576 1836 est,
1592 1808 1619 1830 et
1633 1804 1856 1833 clementissimus
1869 1815 1911 1841 pa-

1122 1849 1162 1872 ter
1183 1854 1190 1873 :
1212 1850 1238 1872 et
1260 1847 1330 1873 sicut
1354 1847 1471 1875 medicus
1498 1848 1562 1875 nihil
1585 1857 1636 1876 non
1663 1851 1723 1877 facit
1741 1852 1824 1886 utqui
1838 1853 1911 1887 gravi

1122 1891 1215 1918 morbo
1229 1893 1369 1926 laborant,
1384 1894 1416 1921 ad
1436 1895 1575 1923 sanitatem
1598 1897 1758 1924 reducantur
1774 1907 1779 1924 :
1797 1903 1823 1926 et
1844 1899 1913 1926 sicut

1121 1937 1344 1966 clementissimus
1359 1945 1433 1974 pater
1448 1941 1524 1974 filios,
1540 1942 1583 1974 qui
1598 1942 1759 1970 nobilitatem
1775 1951 1848 1971 suam
1866 1952 1913 1979 per

1122 1983 1253 2017 ignaviam
1268 1984 1382 2012 amisere
1395 2005 1402 2017 ,
1418 1990 1527 2020 paterna
1546 1986 1705 2022 indulgentia
1721 1989 1752 2015 ad
1772 1989 1911 2023 pristinam

1121 2028 1273 2056 felicitatem
1297 2030 1437 2059 restituere
1459 2032 1540 2066 cupit.
1565 2032 1680 2060 Proinde
1692 2034 1752 2068 quia
1773 2035 1912 2062 immensae

1122 2073 1247 2102 bonitatis
1259 2079 1309 2107 est,
1323 2075 1416 2102 ilerunt
1433 2076 1620 2111 benignitatem
1635 2086 1709 2105 suatn
1724 2079 1759 2106 illi
1772 2101 1778 2111 ,
1791 2081 1834 2115 qui
1849 2081 1910 2108 talia

1122 2119 1207 2147 fuerat
1221 2128 1310 2153 ausus,
1327 2121 1469 2149 ostendere
1483 2123 1547 2150 vult.
1567 2123 1634 2151 Dicit
1648 2125 1718 2151 enitn
1735 2125 1772 2152 illi
1788 2134 1794 2152 :
1811 2125 1859 2153 Ubi
1875 2131 1911 2153 est

1122 2166 1182 2193 Abel
1195 2167 1273 2201 frater
1289 2168 1367 2194 tuus?
1381 2168 1458 2195 Multa
1473 2174 1498 2196 et
1513 2169 1642 2196 immensa
1656 2170 1702 2197 Dei
1717 2171 1842 2205 patientia
1857 2178 1909 2200 est.

1121 2212 1178 2239 Non
1191 2213 1261 2240 enim
1276 2213 1420 2249 interrogat
1433 2215 1506 2249 quasi
1521 2215 1633 2250 ignoret,
1651 2217 1696 2243 sed
1710 2217 1822 2251 idipsnm
1837 2219 1910 2252 agit,

1120 2257 1190 2292 qttod
1205 2262 1232 2285 et
1245 2259 1311 2292 patri
1328 2259 1399 2286 illius
1413 2259 1513 2287 fecerat
1529 2268 1535 2286 :
1552 2261 1615 2287 nihil
1638 2262 1707 2288 enim
1725 2262 1812 2289 obstat
1824 2283 1830 2294 ,
1846 2264 1909 2298 quin

1121 2304 1190 2332 idern
1206 2304 1292 2332 denuo
1302 2304 1417 2332 dicatur.
1433 2305 1497 2333 Nam
1512 2306 1733 2341 quemadmodmn
1747 2308 1832 2341 illum,
1849 2316 1909 2336 cum

1120 2357 1150 2377 se
1175 2357 1229 2384 pra:
1251 2350 1351 2384 pudore
1374 2351 1498 2379 nuditatis
1522 2357 1638 2387 tegeret,
1663 2353 1793 2386 rogabat:
1812 2353 1860 2381 Ubi
1884 2362 1910 2381 es

1121 2395 1197 2430 (Gen.
1213 2397 1239 2423 5.
1254 2396 1303 2431 9)?
1318 2405 1369 2423 non
1383 2398 1516 2432 ignorans.
1531 2399 1576 2425 sed
1592 2398 1692 2425 fiducia:
1706 2401 1859 2428 occasiones
1872 2401 1909 2428 illi

1122 2441 1252 2475 przcbcus,
1266 2446 1294 2468 ut
1307 2450 1353 2476 per
1365 2443 1559 2470 confessionem
1572 2445 1670 2478 peccati
1683 2444 1806 2472 delictum
1819 2446 1910 2473 ahluo—

1120 2491 1161 2514 ret
1179 2487 1270 2521 (ltunc
1290 2489 1360 2515 enim
1386 2495 1486 2516 morem
1501 2489 1596 2521 habet,
1614 2494 1642 2517 ut
1663 2490 1696 2518 ab
1716 2491 1790 2518 initio
1804 2499 1817 2517 a
1833 2492 1911 2520 nobis

1121 2538 1287 2567 peccatorum
1298 2531 1385 2569 exigat
1395 2534 1599 2566 confessionan
1612 2541 1638 2563 et
1648 2537 1750 2563 veniam
1761 2537 1888 2573 prtcbeat)
1899 2559 1907 2571 ,

1120 2578 1155 2605 ita
1168 2583 1195 2605 et
1207 2587 1277 2606 nunc
1291 2584 1364 2614 rogat
1379 2579 1442 2607 Cain
1457 2601 1463 2612 ,
1481 2585 1505 2606 ct
1523 2580 1606 2615 inquit
1620 2590 1625 2607 :
1646 2581 1691 2609 L‘bi
1707 2586 1742 2608 est
1757 2582 1819 2610 Abel
1831 2585 1910 2617 [mter

1121 2625 1200 2651 tuus?
1225 2625 1402 2659 Ignorantiam
1426 2625 1534 2652 simulat
1553 2626 1682 2661 benignus
1697 2627 1822 2654 Dominus
1836 2648 1843 2659 ,
1862 2628 1910 2655 hac

1121 2670 1326 2705 interrogatione
1335 2678 1407 2703 eum,
1421 2671 1465 2706 qui
1478 2672 1538 2698 talia
1552 2673 1731 2704 commiserat,
1746 2680 1909 2707 pneparans,

1121 2720 1149 2743 ut
1169 2716 1201 2743 ad
1221 2717 1322 2751 peccati
1341 2716 1535 2744 confessionem
1550 2717 1726 2746 adduceretur
1738 2738 1745 2750 ,
1769 2723 1910 2751 possetque

1119 2762 1223 2790 veniam
1245 2762 1314 2790 forte
1326 2768 1354 2790 et
1371 2763 1579 2791 misericordiam
1599 2764 1714 2798 assequi.
1738 2763 1786 2790 Ubi
1799 2768 1835 2790 est
1850 2762 1911 2791 Abe.‘

1157 2854 1166 2871 ι
1184 2854 1270 2886 Regius
1280 2860 1350 2886 unus,
1363 2853 1481 2888 quonde
1490 2854 1562 2885 prmi:
1571 2853 1669 2887 adigere
1679 2853 1795 2886 gladium.
