2060 3122
214 112 263 140 ibi

212 170 287 204 frater
295 168 373 195 tuus?
380 162 447 201 Quid
457 166 534 202 igitur
540 166 573 193 ad
582 165 770 200 hmcingratus,
779 165 909 200 stupidus,
920 169 1005 192 teme—

212 215 296 242 rarius
307 218 334 241 et
346 213 503 248 impudens?
515 213 580 240 Cum
592 211 760 247 cogitandum
772 216 843 238 esset
856 211 938 238 Deum
951 218 1004 238 non

211 262 331 295 ignarum
357 259 396 287 rei
421 259 584 293 interrogare
596 277 604 291 ,
623 256 669 285 sed
683 257 716 284 ab
732 257 789 291 ipso
809 257 1004 284 confessionem

211 306 330 334 criminis
345 305 462 339 exigere,
475 309 502 331 et
516 311 565 331 ttos
578 303 685 335 docere,
701 310 844 338 numquam
857 310 936 330 causa
951 310 1005 329 non

212 351 361 380 examinata
382 350 541 377 sententiam
557 353 647 376 contra
670 349 762 376 fratres
776 353 881 376 nostros
893 355 952 375 esse
965 348 1004 376 fe-

212 398 320 426 rendam
334 419 341 428 .
355 402 383 425 et
402 398 428 424 in
444 401 559 424 mentem
579 403 704 423 revocare
724 395 863 422 consilium
878 394 981 421 Domini
996 415 1002 426 ,

211 445 255 479 qui
272 444 342 471 hunc
357 443 427 470 illitts
440 447 563 470 conatum
577 442 734 476 reprimens,
749 445 776 468 et
789 440 912 468 conscius
924 440 1003 466 etiant

213 495 351 524 antequam
373 497 417 516 res
434 489 551 516 eveniret
563 509 570 520 ,
585 487 647 522 quid
664 487 708 514 ille
728 486 837 513 haberet
851 486 877 512 itt
892 485 981 512 animo
995 505 1002 518 ,

213 535 336 563 remediis
351 535 382 562 ad
397 533 612 569 praeveniendum
627 540 690 561 usus
701 536 743 560 est
754 541 759 558 :
771 540 829 559 cum
844 532 1004 566 oportuisset

211 583 252 609 ltis
273 582 396 609 ontnibus
416 581 538 616 cogitatis
551 602 558 614 ,
574 581 651 607 finem
668 580 755 606 facere
771 579 880 606 insania:
892 600 898 611 ,
914 578 1004 606 dicere

209 628 271 662 quid
287 627 395 659 factutn,
411 626 552 654 ostendere
567 625 670 653 medico
686 625 761 652 ulcus
771 646 778 657 ,
796 629 823 653 et
835 625 956 659 accipere
970 624 1003 651 ab

211 674 256 700 ilio
269 673 412 708 pharmaca
426 682 431 699 :
443 672 488 699 ille
502 672 597 699 iterum
611 675 688 705 anget
702 671 804 702 vulnus,
817 675 844 698 et
857 670 931 697 ulcus
945 677 1005 704 gra-

211 719 267 746 vius
290 718 385 746 reddit.
411 717 444 744 Et
458 717 520 744 dixit
532 737 539 750 ,
555 717 639 752 inquit
652 737 658 749 ,
677 716 781 744 Nescio.
799 716 864 743 Vide
883 716 1002 751 responsi

210 763 411 798 impudentiam.
425 762 492 790 Nutu
507 762 607 790 homini
623 762 750 797 loqueris,
762 770 841 797 quem
855 761 922 789 forte
932 761 1003 788 deei-

211 818 273 845 pere
287 809 398 844 posses?
410 809 512 842 Nescis,
527 808 615 835 infelix
628 813 654 835 et
667 808 758 840 miser,
773 808 832 842 quis
844 813 884 835 est
898 808 941 843 qui
955 807 1002 834 tibi

210 855 345 889 loquitur?
364 862 416 881 non
438 854 538 889 cogitas
551 875 557 887 ,
572 854 658 889 ipsum
672 853 706 880 ob
721 853 864 881 bonitatem
880 860 1002 888 magnam

210 901 385 934 interrogare,
406 900 572 927 occasionem
592 898 733 934 quamdam
754 899 873 926 invenire
891 899 1002 933 cupien-

211 951 274 978 tem,
289 953 336 980 per
349 953 427 981 quam
439 953 515 973 suatn
530 945 576 972 tibi
590 945 707 972 declaret
722 945 922 978 humanitatem,
935 949 961 972 et
975 948 1002 972 ut

211 996 301 1026 postea
314 992 421 1018 tentatis
431 998 447 1018 a
457 998 485 1018 se
497 991 631 1024 omnibus,
646 991 744 1018 nullam
756 990 855 1018 habeas
865 990 985 1018 defensio
993 1006 1001 1012 -

209 1045 281 1071 nem,
292 1043 383 1073 utpote
394 1038 438 1073 qui
448 1045 533 1072 poma:
547 1037 660 1073 teipsum
674 1038 818 1065 obnoxium
829 1038 976 1065 constituas
990 1038 1002 1064 ’ἔ

257 1085 390 1111 Accusatio
417 1084 574 1111 conscientia:
594 1092 670 1119 quant
692 1084 783 1118 gravis.
801 1098 837 1104 —
861 1083 894 1110 Et
914 1085 978 1111 dixit
991 1105 1000 1117 ,

210 1132 303 1166 inquit,
322 1131 423 1158 Nescio.
441 1130 512 1158 Num
524 1135 608 1158 custos
620 1131 706 1166 fratris
719 1131 767 1157 mei
790 1139 847 1157 sunt
868 1132 932 1166 ego?
951 1130 1002 1158 Co-

207 1178 260 1212 gita
283 1177 325 1204 ltic
346 1177 515 1204 conscientia:
537 1178 733 1204 accusationem
753 1181 780 1204 et
801 1177 934 1212 quomodo
955 1178 1000 1212 qtti

208 1223 371 1251 conscientia
383 1223 568 1258 impellebatttr
578 1244 585 1256 ,
599 1228 628 1250 ιιι
641 1224 674 1250 ita
686 1223 770 1250 dicant
782 1244 789 1256 ,
806 1231 853 1251 ttec
862 1229 1000 1258 postquam

207 1270 283 1303 dixit,
299 1269 402 1302 Nescio,
420 1269 499 1297 finem
513 1269 619 1297 dicendi
632 1270 703 1303 fecit,
718 1269 763 1296 sed
777 1269 895 1297 subdidit
909 1278 915 1296 :
930 1269 1001 1296 Num

206 1321 288 1343 custos
301 1316 387 1350 fratris
400 1316 447 1343 mei
461 1324 516 1343 sum
535 1316 601 1352 ego?
627 1320 728 1343 tantum
741 1323 793 1343 non
807 1316 923 1351 seipsutn
938 1316 1000 1344 red-

207 1369 329 1397 argucns.
351 1362 456 1388 Atenim
472 1362 493 1388 si
509 1370 542 1389 ex
553 1361 726 1397 consequenti
739 1362 787 1389 abs
810 1366 835 1389 te
855 1367 998 1397 ageretur,

207 1407 351 1435 secundum
372 1413 474 1435 natura),
489 1408 560 1443 leges
574 1407 711 1436 custodem
731 1407 856 1436 fraternae
868 1409 961 1436 salutis
975 1413 1001 1437 te

207 1463 266 1482 esse
279 1455 428 1490 oportebat.
444 1455 498 1482 Hoc
512 1455 582 1482 enim
602 1459 694 1482 natura
708 1454 841 1487 decrevit,
856 1459 883 1483 et
896 1459 1001 1490 oportet

205 1508 252 1527 eos
263 1501 307 1535 qui
319 1509 351 1527 ex
362 1500 456 1528 eodem
468 1505 544 1528 utero
555 1500 610 1527 nati
621 1505 683 1528 sunt
693 1505 784 1528 mutuo
795 1508 854 1528 esse
863 1501 998 1529 custodes.

205 1547 280 1580 Quod
296 1547 318 1574 si
339 1546 389 1574 hoc
402 1547 510 1574 nolebas
522 1567 529 1579 ,
544 1551 571 1574 et
585 1546 693 1574 noluisti
706 1551 797 1574 custos
812 1554 871 1574 esse
886 1547 975 1575 fratris
991 1556 998 1575 :

205 1600 287 1628 quare
301 1600 365 1627 ergo
380 1593 449 1620 illius
464 1592 619 1621 interfector
632 1599 662 1621 es
679 1592 763 1620 factus
776 1613 782 1626 ,
798 1598 824 1620 et
837 1601 897 1621 eum
913 1595 957 1628 qui
974 1597 1000 1621 te

205 1639 278 1666 nulla
296 1639 384 1667 affecit
405 1639 499 1674 injuria
516 1639 654 1673 occidisti,
669 1643 696 1667 et
711 1640 807 1674 putasti
826 1639 925 1666 nulium
942 1639 999 1668 fore

204 1685 248 1720 qui
266 1690 291 1713 te
310 1685 344 1713 de
360 1685 412 1713 hoc
425 1685 638 1720 reprehensurus
650 1686 740 1713 esset?
753 1685 804 1713 Sed
818 1690 957 1720 exspecta.
973 1691 1000 1714 et

205 1731 309 1759 ridebis
321 1735 504 1759 accusatorem
518 1736 592 1759 tuum
606 1731 662 1759 fore
675 1740 734 1759 eum
749 1732 793 1767 qui
807 1732 959 1760 interfectus
972 1737 999 1760 et

203 1782 354 1813 prostratus
365 1778 445 1813 jacet,
458 1783 484 1805 et
499 1782 524 1806 te
536 1779 668 1806 viventem
683 1783 710 1806 et
723 1778 912 1811 ambulantem,
927 1779 998 1806 clara

204 1831 271 1850 voce
282 1828 477 1851 accusaturum.
492 1824 534 1851 to.
547 1823 581 1850 Et
593 1823 653 1850 dicit
666 1823 735 1851 Deus
746 1832 755 1851 :
767 1824 835 1857 Quid
842 1824 924 1860 fecisti
934 1824 1000 1852 hoc?

203 1868 297 1904 Magna
321 1869 399 1904 hujus
423 1870 494 1897 verbi
519 1869 654 1897 recondita
677 1870 716 1897 vis
737 1874 795 1903 est,
811 1875 838 1897 et
851 1870 997 1906 emphasis.

203 1914 291 1948 Quare
301 1935 308 1948 ,
326 1915 426 1950 inquit,
444 1915 494 1942 hoc
508 1920 632 1950 operatus
644 1915 692 1942 es?
706 1923 788 1951 quare
800 1916 931 1944 admisisti
946 1924 993 1945 ne-

204 1961 299 1988 farium
316 1961 366 1988 hoc
382 1961 483 1989 facinus
495 1982 502 1994 ,
516 1961 693 1989 abnminabile
707 1969 775 1996 opus
787 1982 795 1995 ,
810 1961 908 1989 factum
921 1962 997 1990 inex-

203 2007 300 2041 piabile
314 2027 322 2040 ,
345 2007 474 2034 insaniam
500 2007 692 2035 intolerabilem
706 2027 714 2040 ,
735 2007 836 2035 eisdem
855 2015 950 2035 novatn
971 2013 998 2036 et

203 2053 360 2088 stupendam
371 2074 378 2085 ,
392 2054 446 2088 jam
462 2054 576 2088 pritnunt
590 2053 615 2080 ιιι
631 2053 767 2080 hominum
784 2054 862 2081 vitam
877 2059 919 2081 ttta
933 2054 998 2082 dex-

205 2104 260 2126 tera
284 2100 436 2126 invectam?
459 2108 506 2127 cur
528 2099 612 2127 fecisti
635 2099 685 2127 ltoc
708 2104 761 2127 tant
781 2108 921 2135 magnum,
944 2105 997 2128 tam

205 2144 322 2172 terribile
333 2166 340 2177 ,
357 2153 409 2180 quo
424 2153 476 2172 non
499 2150 539 2172 est
558 2149 694 2180 peccatum
710 2145 780 2172 aliud
796 2146 921 2180 gravius?
942 2146 998 2174 νοω

203 2192 333 2226 sanguinis
346 2192 431 2227 fratris
444 2192 481 2218 tui
494 2191 586 2218 clamat
601 2192 635 2218 ad
647 2200 686 2218 me
698 2191 729 2218 de
743 2196 818 2219 terra.
836 2192 902 2219 Nunt
917 2192 997 2220 homo

204 2245 273 2270 sum,
288 2238 383 2273 inquit,
397 2238 440 2272 qui
454 2239 537 2265 solam
552 2238 621 2265 illam
637 2246 729 2266 vocem
744 2238 861 2270 audiam,
877 2247 936 2274 qua:
950 2246 997 2274 per

204 2284 319 2318 linguam
340 2283 493 2318 profertur?
517 2283 586 2313 Deus
606 2291 664 2311 sum
677 2306 684 2318 ,
705 2285 749 2320 qui
773 2292 880 2320 possum
901 2289 929 2312 et
949 2292 997 2320 per

203 2330 358 2364 sanguinem
378 2329 470 2358 audire
489 2330 647 2358 clamantem
659 2352 666 2364 ,
684 2334 711 2359 et
730 2331 803 2358 httmi
823 2336 994 2366 prostratum.

205 2376 272 2402 Ecce
287 2383 426 2410 quousque
446 2376 516 2402 volat
536 2384 585 2403 vox
600 2377 736 2411 sanguinis
757 2377 834 2411 hujus
846 2398 853 2410 ,
867 2385 950 2412 usque
969 2377 996 2404 in

203 2421 296 2448 czclum
309 2429 324 2448 a
336 2427 406 2448 terra
420 2421 549 2456 ascendit,
565 2426 591 2450 ct
604 2427 813 2457 prtctercurrens
827 2423 932 2454 caelum,
944 2430 996 2450 ca:-

204 2467 281 2502 loquc
292 2467 446 2502 superiores
459 2468 581 2500 virtutes,
598 2468 670 2503 regio
683 2468 751 2495 solio
763 2469 872 2501 assistit,
883 2473 909 2496 et
923 2473 994 2495 tttutn

203 2513 325 2548 deplorat
336 2513 518 2547 homicidiunt,
532 2522 562 2541 ac
574 2515 702 2542 nefarium
717 2515 767 2542 hoc
778 2515 864 2542 scelus
876 2520 993 2543 accusat.

210 2560 264 2588 Vox
277 2561 410 2597 sanguinis
424 2561 510 2596 fratris
525 2561 559 2587 tui
572 2561 664 2588 clamat
677 2561 710 2588 ad
723 2570 762 2588 me
775 2562 806 2588 de
820 2568 896 2588 terra.
911 2561 993 2594 Num,

204 2606 297 2642 inquit,
311 2607 337 2634 in
350 2607 466 2634 alienum
478 2612 504 2634 et
513 2607 643 2642 hospitem
655 2607 818 2642 iniquitatem
829 2608 896 2635 hanc
909 2613 995 2643 patra-

205 2653 257 2680 sti?
273 2652 300 2680 lu
315 2652 424 2680 fratrem
441 2658 513 2681 tuum
525 2675 532 2686 ,
550 2654 622 2681 illum
636 2654 679 2689 qui
693 2654 764 2681 nulla
780 2660 804 2682 te
820 2655 914 2690 injuria
929 2655 994 2683 affe-

203 2702 291 2731 cerat,
307 2699 416 2726 saevisti.
435 2699 488 2727 Sed
504 2699 570 2726 forte
592 2699 773 2727 benevolentia
789 2708 846 2727 mea
868 2701 936 2729 hanc
958 2701 994 2728 illi

203 2745 302 2772 medem
318 2745 436 2780 peperit.
453 2749 479 2772 et
495 2753 553 2772 cum
569 2753 620 2773 non
636 2753 728 2780 posses
742 2754 844 2774 mecum
859 2755 992 2782 pugnare,

205 2790 230 2817 in
247 2789 321 2817 illum
336 2790 451 2818 effudiin
473 2790 590 2818 furorem
607 2795 680 2818 tttum
701 2791 867 2819 indomitum.
892 2792 994 2827 Eapro-

207 2842 262 2870 pter
275 2835 355 2864 talem
368 2836 413 2864 tibi
426 2843 531 2871 prauam
543 2836 665 2872 inferam,
678 2841 706 2865 ut
717 2837 801 2865 audax
814 2838 882 2866 istud
893 2839 995 2867 facinus

739 107 773 135 ΙΝ
791 108 866 137 CAP.
888 107 932 135 IV.
954 107 1068 138 GENES
1094 106 1210 136 HOMIL.
1231 108 1301 137 XlX.

1801 105 1858 133 {6.2.

1060 163 1184 191 oblivioni
1196 164 1263 192 tradi
1278 173 1329 192 non
1345 165 1437 200 possit,
1451 171 1476 194 et
1489 174 1547 202 qum
1560 168 1585 195 in
1601 173 1626 196 te
1639 168 1716 204 fiuttt,
1727 171 1852 200 omnibus

1058 209 1169 244 posthac
1191 212 1342 246 sequuturis
1363 212 1502 247 castigatio
1519 219 1546 241 et
1567 215 1712 244 admonitio
1733 218 1797 246 sint.
1817 219 1857 246 Et.

1058 262 1123 281 nunc
1133 275 1139 285 ,
1155 256 1215 290 quia
1231 255 1281 284 hoc
1295 256 1397 289 fecisti,
1411 262 1437 284 et
1451 258 1546 285 malam
1560 260 1720 289 voluntatem
1735 263 1768 291 ad
1783 263 1848 291 effe-

1057 304 1128 328 ctum
1144 301 1294 335 deduxisti,
1310 308 1336 330 ct
1351 311 1396 337 per
1411 304 1534 332 invidiam
1553 306 1654 335 cmdem
1670 311 1828 338 commisisti
1841 332 1848 344 ,

1058 347 1085 374 Μ
1088 348 1207 375 alediclnr
1221 354 1247 375 tu
1262 350 1294 376 de
1306 355 1382 376 terra.

1092 393 1117 420 5.
1130 393 1208 421 Vides
1224 394 1418 422 maledictionis
1431 396 1617 431 differentiam,
1629 399 1744 427 dilecte?
1755 401 1793 429 Ne
1807 403 1856 437 igi-

1058 443 1099 466 tur
1119 439 1347 468 ineonsideranter
1362 441 1423 469 hinc
1445 447 1574 476 transeas,
1595 444 1642 472 sed
1661 452 1693 472 ex
1717 447 1849 475 maledicti

1056 487 1236 520 magnitudine
1273 487 1363 521 flagitii
1402 488 1592 516 immanitatem
1629 492 1761 526 expende.
1783 493 1848 520 Nam

1055 538 1154 567 quanto
1169 533 1252 568 majus
1268 534 1300 560 sit
1317 539 1452 568 peccatttm
1473 535 1524 562 ltoc
1538 538 1756 570 prteraricationc
1773 539 1849 573 primi

1056 577 1180 611 hominis,
1193 587 1223 605 ex
1237 580 1431 607 maledictionis
1442 581 1569 609 varietate
1584 583 1653 611 scire
1667 584 1763 611 rolcttti
1776 585 1848 612 licet.

1056 623 1111 650 Illic
1138 625 1207 651 enittt
1230 625 1311 659 inquit
1332 634 1337 652 :
1358 625 1496 654 Maledicta
1524 633 1590 655 terra
1616 630 1642 656 in
1662 631 1777 665 operibus
1803 632 1851 659 tuis

1056 668 1140 704 (Gen.
1157 670 1182 697 ’5.
1201 671 1243 705 17)
1257 679 1263 697 :
1278 675 1304 698 et
1326 671 1351 698 in
1379 677 1475 699 terram
1502 673 1584 701 effusa
1609 680 1648 702 est
1677 677 1826 704 maledictio
1842 698 1860 710 ,Α

1055 720 1161 742 ostensa
1182 724 1229 744 sua
1250 717 1274 743 in
1298 717 1432 746 hominem
1450 727 1514 747 cura
1531 730 1535 746 :
1553 720 1597 748 hic
1617 729 1680 749 vero
1700 724 1760 757 quia
1783 732 1852 758 opus

1056 761 1231 795 perniciosum
1246 784 1253 796 ,
1275 763 1376 791 faciutts
1399 765 1532 800 iniquum,
1546 772 1571 794 et
1594 767 1754 803 inexpiabile
1774 770 1850 805 flagi-

1056 807 1130 838 tium,
1142 807 1198 842 ipse
1209 809 1376 836 maledictmn
1386 810 1483 845 excipit
1494 822 1500 839 :
1514 812 1556 838 11.
1570 811 1601 838 Ει
1613 821 1679 840 nunc
1689 814 1848 848 mult-dictus,

1055 853 1148 887 inquit,
1166 858 1192 879 tu
1205 854 1236 881 de
1250 859 1325 881 terra.
1341 855 1405 882 Nam
1421 857 1480 891 quia
1501 856 1583 884 ferme
1599 859 1691 886 cadem
1714 861 1768 894 egit
1789 869 1849 895 qua:

1054 905 1174 933 serpens,
1189 903 1216 926 et
1228 901 1303 934 quasi
1315 908 1442 935 organum
1455 902 1563 930 servivit
1581 903 1679 931 diaboli
1697 907 1849 939 sententiw,

1055 948 1082 970 et
1096 944 1165 971 sicut
1191 945 1236 972 ille
1255 944 1348 974 fraude
1369 948 1556 975 mortalitatem
1575 948 1743 977 introduxit:
1759 951 1798 979 sic
1822 957 1854 980 et.

1054 989 1096 1016 hic
1110 989 1250 1025 deceptum
1268 990 1375 1019 fratrem
1389 997 1416 1019 et
1431 993 1456 1020 in
1469 1000 1591 1028 campum
1607 995 1730 1023 eductum
1746 1002 1847 1026 armata

1054 1037 1079 1063 itt
1097 1036 1169 1064 illtttn
1183 1045 1262 1065 manu
1282 1039 1389 1066 occidit.
1402 1039 1546 1074 Propterea
1558 1041 1627 1068 sicut
1643 1042 1679 1069 illi
1695 1042 1848 1076 dixit,_Ma-

1053 1082 1158 1109 (edictus
1179 1087 1206 1109 tu
1223 1083 1288 1110 inter
1308 1092 1394 1111 omnes
1407 1085 1496 1112 bestias
1506 1090 1579 1114 terra:
1590 1086 1615 1123 (Ι
1619 1087 1670 1114 bid.
1689 1096 1712 1114 υ.
1728 1089 1790 1123 Ι4);
1807 1090 1846 1117 sic

1053 1133 1080 1155 et
1093 1128 1164 1160 huic,
1180 1129 1223 1163 qui
1238 1129 1330 1157 eadetn
1345 1138 1404 1165 qua:
1423 1131 1468 1158 ille
1486 1137 1610 1167 operatus
1626 1133 1682 1160 fuit.
1697 1133 1762 1161 Nam
1780 1135 1849 1162 sicut

1053 1174 1186 1208 diabolus,
1200 1176 1262 1203 odio
1272 1181 1298 1204 et
1313 1177 1411 1204 invidia
1425 1182 1522 1210 motus,
1538 1186 1590 1205 non
1602 1179 1690 1207 ferens
1706 1186 1742 1207 tot
1754 1181 1847 1208 ineffa-

1053 1221 1114 1249 bilia
1138 1222 1267 1250 beneﬁcia
1282 1243 1288 1255 ,
1303 1231 1362 1258 qum
1387 1223 1413 1251 ιιι
1438 1224 1572 1252 homincut
1596 1227 1630 1252 ab
1654 1226 1729 1253 initio
1751 1227 1848 1255 collata

1052 1271 1124 1300 sunt,
1142 1266 1238 1295 invidia
1253 1267 1287 1295 ad
1301 1267 1486 1302 deceptiouem
1506 1269 1692 1298 exstintnlatus
1706 1276 1747 1299 est
1758 1291 1766 1303 .
1788 1280 1849 1306 qua:

1052 1318 1166 1340 tnortetn
1181 1313 1315 1341 induceret
1332 1322 1340 1341 :
1356 1315 1391 1341 ita
1412 1319 1440 1342 et
1458 1315 1501 1342 hic
1517 1315 1563 1343 Dei
1577 1323 1638 1351 erga
1653 1316 1760 1344 fratrem
1772 1325 1848 1345 suum

1052 1358 1266 1387 benevolentiam
1278 1368 1400 1395 magnam
1417 1361 1520 1394 videns,
1532 1370 1564 1389 ex
1578 1362 1674 1389 invidia
1689 1363 1722 1390 ad
1738 1364 1848 1392 homici-

1052 1405 1124 1432 dium
1141 1407 1263 1441 prosiliit.
1286 1407 1386 1434 ldcirco
1405 1408 1468 1434 dicit
1485 1408 1519 1435 illi
1536 1417 1542 1434 :
1560 1408 1593 1435 Et
1613 1417 1679 1435 nunc
1700 1409 1848 1437 maledicta:

1052 1457 1079 1479 tu
1092 1451 1123 1478 de
1137 1457 1215 1479 terra.
1229 1452 1393 1486 Maiedictus,
1409 1454 1501 1489 inquit,
1514 1454 1576 1486 eris,
1589 1459 1615 1482 et
1632 1460 1709 1483 terra:
1724 1456 1770 1489 illi,
1784 1457 1848 1489 Quae

1051 1497 1187 1532 aper-uita:
1199 1506 1281 1531 suum,
1298 1503 1325 1525 ut
1337 1499 1484 1534 sanguinem
1497 1499 1583 1534 fratris
1607 1501 1642 1527 tui
1662 1501 1693 1528 de
1708 1510 1785 1528 manu
1804 1507 1848 1530 tua

1051 1542 1185 1576 exciperet.
1203 1543 1234 1569 Et
1248 1547 1324 1570 terra:
1346 1544 1400 1575 illi,
1417 1544 1516 1579 inquit,
1533 1545 1583 1572 erit
1597 1546 1771 1580 maledictus,
1787 1556 1847 1583 qua:

1051 1589 1176 1616 sustinuit
1192 1589 1234 1615 tali
1250 1590 1377 1624 sanguine
1392 1590 1511 1625 irrigari,
1522 1591 1566 1626 qtti
1582 1599 1641 1619 cttm
1659 1596 1730 1620 tanta
1745 1593 1848 1621 abomi-

1052 1635 1157 1662 natione
1171 1642 1185 1662 a
1199 1639 1250 1662 tant
1265 1635 1344 1670 itnpia
1359 1644 1437 1663 manu
1450 1636 1549 1664 effusus
1564 1642 1614 1665 est.
1631 1638 1695 1665 Deitt
1711 1639 1846 1674 Scriptura

1051 1681 1139 1708 divina
1160 1681 1373 1710 maledictionem
1399 1683 1577 1718 interpretans
1590 1705 1596 1717 ,
1620 1685 1785 1714 manifestius
1805 1687 1846 1714 di-

1051 1727 1087 1754 cit
1100 1735 1106 1752 :
1119 1726 1162 1753 12.
1177 1727 1284 1759 Quando
1297 1733 1413 1762 operatus
1428 1729 1505 1764 fueris
1521 1734 1622 1762 terram,
1640 1739 1689 1757 non
1703 1731 1805 1766 ndjiciet
1819 1738 1845 1760 ut

1051 1772 1091 1799 det
1111 1773 1154 1799 tibi
1175 1773 1251 1800 robur
1263 1781 1346 1800 suum.
1362 1773 1455 1809 Magna
1472 1782 1557 1810 paena:
1579 1777 1683 1810 species
1694 1799 1700 1810 ,
1716 1782 1742 1805 et
1763 1786 1847 1813 grave

1051 1817 1239 1853 indignationis
1255 1819 1366 1853 pondus.
1383 1819 1512 1848 Laborem
1524 1821 1642 1856 quidem.
1657 1823 1751 1857 inquit,
1766 1825 1847 1852 susti-

1052 1864 1136 1897 nebis,
1149 1869 1177 1892 et
1189 1873 1247 1900 qua:
1263 1870 1290 1892 tu
1301 1865 1389 1893 facere
1406 1871 1491 1900 potes,
1506 1867 1594 1894 omnia
1606 1867 1698 1901 facies,
1712 1873 1738 1896 et
1751 1877 1848 1904 opera-

1051 1909 1121 1937 beris
1139 1914 1236 1937 terram
1257 1910 1300 1937 tali
1325 1911 1453 1946 sanguine
1476 1911 1639 1947 inquinatam
1656 1923 1662 1939 :
1679 1913 1778 1941 nullum
1798 1923 1847 1942 au-

1050 1959 1104 1984 tem
1133 1961 1216 1983 metes
1243 1956 1356 1984 fructunt
1384 1962 1436 1984 tant
1462 1958 1606 1986 multorum
1633 1959 1773 1993 laborum,
1799 1962 1847 1989 sed

1050 2003 1150 2030 inutilis
1168 2003 1220 2031 erit
1233 2003 1278 2031 tibi
1292 2004 1379 2031 omttis
1395 2005 1470 2032 labor
1481 2013 1560 2040 quem
1575 2005 1680 2033 feceris.
1696 2007 1788 2043 Neque
1802 2008 1845 2036 ltic

1051 2048 1111 2076 finis
1123 2049 1172 2077 erit
1193 2057 1287 2084 pcentn,
1302 2050 1348 2077 sed
1371 2054 1398 2077 et
1418 2050 1524 2078 Gemens
1541 2056 1563 2078 et
1586 2056 1693 2079 tremens
1711 2054 1760 2080 eris
1773 2062 1848 2088 super

1050 2100 1152 2122 temnit.
1168 2095 1268 2123 Rursus
1282 2101 1308 2124 et
1326 2096 1377 2124 hoc
1395 2097 1538 2125 maximum
1550 2103 1590 2125 cst
1607 2099 1730 2133 supplicii
1748 2108 1843 2135 genus,

1050 2146 1177 2176 perpetuo
1188 2150 1293 2176 gemere
1307 2150 1338 2169 ac
1352 2147 1476 2170 tretnere.
1490 2143 1556 2176 Quia
1570 2144 1652 2177 cttim,
1669 2145 1763 2179 inquit,
1779 2146 1846 2173 abu-

1050 2194 1095 2213 sus
1109 2194 1137 2214 es
1152 2186 1247 2214 robore
1269 2188 1397 2222 corporis,
1415 2193 1441 2215 et
1456 2189 1635 2216 membrorum
1651 2190 1766 2224 viribus,
1783 2199 1846 2226 pro-

1050 2238 1108 2266 pter
1130 2233 1181 2260 hoc
1200 2233 1353 2260 continuum
1379 2234 1448 2261 hunc
1469 2239 1611 2262 trcntorem
1631 2240 1657 2263 et
1677 2241 1779 2264 motunt
1801 2237 1846 2265 tibi

1050 2279 1146 2311 infero,
1163 2283 1190 2306 ut
1214 2286 1266 2306 non
1291 2280 1376 2306 solum
1398 2280 1454 2314 ipse
1473 2279 1572 2308 habeas
1583 2281 1674 2315 jugem
1687 2282 1846 2310 admonitio-

1049 2334 1111 2354 ncttt
1126 2330 1154 2354 et
1176 2326 1332 2353 memoriam
1353 2326 1433 2360 hujus
1452 2326 1547 2354 nefasti
1567 2328 1675 2355 sceleris
1692 2337 1699 2356 :
1716 2329 1763 2355 sed
1778 2333 1806 2356 ut
1820 2334 1846 2357 et

1050 2381 1144 2400 omnes
1157 2373 1201 2408 qui
1224 2377 1249 2400 te
1262 2372 1387 2406 viderittt,
1404 2373 1461 2400 viso
1478 2378 1518 2406 te,
1532 2373 1607 2408 quasi
1627 2374 1699 2401 clara
1715 2375 1767 2402 illis
1779 2383 1846 2403 voco

1049 2424 1223 2455 personante,
1243 2419 1346 2447 discant
1367 2427 1402 2446 ne
1422 2419 1483 2446 talia
1497 2420 1625 2453 audeant,
1643 2424 1671 2446 ιιι
1691 2429 1725 2448 ne
1748 2421 1844 2449 similia

1051 2466 1185 2501 patiantur
1200 2475 1206 2493 :
1222 2470 1249 2494 et
1263 2473 1341 2500 pcena
1355 2470 1398 2493 tua
1414 2466 1480 2492 alios
1495 2465 1590 2493 doceat
1602 2474 1696 2494 omnes
1707 2487 1713 2494 .
1729 2475 1762 2494 ne
1777 2467 1845 2495 ultra

1051 2512 1094 2539 tali
1107 2512 1235 2546 sanguine
1248 2516 1345 2539 terram
1360 2512 1489 2546 polluant.
1501 2511 1645 2546 Propterea
1662 2520 1713 2538 non
1731 2513 1804 2540 brevi
1818 2518 1844 2541 te

1050 2563 1135 2586 morte
1148 2558 1262 2594 plcctam
1273 2579 1280 2591 ,
1297 2562 1325 2585 ttt
1344 2565 1378 2585 ne
1393 2557 1488 2584 factunt
1504 2557 1630 2584 oblivioni
1643 2558 1761 2585 tradatur
1774 2567 1780 2586 :
1795 2559 1843 2587 sed

1049 2606 1130 2632 vitam
1151 2609 1236 2632 morte
1254 2604 1402 2639 graviorem
1423 2603 1555 2631 sustinere
1574 2609 1599 2631 te
1617 2604 1731 2637 curabo.
1748 2609 1777 2632 ut
1799 2613 1846 2640 per

1051 2651 1109 2679 lnec
1120 2651 1208 2678 discas
1219 2651 1305 2685 qualia
1320 2649 1524 2684 perpetravcris.
1537 2650 1580 2677 13.
1597 2649 1628 2676 Et
1643 2650 1706 2677 dixit
1721 2650 1783 2678 Cain
1798 2650 1846 2678 Do-

1051 2697 1117 2724 mino
1128 2705 1138 2723 :
1153 2696 1239 2731 Major
1252 2701 1289 2723 est
1302 2703 1379 2722 causa
1393 2703 1457 2729 inea,
1469 2703 1545 2728 quant
1560 2699 1586 2722 ut
1602 2696 1715 2723 dimittar
1725 2704 1780 2732 ego.
1792 2697 1846 2723 Ma-

1050 2752 1129 2780 gnum
1143 2743 1252 2779 aliquid,
1268 2747 1294 2770 et
1307 2742 1385 2770 saluti
1400 2746 1499 2769 nostra:
1514 2742 1656 2778 plurimum
1671 2743 1736 2770 utile
1752 2743 1805 2776 hic,
1822 2743 1844 2770 si

1049 2791 1142 2819 attenti
1165 2790 1293 2818 fuerimus
1305 2811 1311 2822 ,
1329 2789 1419 2817 licebit
1438 2789 1586 2816 addiscere.
1614 2789 1647 2816 Et
1668 2789 1733 2816 dixit
1757 2788 1845 2816 Cain:

1050 2839 1137 2876 Major
1152 2843 1279 2866 estcausa
1299 2846 1363 2870 mea,
1383 2845 1458 2872 quam
1477 2841 1502 2864 ut
1521 2836 1633 2863 dimittar
1642 2845 1697 2871 ego.
1716 2836 1783 2864 Ecce
1798 2835 1844 2864 ab.
