2060 3122
220 104 277 139 tos

214 168 300 194 soluta
313 165 454 194 confessio.
467 163 532 192 Tale
547 167 702 199 tantumque
724 168 764 191 est
775 184 782 197 ,
799 163 897 198 inquit,
913 170 1006 198 pecca-

217 219 270 240 tum
285 211 355 247 quod
373 210 514 242 commisi,
530 214 558 237 ut
574 217 626 236 non
641 209 738 244 possim
758 209 878 243 accipere
893 209 1006 236 veniam.

220 258 298 291 Ecce,
313 257 382 284 dicet
401 256 506 291 aliquis,
522 255 659 283 confessus
674 259 725 287 est,
741 259 769 282 et.
782 262 841 282 cutn
856 261 949 289 magna
965 261 1007 280 ae-

215 304 353 332 curatione
364 302 502 330 confessus
513 306 553 330 est
566 311 572 328 :
589 301 636 328 sed
648 301 713 328 nihil
727 301 788 327 inde
803 300 879 332 lucri,
895 300 1006 327 dilecte:

215 350 400 385 intempestiva
427 349 497 376 enim
518 347 652 375 confessio
671 352 722 374 est.
745 347 801 374 lloc
825 347 897 373 enim
921 346 1009 373 facere

216 396 355 431 oportebat
377 400 496 430 tempore
511 393 676 429 congruenti,
689 391 795 427 quando
814 392 901 419 adltuc
923 392 1008 425 impe-

216 442 280 470 trari
303 446 406 477 poterat
427 449 442 467 a
462 440 556 468 indice
580 438 772 466 misericordia.
787 437 918 464 Mcntores
939 443 1009 463 ttttnc

214 492 299 514 estote
317 487 374 522 ejus
386 487 457 522 quod
477 486 555 520 paulo
571 490 632 512 ante
649 484 702 511 dixi
713 505 721 516 ,
745 490 839 518 nempe
858 483 884 510 in
899 482 1007 509 terribili

215 534 261 562 illo
273 534 317 561 die
329 537 357 560 et
377 533 402 560 in
418 532 552 564 tribunali,
569 532 594 559 itt
610 539 662 566 quo
682 530 752 557 nulla
776 537 948 564 personarum
961 536 1009 556 ac-

214 579 313 614 ceptio,
327 579 384 605 fore
397 583 423 605 ut
434 578 614 612 unusquisque
628 582 746 604 nostrutn
757 575 792 602 ob
803 579 910 610 peccata
925 574 1009 609 potni-

216 624 297 652 tentia
314 623 435 656 ducatur,
451 623 544 650 videns
557 627 585 650 et
602 627 663 648 ante
678 621 770 648 oculos
785 620 886 648 habens
902 619 1007 647 terribi-

216 670 250 698 lia
265 670 308 697 illa
323 673 454 697 tormenta
465 689 472 700 ,
487 674 514 696 et
533 667 698 695 inevitabiles
717 674 809 701 poenas
819 686 827 699 ,
843 665 890 693 seti
910 665 1007 692 nullam

215 717 276 744 inde
290 716 429 743 habiturus
444 715 596 746 utilitatem,
614 719 733 748 tempore
747 713 900 740 destitutus.

249 761 401 789 Pwnitentia
416 765 473 787 ante
489 768 588 796 pinnam
603 760 681 786 utilis.
697 773 732 778 —
748 758 905 786 Pueu'ttcntia
918 757 988 784 enim
1000 778 1006 789 ,

215 807 368 841 priusquam
384 813 461 840 paena
477 805 615 838 inferatur,
629 809 733 838 tempus
747 804 836 836 habet,
851 809 877 830 ct
888 802 1008 831 ineffabi-

215 853 266 879 lem
281 852 344 878 vim.
360 850 474 878 Proinde
488 851 611 883 obsecro,
625 857 684 878 cum
699 849 785 877 adhuc
798 849 892 877 efficax
909 853 949 876 est
963 849 1008 876 nti-

215 898 317 925 riticum
333 897 383 924 hoc
401 896 572 932 pharmacum
586 917 593 929 ,
607 895 746 924 commoda
768 901 796 922 et
815 896 926 923 fructum
947 895 1008 923 inde

215 943 392 979 pereipiamus
403 963 410 976 ,
428 947 456 970 et
469 950 529 970 cum
546 942 633 970 adhuc
656 949 748 969 sumus
761 942 786 968 iu
801 942 924 976 prtesenti
939 942 988 968 vita
999 962 1006 973 ,

215 989 378 1022 pmnitontiae
405 988 570 1016 medicamen
592 987 668 1015 nobis
692 994 876 1021 apponatnus,
893 988 1008 1014 scientes

215 1035 331 1070 liquido,
349 1035 413 1062 nihil
437 1040 499 1062 tunc
518 1034 595 1062 nobis
619 1033 800 1068 paenitentiam
824 1032 1006 1068 profuturam,

213 1090 274 1111 cum
297 1082 414 1109 solutum
430 1081 711 1116 fueritspeetaculum,
725 1085 754 1108 et
768 1086 871 1115 tempus
883 1079 1007 1107 certami-

215 1135 278 1156 num
291 1128 418 1156 ablatura.

250 1175 277 1202 4.
292 1174 391 1202 Verum
410 1173 444 1201 ad
463 1173 611 1200 institutum
626 1173 775 1200 redeamus.
789 1172 933 1207 Oportebat
947 1176 1008 1199 tunc

213 1227 274 1248 cum
287 1220 494 1254 interrogaretur
505 1227 520 1245 a
533 1219 654 1250 Domino,
665 1218 713 1246 Ubi
724 1223 759 1245 est
771 1218 831 1244 Abel
842 1220 920 1253 frater
928 1222 986 1244 tuus
995 1218 1008 1243 Ρ

214 1266 334 1294 confiteri
349 1269 485 1300 peccatum
499 1269 526 1292 et
542 1264 679 1299 procidere
689 1285 697 1297 ,
711 1269 738 1291 ct
751 1271 829 1290 orare
841 1284 848 1296 ,
864 1267 891 1290 et
904 1263 1007 1290 veniam

215 1316 325 1347 petere;
345 1312 402 1347 ipse
421 1319 487 1339 vero
501 1316 562 1338 tunc
580 1311 687 1345 quidem
710 1310 868 1337 medicinam
893 1310 985 1344 rejccit
998 1331 1006 1342 ,

215 1364 286 1384 nunc
306 1362 408 1388 autem,
432 1361 492 1391 post
514 1358 672 1383 sententiam
685 1375 692 1388 ,
709 1360 767 1390 post
787 1356 866 1382 tinem
886 1356 1008 1382 omnibus

215 1402 377 1437 impositum,
388 1407 529 1437 postquam
549 1402 620 1429 clara
631 1408 695 1428 voce
709 1406 848 1428 accusatus
861 1406 903 1428 est
919 1409 933 1427 a
946 1408 1008 1428 san-

214 1450 293 1484 guine
307 1449 332 1476 in
349 1454 418 1476 terra
439 1449 571 1483 jacentis,
587 1448 745 1480 confitetur,
761 1447 877 1483 nihilque
893 1448 953 1474 inde
969 1447 1008 1474 lu-

214 1494 326 1522 crifacit.
347 1494 423 1522 Unde
442 1494 569 1528 propheta
582 1494 686 1521 dicebat
701 1502 706 1520 :
723 1493 811 1520 Justus
823 1494 863 1520 sui
874 1494 952 1528 ipsius
963 1501 1008 1519 ac—

214 1545 315 1567 cusator
335 1540 362 1566 in
387 1539 511 1574 principio
534 1539 654 1566 sermonis
673 1539 770 1574 (Prov.
788 1539 827 1566 l8.
844 1538 904 1574 Π).
920 1539 951 1566 Et
965 1539 1007 1566 hic

215 1593 343 1620 quoque,
370 1586 392 1613 si
421 1586 591 1620 prtcvenisset
619 1586 721 1612 Domini
752 1586 1005 1620 reprehensionem,

215 1632 325 1658 omnino
348 1631 556 1658 misericordiam
579 1637 758 1666 consequutus
779 1632 884 1663 fuisset,
901 1637 1008 1666 propter

215 1678 372 1705 immensam
395 1677 497 1704 Domini
527 1677 726 1712 benignitatem.
749 1677 854 1704 Nullum
877 1678 946 1704 enim
967 1682 1008 1704 est

215 1728 364 1758 peccatutn,
378 1727 620 1758 quantumcumque
634 1731 714 1758 grave
727 1723 771 1756 sit,
788 1723 857 1758 quod
874 1724 941 1750 illius
957 1724 1008 1750 nti-

214 1769 386 1797 scricordiam
409 1769 496 1796 vincat
511 1776 518 1794 :
535 1768 614 1795 modo
631 1774 749 1803 tempore
763 1769 853 1796 debito
874 1769 1006 1803 pteniten-

215 1815 278 1842 tiam
291 1822 409 1850 agamus,
418 1820 446 1842 et
457 1815 558 1842 veniant
569 1819 697 1849 petamus.
711 1814 743 1840 Et
754 1814 816 1841 dixit
827 1814 889 1842 Cain
901 1822 910 1841 :
921 1814 1008 1850 Major

214 1866 253 1889 ιιι
264 1869 342 1888 causa
355 1869 410 1888 mea
421 1881 428 1893 ,
443 1869 517 1896 quant
532 1865 558 1887 ut
572 1861 684 1887 dimittat-
705 1869 759 1896 ego.
782 1860 922 1888 Sufficiens
939 1868 1006 1887 con-

214 1907 294 1936 fessio
304 1929 311 1942 ,
328 1908 377 1935 sed
393 1907 588 1942 intempestiva.
601 1907 635 1934 Et
647 1907 714 1934 dixit
729 1915 734 1933 :
751 1907 793 1934 Μ.
807 1907 837 1934 Si
851 1908 953 1942 c/cceris
968 1915 1007 1934 me

214 1955 288 1982 hodie
302 1963 317 1981 a
332 1955 396 1990 facie
409 1960 491 1988 term,
506 1959 528 1988 et
541 1963 556 1980 ιι
571 1954 635 1990 facie
650 1958 693 1980 tua
707 1954 857 1988 abscondar,
873 1959 895 1981 et
910 1963 951 1981 ero
961 1963 1007 1990 ge—

213 2008 282 2027 mens
301 2005 325 2027 et
339 2005 445 2027 tremens
459 2008 535 2034 super
547 2005 657 2032 terram;
670 2004 693 2026 et
709 2000 753 2026 erit
763 2020 770 2032 ,
786 2000 866 2026 omnis
880 2000 921 2034 qui
936 2000 1006 2026 inue-

213 2046 277 2072 urrit
294 2054 333 2072 me
344 2067 351 2078 ,
365 2046 459 2072 occidet
476 2054 524 2072 me.
541 2044 607 2072 Vide
629 2053 707 2081 quam
729 2046 888 2073 miserabilia
909 2046 1004 2078 verba,

214 2097 268 2118 tttm
280 2091 340 2126 quia
361 2091 555 2125 intempestita,
571 2095 626 2117 tttm
640 2091 699 2125 quia
715 2095 834 2125 tempore
847 2091 936 2124 elapso
948 2092 1006 2118 nul-

214 2138 267 2164 lutn
292 2138 404 2164 fructum
419 2136 555 2164 allen-ent.
573 2137 605 2163 Et
619 2137 685 2164 dixit
699 2145 706 2162 :
723 2137 753 2164 Si
767 2138 867 2172 rjcceris
881 2145 920 2163 me
932 2138 1006 2164 hodie

214 2191 229 2209 rt
241 2182 306 2218 facie
317 2187 398 2214 terrm,
413 2187 435 2209 et
451 2190 467 2208 a
481 2182 546 2217 facie
558 2187 601 2208 tua
618 2181 768 2216 abscondur,
785 2188 807 2209 et
821 2191 862 2209 ero
873 2192 971 2218 gemens
982 2189 1005 2210 ct

212 2234 319 2256 tremens
333 2236 410 2263 super
425 2233 537 2260 terram;
552 2233 575 2255 et
589 2229 635 2255 erit
645 2249 652 2261 ,
665 2229 744 2256 cumis
757 2229 798 2263 qui
817 2238 855 2257 me
870 2231 1003 2263 invenerit,

212 2275 342 2308 interﬁciat
353 2283 402 2302 tne.
414 2275 441 2302 Si
455 2275 480 2302 in
494 2279 573 2307 terra,
590 2276 684 2310 inquit,
701 2275 871 2304 maledictum
886 2285 929 2305 me
940 2278 1005 2304 feci-

211 2321 244 2349 sti
258 2325 286 2348 et
310 2321 366 2356 ipso
387 2328 430 2348 mc
453 2321 602 2353 aversaris,
618 2325 750 2356 tantaeque
774 2329 858 2356 poma:
875 2323 1003 2351 tradidisti

213 2375 266 2400 me,
284 2367 318 2393 ita
329 2370 360 2394 ut
372 2374 475 2401 gemam
486 2371 511 2394 et
523 2371 645 2399 tremum,
658 2367 723 2394 nihil
737 2368 886 2402 prohibebit
901 2374 1002 2403 postea,

211 2413 275 2447 quin
289 2413 408 2447 quisquis
423 2413 449 2439 in
472 2419 515 2439 me
530 2412 574 2440 vel
594 2413 700 2440 fortuito
715 2413 855 2446 inciderit,
872 2423 914 2442 tttc
929 2423 961 2442 eo
977 2416 1003 2442 in

210 2464 280 2486 statu
302 2459 417 2494 positum
436 2464 464 2486 et
479 2463 520 2486 tua
537 2466 588 2493 ope
609 2459 736 2486 nudatum
751 2460 900 2487 interficiat.
917 2461 1004 2488 Facile

212 2505 337 2533 invadere
357 2513 400 2532 ttte
415 2506 521 2540 poterit,
537 2505 628 2540 inquit,
646 2505 669 2533 si
684 2506 743 2540 quis
758 2506 907 2534 interficere
922 2507 1002 2535 volet.

210 2552 300 2588 Neque
312 2552 383 2580 enim
393 2552 449 2587 ipse
459 2552 587 2579 obluctari
600 2556 703 2586 potero,
715 2557 767 2580 tam
778 2553 905 2581 dissoluta
920 2561 1005 2581 mem-

211 2599 255 2625 bra
271 2599 460 2626 circumferens
470 2619 478 2631 ,
492 2602 520 2625 et
541 2598 657 2633 undique
670 2603 818 2627 commotus
831 2608 836 2625 :
850 2599 957 2634 insuper
976 2605 1003 2627 et

211 2645 271 2676 hoc,
286 2643 360 2678 quod
370 2644 455 2671 sciant
475 2650 570 2671 omnes
582 2647 625 2671 tua
640 2651 682 2673 me
695 2651 746 2679 ope
760 2644 924 2679 destitutum,
940 2653 1000 2673 eum

209 2689 254 2725 qui
266 2689 336 2721 velit,
353 2693 382 2716 ut
393 2688 425 2716 ad
443 2688 542 2716 cmdem
556 2697 641 2717 meam
652 2690 779 2724 prosiliat,
797 2690 924 2718 incitabit.
935 2690 1001 2724 Quid

209 2743 273 2771 ergo
289 2735 440 2763 misericors
462 2739 490 2763 et
513 2734 599 2762 bonus
612 2735 761 2763 Dominus?
774 2736 816 2763 t5.
832 2736 864 2763 Et
879 2736 941 2763 dixit
965 2736 1002 2763 illi

213 2779 335 2808 Dominus
348 2780 415 2808 Deus
430 2790 439 2808 :
457 2781 518 2808 Non
538 2781 584 2808 sic.
600 2780 638 2808 Nc
658 2786 734 2816 putes
747 2802 754 2813 ,
770 2781 855 2817 inquit
866 2802 872 2813 ,
888 2781 945 2809 hau:
967 2783 1001 2809 ita

210 2827 275 2855 tieri.
291 2828 381 2863 Neque
403 2828 473 2855 cuitu
495 2828 582 2856 Iiccbit
600 2829 694 2863 cuique
708 2829 805 2857 volenti
820 2833 844 2856 tc
859 2830 979 2857 occidere
993 2851 999 2861 ,

573 107 600 135 S.
621 105 759 134 JO.\NNlS
777 105 1014 135 CllliYSOSTOill
1035 105 1192 133 ARCIIIEP.
1213 104 1478 133 CONSTANTINOP.

1800 108 1851 136 ισι

1063 163 1109 190 sed
1123 170 1157 190 ex
1173 162 1338 190 diuturniore
1360 163 1412 190 vita
1429 168 1472 189 tua
1488 166 1514 189 ct
1534 162 1618 196 major
1632 162 1692 190 inde
1713 163 1759 190 tibi
1775 164 1852 192 dolor

1063 209 1125 240 erit,
1139 213 1167 235 et
1191 208 1337 242 relinquam
1360 213 1385 236 te
1407 208 1518 243 posteris
1532 209 1746 243 generationibus
1767 211 1851 244 magi-

1062 258 1160 286 strum,
1175 258 1202 280 ut
1217 254 1254 280 tui
1267 253 1446 288 spectaculum
1462 252 1515 281 illis
1525 253 1558 280 sit
1571 254 1715 281 admonitio
1729 260 1756 282 et
1770 257 1852 283 casti-

1061 300 1148 332 gatio,
1171 298 1310 333 nullusque
1324 298 1474 332 exemplum
1489 303 1562 326 tuum
1583 304 1718 335 sequatur.
1734 300 1766 327 Et
1789 301 1852 328 dixit

1062 343 1185 371 Dentium
1209 344 1276 371 Deus
1290 352 1298 371 :
1314 344 1373 371 Non
1397 345 1442 372 sic.
1461 344 1550 372 Omnis
1569 347 1611 380 qui
1632 346 1751 373 occiderit
1771 346 1833 374 Cain
1845 369 1852 381 ,

1061 393 1157 424 septem
1169 390 1275 417 ultiones
1291 390 1376 417 solvet.
1391 390 1522 417 Fortassis
1541 390 1620 418 multa
1634 396 1696 419 sunt
1710 400 1769 427 qua:
1782 393 1852 426 dixi,

1062 441 1088 463 et
1102 436 1212 463 multam
1226 437 1330 470 corpori
1346 437 1492 464 molestiam
1507 437 1652 465 attulimus.
1667 438 1719 466 Sed
1734 439 1796 474 quid
1813 439 1853 466 fa-

1062 483 1150 510 ciant?
1161 483 1227 517 Quia
1242 483 1318 510 video
1332 489 1446 511 vestram
1459 484 1485 511 in
1500 484 1631 511 audiendo
1649 484 1812 517 aviditatem,
1827 491 1854 513 ct

1063 530 1156 564 ingens
1175 529 1353 564 desiderium,
1369 529 1469 565 reliqua
1488 531 1566 557 etiam
1587 538 1741 566 persequar,
1760 536 1786 559 et
1806 540 1855 566 pro

1062 575 1162 603 viribus
1175 576 1240 603 meis
1256 576 1457 610 interpretabor.
1472 576 1539 610 Quid
1552 581 1594 603 est
1606 597 1612 609 ,
1627 577 1731 612 Septem
1748 578 1854 605 ultiones

1061 622 1160 648 solvet?
1173 621 1226 649 Sed
1249 622 1343 649 iterum
1370 629 1464 649 vereor
1484 630 1517 649 ne
1532 621 1663 650 dictorum
1685 623 1854 651 multitudine

1062 668 1217 694 memoriam
1232 675 1323 695 eorutn
1337 675 1396 703 qua:
1412 668 1482 695 dicta
1502 673 1563 695 sunt
1578 669 1688 696 obruam
1699 690 1706 700 ,
1723 675 1749 696 et
1764 670 1855 698 videar

1062 712 1137 739 vobis
1150 713 1283 740 fastidium
1297 713 1392 740 afferre
1409 723 1414 739 :
1430 713 1478 741 sed
1493 714 1516 741 si
1529 722 1582 742 non
1597 714 1752 750 fatigamini,
1771 716 1854 743 susti-

1062 763 1134 789 nete,
1150 762 1177 785 et
1199 758 1249 786 hoc
1264 758 1386 786 absoluto
1398 763 1533 792 contextu,
1548 767 1698 788 sermOnent
1721 762 1853 789 finiemus.

1063 803 1095 830 Et
1110 804 1175 830 dixit
1190 803 1228 830 illi
1238 803 1364 831 Dominus
1380 804 1448 832 Deus
1459 813 1468 831 :
1482 804 1543 832 Non
1557 807 1604 833 sic.
1621 806 1709 834 Omnis
1723 807 1765 841 qui
1785 808 1854 834 occi-

1061 848 1125 875 derit
1140 848 1220 882 Cain,
1237 849 1327 884 septies
1341 850 1449 877 ultiones
1467 850 1554 878 solvet.
1571 850 1604 877 Et
1627 855 1709 886 posuit
1729 852 1854 880 Dominus

1061 894 1131 922 Deus
1141 895 1243 930 signant
1255 896 1280 922 in
1291 895 1363 929 Cain,
1376 905 1407 923 ne
1419 897 1500 924 omnis
1514 898 1558 932 qui
1570 898 1689 925 inueniret
1703 899 1775 926 illunt
1789 901 1856 926 occi-

1061 941 1139 968 deret.
1150 941 1205 969 lloc
1215 941 1335 974 timuisti,
1346 942 1439 976 inquit,
1452 950 1485 970 ne
1494 943 1647 972 occidet-ere
1656 944 1666 971 ?
1674 945 1795 978 Conlidc,
1805 945 1857 974 hoc

1062 996 1113 1015 non
1127 988 1189 1016 erit.
1202 988 1267 1015 Nam
1278 989 1397 1023 quisquis
1411 989 1461 1016 hoc
1474 989 1560 1017 facere
1574 991 1752 1023 attentavcrit,
1761 996 1854 1026 septu-

1061 1034 1123 1069 plici
1138 1041 1224 1069 poena:
1245 1041 1275 1062 sc
1299 1033 1379 1062 faciet
1398 1035 1541 1062 obnoxium
1557 1043 1564 1062 :
1580 1040 1608 1063 et
1630 1036 1728 1064 idcirco
1751 1037 1854 1072 signum

1062 1081 1109 1107 tibi
1123 1081 1241 1115 itttpono,
1256 1085 1284 1108 ut
1307 1081 1394 1108 nullus
1415 1082 1540 1116 ignorans
1560 1082 1699 1110 interfecto
1713 1088 1755 1116 te,
1769 1084 1855 1118 pontis

1063 1127 1116 1154 illis
1127 1135 1155 1155 se
1169 1127 1313 1154 obnoxium
1328 1127 1415 1155 faciat.

1145 1172 1247 1208 Septem
1261 1174 1369 1200 ultiones
1382 1174 1407 1200 in
1419 1173 1498 1200 Caino
1510 1182 1567 1209 qua:
1577 1175 1588 1200 ἒ)
1598 1190 1632 1194 -—
1645 1173 1697 1202 Sed
1714 1182 1760 1209 par
1773 1179 1815 1202 est
1827 1179 1855 1202 ιιι

1061 1219 1227 1246 manifestius
1247 1227 1294 1246 vos
1316 1219 1445 1252 doceant,
1460 1220 1594 1254 quomodo
1612 1221 1656 1255 qui
1673 1220 1738 1248 Cain
1757 1222 1855 1248 occidit

1060 1269 1164 1298 septem
1185 1271 1324 1299 ptenarum
1342 1272 1403 1291 reus
1429 1265 1473 1291 sit.
1501 1264 1553 1292 Vos
1577 1273 1689 1300 precor,
1714 1267 1852 1294 attendite.

1060 1309 1126 1336 tiam
1140 1309 1162 1336 si
1175 1317 1254 1341 nunc,
1269 1310 1337 1337 sicut
1347 1314 1373 1337 et.
1388 1310 1412 1337 in
1428 1310 1609 1344 superioribus
1619 1311 1714 1338 diebus
1727 1319 1797 1347 Stcpe
1810 1321 1854 1340 ca-

1060 1355 1130 1383 ritati
1144 1360 1238 1382 vestras
1249 1355 1375 1389 diximus,
1387 1364 1446 1383 cutn
1458 1356 1551 1391 jejunii
1567 1361 1670 1391 tempus
1683 1362 1732 1390 est,
1745 1363 1771 1384 et
1783 1362 1853 1387 tanta

1061 1402 1251 1436 tranquillitate
1265 1402 1396 1435 fruimur,
1412 1407 1437 1429 et
1457 1402 1559 1429 liberati
1576 1410 1668 1430 sumus
1684 1412 1698 1430 a
1713 1404 1853 1438 cogitatio-

1061 1448 1139 1475 uibus
1157 1456 1216 1482 qua:
1235 1452 1351 1475 mentem
1375 1454 1491 1475 nostram
1506 1449 1670 1483 perllll'lﬂllll,
1685 1457 1738 1476 non
1750 1458 1852 1477 ευιιιιιιτὶ

1060 1493 1194 1528 diligentia
1209 1493 1370 1521 addiscimus
1381 1502 1440 1528 qua:
1458 1495 1482 1520 itt
1497 1494 1594 1520 divinis
1607 1495 1751 1530 Scripturis
1766 1497 1853 1522 eunti-

1061 1544 1165 1572 nentur,
1178 1539 1283 1574 quando
1291 1548 1321 1567 ea
1335 1539 1393 1566 aliis
1405 1539 1565 1574 temporibus
1576 1539 1680 1567 discere
1690 1541 1833 1575 poterimus
1843 1542 1854 1568 ἲ

1062 1585 1123 1613 ideo
1138 1593 1195 1617 oro,
1212 1590 1238 1612 et
1261 1593 1370 1620 precor,
1385 1590 1412 1612 et
1424 1586 1543 1620 supplico
1554 1606 1562 1618 ,
1578 1590 1604 1613 ct
1617 1586 1692 1620 quasi
1710 1594 1795 1620 genua
1810 1595 1854 1614 re-

1060 1636 1114 1660 stra
1130 1631 1264 1666 contingo,
1279 1631 1378 1658 intenta
1394 1635 1481 1658 ntettte
1492 1631 1532 1658 Itis
1545 1639 1604 1666 qua:
1616 1631 1738 1658 dictmtur
1751 1632 1854 1658 auscul-

1061 1681 1163 1709 temus,
1179 1681 1207 1704 ut
1222 1676 1308 1703 fructu
1323 1677 1410 1711 aliqtto
1429 1676 1510 1703 nobili
1533 1681 1559 1703 et
1577 1677 1709 1711 prmcipuo
1725 1682 1833 1712 accepto
1845 1698 1853 1710 ,

1062 1724 1170 1750 domum
1185 1728 1275 1757 poStca
1291 1722 1442 1749 redeamus.
1457 1722 1524 1756 Quid
1540 1723 1616 1757 igitur
1631 1727 1682 1754 est,
1700 1723 1801 1758 Septem
1816 1725 1853 1750 ul-

1061 1770 1139 1796 tiones
1153 1768 1383 1796 wlt‘ct?Pritnum
1405 1768 1513 1803 quidem
1537 1769 1702 1802 septenarius
1727 1777 1853 1795 numerus

1060 1815 1094 1843 de
1113 1815 1279 1843 multitudine
1295 1815 1392 1842 dicitur
1411 1815 1437 1842 in
1457 1815 1545 1841 divina
1570 1815 1706 1849 Scriptura
1724 1823 1732 1840 ;
1748 1815 1772 1842 id
1783 1815 1853 1850 quod

1060 1870 1131 1897 sa-pe
1145 1863 1170 1889 itt
1185 1862 1329 1896 Scripturis
1344 1862 1468 1895 occurrit,
1481 1866 1518 1892 ut,
1530 1861 1632 1888 Sterilis
1652 1863 1746 1896 peperit
1761 1867 1854 1896 septem

1061 1909 1099 1944 (ι.
1115 1909 1179 1944 Reg.
1194 1908 1222 1936 ‘2.
1237 1909 1281 1944 5):
1297 1913 1323 1935 et
1337 1908 1444 1935 similia.
1458 1907 1614 1942 Conjectare
1626 1913 1715 1935 autem
1733 1908 1775 1935 hic
1792 1909 1855 1935 licet

1061 1955 1161 1987 peccati
1176 1953 1396 1989 magnitudinem,
1411 1958 1440 1980 et.
1452 1953 1536 1988 ipsutn
1553 1960 1605 1979 non
1617 1961 1698 1979 mtuttt
1715 1958 1851 1988 peecatutn

1060 2000 1236 2032 commisisse,
1252 2000 1297 2027 sed
1312 2003 1424 2034 septem,
1437 2007 1549 2033 quorum
1566 1999 1676 2033 quodvis
1693 2007 1738 2033 per
1753 2005 1781 2025 se
1797 2007 1852 2025 ma-

1059 2054 1109 2082 gna
1125 2054 1202 2080 poena
1225 2045 1359 2072 luendum.
1378 2045 1458 2080 [gitur
1472 2045 1605 2080 quomodo
1621 2045 1677 2072 lucc
1701 2046 1853 2072 numerabi-

1061 2093 1138 2120 mus?
1160 2092 1276 2119 Primum
1298 2091 1396 2118 invidet
1419 2091 1508 2123 fratri,
1525 2091 1593 2125 quod
1616 2091 1669 2118 Deo
1691 2092 1725 2118 sit
1739 2095 1851 2125 gratus:

1059 2137 1128 2173 quod
1142 2138 1164 2165 si
1185 2138 1272 2164 solum
1287 2137 1424 2170 adfuisset,
1440 2136 1472 2164 ad
1484 2137 1671 2164 accersendum
1687 2136 1724 2163 illi
1742 2137 1851 2164 exitium

1058 2184 1222 2216 sutl'ccisset;
1238 2183 1365 2215 secundo,
1380 2182 1461 2210 frater
1476 2183 1548 2210 fratri
1562 2191 1610 2210 suo
1626 2183 1745 2216 invidet;
1762 2184 1850 2216 tertio,

1059 2231 1163 2258 fraudes
1179 2231 1300 2262 consuit;
1322 2235 1427 2265 quarto,
1442 2230 1542 2257 caulem
1557 2237 1637 2264 opere
1652 2230 1741 2264 implet
1756 2239 1762 2262 ;
1775 2231 1851 2265 quiu-

1059 2280 1086 2304 lo
1098 2297 1104 2309 ,
1119 2276 1226 2304 fratrem
1244 2277 1356 2308 occidit;
1370 2281 1445 2303 sexto
1455 2297 1462 2308 ,
1480 2276 1581 2310 primus
1601 2281 1711 2302 mortem
1726 2281 1851 2310 operatus

1058 2327 1114 2354 est;
1131 2321 1244 2356 septimo
1256 2342 1264 2353 ,
1280 2322 1333 2348 Deo
1348 2322 1474 2348 mentitus
1489 2326 1538 2348 est.
1554 2321 1621 2348 Num
1637 2323 1771 2356 assequuti
1790 2323 1853 2349 estis

1059 2369 1128 2396 dicta
1140 2389 1147 2400 ,
1161 2375 1194 2395 an
1208 2375 1271 2395 vero
1285 2367 1364 2394 vultis
1380 2372 1408 2394 ut
1427 2375 1456 2394 ea
1471 2368 1564 2394 iterum
1579 2374 1764 2394 recenseatnus
1777 2388 1783 2400 ,
1798 2376 1850 2402 quo

1059 2415 1147 2442 sciatis
1167 2414 1299 2449 quontodo
1315 2414 1519 2448 unumquodque
1534 2421 1580 2448 per
1593 2421 1622 2440 sc
1644 2413 1807 2446 sufficiebat,
1823 2420 1851 2440 ut

1058 2461 1171 2487 maxima
1186 2460 1345 2495 plecteretur
1359 2459 1453 2494 ptena?
1464 2459 1528 2486 Nam
1543 2459 1601 2494 quis
1615 2459 1655 2486 vel
1670 2459 1744 2486 venia
1758 2459 1850 2494 digna-

1058 2511 1131 2533 retur
1144 2506 1220 2533 alteri
1235 2506 1396 2533 invidentem
1408 2527 1415 2538 ,
1431 2506 1501 2540 quod
1521 2506 1566 2532 Dei
1580 2505 1764 2533 benevolentia
1780 2505 1848 2532 fruc-

1058 2552 1146 2579 rctur?
1158 2551 1228 2579 Ecce
1241 2559 1321 2578 unum
1336 2551 1479 2578 maximum
1491 2556 1516 2578 et
1530 2551 1689 2585 inexpiabile
1699 2556 1848 2586 peccatum.

1058 2598 1157 2626 Deinde
1172 2599 1221 2625 hoc
1236 2598 1321 2632 majus
1334 2597 1491 2630 ostenditur,
1503 2597 1564 2632 quia
1585 2597 1666 2624 frater
1682 2601 1738 2624 erat
1751 2599 1794 2624 cui
1811 2598 1849 2623 iu-

1057 2643 1171 2675 ridebat,
1187 2647 1214 2670 et
1225 2643 1294 2670 ttulla
1310 2643 1383 2670 illum
1402 2650 1510 2678 prorsus
1523 2643 1617 2677 injuria
1633 2642 1766 2670 all‘eccrat.
1782 2643 1849 2670 Ecce

1056 2691 1147 2718 ethoc
1168 2698 1273 2725 quoque
1295 2697 1348 2717 non
1367 2689 1474 2725 vulgare
1490 2694 1627 2724 peccatttm
1647 2694 1698 2716 est.
1712 2689 1771 2716 Jant
1795 2693 1848 2716 tcr-

1058 2737 1121 2764 tium
1135 2757 1142 2769 ,
1157 2736 1227 2772 quod
1241 2732 1318 2763 dolos
1333 2735 1433 2768 nexuit,
1449 2735 1559 2770 decepto
1570 2740 1596 2762 et
1611 2735 1636 2762 itt
1650 2742 1773 2769 campum
1787 2735 1848 2762 alle-

1056 2787 1099 2810 cto
1114 2782 1211 2813 fratre,
1229 2789 1314 2816 neque
1328 2782 1411 2817 ipsam
1428 2787 1548 2809 naturant
1564 2781 1703 2808 reveritus.
1720 2781 1849 2814 Quartum

1058 2835 1194 2864 peccatum
1211 2829 1265 2863 ipsa
1281 2834 1337 2856 erat
1361 2829 1463 2859 (aedes.
1482 2837 1558 2865 quam
1579 2828 1747 2863 perpetrauit.
1765 2827 1847 2863 Quiu-
