2060 3122
179 141 228 171 ίῦὃ

180 215 236 237 ιιιιιι
247 208 255 224 ι
265 225 274 239 ,
286 204 357 240 quod
372 205 479 233 fratrem
492 204 588 232 occidit
602 203 695 232 eodem
718 211 751 231 ex
772 208 848 231 utero
862 209 975 238 progna-

179 258 244 281 tum.
254 250 375 284 Sextum,
388 251 457 286 quod
471 250 571 286 primus
585 249 665 277 credis
678 249 812 284 specimen
823 247 978 275 introduxit.

179 296 338 333 Septimum,
349 296 421 332 qttod
434 300 541 331 rogatus
555 303 569 322 a
584 296 648 327 Deo,
661 294 767 321 mentiri
782 293 818 320 illi
833 300 913 320 ausus
926 296 977 320 est.

181 342 249 370 Dicit
264 341 344 376 igitur
363 350 368 368 :
385 341 435 375 Qui
451 346 476 368 te
490 340 613 368 occidere
629 339 786 372 tentaverit,
802 345 905 374 septem
922 345 979 365 Ina-

184 389 261 419 ximis
275 388 361 422 poenis
375 389 492 423 seipsum
509 396 584 415 reum
599 387 687 415 faciet.
704 386 742 414 Ne
757 386 835 421 igitur
855 386 906 413 hoc
921 393 978 412 me-

183 439 254 462 tuas.
271 434 339 460 Ecce
355 433 425 460 enim
445 438 472 460 et
493 433 597 468 signum
611 433 637 460 in
653 437 678 460 te
693 439 763 467 pono
775 453 783 465 ,
799 432 834 459 ita
848 436 877 458 ut
891 431 979 458 nullus

181 480 226 514 qui
244 483 269 506 te
284 479 416 506 invenerit
430 479 543 514 ignoret.
558 478 623 506 Nam
644 479 693 505 ista
716 478 741 505 in
765 482 821 505 toto
843 477 905 504 vita:
928 481 979 504 tua:

182 526 295 553 dccursu
318 532 461 552 nervorum
485 524 616 552 resolutio
647 523 742 551 futuris
764 522 980 558 generationibus

183 571 256 598 utilis
270 571 320 599 erit
333 579 339 597 τ
356 574 383 598 et
397 570 423 598 id
437 570 507 606 quod
528 570 600 598 solus
623 569 694 597 nullo
709 573 841 604 prtesente
855 571 980 602 operatus

183 625 210 645 es
221 639 228 650 ,
251 618 302 644 hoc
325 617 429 645 discent
444 624 538 644 omnes
551 617 595 652 qui
613 621 638 644 te
656 620 805 651 gementem
820 619 846 643 ct
862 619 980 642 tremen-

184 668 234 691 tetn
250 664 394 696 videbunt,
413 668 441 691 et
460 664 534 699 quasi
558 671 604 698 per
617 663 737 698 corporis
760 666 902 690 tremorem
925 661 979 688 cla-

183 714 299 737 mantem
313 730 321 742 ,
336 714 363 737 et
377 709 501 736 omnibus
521 709 652 736 dicentem
667 717 675 736 :
691 708 785 736 Nullus
801 708 862 735 talia
884 707 981 735 audeat

183 756 269 790 qualia
284 763 344 791 ego,
360 760 387 782 ut
403 763 436 782 ne
451 756 478 782 in
491 755 613 783 eamdem
628 762 732 790 [urnam
747 754 846 782 incidat
856 754 877 780 ‘.

218 802 244 830 6.
261 801 369 829 Muralis
382 802 506 837 epilogus.
521 817 557 821 -
580 801 642 828 llaec
655 801 802 832 audientes,
815 799 913 832 dilecti,
922 807 980 834 qua:

184 848 252 875 dicta
273 852 334 874 sunt
358 855 409 874 non
425 847 656 874 inconsideranter
672 851 917 882 przetereurramus,
932 853 981 873 nc-

184 902 235 930 quc
258 894 308 921 hoc
331 894 417 920 solum
445 898 607 928 spectemus,
633 898 661 920 ιιι
677 893 728 920 huc
741 893 860 928 quotidie
880 899 980 920 conve-

186 940 284 968 ni.-ndo
299 940 430 975 spirituali
453 948 545 968 mensa
559 939 678 967 fruamur
693 949 700 967 :
717 939 788 966 nulla
804 939 875 966 enim
896 939 980 966 solius

185 986 291 1013 auditus
312 986 411 1013 utilitas
434 985 537 1019 fuerit,
564 985 614 1014 nisi
640 985 708 1013 adsit
733 985 905 1020 obsequentia
935 991 982 1019 per

186 1039 277 1066 opera.
302 1031 355 1059 Sed
382 1032 529 1066 cogitantes
549 1031 620 1058 unde
645 1031 672 1058 in
696 1031 747 1058 hoc
766 1030 928 1066 inexpiabile
956 1035 981 1057 et

185 1085 266 1113 grave
281 1082 418 1112 peccattun
434 1078 499 1105 Cain
515 1078 633 1113 seipsum
647 1077 793 1113 impulerit,
810 1081 839 1104 ut
854 1085 901 1112 per
913 1077 981 1104 iuvi-

186 1125 257 1152 diatn
271 1125 297 1152 in
314 1126 448 1160 proprium
464 1126 582 1157 fratrem,
599 1125 643 1161 qui
657 1125 722 1152 nihil
737 1125 786 1160 ipsi
806 1124 867 1152 mali
883 1124 981 1151 intule-

188 1176 238 1204 rat,
255 1172 291 1199 ita
312 1172 428 1205 salvirct,
452 1172 506 1199 imo
529 1173 615 1207 ipsum
638 1171 782 1205 occideret,
799 1179 832 1198 ne
853 1170 983 1206 fugiamus

187 1218 298 1245 adversa
324 1223 350 1246 et
375 1218 444 1245 mala
460 1218 524 1252 pati,
544 1218 592 1246 sed
604 1218 692 1253 potius
714 1224 902 1245 caveamusne
924 1216 982 1244 aliis

188 1265 257 1292 mala
269 1272 316 1299 per
330 1273 378 1292 nos
393 1264 548 1292 inferantur.
562 1264 608 1292 Ille
621 1264 690 1291 enim
702 1271 764 1291 vere
776 1263 846 1290 man
856 1262 981 1294 aflicitur,

188 1312 231 1345 qui
246 1311 368 1345 proximo
381 1317 430 1338 suo
445 1307 542 1338 nocere
555 1314 648 1337 teut-at.
667 1309 700 1337 Et
712 1314 741 1336 ιιι
753 1316 846 1336 verum
860 1308 910 1336 hoc
924 1315 983 1335 esse

188 1356 269 1389 scias,
282 1355 342 1383 vide
355 1355 408 1389 ltic,
421 1356 544 1388 obsecro,
556 1356 615 1390 quis
627 1360 669 1383 est
682 1355 727 1390 qui
737 1355 806 1382 mala
827 1354 936 1390 patitur,
949 1361 982 1380 an

188 1401 233 1436 qui
255 1401 362 1433 occidit,
376 1401 416 1429 vel
439 1401 484 1435 qui
497 1400 650 1428 occiditur?
672 1400 839 1428 Manifestum
852 1399 923 1434 quod
939 1399 984 1434 qui

188 1447 297 1474 occidit.
316 1446 421 1474 Etenim
437 1446 543 1474 occisus
554 1447 598 1474 ille
612 1454 696 1481 usque
709 1445 743 1473 ad
759 1451 850 1473 nostra
864 1450 983 1481 tempora

189 1501 237 1520 ore
259 1493 379 1520 omnium
403 1493 568 1525 dceantatur,
587 1493 745 1528 prmdicatur
755 1496 782 1519 et
797 1496 942 1519 coronatur
957 1497 986 1519 ut

189 1539 310 1566 veritatis
321 1539 422 1574 primus
435 1539 510 1566 testis
531 1548 538 1566 :
553 1539 622 1566 sicut
641 1539 704 1566 dicit
717 1543 743 1566 et
756 1539 849 1565 beatus
862 1538 958 1565 Paulus
973 1547 980 1565 :

191 1584 309 1611 Mortuus
328 1585 390 1611 Abel
413 1584 498 1612 adhuc
523 1585 634 1618 loquitur
647 1584 739 1620 (Hebr.
754 1585 796 1611 H.
811 1584 850 1618 4).
866 1584 917 1612 Sed
939 1584 984 1619 qui

191 1630 298 1664 occidit,
312 1631 393 1658 etiam
404 1635 466 1658 tunc
476 1631 556 1658 vitam
567 1630 661 1665 agebat
674 1630 895 1658 miserabiliorem
905 1637 984 1664 quam

192 1678 262 1704 ullus
289 1677 379 1711 homo,
401 1682 428 1705 et
455 1682 546 1712 postea
567 1678 600 1704 ah
620 1676 743 1705 omnibus
768 1677 839 1704 tnale
859 1676 941 1710 atnlit,
958 1681 986 1703 ιιι

192 1724 380 1751 abominabilis
393 1724 456 1756 Deo,
472 1730 497 1752 et
512 1729 541 1751 ιιι
553 1724 709 1751 maledictus
720 1731 735 1751 a
749 1724 837 1751 divina
848 1724 985 1758 Scriptura

193 1770 360 1803 traducitur;
377 1775 403 1798 et
427 1770 477 1798 ltoc
490 1771 596 1805 quidem
613 1770 639 1797 iu
661 1771 784 1805 pnescnti
796 1770 859 1802 vita,
874 1777 932 1805 qua:
947 1770 986 1796 si-

192 1817 248 1844 mul
260 1817 400 1844 intercidet
416 1826 422 1844 :
437 1825 496 1852 qua:
519 1822 608 1844 autent
622 1817 647 1844 in
662 1816 751 1844 futuro
763 1817 863 1844 saeCUlo
883 1817 987 1852 utrique

193 1870 335 1890 occurrere
349 1863 472 1896 debeant,
488 1870 548 1890 cum
563 1863 704 1898 unicuique
714 1870 761 1898 pro
772 1870 820 1890 suo
833 1870 915 1897 opere
924 1862 986 1889 red-

193 1909 237 1936 det
256 1909 344 1944 justus
356 1909 440 1936 Judex
456 1909 544 1944 (Rom.
559 1909 596 1942 9.;
612 1909 692 1944 Apoc.
704 1909 762 1943 ‘20),
778 1909 837 1944 quis
847 1917 935 1936 sermo
945 1908 986 1936 di-

194 1963 255 1983 cere
281 1960 381 1991 posset,
397 1957 440 1984 vel
454 1964 513 1991 quae
535 1957 615 1989 bona,
637 1956 678 1984 vel
691 1965 750 1991 qua:
775 1956 844 1983 mala
857 1956 869 1982 ?
883 1955 986 1987 Nullus,

196 2001 283 2028 nullus
294 2001 381 2036 plane,
395 2009 481 2036 ncqtte
493 2001 620 2037 jucunda,
631 2009 717 2037 neque
731 2001 815 2029 tristia
828 2001 984 2028 narraverit.

196 2046 339 2074 Enimvero
353 2048 463 2075 Abclcm
478 2047 583 2083 quidem
598 2048 624 2075 in
639 2055 721 2082 regno
734 2048 871 2080 c:clorum,
886 2051 912 2074 et
926 2054 987 2081 per-

196 2093 281 2127 petttis
303 2093 470 2126 habitaculis,
493 2093 701 2128 patriarcharum
715 2113 722 2126 ,
744 2093 932 2128 prophetarum
946 2096 987 2118 at-

197 2146 247 2172 que
271 2139 452 2174 apostolorum
477 2139 550 2167 chori
576 2143 603 2167 ct
617 2139 736 2166 ontniunt
752 2143 905 2166 sanctorum
922 2145 987 2164 eon-

195 2185 314 2220 gregatio
327 2185 472 2220 suscipicnt
486 2186 565 2213 simul
588 2186 613 2212 in
630 2188 786 2221 perpetuum
803 2189 986 2220 regnaturum,

197 2238 255 2257 cum
272 2231 344 2265 Rege
363 2231 470 2259 Christo
483 2231 557 2265 Jcsu,
574 2232 710 2267 unigenito
724 2232 770 2259 Dei
787 2231 854 2259 Filio
870 2235 897 2258 el
909 2230 964 2257 Deo
980 2237 987 2255 :

197 2276 265 2303 hunc
277 2282 375 2308 autem,
389 2276 455 2304 Cain
468 2277 586 2312 inquam,
601 2278 723 2313 gehenna
737 2278 804 2312 ignis
818 2277 921 2312 aliaque
937 2277 989 2305 im-

197 2322 317 2349 mortalia
333 2323 422 2349 omnia
440 2327 569 2350 tormcnta
595 2324 739 2358 excipient,
762 2328 790 2350 ιιι
815 2324 948 2352 crucietur
962 2326 987 2352 in

198 2367 299 2394 intinita
316 2368 413 2395 smcula
427 2373 524 2396 etcum
537 2369 582 2396 illo
596 2376 691 2397 omnes
703 2371 747 2404 qui
759 2370 854 2397 similia
866 2375 987 2404 egerunt,

197 2417 224 2440 et
238 2414 353 2441 maxime
368 2414 394 2441 in
410 2422 457 2442 cos
467 2415 510 2450 qui
525 2416 643 2449 posthinc
662 2416 822 2450 turpissimis
841 2417 988 2445 affectioni-

198 2458 247 2486 btts
267 2460 337 2495 capti
361 2465 433 2495 sunt,
450 2466 548 2496 quanto
573 2462 656 2497 major
672 2469 749 2497 pmna
765 2470 780 2490 a
797 2463 909 2490 Domino
930 2472 989 2491 om—

197 2506 269 2533 nium
297 2507 491 2541 pronuntiatur.
513 2509 581 2536 Audi
604 2509 674 2536 enini
702 2509 807 2536 beatutn
825 2510 933 2537 Paulum
947 2510 990 2538 di—

197 2557 321 2580 centem:
340 2553 496 2590 Quicumque
517 2555 583 2581 enim
602 2555 656 2582 sine
676 2555 728 2591 lege
749 2562 922 2591 peccaverunt,
937 2559 991 2584 sine

199 2596 251 2633 lege
266 2598 380 2632 peribunt
403 2599 491 2634 (Rom.
510 2600 538 2627 2.
555 2601 601 2638 12)
616 2610 621 2627 :
635 2601 685 2629 hoc
700 2607 750 2635 est,
766 2603 890 2630 leviorem
906 2603 991 2631 ferent

200 2701 221 2715 in
230 2676 414 2715 litterislimu...
426 2678 479 2710 ipsa
490 2683 542 2715 erat
554 2681 633 2706 caules
645 2687 716 2712 quam
725 2681 879 2713 perpetravit,
892 2683 991 2715 etfuror

197 2707 221 2726 tn
232 2709 357 2744 proprium
365 2707 483 2744 fratrem.‘
490 2710 607 2744 Quintum,
620 2707 666 2744 etc.

232 2740 241 2754 ²
256 2739 351 2771 c_oislin.
364 2740 419 2764 Cod.
433 2741 457 2765 in
478 2739 530 2766 hiec
541 2739 615 2766 verba
627 2743 748 2767 homiliarn
759 2743 849 2768 claudit
862 2751 867 2767 :
885 2748 913 2769 ιιί
925 2751 955 2770 ne
967 2745 994 2771 in

199 2769 311 2805 eamdem
330 2777 427 2805 prmum
445 2772 546 2805 iaciunt.
560 2777 587 2805 ζ-ςι
601 2780 642 2798 nos
654 2780 710 2799 sum:
729 2774 820 2805 gratius
831 2781 931 2805 agamus
945 2769 996 2802 bro

199 2802 378 2837 uoxtt‘qoptiluo
388 2805 411 2827 et
425 2802 586 2837 misericordi,
599 2805 710 2834 quoniam
726 2802 806 2837 ipsum
826 2802 893 2830 ducet
905 2806 991 2837 gloria,

199 2829 336 2869 paparium.
349 2832 425 2869 honor
443 2838 466 2858 ct
476 2829 595 2868 atlorttlio,
606 2829 670 2861 nunc
681 2839 703 2861 et
723 2829 817 2869 semper
828 2829 890 2861 ﬂete.
902 2829 994 2862 (fauit-5

200 2862 277 2885 onmia
288 2862 385 2889 desunt.

734 144 766 173 IN
786 143 863 173 CAP.
885 142 930 171 ιν.
951 140 1072 170 GENES.
1095 141 1209 170 llOMlL.
1230 140 1291 171 XX.

1768 144 1819 173 Ιὶῦ

1031 207 1149 235 poenam,
1165 208 1198 227 eo
1211 200 1280 235 quod
1296 208 1348 228 non
1365 200 1504 228 habuerint
1526 201 1611 238 legem
1627 209 1686 238 qua:
1708 202 1826 230 minare-

1032 250 1074 272 tur
1088 251 1113 273 et
1137 246 1283 280 corrigeret
1297 255 1304 273 :
1320 245 1353 272 Et
1365 247 1515 282 quicumque
1535 247 1561 274 in
1576 247 1630 283 lege
1649 255 1824 283 peccaverunt,

1032 299 1076 326 per
1095 291 1175 326 legem
1186 300 1284 327 quoque
1294 292 1488 327 judicabunlur.
1504 293 1536 321 lli
1552 299 1651 328 autem,
1671 295 1765 330 inquit,
1779 296 1824 331 qui

1031 337 1124 365 cadetu
1139 338 1237 365 faciunt
1249 345 1308 372 quae
1320 338 1366 369 illi.
1376 342 1403 365 et
1417 338 1482 373 legis
1493 339 1682 368 adminiculum
1696 342 1822 376 habuere,

1032 385 1166 419 graviores
1178 389 1206 412 ct
1221 384 1444 412 intolerabiliores
1456 385 1623 414 sustinebunt
1636 388 1778 415 cruciatus.
1790 388 1824 416 Et

1033 431 1128 459 merito
1143 439 1151 458 :
1167 432 1227 467 quia
1245 439 1331 466 neque
1357 431 1411 465 lex,
1428 439 1515 467 neque
1529 432 1599 467 quod
1614 433 1680 460 alios
1696 438 1733 461 tot
1748 434 1825 462 malis

1031 477 1151 512 obiectos
1167 478 1292 512 viderint,
1306 478 1481 506 modestiores
1492 482 1519 506 et
1538 479 1661 506 meliores
1672 486 1719 507 eos
1734 480 1825 508 reddi-

1032 523 1111 551 derit.
1129 524 1257 558 Quocirea
1271 524 1393 558 obsecro,
1414 529 1443 551 ut
1455 525 1497 552 vel
1511 525 1605 552 saltem
1621 533 1690 553 nunc
1711 525 1824 553 aliorum

1033 570 1245 606 correptionibus
1270 571 1393 605 uosipsos
1413 571 1605 604 emendcmus,
1627 576 1654 599 et
1673 572 1753 599 vitam
1778 580 1826 600 no«

1031 620 1114 643 stram
1129 624 1294 651 corrigamus
1313 617 1346 644 ad
1362 617 1465 644 Domini
1481 618 1675 652 obedientiam,
1693 619 1764 646 illitts
1778 619 1826 646 ob-

1034 667 1213 697 temperantes
1236 663 1340 698 legibus
1355 671 1361 689 :
1377 667 1405 690 ut
1422 671 1508 698 neque
1524 664 1602 698 livor,
1615 672 1702 699 neque
1716 664 1825 698 invidia,

1033 716 1119 743 neque
1141 708 1286 743 corporalis
1300 716 1386 742 amor,
1405 717 1491 744 neque
1512 709 1590 744 hujus
1614 711 1673 737 vitae
1693 710 1776 745 gloria
1800 715 1826 738 ct

1033 755 1162 789 potentia,
1179 762 1264 790 neque
1278 755 1379 782 ventris
1392 756 1525 790 voluptas,
1538 764 1623 790 neque
1637 756 1687 783 alia
1703 756 1825 791 quaedam

1033 801 1147 828 absurda
1163 801 1379 836 concupiscentia
1394 801 1549 828 dominetur
1571 802 1668 829 anima:
1690 806 1716 829 ct
1731 802 1826 830 rationi

1034 851 1132 873 nostra:
1158 855 1164 873 :
1181 846 1228 874 scd
1242 847 1380 881 expurgati
1401 847 1434 873 ab
1448 847 1519 874 onmi
1533 854 1620 879 emno,
1637 847 1827 882 voluptateque

1035 891 1186 926 temporali,
1198 897 1224 919 ct
1233 891 1292 919 vale
1303 891 1375 919 dicto
1384 892 1508 919 onmihus
1523 891 1677 920 fmdissimis
1692 893 1827 920 ahsurdis«

1034 939 1163 973 simisqtte
1186 938 1382 973 affectionibus,
1410 939 1443 966 ad
1467 939 1570 967 beatam
1593 939 1664 966 illam
1685 939 1776 971 vitam,
1801 944 1828 967 ct

1035 984 1176 1012 iucll‘abilia
1203 984 1248 1012 illa
1272 984 1351 1019 bona,
1370 993 1429 1020 quae
1449 985 1520 1012 Deus
1533 992 1561 1012 se
1577 984 1747 1020 diligentibus
1760 993 1828 1020 pra:-

1035 1031 1148 1065 paravil,
1172 1030 1356 1059 festinemus:
1381 1039 1440 1066 quae
1453 1031 1577 1058 omnibus
1589 1031 1668 1059 nobis
1684 1030 1828 1058 concedan-

1036 1082 1087 1110 tur,
1101 1077 1184 1112 gratia
1198 1081 1224 1104 et
1235 1077 1394 1113 benignitate
1411 1077 1514 1104 Domini
1534 1077 1616 1105 nostri
1630 1077 1692 1105 Jcsu
1717 1076 1826 1110 Christi,

1035 1130 1162 1157 cumquo
1184 1122 1264 1156 Patri,
1289 1123 1367 1150 simul
1389 1128 1414 1150 et
1438 1122 1546 1157 Spiritui
1567 1127 1659 1150 sancto
1685 1123 1718 1150 sit
1734 1123 1827 1158 gloria,

1036 1168 1187 1202 imperium,
1205 1169 1298 1201 honor,
1315 1176 1383 1195 nunc
1398 1173 1425 1195 et
1438 1175 1553 1203 semper,
1569 1173 1595 1195 et
1611 1168 1635 1195 in
1655 1169 1749 1195 suat-nia
1768 1175 1822 1195 sm-

1036 1214 1166 1240 culortuu.
1182 1215 1277 1241 Amen.

1292 1270 1431 1298 llU.\lll.l.\
1458 1271 1504 1298 xx
1522 1271 1570 1306 (ιι).

1038 1326 1162 1364 Egressus
1172 1333 1206 1356 est
1220 1333 1304 1355 autent
1315 1327 1377 1354 Cain
1392 1337 1407 1354 a
1420 1328 1485 1364 furia
1498 1328 1553 1358 hei,
1568 1333 1591 1354 et
1600 1328 1718 1355 habituri!
1727 1329 1751 1355 in
1764 1334 1830 1356 terra

1091 1373 1173 1407 Naitl,
1187 1373 1310 1409 crcgione
1325 1372 1404 1400 [idem
1422 1373 1498 1408 ((ἰίνιι.
1514 1374 1539 1400 4.
1559 1373 1613 1408 l6),
1625 1379 1651 1400 et
1663 1374 1774 1409 reliqua.

1069 1441 1095 1468 1.
1122 1441 1178 1476 Age
1203 1441 1298 1468 ilcrunt
1315 1440 1393 1468 hodie
1413 1441 1438 1468 in
1459 1448 1552 1468 tnamts
1574 1446 1709 1469 sumentes
1723 1449 1781 1476 qua:
1805 1443 1831 1469 in

1038 1487 1109 1515 serie
1124 1487 1192 1515 lecta
1205 1492 1278 1520 sunt,
1295 1487 1356 1514 inde
1368 1487 1443 1514 vobis
1456 1487 1604 1515 doctrinam
1615 1495 1789 1522 apponamus,
1803 1493 1830 1516 et

1037 1534 1145 1562 solitum
1165 1541 1198 1562 cx
1222 1533 1297 1561 libris
1312 1534 1381 1561 beati
1398 1533 1477 1561 illusis
1492 1534 1652 1569 colloquium
1676 1534 1829 1568 habeatnns,

1039 1581 1132 1608 imocx
1146 1580 1230 1608 sancti
1243 1579 1358 1615 Spiritus
1373 1579 1486 1614 eloquiis
1500 1588 1558 1614 qua:
1574 1587 1620 1614 per
1631 1580 1765 1614 prophetas
1780 1580 1831 1606 lin-

1038 1635 1115 1663 gnam
1131 1627 1219 1654 divina
1237 1626 1320 1662 gratia
1344 1633 1393 1653 nos
1408 1625 1509 1653 docmt.
1526 1625 1578 1653 Sed
1594 1634 1646 1660 quo
1669 1626 1832 1653 manifestior

1039 1680 1128 1701 sermo
1142 1678 1233 1700 noster
1245 1673 1289 1705 sit,
1305 1679 1393 1707 opene
1412 1672 1524 1706 prelitnn
1542 1671 1630 1704 fuerit,
1647 1677 1674 1698 ut
1690 1672 1714 1698 in
1731 1679 1832 1699 memo-

1039 1720 1105 1747 riam
1120 1719 1195 1746 vobis
1217 1718 1374 1750 rcl’cramus,
1390 1717 1433 1744 ubi
1445 1717 1593 1744 doctrinam
1609 1725 1693 1752 nuper
1707 1717 1831 1745 absolve-

1040 1765 1133 1798 rimns,
1148 1769 1175 1792 ιιι
1186 1763 1279 1792 eadetu
1294 1763 1373 1790 hodie
1388 1763 1510 1798 repet-ita,
1526 1762 1558 1790 de
1574 1770 1643 1790 nunc
1656 1763 1731 1790 lectis
1743 1763 1832 1791 dicere

1041 1810 1208 1845 incipiatuus.
1224 1809 1303 1837 Scitis
1324 1809 1395 1836 cuitu
1419 1816 1468 1835 nos
1482 1814 1665 1843 argumentum
1676 1809 1709 1836 de
1729 1809 1793 1836 Cain
1806 1815 1834 1837 ct

1039 1855 1450 1888 Abclnarravissc,ostendentes
1468 1859 1561 1882 tanth
1577 1855 1673 1890 iisqure
1682 1854 1748 1882 facta
1760 1861 1832 1886 sunt.

1039 1910 1117 1937 quam
1124 1910 1156 1929 ex
1166 1902 1197 1929 iis
1205 1901 1238 1928 de
1245 1901 1498 1936 quibusohtulertmt
1507 1900 1617 1927 Domino
1625 1900 1764 1932 sacriticia,
1771 1908 1840 1935 quo.

1040 1947 1120 1975 modo
1132 1947 1311 1975 faciendorum
1321 1952 1348 1974 et
1361 1954 1413 1973 non
1426 1945 1605 1972 faciendorum
1620 1945 1720 1980 agnitio
1732 1951 1833 1972 naturae

1041 1999 1138 2022 nostra:
1147 1994 1224 2021 insita
1236 1993 1279 2025 sit,
1289 1993 1441 2020 ctomnium
1452 1992 1578 2027 Opificcm
1587 1999 1635 2019 nos
1644 1992 1718 2019 liberi
1732 1993 1834 2020 arbitrii

1042 2042 1146 2074 fecisse,
1157 2045 1236 2075 atque
1247 2039 1344 2074 ubique
1353 2039 1395 2066 vel
1404 2046 1544 2071 coronare,
1552 2038 1591 2065 vcl
1603 2038 1783 2065 condemnare
1792 2046 1834 2065 se-

1041 2087 1157 2115 eundutn
1168 2086 1248 2113 animi
1259 2084 1340 2112 nostri
1349 2084 1511 2120 propositum
1524 2084 1570 2118 (ob
1583 2083 1632 2110 hoc
1645 2083 1716 2110 enim
1730 2084 1833 2110 sacrili-

1041 2135 1110 2161 cium
1119 2132 1184 2160 Cain
1197 2132 1362 2166 repudiatum
1371 2130 1428 2162 fuit,
1435 2130 1504 2157 dona
1513 2137 1575 2157 vero
1583 2129 1647 2157 Abel
1656 2129 1786 2165 accepta),
1796 2122 1831 2156 at.-

1041 2187 1092 2216 que
1102 2179 1162 2207 imle
1170 2178 1294 2206 invidiam
1303 2182 1387 2204 ortam
1395 2176 1504 2203 Caiuum
1514 2175 1539 2202 in
1549 2175 1647 2203 caulem
1655 2175 1744 2202 fratris
1752 2175 1834 2202 exsti-

1042 2227 1168 2259 mulassc,
1195 2225 1238 2260 qni
1265 2229 1369 2259 etpost
1395 2223 1503 2258 impiunt
1523 2222 1634 2255 facinus,
1658 2222 1765 2250 volente
1779 2223 1834 2250 Dco

1043 2274 1128 2309 ipsum
1144 2278 1288 2307 provocare
1302 2270 1334 2297 ad
1348 2269 1543 2297 confessionem
1554 2273 1733 2304 peccatorum,
1749 2277 1836 2303 nequo

1043 2320 1081 2346 sic
1097 2317 1247 2346 remedium
1263 2316 1384 2344 sanitatis
1398 2315 1510 2350 accepit,
1531 2315 1579 2342 sed
1594 2315 1707 2342 scelesto
1724 2314 1835 2342 homici-

1042 2367 1087 2394 dio
1110 2365 1278 2393 mendacium
1303 2363 1440 2399 conjtnnit
1452 2384 1459 2395 ,
1476 2367 1501 2389 et
1520 2370 1627 2397 gravem
1642 2361 1712 2388 illam
1730 2369 1835 2396 poenam

1043 2412 1092 2439 sibi
1106 2411 1268 2442 conciliavit,
1283 2416 1448 2444 supernaque
1459 2408 1542 2444 gratia
1553 2416 1582 2435 se
1598 2407 1705 2434 nudavit
1721 2408 1836 2442 posteris

1044 2460 1069 2486 in
1089 2446 1264 2485 correctionis
1279 2455 1430 2490 excmplum
1447 2454 1607 2489 propositus,
1621 2458 1700 2488 atque
1727 2453 1761 2480 ob
1774 2460 1836 2480 sen-

1044 2505 1154 2532 tentiam
1167 2503 1193 2530 in
1208 2511 1237 2530 se
1250 2506 1399 2536 acceptam,
1414 2499 1486 2527 omni
1499 2499 1634 2527 hominum
1647 2499 1737 2533 generi
1753 2498 1840 2534 loqui-

1045 2556 1094 2584 tur,
1112 2550 1188 2586 quasi
1202 2550 1320 2577 elatuans
1331 2552 1357 2576 ct
1367 2548 1457 2574 dicens
1473 2555 1478 2572 :
1494 2545 1532 2573 Ne
1546 2545 1596 2572 tale
1611 2545 1673 2580 qttid
1693 2545 1763 2572 nllus
1789 2553 1835 2572 ve-

1043 2603 1128 2626 strttm
1145 2603 1269 2631 umquam
1292 2593 1398 2625 audeat,
1415 2600 1449 2619 ne
1464 2593 1489 2619 in
1503 2591 1603 2619 sintiles
1616 2591 1714 2618 incidat
1733 2598 1836 2625 plenas.

1046 2644 1155 2673 Vidistis
1170 2642 1275 2670 Domini
1291 2639 1491 2674 benignitatem,
1508 2638 1641 2673 quomodo
1655 2645 1703 2664 sua
1718 2638 1744 2665 in
1760 2638 1835 2666 illuttt

1046 2699 1123 2728 poena
1138 2698 1190 2718 non
1209 2689 1296 2725 ipsum
1309 2687 1395 2715 solum
1410 2685 1550 2720 castigare,
1572 2684 1618 2712 sed
1635 2692 1682 2719 per
1697 2684 1784 2719 ipsum
1799 2691 1837 2711 51-

1076 2770 1112 2801 (n)
1129 2773 1185 2794 "me
1192 2768 1292 2793 Humilia
1302 2765 1440 2801 tota'deest
1455 2763 1592 2801 incgbert.
1605 2763 1838 2801 Codicc‘numlﬁﬁ‘a.

1046 2792 1211 2831 ιΙιίῖἶίἈῙίιίιιοι
1221 2803 1276 2823 Mss.
1288 2801 1314 2823 ct
1321 2795 1416 2831 Ooislitt.
1435 2795 1499 2820 lutne
1510 2792 1641 2831 Scriptura:
1652 2797 1747 2819 textum
1759 2795 1838 2818 Homi-

1046 2834 1084 2858 lizc
1098 2836 1134 2857 xx
1149 2830 1274 2862 pra'tigunt
1287 2836 1294 2862 _:
1305 2830 1415 2862 (agnovit
1426 2832 1506 2862 autem
1517 2830 1685 2862 curemcurem
1696 2831 1773 2856 etiam,
1784 2830 1838 2857 qua:

1047 2855 1162 2895 Eduini,
1175 2865 1196 2888 ct
1208 2855 1300 2894 ῥῖψαι-ἐι
1313 2855 1383 2890 Eiics,
1391 2861 1413 2884 ct
1421 2855 1550 2889 mitiﬁcan
1562 2856 1689 2883 civitatem.
