2060 3122
158 144 207 173 169

157 203 235 229 dente
250 200 290 228 vel
305 205 444 236 urguente,
460 200 514 234 ipse
529 207 577 226 sua
591 199 679 234 lingua
702 207 726 228 et
752 200 946 227 confessionem

158 253 326 283 peccatorum
342 247 407 279 edit,
423 251 449 273 ct
462 245 602 273 conferens
623 253 682 280 qum
697 253 711 271 a
733 253 763 272 se
779 245 847 272 facta
862 251 946 278 erant,

157 301 215 321 cum
231 293 264 320 iis
274 300 334 327 quin
349 300 362 318 a
378 290 454 323 Cain,
468 299 573 326 pinnam
591 291 692 326 sibiipsi
706 290 808 317 definit.

194 338 274 365 Poena
300 337 397 364 occasio
424 336 614 364 miseriam-dire.
638 351 674 356 —
689 335 780 362 Vidisti
805 335 948 370 providen-

157 385 219 411 tiam
244 383 366 416 Domini,
396 382 531 418 quoutodo
553 390 640 417 paena:
662 382 732 409 illius
756 382 861 409 occasio
887 386 949 409 sunt

157 428 364 462 ntisericordize,
380 434 405 454 et
428 427 610 454 misericordia
635 435 687 453 non
704 427 790 454 solum
817 427 849 454 ad
875 427 947 454 illum

157 475 334 510 pertingitqui
353 481 429 508 pinna
448 473 581 508 plectitur,
597 473 644 501 sed
657 477 683 500 et
704 474 794 500 multis
810 474 868 500 aliis
886 474 949 501 utile

156 521 237 548 efﬁcit
259 519 324 547 illud
353 520 511 551 remedium,
533 519 613 546 modo
642 520 724 547 velint
747 520 809 547 inde
835 519 948 547 fructum

157 566 272 601 capere?
296 565 373 593 Unde
397 565 479 598 enitn,
495 565 549 598 die,
572 573 672 599 qurcso,
689 565 803 592 Lamech
825 566 857 593 ad
882 566 950 594 hanc

155 612 352 640 confessionem
377 611 508 638 adductus
536 616 616 643 esset,
641 611 691 638 nisi
715 619 806 638 eorum
831 620 888 646 quze
912 612 948 638 illi

155 658 333 692 contigerunt,
350 657 505 684 memoriam
529 657 676 690 habuisset,
694 664 754 691 qum
776 657 847 684 illius
861 657 948 684 conti-

157 711 208 730 nuo
223 709 340 730 mentem
361 702 548 730 concutiebat?
567 702 651 734 Dixit,
670 703 756 737 inquit
772 712 778 729 :
802 703 894 730 Audite
908 711 951 730 uo-

158 758 207 776 cent
229 758 320 781 meam,
335 753 358 776 et
377 749 481 775 auribus
503 749 623 784 perripite
643 757 768 775 sermones
789 757 867 776 meos.
885 749 950 777 Vide

159 795 290 830 quomodo
302 800 395 822 contra
410 794 527 829 seipsum
541 794 670 828 judicium
687 794 827 822 considere
842 794 912 827 facit,
923 801 950 823 et

158 849 201 868 eas
224 841 274 868 hoc
291 841 371 868 modo
385 841 516 874 hortatur,
532 849 565 868 ne
579 841 649 869 dicta
670 842 835 876 negligenter
846 842 950 877 accipe-

157 892 226 913 rent.
252 886 368 914 Dicendo
393 887 477 918 enim,
493 886 585 913 Audite
598 895 682 913 vocem
705 895 798 921 meam,
811 892 834 914 et
847 887 950 914 auribus

158 932 276 966 percipile
287 940 414 958 sermones
428 940 505 965 meos,
520 931 635 959 Mentem
652 936 779 965 vestram,
795 933 890 967 inquit,
907 933 949 959 itt-

158 983 256 1005 tentam
271 978 397 1012 prtebete,
409 983 435 1006 et
450 978 591 1013 diligenter
604 979 752 1006 attscultate
761 987 820 1014 qua:
830 979 950 1006 dicturus

157 1032 225 1051 srun.
248 1024 305 1051 Non
328 1025 399 1052 enim
418 1024 452 1052 de
472 1025 552 1052 rebus
575 1024 726 1060 vulgaribus
747 1025 823 1053 vobis
846 1025 948 1060 loquar,

156 1070 201 1097 sed
211 1071 328 1098 occultas
339 1071 465 1106 quasdam
480 1079 523 1098 res
534 1071 610 1099 vobis
622 1072 752 1106 aperiam,
763 1076 791 1099 et
802 1072 950 1100 conﬁtebor

156 1124 184 1142 ca
197 1124 258 1151 qua:
270 1117 358 1143 nullus
371 1117 439 1143 alius
454 1117 514 1151 scit,
530 1117 577 1145 sed
591 1118 665 1145 solus
678 1125 737 1153 ego,
753 1123 780 1145 et
793 1119 887 1146 oculus
905 1119 950 1147 ille

156 1163 198 1196 qui
215 1162 298 1197 sopiri
312 1162 408 1193 nescit.
423 1171 501 1197 quem
524 1163 621 1190 timens
639 1163 740 1191 festino
755 1168 782 1191 et
801 1164 908 1197 anhelo,
921 1169 950 1191 ut

155 1207 229 1234 vobis
246 1208 334 1242 palam
347 1208 439 1235 faciam
452 1216 481 1235 ea
494 1217 552 1243 quae
567 1217 581 1235 a
597 1217 639 1236 me
650 1214 711 1236 sunt
723 1214 791 1244 acta,
804 1215 830 1237 et
844 1211 950 1244 quantis

155 1253 242 1288 pomis
256 1261 306 1288 ego
330 1254 460 1288 meipsum
485 1254 591 1281 nefariis
604 1254 729 1289 operibus
744 1255 888 1282 obnoxium
909 1255 949 1283 fe-

153 1299 247 1325 cerim.
271 1298 338 1332 Quia
355 1299 435 1325 virum
458 1299 538 1325 occidi
562 1299 588 1326 in
613 1300 703 1326 uulnus
725 1299 802 1331 milii,
824 1304 847 1327 ει
862 1300 950 1327 adole-

152 1349 263 1371 scentem
289 1345 315 1371 in
341 1345 484 1372 cicatricum
511 1346 583 1372 mihi.
618 1346 745 1379 Quoniam
770 1347 860 1381 septies
886 1347 948 1374 ultio

152 1396 254 1426 stunpta
269 1392 350 1419 estde
363 1391 435 1423 Cain,
450 1392 482 1419 de
507 1392 616 1420 Lamec/t
638 1399 722 1420 (tutan:
744 1395 886 1430 septuagics
907 1404 948 1422 se-

153 1437 224 1470 pties.
243 1436 364 1472 Magnum
379 1437 440 1472 quid
451 1437 550 1465 dictum
565 1443 616 1472 est,
629 1431 657 1466 et
673 1439 749 1466 valde
764 1448 888 1475 magnum
903 1451 908 1467 :
923 1441 949 1468 iu

152 1483 297 1517 multisque
318 1483 403 1510 bonus
428 1483 476 1510 viri
498 1484 603 1511 animus
623 1489 768 1519 spectatur.
791 1485 848 1512 Non
863 1486 948 1513 soluat

151 1528 217 1554 enim
245 1527 345 1554 factum
369 1528 520 1562 conﬁtetur,
534 1533 560 1556 et
582 1529 669 1557 credes
691 1530 725 1557 ab
747 1538 776 1558 se
793 1536 909 1566 patratas
922 1532 948 1559 iu

151 1574 268 1601 medium
286 1575 372 1607 affert,
387 1575 434 1602 sed
449 1580 475 1603 et
488 1583 594 1610 pinnam
615 1576 664 1603 sibi
685 1576 774 1610 infert,
790 1585 949 1613 comparans

154 1625 293 1654 peccatum
317 1628 395 1648 suum
413 1626 522 1655 peccato
535 1621 620 1648 Caini.
641 1622 698 1654 Qua
713 1622 783 1649 cnitn
805 1623 891 1656 venia,
907 1624 948 1650 iu-

151 1666 213 1700 quit,
226 1665 313 1693 fuerit
324 1666 429 1702 dignus,
443 1666 487 1702 qui
500 1667 609 1693 alterius
623 1675 700 1702 paena
713 1668 881 1696 cmendatior
894 1677 947 1696 non

150 1712 186 1744 ﬁt,
202 1712 249 1739 sed
275 1718 411 1739 recentem
435 1718 462 1739 et
477 1713 579 1740 ﬁrmam
596 1713 697 1741 habens
712 1715 770 1749 ejus
792 1716 947 1743 memoriam

150 1759 257 1793 insuper
282 1758 382 1793 duplex
409 1758 580 1786 homicidium
609 1761 741 1794 patravit?
765 1761 831 1794 Quia
856 1763 946 1795 virum,

149 1804 244 1839 inquit,
261 1804 346 1831 occidi
359 1805 385 1831 in
398 1805 487 1831 vulnus
502 1805 572 1837 nti/ti,
589 1810 611 1831 et
626 1806 810 1833 adolescentem
832 1807 857 1834 in
881 1808 947 1834 cica-

149 1855 232 1876 tricem
247 1850 327 1876 milii.
344 1849 401 1877 Non
422 1854 533 1883 tantum,
549 1851 644 1886 inquit,
658 1853 735 1878 nocui
750 1853 802 1880 illis
820 1861 886 1888 qttos
900 1861 946 1880 oc-

147 1895 207 1927 cidi,
222 1900 357 1930 quantum
379 1895 504 1931 mihiipsi.
530 1896 557 1923 ln
576 1905 681 1931 poenam
697 1898 769 1925 enim
787 1906 865 1934 quam
882 1899 946 1926 eﬁ‘u-

146 1948 206 1975 gere
220 1950 276 1968 non
294 1949 413 1976 possunt,
430 1942 559 1977 meipsum
575 1943 687 1978 conjeci,
703 1949 810 1978 peccata
821 1950 948 1980 operatus

148 1992 229 2019 tanta,
241 1996 305 2023 qua:
317 1988 423 2015 veniam
437 1996 488 2015 non
503 1994 650 2016 merentur.
662 1989 728 2017 Nam
741 1991 763 2017 si
778 1991 821 2018 ille
834 1999 883 2026 pro
894 2000 946 2019 una

147 2034 217 2061 cmde
232 2040 341 2069 septem
360 2036 445 2069 pomis
465 2035 597 2063 obnoxius
622 2035 706 2064 factus
721 2042 772 2071 est,
787 2046 836 2073 ego
851 2038 946 2073 dignus

147 2079 240 2106 fuerim
257 2080 304 2114 qui
318 2080 470 2115 septuagics
485 2080 583 2115 septies
596 2089 701 2116 pinnam
717 2082 797 2110 luam.
811 2083 892 2118 Cujus
907 2084 946 2111 rei

146 2126 239 2161 gratia,
259 2130 287 2153 et
309 2126 414 2160 quare?
435 2126 501 2153 Nam
524 2127 586 2154 licet
608 2128 710 2155 caedem
733 2129 777 2156 ille
791 2130 944 2164 patraverit,

146 2180 257 2208 eamque
283 2172 388 2206 fratris,
409 2177 524 2201 attamen
548 2174 621 2201 nullo
644 2183 769 2210 umquam
790 2180 867 2204 antea
882 2184 946 2205 con-

145 2222 234 2250 spccto
249 2218 295 2253 qui
315 2217 367 2245 hoc
388 2218 503 2253 fecisset,
522 2227 608 2254 ncqtte
630 2221 683 2247 alio
703 2221 760 2248 viso
773 2223 817 2256 qui
840 2230 945 2257 pcenam

145 2261 265 2290 dedisset
286 2263 422 2298 ejusmodi
448 2264 582 2296 facinoris,
600 2270 627 2292 et
650 2271 748 2293 tantam
764 2267 829 2294 iram
852 2267 946 2296 fuisset

143 2313 280 2342 expertus,
297 2317 361 2344 qua:
375 2314 486 2345 utraque
501 2311 564 2338 mihi
577 2319 670 2347 pmnas
680 2317 777 2348 augent
790 2322 796 2340 :
810 2314 869 2348 quia
883 2319 945 2342 ante

143 2355 234 2382 oculos
257 2355 366 2383 habens
387 2355 457 2391 quod
480 2356 514 2383 ab
535 2357 580 2384 illo
605 2363 785 2393 perpetratum
809 2359 904 2391 fuerat,
919 2365 946 2388 et

145 2409 250 2437 ptnnam
267 2404 366 2432 videns
383 2404 422 2431 sic
444 2404 666 2433 immedicabilent
681 2414 756 2439 esse,
778 2407 880 2434 cautior
903 2407 942 2435 fa-

144 2454 200 2476 ctus
211 2457 265 2476 non
277 2457 352 2477 sum.
366 2449 508 2484 Propterea
520 2450 582 2478 licet
592 2452 741 2487 septuagics
752 2452 851 2486 septies
861 2453 944 2487 magis

145 2503 221 2528 quam
238 2495 283 2522 ille
301 2495 423 2531 punirer,
435 2500 551 2523 attamen
567 2504 654 2532 neque
668 2497 707 2524 sic
719 2497 826 2533 dignam
841 2498 942 2525 luerent

146 2548 261 2575 paznam.

178 2587 204 2613 3.
218 2586 483 2614 Liberumarbitrium
490 2587 610 2615 hominis.
621 2603 657 2608 -—
667 2587 756 2621 Vides,
764 2588 870 2621 dilecte,
879 2596 943 2624 quo-

143 2632 221 2660 modo
237 2637 362 2660 nostram
377 2633 447 2660 Deus
467 2637 584 2661 mentem
599 2633 674 2662 liberi
688 2635 789 2662 arbitrii
801 2635 903 2669 fecerit,
918 2640 945 2663 ct

145 2678 213 2705 sient
241 2679 264 2706 si
307 2678 418 2706 desides
452 2679 536 2706 simus
579 2680 803 2715 supplantamur,
841 2681 877 2708 ita
918 2685 946 2709 et

144 2724 166 2751 si
179 2725 271 2760 vigiles
285 2732 350 2752 esse
367 2724 541 2759 voluerimus,
554 2730 713 2754 contuemur
733 2726 759 2754 id
784 2727 854 2762 quod
867 2734 946 2762 opor—

145 2770 200 2796 tet?
213 2769 279 2804 Quis
290 2770 366 2797 enim
380 2770 470 2803 istttm,
491 2770 543 2804 dic,
563 2772 685 2805 obsecro,
699 2771 733 2799 ad
744 2772 823 2799 talem
843 2773 945 2800 confes-

146 2814 246 2842 sionem
261 2815 373 2850 adegit?
385 2816 478 2843 Nullus
489 2816 556 2843 alius
569 2823 648 2851 quam
659 2817 832 2851 conscientia,
857 2817 943 2845 incor-

146 2866 236 2896 ruptus
256 2861 302 2889 ille
316 2860 411 2897 judex.
427 2861 494 2895 Quia
509 2862 580 2890 enim
595 2869 626 2889 ett
637 2862 738 2890 desidia
758 2862 784 2890 in
806 2867 944 2899 peccatum

708 142 740 170 IN
759 142 834 170 CAP.
853 142 894 169 Π.
916 141 1035 170 ϐἰῦΝΕδ.
1051 141 1166 169 IIOMIL.
1187 142 1246 170 XX.

1748 150 1797 176 ΠΟ

1003 199 1190 231 declinaverat,
1213 204 1240 227 et
1259 200 1346 227 scelus
1362 208 1442 235 opere
1464 201 1611 236 perfecerat
1626 212 1634 231 :
1650 205 1740 232 statim
1757 206 1797 232 itt-

1002 246 1119 272 surrexit
1130 246 1303 278 conscientia,
1321 246 1477 280 inclamans,
1492 253 1571 284 atque
1579 250 1722 279 ostendens
1735 259 1798 286 pec-

1002 297 1121 319 calorum
1134 291 1352 326 magnitudinem,
1369 297 1395 319 et
1408 294 1512 327 quantis
1522 295 1637 330 scipsum
1652 297 1737 330 pmnis
1749 299 1798 326 ob-

1004 337 1111 363 noxium
1132 336 1305 364 reddidisset.
1318 338 1353 365 Ita
1369 337 1439 365 enim
1454 346 1484 366 se
1502 338 1582 367 habet
1600 347 1747 375 peccatum.
1767 348 1797 372 ut

1003 382 1154 417 priusquam
1176 382 1229 414 liat,
1246 386 1272 408 et
1297 382 1329 409 ad
1343 390 1409 417 opus
1432 384 1578 418 perveniat,
1602 386 1758 415 obtenebret
1770 393 1796 415 et

1002 427 1116 462 decipiat
1138 432 1255 454 mentctu
1278 436 1284 453 :
1310 433 1447 462 postquam
1473 434 1560 456 autem
1583 437 1796 462 consummatum

1003 471 1092 504 fuerit,
1108 473 1247 500 manifeste
1273 481 1347 500 suam
1372 474 1449 501 nobis
1461 474 1652 503 absurditatem
1681 478 1798 511 proferat

1002 522 1028 546 et
1042 518 1165 546 ostendat
1180 527 1185 544 :
1198 519 1237 546 sic
1251 518 1337 546 brevis
1351 520 1394 546 illa
1408 525 1434 547 ct
1448 521 1563 548 absurda
1577 521 1699 556 voluptas
1710 524 1796 550 couti-

1003 573 1082 591 unum
1099 565 1180 591 menti
1191 565 1310 592 dolorem
1327 566 1427 598 inserit,
1442 567 1663 603 conscientimquc
1674 568 1796 596 ﬁduciam

1001 610 1097 641 aufert,
1113 615 1192 645 atque
1205 610 1277 637 illum
1294 610 1339 645 qui
1362 611 1529 639 succubuerit
1553 612 1709 640 confusione
1735 621 1796 648 per-

1003 655 1096 683 fundit.
1105 656 1236 691 Benignus
1245 657 1315 684 cnim
1325 657 1392 684 Deus
1402 657 1565 692 ejusecmodi
1575 659 1650 686 nobis
1660 665 1797 687 accusato-

1003 709 1058 728 rem
1084 702 1208 728 assisterc
1222 702 1314 735 voluit,
1331 702 1374 737 qui
1391 711 1533 738 numquam
1547 704 1677 738 quiescat,
1694 705 1740 732 sed
1754 706 1796 733 in-

1002 746 1155 775 desinenter
1175 748 1220 775 ille
1234 749 1411 784 congrediens
1425 749 1530 782 clamet,
1543 755 1569 777 et
1582 758 1687 785 poenam
1710 753 1797 788 exigat

1001 793 1169 822 (lt-lictorum.
1187 795 1220 822 Et
1245 795 1296 823 hoc
1318 796 1377 831 quis
1391 797 1486 824 viderit
1508 797 1648 826 manifeste
1667 807 1701 827 ex
1720 799 1796 828 factis

1003 839 1075 874 ipsis.
1099 840 1237 868 Scortator
1249 841 1330 875 enim,
1347 842 1388 869 vel
1403 842 1518 875 adulter,
1533 843 1572 870 vel
1588 844 1633 878 qui
1656 845 1727 872 aliud
1745 846 1798 873 tale

1002 886 1127 920 quiddam
1144 886 1260 920 admisit,
1276 887 1354 914 etiam
1369 888 1390 914 si
1406 895 1500 916 omnes
1513 888 1597 916 latere
1610 895 1700 924 queat,
1717 899 1796 918 ιιυιιι-

1002 938 1079 964 quatn
1103 935 1191 958 tamen
1207 932 1246 959 sic
1267 932 1293 959 in
1315 933 1505 968 tranquillitate
1525 934 1609 967 vivit;
1634 936 1679 962 sed
1696 935 1797 964 habens

1002 985 1091 1004 acrem
1107 977 1180 1004 illum
1191 983 1372 1005 accusatorem
1386 1000 1392 1011 ,
1411 979 1576 1014 suspiciones
1589 980 1672 1013 timet,
1687 982 1798 1009 umbras

1003 1023 1141 1053 tremiscit,
1167 1028 1194 1050 et
1214 1031 1260 1050 eos
1275 1024 1318 1058 qui
1333 1024 1432 1052 conscii
1446 1030 1516 1057 sunt,
1534 1030 1560 1053 ct
1582 1026 1625 1061 qui
1647 1034 1700 1054 non
1714 1033 1776 1055 sunt
1790 1038 1796 1060 ;

1001 1073 1182 1103 perpetuaque
1195 1069 1221 1095 in
1235 1069 1326 1095 animo
1342 1070 1400 1104 ejus
1420 1074 1563 1104 tempestas
1576 1076 1627 1105 est,
1640 1076 1667 1099 et
1680 1073 1796 1108 recipro-

1001 1118 1092 1141 cantes
1105 1122 1137 1141 ac
1156 1115 1281 1141 contrarii
1296 1115 1401 1142 fluctus.
1414 1116 1524 1150 Insuper
1535 1124 1622 1152 neque
1642 1125 1752 1145 somnus
1771 1119 1795 1146 ei

1002 1159 1101 1192 suavis,
1131 1159 1178 1186 sed
1208 1164 1309 1187 terrore
1337 1165 1363 1187 ct
1390 1160 1531 1189 formidine
1557 1162 1651 1196 plenus
1678 1173 1685 1191 :
1711 1172 1796 1199 neque

1001 1204 1075 1231 cibus
1087 1204 1250 1239 voluptatem
1273 1205 1383 1240 pnebct,
1399 1213 1485 1241 neque
1507 1207 1653 1234 amicorum
1666 1209 1796 1244 colloquia

1003 1250 1082 1276 talem
1125 1250 1286 1282 refocillare,
1312 1251 1354 1278 vel
1379 1251 1493 1279 liberare
1515 1252 1549 1279 ab
1571 1259 1680 1287 urgente
1704 1256 1797 1282 anxie-

1002 1298 1055 1322 tate
1082 1299 1213 1330 possunt:
1239 1296 1285 1323 scd
1312 1296 1385 1331 quasi
1406 1296 1557 1325 carniﬁcem
1582 1299 1796 1334 circumgestatet

1002 1348 1031 1368 se
1045 1341 1222 1369 lanciuantcm
1242 1346 1269 1369 et
1281 1341 1456 1377 ﬂagellantetn
1472 1344 1616 1378 continuo,
1630 1345 1665 1372 ita
1680 1346 1796 1380 pOstab-

1002 1386 1110 1414 surdum
1123 1387 1186 1414 illud
1203 1388 1302 1415 facinus
1313 1388 1477 1421 obambulat,
1494 1389 1567 1417 nullo
1589 1391 1708 1423 conscio,
1733 1399 1796 1419 sus-

1002 1433 1088 1460 tinens
1108 1434 1286 1461 intolerabiles
1299 1441 1391 1469 pmuas
1408 1434 1477 1469 illas,
1502 1440 1528 1463 et
1547 1435 1630 1471 jutlcx
1652 1438 1692 1465 sui
1708 1438 1794 1472 ipsius

1001 1477 1086 1506 factus
1095 1483 1121 1506 et
1128 1483 1276 1506 accusator.

1037 1523 1168 1561 Confessio
1182 1530 1351 1560 peccatorum.
1365 1541 1402 1546 —
1414 1527 1538 1554 Attamen
1549 1527 1594 1560 qui
1609 1527 1667 1555 lucc
1686 1528 1758 1562 fecit,
1773 1530 1795 1557 si

1001 1572 1124 1605 voluerit,
1139 1577 1167 1599 ut
1182 1572 1268 1606 decet,
1285 1573 1322 1599 uti
1336 1573 1506 1600 conscientia:
1520 1573 1684 1608 adjumento,
1712 1581 1738 1603 ct
1761 1576 1794 1603 ad

1000 1618 1195 1645 confessionem
1208 1617 1356 1645 facinorum
1371 1618 1507 1651 festinare,
1523 1625 1549 1647 et
1563 1620 1637 1647 ulcus
1654 1621 1794 1649 ostendere

1000 1664 1114 1697 medico,
1132 1664 1175 1699 qui
1191 1669 1266 1692 curet
1286 1669 1314 1692 et
1340 1673 1392 1692 non
1415 1665 1567 1700 exprobret,
1589 1671 1668 1702 atque
1690 1668 1723 1696 ab
1748 1669 1794 1696 illo

1000 1711 1117 1737 remedia
1139 1712 1271 1746 accipere,
1291 1719 1322 1738 ac
1335 1712 1383 1739 soli
1393 1712 1417 1739 ei
1429 1712 1509 1747 loqui,
1525 1713 1597 1740 nullo
1610 1714 1663 1741 alio
1675 1715 1793 1747 conscio.

1000 1761 1027 1783 et
1042 1756 1132 1783 omnia
1148 1757 1238 1784 dicere
1251 1764 1312 1784 cum
1332 1757 1479 1793 diligentia,
1502 1757 1581 1787 facile
1609 1765 1718 1794 peccata
1736 1768 1792 1789 .sua

1000 1801 1163 1829 emendabit.
1178 1801 1317 1829 Confessio
1328 1803 1398 1829 enim
1410 1808 1579 1837 peceatorum
1594 1804 1704 1832 abolitio
1715 1806 1794 1833 etiam

1000 1853 1040 1875 est
1052 1847 1220 1875 delictorum.
1237 1848 1312 1882 Quod
1327 1849 1348 1876 si
1365 1848 1481 1876 Latnech
1499 1849 1542 1877 ille
1562 1850 1618 1877 suis
1641 1851 1795 1880 mulieribus

999 1893 1087 1920 cu:ch
1101 1901 1115 1920 a
1129 1900 1158 1920 se
1169 1894 1326 1921 commissas
1339 1894 1462 1928 delegere
1475 1899 1502 1922 et
1513 1895 1634 1922 confiteri
1650 1904 1702 1923 non
1720 1896 1792 1924 refu-

998 1939 1046 1973 git,
1058 1938 1129 1974 quali
1143 1939 1242 1966 erimus
1258 1940 1336 1966 venia
1348 1940 1430 1975 digni,
1446 1940 1468 1968 si
1483 1941 1508 1968 ei
1523 1941 1568 1976 qui
1587 1942 1677 1968 omnia
1704 1945 1793 1969 nostra

999 1989 1122 2012 accurate
1142 1985 1216 2012 novit.
1238 1985 1345 2016 delicta,
1372 1986 1492 2014 conﬁteri
1519 1992 1627 2022 peccata
1653 1988 1794 2015 nolumus?

999 2029 1068 2057 Num
1089 2030 1150 2065 quia
1177 2031 1289 2065 ignorat,
1317 2031 1421 2058 discere
1437 2031 1513 2059 vult?
1534 2032 1705 2068 Nequaquam
1731 2034 1792 2068 quia

1000 2076 1112 2111 ignorat,
1125 2076 1321 2105 confessionem
1335 2085 1349 2104 a
1362 2077 1439 2105 nobis
1452 2078 1572 2113 requirit,
1586 2079 1631 2113 qui
1644 2079 1732 2106 omnia
1745 2080 1794 2107 scit

999 2128 1140 2158 antequam
1154 2123 1235 2150 ﬁant:
1251 2123 1299 2151 sed
1326 2123 1419 2151 volens
1445 2131 1492 2158 per
1519 2123 1715 2152 confessionem
1745 2132 1794 2153 nos

999 2177 1105 2204 quoque
1119 2173 1291 2204 peccatorum
1306 2169 1404 2197 habere
1413 2177 1532 2202 sensum,
1553 2173 1580 2198 et
1602 2175 1706 2205 gratum
1730 2178 1792 2206 erga

999 2224 1028 2244 se
1041 2216 1183 2244 ostendere
1197 2217 1326 2243 animum.
1341 2216 1408 2243 Num
1425 2224 1489 2251 opes
1504 2216 1599 2251 aliqua:
1615 2217 1658 2244 hic
1668 2222 1727 2244 sunt
1747 2224 1792 2245 ex-

998 2262 1161 2297 pendenda?
1171 2270 1231 2289 num
1241 2262 1348 2297 longum
1358 2262 1408 2289 iter
1418 2261 1633 2297 suscipiendum?
1645 2270 1707 2290 num
1717 2262 1794 2290 dolo-

999 2315 1055 2336 rem
1069 2312 1096 2335 et
1109 2308 1242 2336 cruciatus
1259 2307 1337 2335 affert
1347 2307 1404 2335 lucc
1425 2307 1578 2335 medicina?
1599 2308 1707 2344 Absque
1722 2316 1794 2336 sum-

998 2357 1045 2388 ptu
1059 2353 1211 2380 etcruciatu
1226 2357 1266 2380 est
1281 2360 1399 2387 pr:esens
1412 2352 1594 2387 pharmacum,
1611 2358 1636 2380 et
1649 2361 1728 2388 quam
1748 2361 1792 2381 ce-

999 2398 1108 2426 lerrime
1122 2403 1206 2426 curat.
1222 2398 1329 2426 Etenim
1340 2398 1485 2425 secundutn
1496 2398 1619 2425 allectum
1633 2403 1660 2425 et
1674 2399 1791 2426 animum

999 2444 1161 2477 acccdeutis,
1177 2445 1216 2472 sic
1230 2448 1257 2472 et
1275 2444 1394 2472 remedia
1408 2445 1546 2471 vulnerum
1569 2443 1679 2480 largitur
1703 2444 1794 2472 Domi.

998 2498 1057 2517 nus.
1070 2490 1153 2525 Igitur
1163 2490 1208 2525 qui
1223 2490 1278 2517 vult
1300 2490 1388 2517 statim
1409 2489 1442 2516 ad
1460 2489 1600 2516 sanitatem
1618 2489 1718 2522 redire,
1737 2491 1794 2517 atti-

999 2544 1103 2572 ntzeque
1116 2544 1209 2564 curare
1224 2537 1324 2569 ulcera,
1341 2535 1428 2563 sobria
1442 2540 1531 2563 mente
1546 2534 1679 2562 medicum
1704 2535 1794 2568 adeat,

999 2584 1032 2611 ab
1053 2584 1177 2611 omnibus
1202 2583 1373 2610 saecularibus
1383 2582 1455 2610 curis
1474 2589 1504 2609 se
1528 2581 1664 2614 abdicans,
1694 2582 1795 2609 calidas

999 2629 1131 2666 lacrymas
1145 2628 1300 2664 profundat,
1312 2628 1495 2656 assiduitatem
1520 2627 1661 2662 plurimam
1686 2635 1742 2663 prie
1767 2636 1796 2655 se

999 2675 1077 2708 ferat,
1094 2675 1173 2703 ﬁdem
1187 2675 1291 2702 ﬁrmam
1303 2673 1406 2707 aﬂ'erat,
1417 2680 1450 2700 ac
1462 2673 1557 2700 medici
1568 2672 1684 2700 conﬁdat
1696 2674 1757 2706 arti,
1769 2680 1795 2701 ct

999 2723 1122 2758 protinus
1136 2722 1277 2749 sanitatem
1292 2723 1484 2755 consequetur.
1498 2719 1591 2747 Vidisti
1604 2719 1701 2747 medici
1716 2720 1794 2747 boni-

999 2773 1092 2800 tatem,
1107 2767 1140 2794 ad
1160 2774 1238 2802 quam
1250 2767 1272 2793 si
1283 2765 1401 2793 omnium
1412 2770 1518 2800 patrum
1530 2772 1607 2793 amor
1629 2765 1792 2797 conferatur,

997 2813 1193 2842 obseurabitur.
1210 2811 1277 2838 Num
1287 2819 1369 2847 grave
1379 2811 1479 2846 aliquid
1493 2815 1520 2839 et
1533 2810 1676 2838 molestum
1691 2818 1706 2838 a
1718 2810 1794 2838 nobis

1000 2859 1132 2895 requirit?
1146 2858 1338 2887 Contritionem
1351 2856 1450 2892 cordis,
1469 2857 1702 2893 compunctionem
1716 2863 1793 2884 men-
