2060 3122
263 143 309 171 ιτι
617 138 643 166 S.
665 137 804 166 JOANtVIS
823 134 1060 165 CliiiYSOSTOMI
1081 134 1238 162 AliCliil-Ii’.
1260 135 1526 165 (ZONSTANTINOP.

261 198 302 229 tis,
316 195 511 224 confessionem
526 194 624 230 lapsus,
645 194 827 222 assiduitatem
840 194 991 222 continuam
1005 203 1011 221 :
1024 199 1051 222 et

260 251 311 269 non
334 242 419 269 solutn
449 241 557 275 largitur
576 240 714 267 vulnerum
736 247 838 272 curam,
862 245 915 267 eta
939 240 1055 275 peccatis

259 288 372 315 mundos
384 287 480 320 rediit,
494 287 539 314 sed
554 290 580 313 et
594 294 667 319 eum,
682 286 726 321 qui
741 291 817 313 antea
831 286 977 314 innumeris
993 293 1056 320 pec-

258 339 378 362 catorum
401 333 514 360 sarcinis
527 332 694 366 gravabatur,
707 332 807 366 justum
822 332 910 359 efficit.
939 331 962 359 Ο
976 333 1057 358 mise-

259 380 382 408 ricordia:
406 379 614 415 ntagnitudiuem
632 378 638 404 l
654 385 671 405 o
697 377 822 405 bonitatis
848 377 1030 405 excellentiam
1047 377 1053 404 ε

258 427 307 460 Qui
323 425 564 461 peccavit,quando
577 424 718 451 confitetur
732 428 850 458 peccata,
864 424 966 450 veniam
978 423 1053 459 petit,

256 474 407 508 ctposthac
423 472 590 500 securitatem
617 480 671 506 prre
697 479 726 498 se
751 471 812 504 fert,
838 475 947 506 repente
970 471 1056 505 justus

261 521 379 548 redditur
395 521 402 548 l
418 521 449 547 Et
468 528 520 555 qtto
546 520 617 547 clare
631 519 682 546 itoc
702 519 800 552 discas,
812 518 872 545 audi
899 517 1055 553 propltetam

263 567 394 595 dicentem
410 576 417 594 :
434 567 481 593 Dic
493 573 519 592 tu
531 567 600 602 prior
622 566 843 598 inii/nitatestuus,
867 570 894 592 ut
908 566 1056 600 justi/iceris

261 615 270 649 (
287 613 401 641 lsui.45.
415 614 449 641 26
463 614 482 649 ).
499 613 556 640 Non
576 613 733 647 simpliciter
747 612 841 647 ittquit,
860 611 908 638 Dic
919 617 945 638 tu
963 612 1056 648 iniqui-

260 665 321 688 tates
337 665 403 693 tuas,
420 660 466 687 sed
477 659 582 694 adjecit,
599 659 698 686 Prior:
714 658 763 686 hoc
776 663 827 690 est,
856 665 889 685 nc
917 664 1056 693 exapcctcs

261 712 287 735 te
310 711 476 742 arguentem,
505 713 539 733 ne
576 704 738 740 prrcstoleris
769 708 975 731 accusatorem:
1000 704 1056 739 ipse

259 752 387 786 prmveni,
404 757 430 779 et
444 759 507 786 rape
520 751 652 778 sermonis
666 750 834 785 principium,
851 755 880 777 ut
892 751 1055 778 accusatoris

257 799 372 834 linguam
388 797 521 825 occludas.

291 846 318 873 4.
332 845 427 872 Vidisti
438 845 539 872 iudicis
551 844 759 880 benignitatem?
770 845 798 872 iu
812 844 937 872 humanis
948 844 1053 879 quidem

255 892 363 928 jutliciis
388 893 410 919 si
426 893 486 927 quis
500 892 550 919 ltoc
571 891 685 924 faceret,
710 896 736 918 et
751 895 812 919 ante
828 891 934 918 allatam
959 890 1055 925 proha-

258 939 357 965 tiunetn
371 937 488 965 facinora
499 937 682 970 conﬁteretur,
695 937 816 972 quamvis
827 937 895 971 apud
910 937 1054 964 humanuzu

259 985 373 1010 fortasse
385 983 502 1018 judiecm
517 988 649 1010 tormenta
665 988 691 1010 et
706 983 756 1010 sibi
773 982 948 1010 succedentes
963 990 1056 1017 rmnas

261 1029 409 1064 effugeret,
432 1034 520 1056 tamen
546 1029 705 1056 sententiam
731 1029 872 1064 capitalem
898 1029 1007 1055 omnino
1029 1029 1054 1055 iu

258 1082 334 1100 suum
356 1079 434 1109 caput
455 1080 624 1102 accerseret:
644 1080 670 1101 at
686 1073 867 1102 misericordis
892 1073 940 1101 Dei
955 1078 981 1101 ct
1000 1074 1056 1100 aui-

259 1127 363 1146 ntarnm
381 1125 531 1146 nostrarum
547 1120 639 1147 Medici
655 1125 726 1147 tanta
738 1125 779 1147 est
793 1124 899 1155 tantque
914 1119 1056 1147 iucflhbilis

257 1165 363 1193 bonitas
373 1171 399 1193 et
410 1166 564 1200 clementia,
578 1171 605 1194 ut
619 1175 726 1194 omnctu
741 1167 820 1193 etiam
837 1174 990 1194 sermonem
1008 1176 1065 1207 c_x-l

257 1211 344 1239 cedat.
361 1211 427 1239 Nam
449 1212 470 1239 si
483 1212 664 1239 adversarium
683 1216 804 1239 nostrttm
825 1204 1051 1248 przcverterimtis,

257 1257 392 1285 diabolum
408 1257 479 1290 dico,
497 1258 540 1292 qtti
555 1258 580 1284 in
596 1257 695 1285 dieillo
711 1258 745 1285 ob
760 1257 852 1285 facient
866 1263 983 1285 nostram
998 1263 1054 1286 sta-

258 1304 306 1335 bit,
320 1308 347 1332 ct
360 1304 414 1338 jam
431 1304 456 1331 in
469 1304 593 1338 pratsenti
609 1303 672 1336 vita,
684 1309 826 1339 antequam
840 1304 872 1331 ad
885 1304 997 1331 tribunal
1013 1305 1053 1331 iu-

257 1350 425 1383 grediamur,
450 1349 567 1377 facinora
591 1350 706 1377 confessi
732 1349 874 1383 fuerimus,
897 1351 1054 1385 dicendique

256 1395 417 1430 principiqu
431 1395 611 1430 raptterimtts,
628 1401 749 1422 nostrttm
763 1396 880 1430 ipsorutu
898 1396 958 1422 facti
973 1403 1053 1423 accu-

257 1445 360 1468 satores
370 1462 377 1474 ,
392 1441 418 1468 in
431 1446 530 1468 tantam
547 1441 758 1468 utiscricordiam
776 1441 978 1475 provocabimus
998 1442 1052 1468 Do-

257 1488 370 1521 minum,
394 1493 422 1516 ut
443 1496 495 1515 non
518 1488 604 1515 solttm
628 1487 706 1514 nobis
724 1495 900 1514 concessurus
922 1487 966 1520 sit,
990 1491 1019 1514 ttt
1039 1495 1052 1514 a

255 1534 370 1568 peccatis
384 1534 545 1567 liberemur,
562 1533 609 1561 sed
630 1538 657 1561 ttt
681 1534 706 1560 in
718 1533 851 1568 justorum
867 1534 988 1568 catalogo
1004 1534 1053 1561 ad-

256 1579 414 1606 scribamur.
445 1579 587 1606 Enimvero
612 1580 634 1606 si
662 1579 778 1606 Lamech
806 1579 868 1611 ille,
899 1579 942 1614 qui
967 1587 1053 1613 neque

256 1625 342 1660 lcgetn
360 1625 452 1652 imbuit
471 1626 542 1653 ttnde
563 1625 614 1652 hoc
634 1625 738 1653 discere
761 1630 865 1660 posset,
883 1633 969 1660 neque
990 1633 1052 1660 pro—

257 1670 352 1704 pltctas
368 1671 479 1704 audivit,
496 1679 582 1707 neqttc
592 1672 672 1699 aliain
686 1672 765 1699 ullam
781 1671 1002 1706 admonitionem,
1020 1681 1052 1700 ex

253 1716 356 1750 judicio
380 1716 406 1744 in
421 1721 514 1744 natura
537 1718 617 1744 insito
638 1718 760 1745 conscius
783 1725 876 1745 eorum
894 1725 953 1753 qurc
973 1726 1054 1746 ausus

255 1760 352 1795 fuerat,
367 1762 393 1789 in
406 1763 524 1790 medium
538 1763 627 1790 attulit
642 1771 673 1790 ea
686 1771 745 1798 qua:
758 1764 882 1798 patravit,
897 1764 1051 1799 etseipsutn

255 1807 444 1836 condemnavit
465 1818 472 1836 :
498 1808 632 1844 quomodo
659 1809 774 1843 aliquam
798 1808 980 1836 defensionem
1004 1817 1053 1837 nos

255 1853 356 1882 habere
377 1854 535 1889 poterimus,
552 1855 663 1882 vulnera
677 1863 730 1882 non
753 1856 824 1882 onmi
838 1855 977 1890 diligentia
1003 1856 1053 1883 Do-

256 1899 330 1927 mino
343 1897 516 1928 ostendentes
526 1922 533 1934 ,
550 1908 643 1928 eorum
655 1901 709 1935 jam
726 1901 886 1928 medicinam
898 1902 931 1928 ab
945 1910 977 1929 eo
991 1909 1051 1929 sus-

255 1946 378 1980 cepturi?
399 1945 426 1973 Id
445 1947 515 1981 qttod
534 1947 584 1974 nisi
608 1955 679 1974 nunc
701 1947 855 1980 fecerimus,
877 1955 937 1974 cttm
958 1947 1052 1982 jejuuii

255 1994 360 2025 tempus
369 1996 419 2025 est,
432 1999 492 2019 eum
506 1997 576 2019 tanta
586 1993 776 2026 cogitationum
791 1993 976 2027 tranquillitas,
991 2001 1052 2020 cum

255 2037 379 2073 voluptas
397 2038 485 2065 omnis
507 2038 611 2065 sublata
627 2046 642 2066 e
666 2039 756 2066 medio
772 2047 778 2066 :
795 2039 964 2073 quandouam
989 2038 1052 2066 faci-

255 2090 320 2109 nora
333 2087 423 2110 nostra
433 2083 586 2119 expendere
597 2084 762 2119 poterimus?
773 2083 874 2110 ideirco
887 2091 992 2118 semper
1006 2091 1052 2110 vos

255 2128 380 2160 obsecro,
392 2133 420 2155 ut
433 2129 516 2156 sobrii
529 2129 587 2156 sitis
601 2134 628 2156 et
639 2129 742 2165 vigiles,
756 2134 783 2157 et
797 2134 956 2164 prrcscntcm
971 2130 1051 2156 vitam

255 2180 363 2200 oumetu
389 2173 415 2200 itt
434 2173 485 2201 hoc
510 2175 662 2208 iusumatis,
683 2179 711 2202 ut
732 2175 888 2202 assiduitate
914 2175 957 2201 illa
983 2174 1054 2202 into-

257 2218 367 2246 lerabile
394 2218 458 2246 illud
486 2219 645 2254 supplicium
670 2219 841 2255 effugiamus,
869 2224 896 2247 et
921 2219 1051 2255 gehennm

258 2265 346 2300 ignem
359 2265 443 2292 vitare
459 2266 601 2301 possimus.
613 2266 726 2293 Maxime
739 2271 827 2293 autetn
839 2273 924 2299 nunc,
942 2266 1050 2301 majori-

257 2319 310 2346 qtte
324 2311 412 2338 stttdio
423 2311 448 2338 id
468 2311 626 2346 curandum,
639 2311 746 2346 quando
758 2316 866 2346 pr0ptcr
875 2311 968 2346 jejunii
982 2317 1049 2338 tem-

257 2364 307 2390 pus
320 2356 452 2384 coutinuis
475 2357 673 2392 majoribusque
687 2356 1050 2385 fruitttiuiadmonitionibus.

255 2401 300 2429 23.
313 2401 434 2437 Cognorit
443 2407 537 2436 autem,
552 2401 647 2437 inqttit,
660 2402 742 2428 Adam
755 2401 835 2428 Evam
848 2410 950 2428 uxorem
961 2410 1031 2429 suam
1041 2410 1051 2429 :

255 2452 279 2474 cl
293 2456 349 2487 cum
364 2449 529 2482 concepisset,
547 2448 644 2483 peperit
666 2448 757 2482 ﬁlium,
771 2453 794 2476 et
807 2448 944 2483 appellavit
960 2457 1050 2476 nomen

257 2495 329 2521 illius
345 2495 426 2527 Set/1,
442 2495 547 2522 dicens:
563 2494 690 2522 Excitavit
715 2495 781 2522 enim
802 2495 863 2522 nti/ti
877 2494 944 2522 Deus
966 2504 1050 2523 semen

257 2540 328 2567 aliud
341 2549 386 2575 pro
399 2540 470 2574 Abel,
482 2549 553 2576 quem
565 2540 655 2567 occidit
669 2539 742 2568 Cain.
756 2541 898 2576 Postquam
914 2541 1049 2577 Scriptura

257 2587 345 2614 divina
359 2587 540 2622 genealogiam
557 2595 640 2622 ttsqtte
653 2588 684 2615 ad
698 2587 813 2615 Lamech
825 2587 942 2620 deduxit,
953 2588 1049 2616 itcrutn

257 2633 290 2661 ad
301 2633 384 2661 Adam
396 2637 540 2662 ctuxorem
552 2635 621 2662 illius
635 2634 794 2670 regreditur,
809 2639 835 2662 et
846 2634 907 2662 dicit
917 2634 1050 2670 :Cognovit

255 2683 339 2705 autem
353 2678 436 2706 Adam
458 2678 534 2706 Evam
548 2688 650 2707 uxorem
664 2688 754 2712 suam;
768 2686 790 2707 et
802 2689 859 2707 cum
873 2681 1027 2714 concepisset
1039 2701 1047 2715 ,

255 2724 352 2759 peperit
363 2724 455 2758 lilium.
471 2725 655 2760 appellavitque
668 2735 757 2753 nomen
772 2726 841 2753 illius
851 2725 925 2758 St’tlt,
938 2726 1023 2752 dicens
1039 2733 1049 2753 :

256 2767 383 2797 Excitavit
396 2770 461 2796 enim
475 2771 537 2798 milii
551 2770 620 2799 Deus
634 2780 716 2799 semen
731 2772 803 2798 aliud
819 2779 864 2807 pro
880 2771 958 2803 Abel,
975 2779 1047 2806 quem

255 2815 345 2842 occidit
359 2816 433 2844 Cain.
448 2816 567 2853 Peperit,
586 2818 686 2854 ittquit,
704 2818 785 2853 ﬁlium
807 2818 991 2854 appellavitque
1003 2826 1049 2845 no‘

255 2869 312 2889 mm
336 2862 406 2890 illius
425 2862 507 2897 Selii;
533 2871 582 2892 nec
606 2869 728 2893 contenta
756 2868 841 2891 mater
867 2863 937 2898 quod
963 2864 1047 2900 impo-

1849 139 1906 170 ΗΞ).

1109 193 1205 219 suisset
1219 192 1255 219 illi
1271 201 1377 225 nomen,
1391 194 1456 221 dicit
1469 203 1475 220 ε
1489 193 1614 222 Excitavit
1625 195 1691 222 enim
1707 197 1767 224 milii
1783 197 1850 226 Deus
1861 211 1902 230 δε-

1108 247 1163 265 men
1179 239 1249 266 aliud
1265 249 1311 275 pro
1324 240 1396 273 Abel,
1413 249 1485 276 quem
1501 241 1591 268 occidit
1605 241 1679 269 Cain.
1698 243 1762 271 Vide
1777 244 1820 272 itic
1834 253 1902 280 quo-

1110 284 1189 311 modo
1201 291 1227 312 ct
1240 291 1324 313 mater
1336 295 1383 321 per
1394 287 1597 322 appellationem
1611 289 1665 316 nati
1682 289 1728 316 lilii
1745 291 1902 320 memoriam

1108 331 1212 358 scelesti
1233 331 1311 366 hujus
1335 333 1425 368 operis
1445 334 1597 361 continuam
1621 336 1757 364 mentibus
1779 345 1903 371 renOvat,

1108 380 1188 410 atque
1211 382 1238 403 ut
1265 377 1345 405 etiam
1368 379 1467 413 posteri
1492 379 1601 412 scirent,
1626 381 1688 416 quid
1712 382 1778 410 Cain
1798 390 1904 418 patrare

1109 429 1189 449 :utstts
1203 422 1305 457 fuisset,
1320 423 1401 458 dicit,
1419 423 1473 452 Pro
1484 425 1554 459 Abel,
1570 435 1642 462 quem
1653 429 1744 455 occidit
1758 429 1832 458 Cain.
1848 431 1903 459 Do-

1108 467 1189 495 lentis
1202 469 1297 496 anima:
1313 470 1392 497 verba
1406 475 1469 498 sunt
1482 476 1508 498 et
1528 472 1641 500 turbata:
1659 473 1694 502 ob
1707 474 1834 503 facinoris
1848 485 1904 504 tuc-

1109 514 1232 548 tnoriatu,
1243 515 1395 551 gratiasque
1408 517 1511 551 agentis
1524 525 1572 552 pro
1585 523 1647 545 nato
1662 527 1756 555 puero,
1771 521 1904 558 hujusque

1109 561 1216 588 nomine
1239 561 1309 589 illius
1322 562 1432 590 alterius
1454 564 1542 591 scelus
1563 565 1638 599 quasi
1660 566 1685 593 iu
1708 567 1787 603 cippo
1809 569 1905 597 inseri-

1109 605 1206 634 beutis.
1219 607 1283 634 Nam
1299 615 1361 636 vere
1377 609 1475 636 iuctttm
1496 618 1548 637 non
1565 610 1727 640 mediocrem
1749 615 1906 648 parentibus

1109 652 1248 685 attulerat,
1264 653 1307 687 qui
1321 653 1442 681 dextram
1457 663 1533 682 suam
1547 656 1675 685 adversus
1692 657 1801 687 fratrem
1817 669 1906 688 arma-

1110 702 1196 730 verat,
1210 703 1236 725 et
1248 703 1300 726 tam
1312 707 1403 727 carum
1415 700 1487 727 illum
1501 706 1528 729 et
1538 703 1741 732 amabiletuillis
1750 706 1906 735 ostenderat

1109 743 1181 771 lmtni
1200 745 1344 779 jaccutem,
1361 752 1504 780 mortuum,
1526 753 1553 775 et
1565 756 1644 777 sensu
1667 757 1816 781 carentem.
1838 753 1904 781 Nam

1109 789 1172 816 licet
1185 791 1345 818 sententiam
1362 793 1509 827 accepisset
1524 793 1621 829 Adam,
1634 795 1714 823 Terra
1728 806 1763 830 es,
1777 804 1800 825 et
1812 800 1838 826 in
1853 805 1905 827 ter-

1108 844 1163 862 ram
1184 836 1288 864 abibis:
1310 842 1356 870 et,
1382 838 1547 874 Quocumque
1571 840 1612 867 die
1625 844 1799 877 comederitis,
1826 852 1907 874 morle

1108 883 1250 910 moriemini
1261 883 1336 918 (Gen.
1349 884 1374 911 5.
1390 885 1434 912 i9.
1457 890 1480 912 et
1494 885 1521 912 2.
1546 886 1590 923 i7)
1607 896 1613 914 :
1632 889 1791 917 sententiam
1815 896 1904 920 tatucn

1109 929 1134 955 in
1149 929 1236 957 verbis
1248 930 1377 958 hactenus
1389 933 1595 966 cognoscebant,
1609 939 1635 961 et
1647 936 1761 963 nomium
1775 944 1906 966 noverant

1108 975 1194 1009 qualis
1215 981 1285 1003 esset
1301 977 1394 1004 mortis
1407 978 1475 1005 ratio
1490 986 1497 1004 :
1514 979 1560 1006 sed
1583 979 1626 1007 hic
1648 981 1749 1014 primus
1764 982 1798 1010 ob
1814 983 1904 1011 odium

1109 1021 1134 1047 in
1149 1020 1271 1054 fratrem,
1287 1027 1314 1049 et
1328 1022 1439 1051 livorem
1455 1024 1499 1059 qui
1519 1025 1678 1054 intrinsecus
1693 1027 1767 1055 illttm
1782 1029 1903 1062 rodebat,

1109 1067 1134 1093 in
1159 1066 1333 1095 fratricidium
1357 1070 1420 1103 ruit,
1441 1077 1523 1104 grave
1545 1073 1699 1105 parentibus
1721 1075 1904 1109 spectaculum

1108 1112 1249 1141 exhibens.
1262 1114 1376 1142 i’miudc
1392 1120 1487 1148 mater,
1499 1125 1558 1151 qua:
1569 1119 1704 1153 paululum
1720 1125 1798 1155 caput
1807 1123 1901 1155 erexit,

1107 1163 1134 1186 et
1149 1158 1190 1186 vix
1212 1160 1318 1187 laudent
1340 1161 1482 1196 aliquando
1500 1164 1564 1190 tanti
1584 1164 1670 1191 luctus
1693 1166 1903 1195 consolationem

1108 1204 1218 1235 invenit.
1242 1207 1341 1240 gratias
1356 1207 1410 1241 agit
1432 1207 1544 1234 Domino
1563 1209 1598 1236 ob
1620 1215 1710 1237 natum
1733 1219 1861 1246 puerum,
1877 1218 1904 1240 et

1107 1250 1252 1277 fratricida:
1273 1252 1360 1279 scelus
1378 1252 1505 1287 infamat,
1522 1253 1572 1281 hae
1593 1256 1707 1283 maxima
1726 1257 1799 1285 iiittnt
1825 1266 1902 1293 pmua

1107 1294 1227 1323 afficiens
1239 1317 1246 1330 ,
1259 1301 1288 1323 ut
1302 1297 1400 1324 factum
1421 1298 1492 1325 illius
1515 1304 1651 1334 perpetuw
1670 1303 1904 1332 commendaretur

1107 1348 1254 1368 metuente.

1144 1386 1280 1415 Peccatum
1304 1390 1466 1424 opprobrium
1492 1391 1580 1419 inurit.
1593 1407 1631 1413 —
1646 1393 1755 1422 Vidistis
1774 1399 1901 1430 quantum

1107 1433 1204 1460 malum
1224 1434 1258 1461 sit
1274 1437 1431 1469 peccatum?
1447 1441 1474 1464 ct
1488 1438 1622 1472 quomodo
1641 1441 1812 1474 peccantibus
1826 1442 1901 1477 igno-

1107 1479 1215 1507 miniam
1227 1485 1252 1508 et
1263 1482 1434 1516 opprobrium
1455 1483 1562 1510 inurat?
1574 1485 1676 1512 vidistis
1695 1488 1828 1520 quomodo
1840 1496 1901 1523 pro-

1106 1529 1166 1559 pter
1185 1525 1235 1553 ltoe
1250 1526 1338 1554 divina
1361 1529 1445 1563 gratia
1461 1530 1599 1564 spoliatus,
1614 1536 1640 1558 et
1653 1533 1777 1561 omnibus
1788 1534 1813 1561 iu
1831 1535 1900 1562 ludi-

1106 1570 1192 1598 brium
1220 1572 1304 1599 facttts
1332 1574 1384 1600 sit?
1409 1575 1514 1602 vidistis
1539 1577 1674 1611 quomodo
1699 1583 1725 1605 et
1749 1581 1901 1614 parentibus

1106 1622 1199 1644 natura
1210 1617 1243 1644 ad
1254 1619 1382 1647 amandos
1395 1620 1463 1648 filios
1474 1623 1622 1656 propensis,
1639 1629 1745 1659 propter
1757 1626 1899 1660 pessimum

1106 1661 1157 1689 itoc
1172 1661 1274 1691 facinus
1287 1665 1473 1694 aborninabiiis
1489 1667 1586 1695 fuerit?
1602 1668 1682 1703 igitur
1699 1670 1841 1706 fugiamus,
1855 1673 1898 1700 ob-

1107 1716 1205 1742 secro,
1225 1716 1362 1744 pcccatutn
1394 1713 1464 1747 qttod
1489 1715 1568 1741 tantis
1597 1723 1645 1742 nos
1671 1717 1747 1744 malis
1771 1718 1899 1750 involvit,

1106 1759 1132 1782 ct
1152 1756 1278 1783 virtutem
1301 1758 1478 1792 arripiamus,
1496 1765 1524 1786 ut
1543 1765 1569 1787 et
1589 1769 1731 1795 supernam
1755 1763 1832 1791 nobis
1855 1765 1901 1792 be-

1105 1801 1281 1829 nevolentiam
1304 1804 1488 1837 conciliemus,
1508 1810 1534 1832 et
1554 1807 1713 1841 supplicium
1734 1808 1899 1844 cffugiamus.

1105 1845 1150 1872 26.
1167 1845 1200 1873 Et
1219 1846 1292 1881 Sel/1,
1308 1848 1403 1884 inquit,
1420 1855 1494 1877 natus
1507 1856 1542 1878 est
1557 1852 1643 1885 ﬁlius;
1659 1854 1796 1888 appellarit
1815 1861 1898 1882 autent

1105 1900 1195 1919 nomen
1210 1893 1279 1920 illius
1295 1893 1365 1921 Enos
1378 1903 1386 1921 :
1399 1896 1439 1922 Itic
1449 1897 1557 1931 sperari!
1568 1897 1685 1925 invocare
1697 1908 1785 1926 nomen
1797 1900 1900 1928 Domini

1105 1937 1164 1965 Dei.
1178 1939 1243 1967 Vide
1259 1939 1302 1967 hic
1318 1942 1453 1975 qttomodo
1467 1948 1559 1977 postea
1579 1945 1705 1979 paulatim
1728 1946 1901 1975 instituantur

1106 1985 1239 2020 homines,
1257 1991 1286 2014 ut
1306 1987 1333 2014 in
1352 1989 1576 2023 appellationibus
1595 1991 1709 2019 filiorum
1728 1994 1795 2028 grati
1817 1995 1898 2022 animi

1106 2030 1232 2058 indicium
1249 2039 1391 2067 reponant.
1409 2034 1456 2062 Hic
1470 2043 1585 2071 quoque,
1603 2036 1698 2072 inquit,
1715 2047 1811 2074 netttpe
1823 2039 1898 2072 Selii,

1104 2076 1138 2103 ab
1151 2084 1179 2104 se
1192 2078 1311 2112 genitum
1327 2079 1408 2106 liliutu
1423 2082 1527 2108 vocavit
1543 2082 1622 2109 Enos.
1645 2083 1744 2110 Deinde
1763 2085 1899 2120 Scriptura

1104 2122 1197 2149 volens
1212 2123 1289 2150 nobis
1304 2125 1419 2152 nominis
1430 2126 1636 2161 appellationem
1653 2128 1821 2163 interpretari
1832 2150 1841 2162 ,
1858 2130 1898 2156 in-

1104 2167 1179 2202 quit:
1194 2167 1243 2194 llic
1254 2170 1364 2204 speravit
1378 2171 1494 2198 invocare
1507 2180 1596 2199 nomen
1608 2173 1710 2200 Domini
1722 2173 1779 2201 Dei.
1794 2175 1831 2202 Ex
1847 2174 1900 2202 hoc

1104 2214 1174 2241 enim
1186 2215 1297 2250 posthac
1305 2217 1398 2244 beattts
1411 2218 1538 2253 propheta
1549 2220 1731 2255 genealogiam
1745 2221 1899 2256 incepturus

1104 2265 1155 2293 est,
1171 2261 1269 2296 rcjccta
1290 2265 1419 2291 memoria
1441 2265 1516 2299 Cain,
1537 2270 1564 2293 et
1586 2274 1678 2294 eorum
1701 2268 1745 2302 qui
1766 2275 1852 2303 usque
1865 2269 1898 2296 ad

1104 2306 1220 2334 Lamecit
1233 2308 1266 2335 ab
1280 2316 1312 2336 co
1326 2309 1531 2338 descenderunt.
1543 2311 1608 2338 Nam
1622 2313 1681 2347 quia
1695 2314 1836 2347 primatum
1850 2322 1898 2341 ua-

1105 2357 1162 2381 tura
1177 2354 1228 2382 sibi
1242 2355 1333 2383 dalutn
1343 2377 1350 2390 ,
1367 2357 1583 2392 primogenitum:
1596 2358 1762 2393 dignitatem,
1778 2360 1897 2394 inquatu,

1104 2408 1159 2428 sua:
1171 2401 1314 2429 voluntatis
1328 2403 1426 2430 malitia
1441 2404 1640 2438 deitonestarat,
1652 2405 1755 2441 etipse,
1770 2411 1795 2433 et
1807 2407 1851 2442 qui
1863 2414 1897 2434 ex

1104 2453 1137 2473 co
1161 2447 1227 2480 nati,
1250 2448 1371 2484 catalogo
1394 2449 1537 2483 ejieittntur
1557 2459 1562 2476 :
1580 2450 1644 2478 Seth
1668 2459 1732 2478 vero
1757 2451 1826 2486 quod
1848 2451 1897 2478 sibi

1104 2496 1198 2519 natura
1214 2498 1337 2528 negatum
1353 2499 1420 2527 crat,
1436 2495 1461 2522 id
1475 2503 1505 2522 ex
1522 2496 1605 2530 probo
1621 2497 1681 2524 vitae
1698 2498 1817 2524 instituto
1831 2505 1898 2525 cou—

1104 2539 1233 2574 scquitur,
1246 2547 1341 2574 nctnpe
1356 2540 1381 2567 in
1392 2548 1421 2567 se
1435 2541 1590 2569 translattuu
1605 2542 1821 2578 primogenitum:
1832 2543 1896 2578 jus:

1104 2591 1129 2613 et
1144 2586 1265 2620 quamvis
1280 2594 1332 2613 non
1352 2591 1457 2620 natura,
1471 2593 1589 2616 attamen
1604 2589 1639 2616 ob
1654 2590 1797 2617 voluntatis
1809 2590 1897 2618 inten-

1104 2631 1214 2664 tionem,
1232 2632 1311 2659 etiant
1327 2634 1371 2668 qui
1385 2641 1419 2661 ex
1434 2641 1466 2660 eo
1480 2635 1534 2661 nati
1546 2640 1623 2669 sunt,
1640 2636 1665 2663 in
1679 2637 1842 2672 genealogus
1854 2645 1898 2665 re-

1103 2682 1256 2705 censentur.
1272 2678 1304 2705 Ει
1317 2679 1385 2706 sicut
1399 2679 1442 2706 ltic
1456 2680 1527 2708 Enos
1542 2686 1651 2708 vocatus
1662 2686 1712 2715 est,
1725 2689 1757 2709 co
1769 2682 1839 2717 quod
1855 2683 1898 2709 in-

1103 2723 1207 2750 vocavit
1222 2731 1319 2751 nomen
1332 2724 1436 2752 Domini
1452 2725 1498 2752 Dei
1514 2734 1520 2752 :
1536 2725 1575 2753 sic
1589 2726 1670 2762 ctqui
1685 2734 1715 2754 ex
1727 2734 1759 2754 eo
1772 2727 1897 2762 deinceps

1103 2769 1203 2797 ducttnt
1218 2770 1362 2806 originem,
1378 2771 1500 2798 eamdem
1518 2774 1666 2799 sortiuntur
1679 2771 1895 2807 appellationem.

1103 2815 1247 2851 PrOpterea
1266 2815 1356 2844 beatus
1385 2816 1428 2844 hic
1453 2817 1580 2852 propheta
1604 2817 1735 2844 narrando
1763 2817 1814 2846 hoc
1838 2818 1894 2846 loco

1103 2863 1261 2897 subsistens,
1277 2861 1348 2890 aliud
1366 2863 1460 2891 iterum
1472 2863 1633 2900 principium
1648 2862 1761 2890 orditur.
