2060 3122
205 139 255 167 175

237 195 264 222 5.
282 194 392 222 Muralis
403 194 543 222 exhortatio
556 199 644 222 contra
658 195 799 221 avaritiam.
816 209 850 215 —
865 194 996 222 Caterum

205 249 236 269 ne
261 241 367 275 incepta
392 241 505 268 iectione
526 240 661 276 aliquanto
681 240 852 275 prolixiorem
877 244 998 268 texamus

204 294 372 319 sermonem,
389 286 431 313 ltic
446 289 525 314 etiam
550 294 599 313 nos
619 293 679 314 cum
701 286 779 313 beato
806 285 935 321 propheta
959 285 1000 312 di-

204 333 282 362 cendi
305 333 384 360 linem
405 332 550 367 faciamus,
567 337 722 368 sequentem
741 332 998 367 interpretationettt,

205 380 225 407 ii
241 380 312 407 Deus
334 379 498 414 permiserit,
520 379 545 406 in
563 380 644 407 alium
658 386 809 406 sermonem
828 384 998 413 reponentcs.

206 426 261 454 lam
273 430 363 453 autem
373 425 536 452 admonitam
549 426 686 453 caritatem
700 430 815 453 vestram
830 425 936 457 vellem,
947 432 1001 460 quo

207 472 364 506 ampliorem
385 471 526 506 quemdam
542 479 574 498 ex
590 471 668 498 dictis
683 471 781 498 nostris
804 469 921 498 fructum
941 478 1002 505 per-

206 517 321 552 cipiatis,
338 521 367 544 ut
377 517 498 552 quotidie
510 524 557 544 vos
569 517 739 548 cxatttinctis,
755 517 818 552 quid
832 524 864 543 ex
880 516 932 544 hoc
944 523 1002 543 ser-

208 571 297 594 mone,
312 567 339 590 et
361 563 424 598 quid
446 570 478 590 ex
503 562 556 590 alio
580 562 774 594 lucrifeceritis,
791 567 819 590 ct
839 569 891 589 nou
915 561 1002 588 solum

208 608 316 636 auribus
332 607 485 643 percipiatis
505 612 594 635 nostra
608 607 693 640 dicta,
708 608 755 635 scd
770 613 795 635 ct
812 607 893 634 tuenti
908 611 1003 634 vestrae

208 654 274 681 bene
284 652 489 686 eottnncndetis,
503 657 530 680 ct
543 652 698 688 qttotidiatta
713 652 886 680 meditatione
899 652 1002 679 firmam

211 699 246 726 rei
263 699 419 726 mctnoriam
435 699 557 726 teneatis.
581 698 681 726 Vellem
698 699 769 725 cttitn
789 706 836 726 vos
857 706 909 725 non
925 697 1001 725 vobis

210 749 311 771 mutum
322 744 517 779 prolicere,sed
531 748 558 771 et
568 744 680 771 aliorunt
695 743 751 772 fieri
766 744 918 779 magistros,
933 744 969 770 ita
977 748 1004 770 ut

212 791 319 826 possitis
327 791 406 818 etiam
421 791 489 817 alios
501 790 656 824 admonere,
671 798 757 826 neque
767 790 817 818 hoc
832 790 920 818 verbis
929 790 1005 817 dunt-

211 841 282 864 taxat
304 845 400 872 agere,
425 836 472 865 sed
489 841 518 864 et
540 837 666 872 operibus
686 837 793 864 erudire
817 837 953 872 proximos
971 836 1004 863 ad

212 883 369 918 praeclarum
383 883 488 910 virtutis
498 882 767 918 oflicium.Cogitatc,
780 890 839 916 oro,
849 883 871 909 si
888 889 944 914 vos,
959 882 1004 916 qui

213 929 254 956 hic
268 928 395 961 affuistis,
410 929 527 963 quotidie
551 928 744 963 pcttittttculant
765 933 866 956 tantum
889 928 1006 963 accepis-

211 974 276 1002 setis
290 974 323 1001 ad
336 974 518 1002 emendandas
532 974 700 1002 alfcetionutn
713 975 938 1010 perturbationes,
951 975 1005 1009 jam

211 1020 245 1047 ad
270 1028 402 1047 summum
425 1021 532 1055 aliquod
555 1021 689 1057 fastigium
713 1026 887 1057 perventuros
914 1022 1005 1049 fuisse.

215 1066 280 1094 Nam
297 1075 349 1093 non
366 1074 502 1094 cessatttus
515 1067 676 1102 quotidiattis
689 1068 858 1095 sermonibtts
873 1068 1007 1095 inculcare

212 1112 321 1140 auribus
335 1113 442 1146 vestris,
458 1121 518 1148 qua:
531 1113 564 1141 ad
578 1113 765 1141 instituendam
780 1114 909 1149 optitnatn
926 1114 1006 1141 vitam

213 1160 338 1193 attinent,
353 1164 381 1187 ut
396 1159 566 1188 eradiccutur
579 1160 641 1187 tnali
655 1161 698 1188 isti
712 1160 834 1193 affectus,
848 1160 914 1188 irant
927 1160 1005 1193 dico;

213 1206 339 1234 invidiam
359 1211 385 1234 et
400 1207 510 1235 livoretn
529 1216 535 1234 :
550 1207 646 1242 quibus
659 1207 771 1235 sublatis
781 1228 788 1240 ,
805 1207 908 1234 facilius
922 1211 949 1234 et
968 1207 1008 1234 itt-

212 1252 288 1278 sania
311 1251 354 1279 illa
371 1252 397 1279 itt
417 1252 574 1288 colligendis
595 1253 714 1288 pecuniis
728 1252 941 1280 emendationem
960 1252 1008 1280 ad-

214 1297 330 1324 mitteret
354 1297 415 1333 :(a)
431 1302 457 1325 et
478 1303 600 1326 cessante
625 1298 727 1325 insania
750 1298 887 1332 avaritia},
914 1297 1008 1333 tnajorl

215 1346 358 1373 securitate
384 1346 482 1374 illicita:
504 1346 635 1382 foed-mque
654 1347 830 1382 cogitationes
849 1347 1009 1381 comprime-

214 1393 330 1419 rettlur‘:
357 1392 441 1418 (ludia:
463 1393 530 1419 enim
555 1393 669 1420 omnium
697 1393 823 1420 "talorum
842 1397 878 1420 est
903 1393 1009 1420 avaritia

215 1438 253 1472 (l.
267 1438 333 1464 Tim.
349 1438 375 1465 6.
396 1438 448 1473 l0).
467 1438 542 1473 Quod
563 1439 585 1466 si
608 1439 726 1466 radicem
750 1439 963 1472 resccttcritnus,
984 1442 1011 1466 et

217 1484 332 1511 funditus
347 1485 597 1519 cxstirpaveritnus,
615 1485 718 1513 facilius
733 1493 823 1513 ramos
840 1485 932 1513 licebit
952 1493 1008 1512 atn-

215 1535 318 1564 putare.
335 1531 389 1558 Arx
411 1531 482 1558 enim
505 1531 652 1564 malorum,
667 1536 694 1559 ct
707 1531 839 1566 coloplton
850 1552 857 1564 ,
875 1536 904 1558 ttt
922 1531 957 1558 ita
969 1530 1010 1557 di-

215 1585 284 1608 cam.
300 1582 489 1612 peccatorum,
511 1572 552 1605 est
565 1578 653 1606 rabies
666 1578 710 1605 illa
723 1577 930 1613 colligendorum
945 1577 1011 1604 divi-

217 1623 325 1656 tiarum,
341 1631 420 1658 qttam
432 1623 454 1651 si
465 1623 575 1650 domare
586 1623 762 1656 voluerimus,
775 1623 839 1650 ttiltil
853 1628 935 1656 vetat,
947 1623 1010 1659 quin

217 1670 295 1697 simul
308 1675 335 1697 et
348 1670 397 1697 hac
411 1670 512 1697 insania
527 1670 678 1703 liberemur,
693 1674 790 1697 etcum
801 1669 851 1698 hac
865 1669 1012 1697 evellamus

218 1717 425 1744 cteradicetnus
448 1724 541 1744 omnes
564 1717 728 1752 perniciosos
748 1716 870 1744 allectus.
895 1716 953 1744 .lam
979 1723 1011 1744 ne

218 1764 376 1791 existimetis
392 1771 514 1799 magnotu
530 1763 628 1798 aliquid
644 1768 669 1791 et
685 1771 765 1799 grave
780 1769 841 1791 esse
851 1770 930 1798 optttn
946 1769 1011 1790 con-

220 1814 360 1843 tctnptutn.
383 1809 448 1843 Quia
465 1817 525 1836 cum
540 1817 644 1836 ntceum
667 1814 772 1844 reputo,
788 1814 840 1836 tam
865 1809 963 1835 multos
977 1807 1012 1835 ob

219 1855 324 1882 inanem
342 1859 369 1882 et
382 1855 500 1882 ittutilcm
520 1855 631 1890 gloriam
653 1854 735 1882 multa
755 1855 811 1882 auri
836 1854 932 1881 talenta
947 1853 1015 1880 cffu-

220 1901 291 1928 disse
305 1901 330 1928 itt
345 1901 446 1928 ttullatn
463 1901 614 1933 utilitatem,
627 1900 674 1928 sed
688 1904 715 1927 ttt
728 1908 742 1927 a
753 1899 972 1927 circumforaneis
986 1903 1013 1926 ct

221 1946 368 1973 trivialibus
388 1946 556 1974 homunculis
574 1952 739 1980 aucupentur
763 1945 877 1972 nominis
898 1944 996 1972 celebri

221 1997 313 2024 talem,
329 2000 388 2027 qtne
402 1992 433 2019 ad
450 2000 588 2025 vesperam
600 1991 711 2024 desinit,
734 1996 761 2018 et
775 1998 847 2026 s:rpc
862 1998 914 2018 non
929 1998 1012 2025 ttsque

221 2038 253 2064 ad
271 2046 409 2072 vesperam
422 2037 510 2070 durat,
526 2038 572 2065 sed
588 2041 614 2064 et
631 2037 784 2072 priusquam
806 2037 864 2064 dies
878 2036 1013 2070 complea-

222 2088 274 2115 tttr,
288 2083 433 2110 itttttnneris
442 2083 518 2110 tttalis
526 2083 706 2110 circutttdatttr
717 2092 723 2115 ;
734 2081 770 2118 (ὁ)
781 2082 837 2119 [alii
849 2086 936 2109 autcttt
949 2089 1013 2116 gen-

223 2130 304 2157 tilium
319 2137 411 2158 errore
434 2130 627 2164 praeoccupati,
641 2130 721 2157 ctiatn
742 2130 792 2164 ipsi
812 2129 845 2156 ad
870 2128 1013 2156 humanam

223 2175 398 2210 respicientes
412 2175 542 2211 gloriam,
556 2183 635 2210 quam
650 2175 757 2202 maximi
773 2174 887 2207 faciunt,
903 2174 1013 2209 abiectis

221 2221 300 2248 simul
315 2222 450 2254 omnibus,
473 2226 499 2250 et
514 2221 595 2257 pallio
617 2225 718 2249 tantum
743 2226 823 2255 atqttc
841 2221 935 2248 baculo
954 2227 1013 2248 ser-

221 2268 299 2300 vatis,
315 2275 424 2295 omnem
437 2268 518 2295 vitam
531 2268 570 2295 sic
583 2267 709 2302 exigunt,
725 2274 831 2294 omnem
846 2266 965 2294 laborem
979 2266 1013 2293 il-

222 2313 275 2340 lutn
289 2318 318 2341 et
331 2313 467 2341 miseriam
481 2314 515 2341 ob
530 2313 591 2341 vani
604 2313 720 2340 nominis
740 2313 922 2340 celebritatem
935 2319 1014 2338 assu-

222 2358 335 2394 menles]
349 2368 355 2385 :
370 2367 430 2386 cum
442 2359 520 2394 igitur
531 2359 587 2386 haec
599 2366 703 2386 mecum
715 2363 819 2394 reputo,
834 2358 924 2386 nescio
934 2364 1013 2392 qttam

222 2403 336 2432 habituri
361 2405 446 2432 simus
467 2404 508 2432 vel
530 2405 743 2437 excusationem,
765 2404 807 2432 vel
830 2404 944 2435 veniant,
969 2403 1014 2438 qtti

223 2457 308 2486 neque
321 2450 356 2478 ob
377 2451 531 2478 mandatum
547 2458 562 2478 a
576 2451 690 2478 Domino
709 2450 852 2482 traditum,
877 2457 963 2485 neque
980 2449 1015 2476 ob

222 2496 333 2530 gloriam
352 2496 424 2524 illam
447 2497 625 2524 immortalem
639 2501 666 2524 et
681 2496 894 2529 interminatam,
908 2496 950 2523 vel
967 2496 1014 2522 mi-

222 2541 320 2568 nimam
335 2550 425 2569 reruttt
442 2547 592 2569 nostrarum
610 2543 758 2577 portionem
773 2542 924 2576 relinquere
937 2541 1016 2568 susti-

224 2595 326 2621 nemus,
340 2588 375 2624 (ε)
388 2589 453 2623 quin
468 2593 495 2615 et
519 2588 667 2616 deteriores
685 2588 736 2615 illis
758 2587 906 2621 reddimur,
929 2595 1017 2622 neque

223 2639 351 2668 quantum
373 2634 408 2661 sit
425 2634 567 2662 discrimen
590 2635 746 2670 cogitamus.
768 2634 834 2662 Nam
853 2634 890 2661 illi
911 2634 946 2661 oh
970 2634 1018 2659 lm-

253 2679 290 2710 (ιι)
297 2684 354 2709 Quae
363 2683 509 2709 sequuntur,
521 2680 552 2704 ah
560 2680 599 2705 his
611 2680 700 2708 verbis,
710 2682 733 2704 el
745 2682 851 2704 cessante
857 2677 952 2704 inswtia
963 2684 1018 2702 ava-

226 2709 290 2734 Γιιίιῑ·
301 2711 401 2738 (καὶτῆς
411 2710 504 2741 περὶτὰ
515 2710 625 2741 χρήματα
635 2710 738 2740 μανίας),
749 2717 826 2741 usque
836 2710 865 2734 ad
876 2710 918 2734 illa
927 2710 1010 2739 verba,

226 2744 281 2770 post
291 2741 378 2764 decem
393 2741 495 2764 circiter
507 2746 602 2773 versus,
612 2747 724 2773 magnum
735 2740 829 2773 aliquid
839 2743 862 2765 et
878 2747 951 2773 grave
961 2747 1012 2773 esse

227 2777 296 2824 prum
307 2773 468 2805 contemptum
482 2771 603 2802 (φορτικὸν
614 2771 671 2795 sive“
683 2771 710 2795 τὸ
724 2771 851 2802 χρημάτων
864 2771 1010 2803 ῡῖιτεριδεῖν),

247 2804 320 2824 esunt
332 2808 357 2825 ttt
371 2802 474 2826 Cetstin.

247 2804 320 2824 esunt
332 2803 357 2825 itt
371 2803 474 2825 Coistitt.

258 2830 295 2892 2b;
305 2835 361 2861 Qum
373 2833 468 2857 uncinis
478 2832 630 2864 clauduntur,
642 2834 731 2859 desttnt.
742 2835 764 2858 in
775 2834 917 2860 Coisliuiano
925 2835 1020 2859 Codice.

270 2868 283 2886 ε
309 2867 365 2890 qua).
376 2866 514 2892 sequuntur
525 2871 603 2892 usque
613 2866 651 2892 ad.
664 2866 814 2892 cmtmlamus
825 2872 890 2892 erat).
901 2868 988 2891 desunt
997 2866 1020 2890 in

270 2866 297 2896 ε)
309 2867 365 2896 Qttge
376 2866 514 2896 sequuntur
525 2871 603 2896 usque
613 2866 651 2892 ad.
664 2866 814 2896 emtmlamus
825 2872 890 2896 ergo,
901 2868 988 2891 desunt
997 2866 1022 2890 in

227 2893 314 2919 Cntslin
328 2893 372 2926 ,ltz
383 2893 477 2926 ut’pltts
485 2893 664 2927 qttatu'ditnidia
678 2893 763 2926 fagina
773 2893 874 2922 deficiat.

742 139 775 167 tN
794 139 869 167 car.
891 139 934 166 tv.
955 138 1076 168 ceses.
1098 119 1211 168 uouit.
1234 141 1294 169 xx.

1796 142 1846 171 Hi

1053 195 1165 227 minum,
1179 196 1225 231 qui
1239 197 1358 232 ejusdem
1372 201 1475 226 naturae
1486 202 1565 232 sunt,
1579 198 1698 227 inutilem
1714 198 1844 235 gloriam,

1051 249 1169 277 cousque
1181 248 1362 277 pervenerunt
1386 248 1414 271 ut
1437 248 1491 271 tam
1512 245 1594 272 multa
1617 245 1757 280 projiciant
1773 254 1779 272 :
1796 253 1844 273 nos

1052 291 1141 314 autem
1155 293 1266 323 propter
1280 288 1421 316 Domitntm
1437 294 1557 317 nostrum
1568 311 1575 322 ,
1590 291 1636 324 qtti
1649 291 1800 326 suppeditat
1815 299 1844 318 ea

1052 339 1110 366 qum
1124 333 1303 368 possidemus,
1314 338 1339 362 et
1349 334 1492 362 ineffabilia
1505 335 1549 362 illa
1559 335 1627 363 dona
1641 337 1791 370 pollicetur,
1800 344 1844 364 sar.

1054 385 1086 412 pe
1096 385 1180 413 neque
1192 386 1302 413 parvum
1314 379 1439 414 quiddam
1455 379 1577 414 inopibus
1587 387 1699 416 erogare
1711 381 1843 408 volumus.

1055 423 1088 450 Et
1108 424 1232 459 qualibus
1254 425 1337 453 oculis
1360 425 1509 452 videbimus
1530 425 1662 459 Judiectn,
1684 426 1847 461 negligentes

1055 470 1209 497 mandatum
1224 471 1294 498 illius
1306 476 1359 498 tam
1374 471 1469 499 facile?
1484 470 1552 498 Num
1565 469 1709 504 adltortor,‘
1719 475 1747 498 ut
1757 472 1846 498 omnia

1054 519 1143 543 vestra
1157 516 1305 551 abjiciatis?
1321 517 1422 545 Fruere
1444 517 1518 545 omni
1534 517 1725 552 prosrieritate,
1745 521 1772 544 et
1786 524 1848 544 cum

1055 561 1119 590 satis
1133 562 1228 591 feceris
1242 568 1288 590 tuo
1303 564 1380 597 usui,
1396 572 1455 599 qua:
1469 571 1633 599 supervacua
1656 563 1702 590 tibi
1718 568 1744 590 ct
1762 564 1848 591 otiosa

1053 608 1153 643 iacent,
1175 609 1201 636 in
1215 610 1394 637 necessarium
1409 618 1485 638 usum
1505 615 1631 637 converte
1642 630 1650 642 ,
1671 609 1784 644 aliisque
1795 608 1851 636 dis-

1057 654 1143 682 tribue
1163 655 1232 682 fame
1257 656 1457 689 laborantibus,
1474 661 1501 684 et
1520 656 1581 691 gelu
1600 656 1803 691 rigesceulibus,
1824 661 1851 683 et.

1058 707 1105 734 per
1118 699 1224 727 illorum
1245 709 1339 729 manus
1362 702 1388 728 in
1411 707 1481 729 tuatn
1502 702 1615 737 patriam
1637 701 1806 734 transmitte,
1823 702 1849 728 in

1056 752 1136 779 quam
1152 746 1306 780 propediem
1322 747 1367 774 tibi
1381 747 1562 782 pergendum,
1579 751 1608 774 ttt
1623 747 1657 774 ibi
1670 747 1794 781 accipias.
1812 746 1851 773 llli

1057 792 1129 818 enim
1149 792 1292 826 plurimunt
1309 793 1355 820 tibi
1380 793 1508 828 prodesse
1527 798 1652 827 poterunt
1675 792 1709 820 ad
1731 797 1851 819 transvco

1059 837 1160 865 hcndas
1176 839 1237 866 illuc
1250 846 1314 874 opes
1330 848 1336 866 z
1352 844 1380 866 ut
1393 839 1499 875 quando
1510 839 1572 867 illuc
1583 839 1690 871 abieris,
1706 838 1794 865 omnia
1808 838 1851 865 in-

1058 883 1151 910 venias
1165 884 1234 912 bene
1258 884 1398 919 disposita,
1413 885 1561 919 maiorique
1583 884 1636 911 illic
1658 883 1755 911 fruaris
1768 883 1853 911 abun-

1058 929 1158 964 dantia,
1170 929 1263 958 videns
1272 937 1304 958 ea
1315 937 1330 957 a
1344 930 1586 962 trausvchcntibus,
1599 930 1653 958 imo
1662 937 1677 956 a
1688 929 1852 964 benignitate

1059 976 1117 1009 Dei,
1131 976 1166 1003 ita
1181 976 1367 1011 multiplicata.
1384 977 1451 1004 Num
1467 977 1586 1004 laborem
1602 976 1681 1003 habet
1695 975 1721 1003 id
1736 975 1852 1011 negotii?

1059 1029 1123 1049 nttm
1144 1029 1253 1056 curam,
1279 1031 1342 1050 num
1366 1022 1593 1050 sollicitudinem?
1614 1021 1655 1049 Ad
1682 1021 1739 1049 hate
1765 1026 1854 1048 trans-

1060 1069 1180 1097 veltenda
1205 1069 1280 1096 nullo
1303 1069 1349 1097 tibi
1371 1077 1437 1104 opus
1450 1069 1633 1104 estjumento,
1656 1076 1709 1096 non
1730 1067 1851 1099 custode,

1059 1122 1146 1150 neque
1160 1115 1213 1142 ullo
1226 1115 1288 1142 alio.
1302 1115 1395 1142 Nullus
1408 1115 1479 1142 enim
1493 1115 1561 1142 latro
1576 1115 1615 1142 vcl
1631 1114 1672 1142 fur
1688 1113 1737 1141 hac
1752 1113 1793 1140 via
1810 1113 1852 1140 ius

1059 1161 1139 1195 cedit,
1150 1167 1180 1189 ut
1196 1169 1292 1189 nocere
1303 1166 1383 1197 queat
1392 1162 1423 1189 iis
1436 1169 1495 1197 qua:
1505 1169 1519 1188 a
1531 1167 1557 1188 te
1569 1161 1630 1188 illuc
1639 1160 1779 1188 mittuntur
1789 1169 1796 1186 :
1806 1160 1853 1187 scd

1060 1214 1091 1234 ea
1105 1215 1165 1242 qua:
1184 1207 1338 1242 reposucris
1360 1207 1386 1234 in
1407 1214 1552 1242 egenorum
1571 1214 1683 1237 ntanus,
1704 1206 1746 1232 illa
1761 1205 1788 1232 in
1811 1211 1855 1232 se-

1060 1261 1154 1281 curum
1170 1253 1381 1289 promptuarium
1392 1273 1399 1286 ,
1416 1260 1512 1287 nempe
1525 1260 1634 1280 manum
1653 1251 1699 1279 Dei
1713 1250 1832 1278 cll'undcs
1846 1259 1853 1278 :

1061 1307 1119 1334 qua)
1135 1299 1261 1327 inviolata
1276 1305 1303 1327 et
1317 1298 1450 1326 custodita
1465 1297 1610 1333 praebebit,
1625 1303 1652 1325 et
1667 1305 1727 1324 eum
1743 1296 1855 1324 redieris

1061 1347 1087 1373 in
1100 1346 1223 1381 patriam,
1237 1345 1288 1373 illis
1301 1345 1413 1372 redditis
1424 1345 1502 1371 etiam
1515 1343 1670 1379 prtedicabit
1683 1342 1774 1370 laudes
1786 1347 1852 1374 tuas,

1061 1396 1088 1419 et
1103 1391 1254 1424 coronabit,
1269 1398 1300 1418 ac
1312 1395 1336 1418 te
1352 1391 1378 1417 in
1392 1390 1529 1418 latitudine
1543 1390 1718 1421 constituens,
1730 1395 1853 1416 securum

1059 1443 1089 1467 ct
1102 1438 1206 1466 felicent
1220 1437 1323 1466 reddet.
1343 1436 1516 1464 Effundamus
1528 1443 1602 1470 ergo,
1615 1442 1721 1470 precor,
1730 1433 1853 1468 deposita

1062 1485 1088 1513 in
1110 1492 1256 1520 pauperum
1283 1489 1408 1517 ventres,
1428 1487 1455 1511 et
1473 1483 1635 1511 sentinemus
1661 1481 1724 1509 dum
1751 1485 1855 1516 tempus

1062 1536 1113 1565 est,
1130 1537 1158 1558 ut
1171 1535 1322 1566 opportuno
1339 1535 1459 1565 tempore
1470 1534 1612 1562 metamus,
1626 1528 1664 1564 (ιι)
1678 1532 1752 1555 etne
1768 1532 1855 1554 trans—

1062 1578 1143 1604 missa
1168 1577 1296 1612 temporis
1319 1576 1534 1612 opportunitate,
1557 1575 1669 1610 posthac
1689 1575 1786 1602 frustra
1808 1581 1856 1600 nos

1064 1624 1202 1659 paeniteat.
1218 1623 1334 1651 llaccine
1348 1622 1382 1650 de
1394 1629 1473 1650 causa
1488 1621 1620 1657 benignus
1635 1621 1703 1648 Deus
1720 1620 1794 1654 plura
1810 1620 1854 1647 tibi

1063 1671 1172 1706 largitus
1186 1675 1238 1702 est,
1252 1675 1282 1697 ut
1304 1670 1330 1697 iu
1353 1673 1425 1696 tuum
1442 1668 1525 1696 solius
1547 1675 1623 1695 usutn
1645 1665 1782 1700 impendas
1797 1673 1856 1698 qua:

1063 1715 1146 1748 dedit,
1159 1720 1183 1743 et
1197 1715 1299 1750 reliqua
1314 1715 1340 1742 in
1352 1714 1450 1741 arculis
1463 1718 1489 1740 et
1504 1712 1694 1748 prontptuariis
1709 1710 1856 1738 recondas?

1064 1762 1120 1789 Non
1135 1769 1166 1789 ea
1185 1761 1219 1789 de
1234 1768 1324 1794 causa,
1340 1760 1387 1788 sed
1402 1765 1429 1787 ut
1440 1781 1447 1793 ,
1463 1759 1609 1787 secundum
1623 1758 1796 1793 apostolicam
1810 1757 1857 1784 ad-

1064 1809 1250 1841 monitioncm,
1263 1806 1425 1834 abundantia
1449 1811 1492 1833 tua
1514 1805 1627 1832 aliorum
1653 1803 1770 1838 inopiam
1795 1809 1857 1837 sup-

1065 1855 1135 1888 pleat
1147 1853 1184 1889 (2.
1200 1853 1258 1881 Cor.
1272 1852 1299 1880 8.
1313 1852 1369 1887 ll).
1381 1851 1450 1878 Ettu
1460 1850 1567 1886 quidem
1584 1849 1693 1876 forsitan
1705 1847 1785 1876 etiam
1798 1847 1857 1883 plus

1064 1908 1143 1935 quant
1155 1908 1222 1935 opus
1231 1904 1272 1926 est
1282 1898 1324 1926 his
1334 1898 1431 1925 frueris
1447 1897 1473 1924 itt
1483 1896 1596 1929 deliciis,
1608 1895 1737 1928 vestibus,
1751 1894 1858 1929 alioque

1065 1946 1127 1973 luxu
1138 1967 1145 1978 ,
1160 1945 1243 1973 servis
1262 1951 1369 1979 quoque
1380 1948 1409 1971 et
1432 1943 1516 1970 brutis
1535 1946 1675 1977 argentum
1689 1941 1800 1968 multum
1814 1939 1857 1967 di-

1065 1992 1176 2020 videns:
1196 1999 1296 2026 pauper
1318 1995 1407 2018 autem
1429 1989 1495 2017 nihil
1518 1989 1614 2016 horum
1634 1995 1649 2014 a
1671 1992 1696 2015 te
1717 1986 1791 2022 petit,
1810 1985 1857 2013 sed

1066 2042 1168 2065 tatttum
1181 2041 1209 2064 ut
1219 2037 1317 2065 famem
1328 2036 1433 2071 mitiges
1442 2055 1449 2069 ,
1464 2039 1494 2062 ut
1505 2033 1689 2070 quotidianum
1704 2032 1742 2060 illi
1755 2031 1855 2064 cibum,

1064 2092 1096 2112 ac
1105 2083 1284 2112 necessarium
1297 2090 1373 2110 usum
1385 2081 1494 2114 tribuas,
1511 2085 1541 2108 ut
1553 2080 1635 2112 vivat,
1645 2083 1674 2107 et.
1683 2086 1736 2106 non
1748 2082 1839 2112 pereat
1851 2086 1858 2104 :

1065 2136 1093 2159 et
1106 2139 1193 2166 neque
1207 2131 1258 2157 ltoc
1278 2129 1367 2157 facere
1381 2128 1498 2163 dignaris
1510 2148 1516 2160 ,
1533 2134 1620 2161 neque
1634 2125 1746 2160 cogitas,
1763 2129 1788 2151 te
1802 2124 1859 2158 ple-

1066 2185 1177 2212 rumque
1187 2177 1276 2205 subito
1286 2176 1437 2210 abreptum,
1452 2173 1540 2201 omnia
1552 2180 1611 2208 qum
1622 2171 1733 2199 collecta
1745 2174 1806 2197 sunt
1817 2169 1860 2196 ltic

1066 2225 1235 2259 relinquere,
1251 2227 1279 2250 et
1293 2221 1425 2250 interdum
1440 2220 1467 2247 in
1484 2220 1574 2247 hestes
1587 2223 1615 2246 et
1636 2218 1758 2245 inimicos
1772 2221 1859 2243 trans-

1067 2270 1147 2303 ferri;
1165 2275 1190 2296 tc
1204 2273 1293 2296 autem
1308 2266 1425 2302 peccatis
1438 2265 1578 2296 omnibus.
1594 2271 1642 2300 per
1655 2271 1715 2298 qua:
1730 2262 1788 2289 haec
1799 2261 1860 2288 col-

1068 2316 1164 2351 legisti,
1186 2319 1274 2342 tecum
1297 2313 1413 2348 receptis
1436 2311 1498 2339 hinc
1516 2310 1641 2345 migrare.
1660 2307 1695 2335 Et
1714 2307 1777 2342 quid
1797 2311 1861 2334 tunc

1067 2363 1141 2390 dices
1155 2362 1179 2388 itt
1196 2361 1239 2388 die
1255 2360 1299 2387 illo
1315 2358 1444 2386 terribili?
1457 2355 1592 2392 quomodo
1606 2359 1632 2382 te
1643 2353 1801 2383 excusabis,
1816 2352 1860 2386 qui

1068 2409 1103 2436 ita
1118 2408 1283 2442 negligenter
1294 2405 1388 2433 salutis
1401 2403 1536 2439 negotium
1547 2399 1702 2428 instituisti?
1715 2398 1860 2433 Propterea

1068 2454 1132 2482 mihi
1146 2454 1316 2487 obtempera,
1332 2455 1360 2478 ct
1372 2458 1432 2478 cuttt
1447 2449 1535 2476 adhuc
1557 2452 1661 2480 tempus
1678 2444 1761 2472 habes
1771 2464 1778 2476 ,
1794 2449 1860 2478 opes

1067 2505 1248 2535 supervacuas
1262 2497 1402 2527 distribue.
1418 2499 1448 2522 ut
1460 2494 1534 2530 prius
1548 2493 1602 2520 illic
1614 2491 1642 2519 in
1657 2495 1728 2518 tuam
1743 2489 1858 2524 repOsita

1069 2548 1167 2574 habeas
1186 2545 1311 2578 salutem,
1336 2547 1363 2570 et
1384 2549 1432 2577 pro
1453 2541 1507 2568 illis
1527 2544 1654 2575 perpetua
1675 2538 1744 2566 bona
1765 2543 1861 2564 conse-

1069 2594 1159 2628 quaris
1175 2602 1181 2619 :
1198 2599 1257 2627 qua:
1273 2598 1321 2618 nos
1335 2597 1428 2616 omnes
1438 2588 1563 2616 obtinere
1577 2585 1723 2619 conlingat,
1737 2582 1821 2620 gratia
1834 2586 1861 2608 et

1071 2640 1233 2674 benignitate
1244 2636 1348 2665 Dontini
1362 2635 1446 2663 nostri
1457 2634 1520 2661 Jesu
1533 2631 1643 2665 Christi,
1656 2638 1716 2658 cum
1727 2637 1780 2665 quo
1791 2628 1862 2656 Patri

1070 2686 1150 2713 simul
1165 2689 1194 2712 et
1207 2682 1316 2718 Spiritui
1330 2685 1424 2709 sancto
1436 2680 1472 2707 sit
1487 2679 1583 2714 gloria,
1599 2676 1750 2712 imperium,
1767 2675 1862 2707 honor,

1071 2739 1141 2760 nunc
1155 2736 1183 2760 et
1193 2737 1310 2765 seraper,
1325 2728 1388 2756 etin
1401 2726 1499 2754 sarcula
1510 2725 1678 2753 saeculorum.
1696 2722 1792 2750 Amen.

1096 2829 1196 2858 ({1)Quft"
1209 2828 1343 2858 sequuntur
1356 2808 1641 2858 usquead,negligenter.
1650 2817 1732 2858 salit/lit
1742 2815 1858 2858 pc

1066 2849 1196 2885 instiittisti,
1209 2849 1263 2887 qut'e
1275 2855 1369 2887 circiter
1382 2849 1486 2877 mediam
1500 2849 1610 2884 paginam
1622 2849 1758 2879 absolvunt,
1772 2849 1859 2872 desum

1067 2894 1091 2917 'm
1099 2885 1241 2915 Coisliniatio
1251 2885 1344 2911 Codice.
