2060 3122
185 155 239 183 πε

451 204 603 231 ιιυιιηλιι
634 203 705 230 XXI.

192 276 242 303 iste
257 280 293 302 est
313 273 374 301 liber
389 271 555 308 generationis
569 271 708 300 hominum,
723 270 763 296 die
775 277 824 304 quo
843 268 900 302 fecit
915 266 984 293 Deus

224 320 317 352 Adam,
329 318 465 346 secundant
477 317 611 352 imaginem
618 316 666 343 Dei
678 315 738 350 fecit
752 314 833 345 illum,
845 312 984 340 masculum

225 371 247 393 et
263 366 382 401 feminam
397 365 456 400 fecit
469 364 535 395 illos,
550 368 574 390 et
585 364 679 389 vocavit
690 369 780 388 nomen
791 368 876 388 eorum
890 359 982 391 Adam,

224 421 274 447 qua
286 412 327 439 die
336 411 392 447 fecit
400 419 441 438 eos
452 409 526 447 (Gen;
538 409 566 437 5.
581 409 604 436 ι.
615 408 632 435 2
644 408 664 442 ).

226 480 251 507 ί.
269 479 377 514 Magnus
391 483 419 506 et
431 476 570 505 ineffabilis
584 475 734 507 thesaurus,
757 473 849 501 dilecti
859 494 866 506 ,
882 472 907 499 in
921 479 983 498 vcr-

190 525 230 554 bis
242 525 323 554 modo
343 525 418 552 lectis
433 523 585 552 reconditus
598 526 647 549 est.
664 521 695 548 Et
717 520 772 547 scio
786 518 903 554 quidem,
918 516 985 544 mul-

190 580 232 602 tos
246 574 383 602 nominum
398 573 546 608 catalognm
566 570 739 606 respicientes
759 573 786 596 et
805 567 927 596 lectionis
941 574 985 594 su-

191 620 309 654 perﬂeiei
335 620 476 652 Ita-rentes,
501 622 593 652 putare
619 617 683 644 nihil
709 614 823 650 amplius
850 614 875 641 in
895 613 983 646 dictis,

190 673 269 700 quam
283 672 354 691 anl'll
375 665 482 691 nomina
493 671 552 692 15356
567 673 573 690 ζ
597 670 647 697 ἓξ.)
663 666 751 689 autem
770 668 817 687 γοε
831 667 925 687 omnes
939 659 985 686 0b-

190 717 277 743 secro,
287 717 323 737 ne
338 709 494 744 simpliciter
508 715 539 735 ca
553 715 612 742 qua:
628 707 653 734 iu
668 705 813 741 Scripturis
823 704 906 732 sacris
919 712 985 731 con-

193 760 262 782 tenta
289 759 349 781 sunt
367 754 515 781 trauscatis.
538 753 606 780 Nihil
623 753 693 780 enim
716 751 760 778 hic
785 751 914 785 scriptum
933 755 983 783 eSI,

191 801 325 836 quod-nun
336 801 432 828 multas
442 807 569 828 sensuum
581 798 790 826 habeatdivitias
800 805 807 824 :
818 796 986 832 quandoqui-

190 846 251 874 dem
262 845 358 874 divino
370 845 468 880 Spiritu
481 844 563 872 afﬂati
579 844 715 879 propheta:
726 843 827 878 loquuti
840 847 911 874 sunt,
926 842 986 869 ideo

190 897 285 927 utpote
300 900 314 919 a
336 892 436 927 Spiritu
462 892 567 925 scripta:
590 891 723 926 ingentem
748 890 774 917 iu
797 897 826 917 se
849 889 986 916 continent

192 939 356 967 thesaurum.
373 939 405 966 Et
420 947 453 966 nc
466 938 571 966 mireris
584 937 691 973 quodin
709 936 758 965 hac
769 936 905 963 nominum
918 943 986 962 enu-

193 986 340 1013 meratione
364 985 460 1012 multas
475 985 642 1019 latenteSque
668 983 774 1011 divitias
793 982 986 1010 sententiarum

194 1031 270 1058 vobis
285 1039 327 1058 me
342 1036 512 1058 ostensurum
526 1031 661 1065 pollicear.
678 1030 768 1064 Neque
789 1029 860 1056 enim
875 1028 915 1056 vel
931 1028 986 1064 syl-

195 1077 267 1110 laba,
283 1077 324 1104 vel
337 1077 456 1112 apiculus
471 1082 512 1105 est
527 1077 553 1104 in
569 1077 652 1104 sacris
666 1076 774 1109 Litcris,
793 1076 819 1103 in
834 1075 910 1111 cujus
922 1083 985 1110 pro-

195 1122 275 1149 fundo
290 1130 343 1150 non
358 1123 394 1150 sit
418 1122 524 1157 grandis
537 1122 666 1158 quispiam
696 1121 836 1148 thesaurus
855 1129 862 1148 :
876 1120 988 1155 proinde

194 1175 242 1201 par
254 1173 295 1196 est
313 1175 362 1196 nos
381 1168 469 1195 divina
491 1168 575 1202 gratia
589 1167 693 1199 ductos,
719 1171 747 1194 et
769 1166 868 1200 Spiritu
896 1171 988 1193 sancio

189 1214 341 1242 illustratus
352 1214 455 1250 eloquia
469 1214 556 1241 divina
569 1214 652 1241 adire.
664 1213 755 1248 Neque
770 1220 838 1247 opus
851 1212 930 1240 habet
945 1212 987 1239 di-

196 1261 256 1288 vina
271 1261 407 1295 Scriptura
432 1261 569 1288 hominum
593 1260 734 1294 sapientia,
758 1263 787 1286 ut
816 1258 986 1294 intelligatur,

189 1307 244 1334 sed
258 1307 422 1335 revelatioue
444 1307 569 1342 Spiritus,
584 1311 613 1334 ut
634 1306 729 1333 hausto
743 1305 805 1333 inde
818 1313 881 1333 vero
897 1313 987 1336 sensu,

196 1360 320 1388 magnum
336 1353 412 1380 nobis
433 1353 496 1381 hinc
506 1353 612 1380 lucrum
637 1357 781 1380 accrescat.
793 1351 831 1387 (α)
850 1351 915 1378 Nam
926 1351 948 1378 si
963 1351 988 1378 in

198 1398 369 1426 smcularibus
385 1399 498 1434 negotiis
510 1398 607 1433 scripta
624 1418 632 1430 ,
647 1406 707 1433 qua:
717 1397 751 1425 ab
764 1397 915 1425 hominibtts
925 1405 990 1425 con-

192 1444 330 1478 ﬁciuntur,
358 1453 429 1480 saepe
453 1450 573 1480 tempore
598 1450 733 1480 corrupta,
748 1452 761 1471 a
776 1449 895 1479 tempore
915 1444 989 1472 initio

198 1491 366 1518 instrumenti
381 1496 482 1524 notato,
495 1496 524 1519 et
545 1491 578 1518 ab
592 1499 642 1518 una
666 1491 777 1526 syllaba,
802 1490 914 1518 multum
930 1497 988 1517 mo-

195 1537 281 1564 menti
295 1537 393 1564 habent
405 1546 412 1564 :
426 1537 601 1572 multomagis
613 1536 664 1564 hoc
686 1537 712 1564 in
725 1535 869 1571 Scripturis
894 1535 990 1563 divinis

197 1591 212 1610 a
239 1583 339 1618 Spiritu
365 1588 458 1611 sancto
482 1583 637 1618 compositis
661 1582 812 1617 invenitur,
841 1582 922 1610 modo
948 1589 990 1610 so-

197 1629 248 1656 brii
271 1629 365 1662 simus,
390 1633 417 1657 et
445 1636 496 1656 non
523 1633 623 1656 temere
646 1628 894 1664 praetergrediamur
920 1628 990 1656 :scd

200 1675 300 1702 intenta
332 1679 420 1702 mente
443 1675 582 1710 diligenter
603 1675 692 1702 omnia
713 1674 913 1703 consideremus
930 1695 938 1707 ,
965 1677 992 1701 et

202 1728 254 1748 non
284 1721 490 1755 negligentiores
521 1721 604 1748 simus
632 1720 690 1747 aliis
717 1720 762 1755 qui
797 1724 870 1747 tanto
904 1719 992 1746 studio

201 1767 227 1794 in
253 1767 397 1794 sensilibus
426 1771 545 1794 utuntur.
575 1766 720 1793 Enimvero
751 1765 795 1801 qui
822 1764 928 1792 metalla
951 1764 992 1791 ef<

203 1813 326 1846 fodiunt,
343 1822 395 1841 non
416 1813 442 1840 in
467 1813 610 1848 superlitie
639 1817 756 1845 manent,
777 1812 823 1840 sed
847 1820 909 1840 cum
930 1820 993 1847 pru-

201 1861 280 1888 funde
290 1861 438 1888 admodum
452 1859 648 1893 descenderint,
661 1865 686 1888 et
699 1860 758 1888 attri
782 1863 901 1887 ramenta
925 1866 992 1886 nan-

201 1906 264 1933 cisci
289 1906 433 1940 potuerint,
458 1913 562 1940 magno
586 1905 676 1933 labore
700 1911 726 1933 et
753 1905 894 1933 sedulitate
919 1912 949 1932 ea
977 1912 992 1931 a

204 1957 272 1978 terra
298 1956 448 1986 separant,
479 1957 589 1987 postque
619 1953 731 1979 multum
751 1952 824 1980 illum
853 1951 968 1979 laborem
985 1972 992 1984 ,

203 1997 311 2024 brevem
325 1997 439 2032 aliquam
461 1998 582 2025 laborum
604 1998 742 2025 inveniunt
762 1997 993 2030 consolationem;

203 2049 383 2071 vermntamcn
398 2044 495 2071 licethi
509 2045 602 2076 sciant,
617 2052 646 2071 sc
661 2044 800 2071 utilitatem
818 2049 994 2078 percepturos

202 2089 336 2117 laboribus
348 2097 399 2117 non
416 2090 631 2125 respondentem.
647 2097 770 2124 sa-pcqnc
786 2089 864 2116 etiam
882 2093 941 2123 post
957 2092 995 2114 tot

203 2136 304 2170 vigilias
317 2140 344 2163 et
358 2135 471 2167 labores,
487 2136 685 2170 exspectatione
698 2142 745 2162 sua
762 2134 901 2161 frustratos
924 2141 993 2167 esse,

205 2189 289 2216 neque
300 2182 338 2208 sic
353 2181 494 2214 desistunt,
507 2181 554 2209 scd
568 2189 615 2216 spe
628 2181 745 2212 aluntur,
765 2185 791 2208 et
806 2187 885 2208 sensu
898 2180 996 2208 laboris

200 2232 305 2255 curent.
319 2228 359 2261 Qu
379 2227 395 2254 d
411 2228 432 2254 si
451 2227 488 2254 illi
507 2232 609 2255 tantum
623 2235 678 2262 pra:
692 2234 721 2254 se
741 2226 829 2254 ferunt
842 2227 957 2254 studium
971 2227 995 2254 in

200 2273 432 2307 oorruptibilibus,
447 2273 566 2306 incertis,
580 2277 607 2300 et
618 2273 737 2305 caducis,
750 2273 834 2299 multo
857 2272 940 2307 magis
951 2273 997 2300 de-

204 2322 248 2346 cet
262 2325 321 2352 nos,
344 2318 388 2346 ubi
404 2319 501 2346 divitiae
521 2318 619 2346 auferri
645 2323 789 2354 nequeunt,
815 2323 841 2346 ct
857 2318 997 2347 thesaurus

204 2365 307 2393 absumi
331 2369 507 2400 nonrpotcst,
526 2369 553 2392 et
575 2372 622 2400 spe
637 2373 689 2391 nnn
712 2365 862 2397 aberratur,
886 2372 933 2399 par
957 2366 997 2392 vel

207 2413 292 2446 tnajus
313 2412 429 2440 studium
445 2411 581 2443 adbibere,
597 2415 625 2438 et
646 2410 708 2438 hinc
719 2410 807 2445 aliquo
823 2410 907 2438 fructu
934 2418 995 2446 per-

205 2462 295 2491 cepto,
311 2457 461 2484 desiderata
473 2457 578 2492 assequi
590 2457 732 2491 possimus,
747 2457 889 2492 agnitaque
903 2456 996 2484 ineﬂ'a-

205 2504 250 2531 hili
267 2504 428 2539 benignitate
444 2503 490 2531 Dei
504 2524 511 2536 ,
527 2503 624 2538 gratias
644 2507 753 2538 agentes
769 2503 880 2530 Domino
894 2509 996 2536 nostra,

206 2549 263 2582 ejus
277 2549 354 2576 nobis
363 2549 478 2576 favorem
493 2549 675 2580 conciliemus,
687 2549 819 2577 etdiaboli
834 2549 934 2577 retibus
946 2557 997 2576 non

204 2595 390 2630 iilaqueemur.
412 2595 467 2631 Age
488 2602 552 2630 ergo
566 2596 675 2630 prolatis
700 2596 725 2623 in
748 2596 863 2623 medium
887 2596 918 2623 iis
940 2604 998 2630 qua:

208 2647 278 2667 nunc
288 2640 354 2667 lecta
375 2646 447 2674 sunt,
463 2640 603 2676 diligenter
617 2641 718 2676 singula
733 2646 932 2676 perscrutemur
947 2648 954 2667 :
971 2645 998 2668 ut

207 2687 284 2713 solita
303 2686 441 2714 rcfocillati
455 2687 585 2718 doctrina,
601 2688 640 2715 sic
654 2688 761 2715 domutn
776 2688 871 2715 iterum
888 2688 995 2715 receda-

208 2732 250 2759 tis.
266 2732 291 2759 Ι.
311 2732 384 2767 (Cap.
399 2733 437 2768 5).
450 2733 502 2760 Iste
513 2733 619 2760 estliber
628 2734 796 2769 generationis
804 2734 944 2767 hominum,
957 2733 995 2760 in-

207 2779 272 2814 quit,
287 2779 326 2806 die
336 2787 384 2814 quo
399 2780 455 2815 Ῑίείι
469 2779 537 2806 Dens
550 2780 642 2814 Adam,
654 2780 790 2808 secundum
804 2780 938 2816 imaginem
955 2779 1000 2806 Dei

238 2835 381 2869 (o)t’lurima
388 2843 419 2869 ex
430 2837 604 2869 sequentibus,
613 2837 666 2868 plus
672 2844 744 2869 quam
756 2836 877 2862 dimidiam
890 2836 1000 2867 paginam

205 2867 367 2898 absolvenda,
379 2867 503 2893 desunt'iu
515 2868 610 2892 (nislin.

553 151 579 176 5.
599 146 737 175 JOANNIS
749 141 988 172 CllllYSOS'l‘Olli
1011 140 1167 169 ARCHIEP.
1188 140 1453 170 CONSTANTINOI‘.

1779 143 1827 170 ιτη

1037 209 1094 241 {erit
1116 207 1239 236 illum;2.
1264 208 1405 234 "tusculum
1425 212 1448 233 et
1474 207 1592 242 feminum
1619 208 1676 242 fecit
1701 208 1779 241 illos,
1808 217 1830 236 ιι

1036 251 1174 278 nominavit
1184 260 1273 279 nomen
1285 261 1370 279 corum
1385 253 1466 279 Adam
1480 253 1518 287 ((ι)
1529 274 1536 285 ,
1551 253 1592 279 die
1611 262 1661 288 qua
1681 255 1738 289 fecit
1758 255 1831 282 illas.

1036 296 1159 329 Attende,
1188 297 1310 331 obsccm,
1337 298 1472 333 propheta:
1491 298 1568 333 hujus
1590 299 1752 328 admirabilis
1778 309 1806 327 su

1037 342 1184 377 pientiam;
1208 343 1262 370 imo
1285 343 1370 371 Sancti
1393 343 1506 378 Spiritus
1532 343 1691 372 doctrinam.
1720 346 1760 373 Ab
1782 347 1831 374 illo

1037 388 1117 421 enim,
1133 393 1160 416 ut
1174 396 1243 424 srrpc
1262 389 1361 416 dictum
1375 394 1426 421 est,
1438 389 1554 423 afﬂatus,
1569 390 1646 418 nobis
1661 391 1720 420 haec
1741 393 1831 420 omnia

1037 433 1153 468 loquitur
1170 445 1175 461 :
1192 440 1218 461 et
1242 435 1357 469 linguam
1370 434 1477 469 quidem
1497 436 1625 470 propheta
1641 437 1830 470 commodavit,

1036 480 1119 513 gratia
1133 483 1221 506 autem
1237 479 1349 514 Spiritus
1364 479 1448 506 sancti
1472 487 1519 515 per
1542 480 1612 507 illam
1626 482 1714 508 omnia
1738 481 1832 509 huma-

1039 531 1103 551 num
1126 532 1211 560 genus
1233 525 1373 553 manifeste
1388 525 1477 552 docet.
1494 525 1560 553 Vide
1573 534 1636 561 ergo
1649 527 1784 562 quomodo
1799 528 1832 556 ad

1037 569 1166 605 originem
1182 577 1334 597 sermonem
1348 570 1461 602 reducit.
1481 576 1508 598 et
1530 572 1666 606 superiora
1682 568 1777 600 iterum
1790 581 1833 600 re-

1037 615 1128 642 sumit.
1153 615 1250 649 Quare,
1277 621 1303 643 ct
1320 623 1372 651 qua
1395 615 1429 644 de
1444 616 1542 644 causa?
1556 616 1623 650 Quia
1647 617 1712 645 \idit
1726 625 1775 646 eos
1787 619 1832 654 qui

1038 665 1100 687 tttnc
1115 665 1202 694 erant,
1227 669 1319 696 magna
1335 669 1388 696 pra:
1401 669 1430 689 se
1443 661 1618 697 ferreiugrati
1641 663 1722 690 animi
1746 663 1832 699 signa,

1038 714 1087 734 nec
1101 707 1226 734 meliores
1241 707 1297 734 fieri
1311 715 1343 734 es
1366 707 1398 734 iis
1411 716 1470 742 qua:
1494 708 1581 743 primo
1602 709 1703 743 parenti
1727 710 1833 737 accide-

1038 757 1107 785 rant,
1132 752 1179 780 sed
1203 753 1227 780 iu
1255 753 1324 779 idem
1352 753 1457 779 malitiae
1472 753 1636 788 profundum
1663 754 1832 789 praecipitari.

1036 797 1103 826 Nam
1118 805 1176 825 cum
1193 798 1215 825 is
1233 798 1276 833 qui
1291 806 1322 825 cx
1340 798 1383 826 illo
1399 802 1475 826 natus
1488 803 1545 826 erat
1566 799 1656 827 statim
1679 801 1832 828 concitante

1038 843 1135 870 invidia
1149 843 1181 870 ad
1197 843 1370 871 fratricidium
1397 845 1502 878 luisset,
1519 849 1546 872 et
1568 845 1628 872 ideo
1651 846 1834 881 gravissimam

1038 897 1145 924 pmnam
1159 889 1273 923 tulisset,
1291 890 1359 917 sicut
1371 891 1495 925 superius
1504 891 1646 919 caritatem
1659 897 1773 920 vestram
1785 894 1833 920 do-

1038 935 1142 962 cuimus
1163 944 1169 962 :
1188 942 1218 962 ac
1235 936 1333 970 posteri
1360 936 1416 970 ejus
1431 936 1495 963 nihil
1512 944 1543 964 ea
1556 937 1730 972 castigatione
1745 938 1833 973 profc-

1038 981 1148 1013 cisscut,
1164 981 1211 1007 sed
1225 981 1250 1007 in
1261 981 1405 1015 majoribus
1417 989 1447 1009 se
1461 982 1538 1010 tnalis
1561 983 1749 1016 involvissent,
1766 985 1834 1012 sicut

1038 1026 1176 1054 audivistis
1189 1026 1255 1060 heri,
1273 1027 1387 1054 Lamcch
1400 1035 1496 1062 nempe
1511 1034 1648 1062 peccatum
1672 1037 1749 1057 suum
1764 1039 1832 1057 uxo-

1039 1073 1113 1100 ribus
1123 1077 1303 1106 enarrantem,
1319 1081 1477 1109 pmnamque
1492 1074 1619 1103 adversus
1639 1083 1669 1102 se
1684 1076 1834 1104 decernen-

1040 1122 1093 1146 tem
1110 1127 1116 1145 :
1129 1119 1190 1154 quia
1205 1119 1331 1153 paulatim
1346 1119 1411 1147 vidit
1425 1120 1575 1148 increscere
1587 1122 1714 1149 malitiam
1728 1122 1835 1149 illorum

1040 1164 1114 1200 quasi
1139 1165 1237 1192 malum
1252 1166 1389 1193 humorem
1405 1173 1453 1201 per
1468 1171 1551 1194 totum
1572 1175 1669 1202 corpus
1682 1176 1712 1196 se
1736 1168 1835 1196 diffun-

1041 1211 1159 1244 dentem,
1175 1211 1245 1238 sistit
1262 1212 1369 1239 malitim
1379 1213 1551 1247 impelnm,et
1562 1215 1749 1249 generationes
1761 1216 1833 1248 illas,

1041 1264 1100 1291 quae
1115 1265 1147 1284 ex
1170 1257 1236 1284 Cain
1257 1258 1384 1293 usquead
1411 1259 1539 1292 Lamech,
1567 1268 1601 1288 ne
1621 1262 1748 1288 memoria
1775 1263 1835 1297 qui-

1041 1303 1102 1331 dem
1118 1303 1262 1339 dignatur:
1277 1305 1323 1332 sed
1344 1305 1419 1340 quasi
1443 1306 1602 1341 principium
1629 1307 1763 1342 quoddam
1786 1308 1837 1335 du-

1040 1357 1106 1377 cens
1132 1353 1159 1376 et
1183 1349 1282 1378 luctum
1309 1351 1373 1378 Atla:
1397 1356 1424 1378 et
1452 1351 1514 1379 Eva;
1538 1352 1689 1380 demulcere
1723 1353 1836 1386 volens.

1040 1394 1070 1422 in
1096 1402 1175 1429 quem
1200 1395 1260 1422 illos
1288 1395 1416 1430 injeccrat
1441 1396 1593 1430 fratricida,
1617 1402 1719 1424 armata
1741 1403 1835 1425 contra

1042 1440 1109 1468 Abel
1130 1441 1261 1468 dextera:
1281 1441 1320 1468 sic
1341 1442 1519 1469 narrationem
1544 1443 1655 1476 orditur,
1680 1449 1706 1471 et
1729 1444 1835 1478 inquit:

1042 1485 1097 1513 Iste
1109 1490 1144 1513 est
1157 1486 1219 1513 Itber
1231 1487 1400 1521 generationis
1411 1487 1541 1514 hominum
1554 1508 1561 1520 ,
1576 1488 1615 1515 die
1629 1497 1677 1523 quo
1693 1489 1752 1523 fecit
1768 1488 1837 1515 Deus

1043 1531 1136 1566 Adam,
1149 1532 1287 1559 secundum
1297 1532 1434 1567 imaginem
1445 1531 1493 1559 Dei
1506 1534 1566 1569 fecit
1581 1533 1652 1560 illum
1665 1541 1673 1565 ;
1694 1534 1836 1561 mttsculum

1043 1582 1065 1604 et
1078 1577 1199 1612 feminam
1210 1577 1269 1611 fecit
1283 1577 1386 1604 illane!
1400 1578 1537 1604 nominavit
1547 1586 1637 1604 nomen
1648 1587 1731 1605 eorum
1745 1579 1836 1613 .ldnm,

1043 1622 1086 1648 die
1098 1630 1149 1657 qua
1163 1623 1220 1658 fecit
1234 1622 1302 1649 illos.

1077 1668 1104 1696 2.
1126 1669 1271 1696 Considera
1287 1669 1420 1704 quomodo
1441 1669 1534 1697 iisdem
1557 1670 1646 1698 verbis
1661 1679 1724 1698 uuis
1749 1671 1835 1703 fuerit,

1045 1715 1145 1750 quibus
1169 1721 1196 1742 et
1212 1715 1296 1749 initio,
1313 1719 1341 1743 ut
1362 1716 1473 1744 doceret
1485 1723 1534 1744 nos
1545 1737 1552 1750 ,
1568 1723 1597 1743 sc
1611 1717 1798 1752 generationes
1813 1717 1839 1744 il-

1044 1761 1084 1788 las
1107 1766 1135 1788 ut
1158 1767 1247 1796 posuea
1272 1760 1438 1796 reprobatas,
1460 1769 1545 1796 neque
1559 1762 1685 1789 memoria
1709 1767 1768 1797 post
1790 1763 1840 1789 hoc

1044 1807 1137 1842 dignas
1154 1807 1253 1834 habere
1278 1815 1286 1834 :
1313 1807 1359 1835 scd
1385 1815 1418 1834 ex
1442 1807 1518 1838 Seth,
1536 1808 1579 1843 qui
1596 1816 1665 1835 nunc
1686 1809 1736 1835 illis
1763 1813 1841 1836 natus

1045 1857 1095 1884 est,
1111 1853 1292 1888 genealogiam
1306 1853 1399 1884 ordiri,
1417 1857 1481 1880 utet
1494 1861 1526 1881 ex
1536 1854 1587 1880 hoc
1601 1854 1697 1885 discas.
1713 1860 1839 1889 quantam

1048 1899 1118 1926 Deus
1133 1899 1242 1926 humani
1263 1899 1371 1934 generis
1385 1900 1514 1926 rationem
1533 1899 1631 1927 habent
1641 1921 1647 1932 ,
1664 1905 1689 1927 et
1704 1901 1841 1936 qttomodo

1047 1944 1107 1971 illos
1118 1949 1275 1977 aversetur,
1291 1944 1386 1979 quibus
1405 1945 1574 1979 sanguinaria
1599 1953 1675 1972 mens
1696 1950 1746 1972 est.
1775 1945 1840 1973 Nam

1048 1991 1152 2018 illorum
1167 1990 1334 2024 memoriam,
1356 1991 1432 2026 quasi
1445 1999 1587 2026 numquam
1601 1991 1737 2025 vixissent,
1753 1992 1787 2019 ita
1805 1994 1842 2020 si-

1049 2037 1131 2064 lentio
1145 2037 1262 2072 prazlerit
1284 2045 1292 2064 :
1311 2037 1486 2064 monstrando
1505 2037 1582 2065 nobis
1596 2046 1674 2072 quam
1689 2046 1769 2073 grave
1785 2047 1841 2066 tua-

1049 2082 1103 2109 lum
1115 2082 1149 2109 sit
1160 2086 1308 2116 peccatum,
1323 2081 1394 2117 quod
1407 2083 1452 2117 qui
1463 2083 1669 2118 amplectuntur,
1683 2091 1712 2110 se
1727 2084 1840 2118 primum

1049 2134 1076 2155 et
1094 2129 1208 2156 maxime
1230 2129 1411 2163 pessumdant.
1437 2129 1505 2157 Ecce
1526 2129 1598 2157 enim
1620 2129 1657 2156 illi
1683 2137 1698 2157 c
1720 2130 1842 2164 catalogo

1048 2179 1246 2208 expunguntur,
1259 2178 1286 2201 et
1299 2179 1409 2202 eatenus
1431 2179 1532 2202 tantum
1556 2181 1800 2202 comnmmol‘anlur
1813 2181 1842 2202 ut

1051 2219 1193 2247 infatuetur
1213 2220 1330 2255 ipsorum
1353 2220 1463 2253 ntalitia,
1479 2225 1504 2247 et
1521 2221 1712 2255 pasterioribns
1737 2222 1842 2248 smcnlis

1050 2265 1244 2292 emendationis
1262 2265 1316 2292 sint
1329 2266 1444 2294 occasio.
1463 2267 1496 2293 At
1508 2266 1552 2301 qui
1576 2266 1674 2300 injuste
1687 2267 1799 2298 occisus.
1817 2271 1844 2294 et

1050 2310 1166 2338 [ι’ῑιιρτιιιι
1180 2318 1259 2338 manu
1271 2311 1445 2346 interemptus
1459 2316 1510 2344 est,
1525 2319 1557 2338 CX
1578 2320 1610 2338 00
1625 2316 1744 2346 tempore
1758 2320 1844 2346 usque

1052 2357 1077 2384 in
1101 2357 1151 2384 hoc
1164 2362 1299 2390 nostrum,
1320 2358 1438 2385 onmiutn
1462 2358 1619 2385 dccautatur
1633 2366 1680 2385 ore
1692 2379 1699 2391 ,
1715 2363 1743 2385 et
1758 2366 1845 2392 neque

1052 2407 1157 2438 tempus
1171 2402 1249 2438 hujus
1260 2404 1414 2431 memoriam
1422 2403 1558 2436 exstinxit,
1571 2411 1656 2438 neque
1665 2404 1734 2431 illius
1743 2405 1844 2432 crimen

1052 2449 1183 2476 intminuit
1199 2457 1205 2476 :
1220 2449 1267 2476 sed
1282 2453 1309 2476 ct
1324 2449 1366 2476 hic
1379 2449 1498 2484 quotidie
1512 2449 1631 2476 omnium
1652 2457 1699 2478 ore
1711 2449 1842 2485 ιιι-λυδίω-

1052 2500 1103 2526 tur.
1121 2501 1147 2523 et
1161 2495 1204 2523 ille
1219 2495 1344 2522 continue
1360 2496 1513 2522 infamatur.

1091 2541 1175 2568 Virtus
1189 2549 1220 2568 ea:
1239 2541 1358 2568 terumm's
1373 2542 1402 2575 ﬁt
1426 2541 1558 2568 illustrior.
1580 2541 1646 2574 Quid
1664 2541 1695 2568 sit
1708 2541 1846 2570 secundum

1049 2588 1184 2624 imaginem
1208 2587 1257 2614 Dei
1280 2588 1371 2614 creari.
1397 2602 1433 2607 —
1457 2587 1566 2615 Vidistis
1588 2593 1714 2623 qumtum
1738 2588 1846 2615 malitia!

1050 2635 1188 2668 damnum,
1209 2640 1236 2661 ct.
1257 2638 1385 2669 quantum
1410 2634 1515 2661 virtutis
1531 2634 1634 2661 robur?
1658 2639 1684 2661 et
1711 2634 1845 2669 quomodo

1051 2682 1160 2714 malitia,
1176 2682 1256 2708 etiam
1280 2681 1302 2708 si
1324 2680 1431 2708 infestet
1444 2685 1470 2707 et
1491 2680 1654 2713 dominetur,
1669 2680 1846 2714 exstinguitur

1052 2731 1142 2753 t:unen
1163 2731 1189 2753 et
1205 2725 1327 2753 aboletur
1341 2734 1348 2752 :
1362 2725 1447 2752 virtus
1462 2730 1551 2751 antetn
1565 2725 1628 2751 licet
1653 2724 1803 2756 infestetur,
1819 2729 1844 2750 ct

1053 2771 1191 2799 innumera
1207 2771 1296 2806 gravia
1311 2770 1452 2804 sustineat,
1467 2777 1497 2797 ea
1514 2771 1655 2798 occasione
1670 2770 1798 2797 illustrior
1815 2769 1844 2796 tit

1087 2864 1124 2896 (α)
1141 2863 1199 2889 \‘ide
1211 2862 1278 2888 Praef.
1291 2863 1356 2887 't‘omi
1367 2862 1447 2894 hujus.
1461 2861 1473 2893 ς
1485 2864 1520 2886 IV.
