2060 3122
182 117 231 144 177

179 177 208 199 et
216 171 335 199 clarior?
350 170 382 197 Et
390 169 481 196 liceret
495 167 600 203 quidem
614 165 664 194 boe
681 165 760 192 etiam
769 172 802 192 ex
815 163 873 190 aliis
885 160 967 196 gestis

181 225 240 252 qua:
259 215 383 244 similiter
397 217 540 242 evenerunt
560 210 663 239 caritati
683 213 784 237 vestrre
802 207 942 236 ostendere
960 214 966 234 ξ

181 262 229 290 sed
237 270 271 289 ne
283 261 316 289 ab
330 261 450 288 instituto
456 257 742 292 nostrodigrediamur,
753 263 800 291 age
811 253 899 281 denuo
909 259 967 286 quat.

181 309 251 335 dicta
264 310 327 335 sunt
339 310 498 341 repetamus.
523 303 576 331 Iste
589 308 626 330 est
637 303 699 330 liber
711 299 875 337 generationis
889 297 968 324 homi-

182 362 252 386 num,
271 353 313 379 die
329 360 378 387 quo
391 351 449 387 fecit
469 350 537 377 Deus
556 349 639 376 Adam
652 368 661 382 ,
676 346 812 375 secundant
835 344 968 379 imaginem

186 400 230 427 Dri
251 400 308 436 facit
321 399 414 431 illum;
436 396 575 423 masculum
595 399 618 422 et
640 395 759 430 feminam
783 392 841 427 fecit
854 391 912 417 illos
924 397 933 422 ;
946 395 970 416 et

183 446 317 482 appellarit
327 452 417 472 nomen
429 451 514 470 eorum
527 442 618 474 Adam,
631 441 672 468 die
684 448 733 475 quo
748 439 805 475 fecit
819 438 887 465 illos.
903 436 969 463 Vide

182 490 314 527 quomodo
327 490 423 517 iterum
436 488 590 516 narratione
605 487 640 514 ab
654 485 729 513 initio
742 483 866 518 repetita,
883 481 970 509 divina

182 537 316 572 Scriptura
340 535 417 562 nobis
439 536 632 562 commemorat
655 537 782 566 quantum
802 530 929 556 honorem
956 534 970 553 a
991 541 995 546 ι

183 582 327 610 Conditore
343 580 453 608 sortitus
466 579 501 606 sit
525 578 617 606 homo.
638 577 686 604 Die
709 584 768 611 quo,
795 574 899 609 inquit,
915 572 972 608 fecit

183 629 280 661 Adam,
293 626 429 655 secundum
451 625 586 659 imaginem
602 623 649 650 Dei
673 623 730 659 fecit
753 622 824 649 illum
839 619 911 647 :hoc
932 621 973 645 est

184 675 330 710 principem
354 673 427 700 illum
451 670 588 698 constituit
601 669 719 697 omnium
742 666 896 695 visibilium.
918 663 974 691 lloe

184 719 254 747 enim
277 723 318 746 est
335 716 481 745 Secundum
508 716 654 750 imaginem,
675 712 820 741 secundum
844 710 972 737 rationem

185 764 294 792 dominii
307 767 335 791 et
343 762 518 798 principatus.
531 761 596 788 Nam
612 760 680 787 sicut
695 758 812 785 muniutn
824 757 893 784 Deus
903 754 973 790 prin-

185 811 299 846 cipatum
314 809 394 836 habet
407 815 488 843 super
499 807 588 835 omnia
599 811 652 833 tam
665 804 778 832 visibilia
789 809 868 838 quam
881 799 972 828 invisi-

186 857 260 890 bilia,
276 855 321 890 qui
334 854 454 882 omnium
476 852 597 880 conditor
611 855 637 878 et
651 850 736 885 opifex
754 853 794 876 est
807 856 815 875 :
829 848 868 875 sic
878 850 974 874 etcum

188 901 312 929 formavit
323 899 451 927 rationale
465 898 516 926 hoc
530 896 639 930 animal,
655 894 740 922 voluit
751 893 870 921 omnium
886 891 976 918 visibi-

189 948 252 975 lium
264 946 422 983 prmfectura
434 944 536 979 insigne
547 950 616 970 esxe.
629 940 743 969 Proinde
756 944 784 968 et
801 938 897 965 anima:
912 936 975 963 sub-

188 994 310 1021 stantiam
325 992 363 1019 illi
385 991 494 1026 largitus
509 994 560 1022 est,
581 988 671 1016 volens
692 987 777 1022 ipsum
800 983 975 1012 immortalem

194 1047 254 1067 esse
274 1043 301 1066 et
316 1042 472 1073 pcrl‘ctuum
486 1044 494 1064 :
508 1043 600 1062 verum
615 1034 658 1061 ubi
673 1041 720 1068 per
732 1031 858 1059 desidiam
869 1029 975 1062 excidit,

188 1089 214 1111 et
228 1090 406 1119 transgressus
420 1085 461 1110 est
474 1080 624 1108 mandatum
633 1079 683 1107 sibi
694 1077 829 1109 traditum,
841 1074 972 1110 nequesie

189 1129 298 1156 omnino
312 1130 396 1163 ipsmn
409 1130 545 1154 aversatus
558 1130 599 1153 est
613 1134 619 1151 :
636 1124 682 1152 sed
697 1131 744 1158 pro
758 1130 805 1150 sua
822 1121 974 1149 misericor-

190 1175 232 1201 dia
247 1174 473 1202 immortalitatem
487 1171 594 1207 quidem
608 1170 645 1197 illi
667 1168 777 1200 ademit,
789 1171 875 1194 morte
889 1171 977 1192 autem

189 1221 341 1248 damnatum
354 1220 380 1246 in
389 1219 485 1246 eodem
499 1218 583 1245 ferme
595 1216 742 1252 principatu
754 1213 868 1248 reliquit.
879 1211 979 1239 Deinde

193 1273 262 1293 cum.
273 1266 296 1292 is
307 1265 352 1300 qui
366 1272 398 1292 ex
415 1264 461 1291 illo
474 1267 551 1291 natus
567 1266 624 1290 erat
641 1262 667 1288 in
684 1264 782 1288 tantam
797 1257 916 1294 prorupit
940 1257 979 1283 itt-

191 1311 304 1343 saniam,
319 1314 349 1338 ut
360 1310 460 1345 primus
474 1308 568 1336 mortis
582 1307 698 1343 speciem
711 1305 859 1337 inveberet,
875 1303 979 1330 violen-

195 1363 248 1385 tam
262 1357 335 1384 illam
352 1355 452 1384 cmdem
465 1354 614 1387 exhiberet,
634 1360 666 1380 ac
678 1351 744 1380 cmdi
757 1350 923 1378 mendacium
935 1355 981 1375 co-

194 1404 297 1438 pulatis,
307 1409 428 1438 magnam
439 1400 636 1436 improbitatem
647 1406 701 1434 prae
713 1405 743 1425 se
754 1396 844 1428 ferret.
857 1395 980 1422 diuturna

193 1449 363 1484 castigatione
376 1446 518 1474 ctnendare
531 1445 606 1473 illum
620 1443 712 1475 voluit,
726 1447 756 1469 ut
769 1449 821 1468 non
835 1440 922 1468 solum
934 1438 981 1465 ille

194 1496 293 1522 lucrum
307 1494 404 1521 hiemet
416 1500 448 1520 ex
457 1492 489 1519 iis
501 1499 559 1527 quae
572 1490 621 1525 ipsi
628 1487 824 1523 contingebant,
837 1485 884 1513 sed
892 1489 919 1512 et
933 1491 980 1519 po-

194 1545 279 1568 steros
291 1539 365 1567 docet
372 1543 398 1566 et
409 1537 610 1565 commissorum
621 1533 839 1569 magnitudinetn,
851 1535 877 1558 et
891 1530 983 1564 ingen-

195 1591 247 1614 tem
270 1585 379 1613 sceleris
401 1583 555 1612 fmditatem.
575 1582 707 1609 Cancrum
731 1579 792 1614 quia
814 1585 869 1613 prae
889 1582 983 1611 magna

196 1630 298 1666 ignavia
309 1630 407 1665 posteri
417 1635 521 1664 quoque
531 1627 602 1655 illius
611 1625 735 1662 paulatim
747 1625 772 1651 in
783 1623 905 1659 graviora
916 1620 982 1648 mala

196 1677 317 1709 ruebant,
326 1676 427 1708 volens,
439 1679 466 1702 ut
477 1675 512 1701 ita
520 1673 617 1706 dicam,
628 1671 709 1700 solari
721 1670 863 1700 Adamum,
874 1667 920 1704 qui
931 1674 983 1694 non

196 1723 281 1751 solum
294 1722 330 1750 ob
339 1729 412 1749 suam
424 1719 660 1755 transgressionem
670 1717 736 1744 adeo
748 1715 886 1746 maerebat,
899 1712 946 1741 sed
957 1716 986 1740 et

197 1769 230 1796 ob
241 1768 367 1803 flagitium
377 1766 451 1794 Caini
460 1767 486 1793 in
496 1766 566 1793 luctu
576 1763 733 1791 intolerabili
742 1761 906 1792 versabatur,
915 1758 984 1794 quod

198 1815 251 1842 suis
267 1814 324 1849 ipse
346 1813 430 1840 oculis
446 1819 545 1839 emsum
567 1810 632 1838 Abel
646 1809 757 1837 vidisset
778 1813 888 1841 :neque
912 1805 984 1833 enim

200 1861 293 1889 mortis
307 1860 422 1895 speciem
436 1858 566 1890 sciebant,
578 1856 681 1884 tametsi
694 1855 745 1883 lata
756 1857 827 1882 esset
837 1851 984 1880 sententia:

201 1907 269 1934 unde
280 1910 308 1934 et
317 1905 413 1940 duplex
429 1904 466 1931 illi
478 1911 510 1931 ac
526 1902 620 1937 triplex
634 1902 720 1929 luctus
739 1899 841 1927 aderat.
856 1898 916 1932 quia
933 1896 987 1931 prio

202 1960 274 1980 mum
285 1951 407 1978 viderunt
420 1953 531 1976 mortem
546 1949 572 1975 in
585 1948 664 1974 vitam
686 1945 875 1976 introductam,
891 1947 920 1970 et
932 1941 988 1968 vio-

203 1999 300 2026 lentam
313 2000 435 2028 mortem,
451 1999 479 2022 et
490 2002 504 2021 a
518 1993 572 2021 filio
583 1996 772 2028 perpetratam,
797 1993 825 2017 et
839 1989 864 2015 in
879 1987 986 2014 fratrem

203 2044 296 2071 eodem
319 2045 394 2078 patre
416 2040 562 2075 eadetnque
585 2043 669 2066 matre
689 2040 790 2067 natum,
805 2034 850 2069 qui
873 2033 936 2060 nihil
952 2032 989 2058 illi

205 2089 306 2124 injuria:
322 2086 453 2114 intulisset
469 2095 475 2112 :
489 2085 582 2112 volens
592 2091 655 2118 ergo
670 2081 799 2117 benignus
813 2080 883 2108 Deus
899 2085 990 2114 parem

202 2133 340 2162 doloribus
352 2131 445 2159 afferre
457 2130 676 2160 consolationem,
689 2129 770 2155 alium
786 2127 823 2154 illi
838 2126 882 2153 dat
896 2125 989 2157 lilium,

207 2181 268 2209 Eeth
282 2179 420 2209 videlicet;
435 2183 515 2212 atque
529 2177 591 2203 hinc
603 2175 652 2210 ipsi
663 2175 723 2202 data
735 2172 878 2201 sufficienti
891 2178 991 2198 conso-

207 2226 314 2258 latione,
325 2224 411 2253 abillo
421 2229 511 2260 postea
519 2221 654 2258 progenici
663 2220 765 2247 initium
776 2218 856 2245 ducit.
869 2217 993 2251 Propter-

208 2280 238 2300 ea
257 2272 349 2300 beatus
362 2271 488 2306 propheta
507 2269 546 2297 sic
559 2274 670 2296 exorsus
687 2269 738 2297 est,
760 2265 871 2292 dicens:
891 2262 993 2289 Iste‘est

210 2317 271 2345 liber
284 2316 451 2353 generationis
475 2314 614 2342 hominum.
642 2310 751 2342 Deinde,
766 2314 794 2336 ut
819 2307 938 2344 promisit
964 2314 994 2334 se

211 2368 377 2390 narraturum
392 2362 527 2389 hominum
540 2359 751 2395 generationem,
776 2355 836 2383 vide
859 2362 909 2389 qua
924 2353 994 2381 serie
1012 2380 1018 2383 _

211 2411 301 2437 utitur.
314 2409 339 2436 3.
362 2408 428 2435 Vixit
442 2407 522 2434 Adam
536 2406 608 2432 annis
622 2403 735 2431 ducentis
745 2402 856 2436 triginta,
872 2404 893 2427 ct
907 2399 993 2435 genuit

211 2455 347 2483 secundant
359 2454 464 2488 specitur!
479 2460 560 2483 suam,
575 2455 598 2478 et
611 2449 747 2477 secundum
760 2447 893 2482 imaginem
907 2452 995 2476 suam;

209 2506 231 2527 ct
247 2500 381 2535 appellavit
392 2506 480 2525 nomen
488 2497 556 2523 illius
569 2495 640 2523 Scth.
655 2495 680 2521 ι.
698 2493 811 2519 Fuerunt
826 2496 906 2518 autent
917 2490 996 2524 ipsius

212 2546 271 2573 armi
285 2544 442 2580 septingenti,
454 2547 477 2570 et
490 2543 572 2578 genuit
586 2541 652 2575 [ilius
663 2545 686 2567 et
696 2539 771 2574 ﬁlias.
785 2538 811 2565 5.
826 2537 856 2564 Et
871 2536 931 2570 facti
940 2539 998 2562 sunt

213 2599 296 2617 omnes
309 2590 361 2616 die;
375 2589 466 2621 Adam,
477 2587 537 2613 anni
551 2586 666 2621 nongenti
674 2585 786 2620 triginta.
797 2589 819 2610 et
828 2588 938 2609 mortuus
949 2586 995 2608 est.

248 2636 274 2662 5.
291 2634 364 2662 Nihil
375 2634 469 2669 [rustra
481 2631 586 2667 positum
597 2631 622 2658 in
633 2631 765 2665 Scriptura
777 2636 858 2655 sacra.
866 2626 999 2654 —Nonne

214 2680 281 2708 bene
289 2679 408 2707 dicebam
418 2677 443 2704 in
452 2677 560 2705 exunlio
570 2675 709 2707 sermonis,
722 2673 785 2701 nihil
795 2680 855 2700 esse
864 2676 963 2699 temere
974 2675 1000 2697 et

217 2726 313 2760 absque
324 2723 437 2751 utilitate
447 2722 472 2748 in
483 2729 557 2748 sacra
567 2721 701 2754 Scriptura
710 2718 823 2753 positum
831 2717 843 2744 ἲ
852 2717 918 2743 Ecce
928 2714 998 2742 enim

214 2775 238 2798 et
249 2772 425 2803 nuncqnanta
436 2766 568 2801 diligentia
582 2773 644 2792 usus
654 2770 691 2792 cst
704 2765 795 2791 beatus
806 2763 849 2790 ille
861 2760 998 2796 propheta.

215 2815 319 2851 Genui],
330 2813 426 2849 inquit,
439 2811 518 2839 Adam
527 2811 660 2838 secundum
671 2810 777 2845 sprcicm
786 2815 864 2840 suam,
879 2811 901 2833 ct
913 2813 987 2833 secuit

709 109 740 137 IN
759 108 835 137 CAP.
858 107 889 134 ν.
910 106 1033 135 CENES.
1055 106 1166 134 llOMll..
1184 105 1253 134 XXI.

1753 92 1803 119 th
1831 127 1840 129 ﬁ

1022 160 1082 185 dum
1089 159 1222 194 imaginem
1228 167 1309 192 mm.
1317 157 1481 194 etappellavit
1489 155 1576 183 nomen
1585 154 1654 182 illius
1663 153 1733 181 ὃεέίι.
1741 152 1805 180 tium

1020 205 1053 232 de
1065 204 1153 239 priore
1166 204 1317 238 loqueretur
1329 201 1383 228 lilio
1394 222 1400 234 ,
1413 196 1478 228 Cain
1491 200 1550 227 dico
1560 220 1568 233 ,
1581 198 1645 226 nihil
1661 198 1712 226 talc
1727 198 1807 233 signi-

1019 252 1106 279 ficavit
1128 251 1253 277 nimirum
1270 250 1325 284 jam
1345 252 1422 275 antea
1444 247 1563 274 iudicans
1577 245 1648 273 illius
1662 245 1687 272 in
1708 244 1805 271 malum

1021 297 1230 333 proclivitatem;
1244 300 1271 324 et
1283 295 1377 323 merito
1391 303 1396 320 :
1412 300 1465 321 non
1476 293 1546 321 enim
1560 291 1675 319 servavit
1686 295 1808 325 paternos

1021 352 1117 377 mores,
1132 343 1178 371 sed
1193 343 1311 378 protinus
1325 340 1359 368 ad
1374 339 1499 367 malitiam
1515 337 1641 372 confugit.
1658 337 1706 364 llic
1720 340 1807 364 autem

1021 389 1124 423 inquit,
1149 387 1295 416 Secundum
1324 385 1431 420 speciem
1455 389 1479 411 et
1506 383 1643 410 secundum
1676 382 1810 416 imaginem

1022 441 1111 466 suam,
1128 433 1178 460 boo
1196 436 1235 460 est
1247 452 1256 465 ,
1275 430 1430 458 earumdem
1452 435 1555 456 morum
1567 448 1574 459 ,
1589 426 1683 461 quibus
1703 425 1745 452 ille
1765 425 1810 459 qui

1022 482 1158 515 genuerat,
1172 483 1199 505 et
1211 478 1254 512 qui
1267 485 1322 504 seri
1329 480 1386 503 aret
1396 474 1503 502 eosdem
1515 472 1619 500 virtutis
1633 471 1810 502 characteres.

1023 525 1065 560 qui
1082 528 1217 559 paternam
1235 521 1375 557 imaginem
1391 519 1515 555 operibus
1528 518 1707 552 exprimeret,
1724 520 1749 542 et
1764 516 1808 550 qui

1023 577 1069 597 sua
1086 569 1183 596 virtute
1197 567 1293 602 prioris
1313 570 1449 601 peceatum
1469 571 1592 598 reparare
1614 561 1706 596 possit.
1721 559 1812 594 Neque

1024 615 1094 641 cnim
1118 613 1152 641 de
1174 612 1357 647 corporalibus
1380 609 1547 637 lineamentis
1568 612 1594 635 et
1616 604 1812 633 cltaracteribus

1024 660 1160 694 Scriptura
1174 658 1250 686 nobis
1269 658 1405 685 disserens
1416 675 1425 688 ,
1446 654 1527 682 dicit:
1545 652 1690 680 Secundum
1705 650 1812 686 speciem

1024 713 1113 738 suam,
1134 709 1157 731 et
1178 703 1316 731 secundum
1342 702 1475 737 imaginem
1499 706 1592 726 suam:
1616 697 1662 725 sed
1685 696 1718 723 de
1742 699 1811 722 statu

1025 752 1130 784 animae,
1147 754 1175 777 ut
1196 750 1329 777 discamus
1350 749 1420 775 hunc
1440 754 1492 774 non
1511 744 1590 772 talem
1604 751 1663 770 esse
1683 741 1811 769 futurum.

1025 796 1087 824 Ideo
1100 800 1128 824 et
1142 800 1226 822 mater
1241 802 1337 821 nomen
1353 793 1406 820 lilio
1422 792 1561 826 imponens
1574 809 1581 822 ,
1597 795 1656 815 cum
1669 786 1812 821 gratiarum

1026 842 1129 869 actione
1143 842 1194 868 hoc
1208 847 1304 868 nomen
1317 838 1412 866 indidit
1427 846 1433 864 :
1456 840 1483 864 et
1497 842 1582 870 neque
1596 838 1714 866 naturae,
1730 839 1814 866 neque

1027 887 1113 924 partui
1127 886 1254 914 adscribit
1268 889 1357 912 natum
1374 890 1483 919 puerum
1495 902 1502 914 ,
1524 880 1570 908 sed
1586 879 1632 907 Dei
1654 879 1753 906 virtuti.
1769 878 1814 904 llla

1027 922 1098 962 enim
1113 937 1233 960 naturam
1254 930 1404 959 fecundavit
1425 928 1457 954 ad
1472 931 1585 962 partum,
1601 929 1626 952 ct
1641 925 1678 951 ait
1693 933 1699 951 :
1714 922 1814 958 Cogno-

1027 979 1128 1006 nu'navit
1143 986 1232 1005 nomen
1247 977 1316 1004 illius
1329 975 1390 1002 Set/1
1402 994 1409 1007 ,
1425 974 1508 1000 dicens
1519 979 1529 998 :
1543 970 1666 998 Excitavit
1679 969 1744 995 enim
1754 968 1814 994 mihi

1028 1024 1097 1052 Deus
1117 1031 1199 1050 semen
1221 1021 1290 1049 aliud
1311 1029 1356 1056 pro
1371 1019 1445 1051 Abel,
1466 1025 1537 1052 quem
1557 1015 1646 1043 occidit
1664 1014 1724 1041 Cain
1739 1012 1813 1049 (Gen.

1029 1072 1055 1099 4.
1069 1071 1125 1105 ἳὸ).
1141 1070 1206 1096 Vide
1221 1067 1292 1096 verbi
1305 1065 1478 1101 diligentiam.
1491 1062 1549 1090 Non
1562 1060 1647 1088 dixit:
1663 1059 1738 1087 Dedit
1751 1057 1815 1085 mihi

1030 1103 1115 1143 Deus:
1133 1115 1190 1147 sed,
1209 1113 1331 1140 Excitavit
1345 1111 1415 1137 mihi.
1432 1107 1545 1136 Attende
1560 1105 1692 1140 quomodo
1704 1103 1816 1130 obscure

1031 1161 1106 1188 nobis
1123 1160 1170 1187 hoc
1189 1158 1270 1185 verbo
1290 1154 1492 1184 resurrectionis
1505 1151 1612 1179 exerdia
1635 1150 1677 1177 hic
1692 1148 1815 1176 ostendit.

1031 1207 1067 1233 lta
1080 1205 1151 1232 enim
1172 1203 1327 1238 loquebatur
1341 1208 1372 1228 ac
1395 1200 1416 1226 si
1431 1199 1490 1233 quis
1512 1197 1631 1224 diceret:
1652 1194 1704 1221 Pro
1726 1201 1758 1220 eo
1773 1192 1816 1227 qui

1031 1252 1136 1284 cecidit,
1149 1249 1273 1277 excitavit
1286 1248 1350 1275 mihi
1363 1247 1442 1273 hunc.
1457 1244 1621 1278 Quamquam
1635 1241 1679 1268 ille
1690 1261 1697 1274 ,
1714 1239 1817 1274 inquit,

1031 1298 1057 1325 in
1073 1301 1170 1324 terram
1191 1295 1283 1322 dextra
1300 1292 1387 1320 fratris
1399 1295 1539 1325 percussus
1557 1286 1669 1317 cecidit,
1686 1289 1712 1312 et
1727 1283 1820 1311 mortis

1033 1343 1176 1378 periculum
1189 1341 1260 1372 fecit,
1277 1343 1363 1366 tamen
1380 1336 1425 1364 Dei
1437 1335 1522 1363 virtus
1533 1340 1580 1369 pro
1590 1339 1660 1360 caeso
1674 1331 1742 1358 hunc
1756 1329 1820 1357 mihi

1032 1376 1178 1416 snSt-itavit.
1192 1385 1244 1413 Sed
1256 1385 1316 1420 quia
1332 1382 1448 1411 nondum
1464 1385 1568 1414 tempus
1578 1382 1636 1406 erat
1649 1376 1819 1404 resurrectio-

1033 1435 1085 1467 nis,
1111 1441 1163 1461 non
1186 1436 1319 1460 mortuum
1342 1427 1487 1459 suscitavit,
1512 1425 1558 1453 sed
1579 1425 1658 1452 alium
1682 1430 1730 1457 pro
1754 1421 1817 1448 illo:

1034 1479 1205 1516 quamobrem
1219 1483 1245 1506 et
1259 1477 1314 1512 ipsa
1329 1476 1396 1503 dixit
1408 1483 1414 1502 :
1431 1472 1567 1501 Suscitauit
1581 1470 1641 1498 mihi
1656 1469 1724 1496 Deus
1738 1475 1821 1495 semen

1034 1525 1104 1552 aliud
1117 1532 1162 1560 pro
1176 1523 1253 1555 Abel,
1266 1530 1338 1558 quem
1351 1519 1441 1547 occidit
1454 1518 1527 1546 Cain.
1543 1516 1637 1544 Vidisti
1649 1518 1753 1550 gratum
1765 1520 1821 1539 mu-

1037 1558 1266 1599 lierisianimum?
1289 1567 1376 1594 vidisti
1399 1563 1587 1599 benignitatem
1612 1558 1733 1588 Domini?
1757 1565 1822 1592 quo-

1037 1616 1115 1644 tnodo
1143 1615 1316 1642 acccleratam
1340 1611 1391 1638 illis
1416 1607 1624 1637 consolationem
1649 1603 1820 1639 excogitavit.

1036 1663 1110 1691 Hanc
1125 1661 1258 1689 imitemur
1271 1665 1364 1687 omnes
1377 1677 1384 1689 ,
1398 1661 1426 1683 et
1440 1659 1523 1682 totum
1537 1659 1658 1687 supernae
1671 1650 1762 1686 gratia:
1775 1650 1821 1675 tri-

1037 1709 1157 1736 buamus.
1178 1706 1243 1733 Nam
1260 1704 1323 1732 licet
1341 1706 1434 1729 natura
1455 1703 1590 1734 operetur,
1605 1703 1658 1723 non
1673 1699 1761 1722 tamen
1777 1700 1822 1721 sua

1039 1754 1147 1783 virtute,
1162 1750 1208 1778 sed
1223 1751 1354 1784 praecepto
1366 1746 1447 1777 illius,
1461 1744 1504 1778 qui
1520 1743 1601 1778 ipsam
1614 1740 1684 1772 fecit,
1698 1738 1823 1766 obcdicus

1038 1801 1173 1834 operatur.
1240 1799 1381 1828 numquam
1397 1790 1502 1817 doleant
1517 1787 1640 1815 mulieres
1654 1782 1758 1819 quando
1772 1790 1824 1808 non

1039 1829 1153 1879 pariunt,
1168 1839 1214 1870 sed
1228 1845 1332 1876 gratum
1347 1837 1462 1864 animum
1480 1841 1534 1870 pra:
1547 1840 1576 1860 se
1590 1832 1713 1863 ferentes,
1729 1829 1761 1856 ad
1777 1837 1825 1855 na-

1040 1874 1105 1917 iura:
1119 1874 1248 1922 opificem
1264 1883 1432 1919 confugiant;
1445 1885 1472 1908 et
1485 1879 1518 1907 ab
1532 1879 1576 1906 illo
1590 1880 1698 1912 petant,
1718 1874 1762 1910 qui
1778 1881 1825 1900 na-

1039 1940 1106 1964 tura:
1120 1933 1248 1961 Dominus
1259 1935 1319 1964 est;
1341 1933 1367 1957 ct
1389 1934 1474 1962 neque
1492 1924 1633 1959 coniugum
1652 1919 1825 1955 congressui,

1041 1988 1128 2017 neque
1140 1979 1215 2007 alteri
1228 1977 1342 2012 cuipiam
1358 1974 1394 2002 rei
1410 1973 1521 2000 filiorum
1536 1970 1665 2003 imputeut
1679 1964 1828 2001 generatio-

1042 2013 1102 2055 nem
1113 2048 1121 2059 ,
1136 2026 1182 2054 sed
1202 2021 1338 2052 Conditori
1352 2018 1469 2048 omnium
1481 2036 1489 2049 ,
1503 2016 1546 2051 qui
1562 2023 1592 2042 ex
1609 2013 1691 2041 nihilo
1708 2015 1827 2038 naturam

1043 2056 1160 2100 nostram
1173 2067 1297 2105 produxit
1309 2072 1337 2093 ut
1349 2069 1418 2092 esset
1431 2083 1438 2097 ,
1452 2067 1478 2089 et
1489 2060 1682 2088 claudicantem
1695 2056 1827 2090 corrigere

1044 2121 1130 2154 potest
1143 2125 1149 2143 :
1163 2101 1373 2150 quandoquidem
1384 2114 1410 2137 et
1421 2109 1468 2136 ista
1481 2115 1512 2134 ex
1524 2104 1663 2133 occasione
1676 2103 1762 2129 luctus
1776 2101 1830 2127 Deo

1043 2145 1152 2200 gloriam
1173 2145 1305 2188 referendi
1324 2155 1437 2189 sumpsit
1457 2154 1650 2187 argumentum,
1670 2151 1698 2175 et
1719 2145 1831 2173 Domino

1486 2199 1490 2200 ν
1597 2195 1613 2200 -
1819 2190 1831 2200 λ

1045 2190 1128 2238 ἵοιυιη
1144 2205 1241 2238 tribuit,
1255 2204 1364 2231 dicens:
1380 2199 1501 2227 Excitavit
1516 2196 1577 2224 mihi
1592 2195 1660 2221 Deus
1668 2201 1751 2220 semen
1761 2190 1831 2218 aliud

1047 2263 1092 2291 pro
1108 2251 1185 2285 Abel,
1201 2257 1273 2285 quem
1288 2246 1378 2275 occidit
1390 2245 1463 2272 Cain.
1479 2242 1560 2270 Vides
1572 2238 1705 2275 quomodo
1719 2245 1770 2264 non
1785 2242 1830 2263 so-

1047 2282 1100 2327 lum
1115 2305 1166 2324 non
1178 2282 1313 2331 gravatim
1328 2291 1403 2322 tulit,
1420 2294 1505 2322 neque
1521 2286 1595 2313 triste
1608 2282 1706 2318 aliquid
1726 2282 1833 2314 loquuta

1048 2348 1090 2373 est
1103 2344 1165 2379 (non
1179 2325 1249 2369 e‘ititn
1263 2336 1475 2375 prmtermisisset
1489 2332 1576 2360 divina
1589 2330 1722 2362 Scriptura
1731 2347 1738 2359 ,
1753 2325 1834 2360 siqui-

1048 2375 1112 2418 dem
1124 2389 1174 2416 tale
1189 2386 1313 2422 quiddam
1329 2383 1361 2410 ab
1382 2382 1423 2408 illa
1439 2380 1537 2407 dictum
1553 2375 1670 2410 fuisset).
1686 2380 1774 2399 verum
1786 2379 1830 2405 ge-

1049 2443 1145 2464 nerose
1167 2416 1253 2460 ferens
1276 2429 1345 2465 quod
1371 2426 1518 2455 acciderat,
1543 2419 1725 2448 consolatione
1746 2416 1835 2443 statim

1049 2484 1171 2518 dignatur
1182 2501 1190 2512 ,
1204 2483 1231 2506 et
1252 2461 1351 2511 majora
1375 2472 1441 2508 grati
1463 2469 1542 2497 animi
1566 2467 1610 2493 dat
1624 2465 1696 2499 signa
1707 2482 1715 2496 ,
1732 2461 1835 2488 Domini

1658 2511 1664 2518 -
1785 2508 1821 2518 ne

1051 2508 1206 2557 beneficium
1221 2521 1387 2561 prmdicans?
1403 2519 1467 2545 Vide
1482 2518 1551 2543 enim
1564 2520 1642 2548 quam
1658 2510 1769 2544 benigne
1785 2508 1836 2534 Do-

1052 2576 1138 2603 minus
1158 2552 1342 2608 qumlsuarum
1365 2570 1425 2593 sunt
1453 2562 1563 2597 partium
1586 2559 1753 2590 exsequatur.
1779 2552 1836 2608 an

1053 2597 1131 2647 modo
1226 2597 1304 2642 alium
1317 2613 1361 2639 dat
1376 2610 1411 2637 illi
1426 2609 1518 2638 tilium,
1533 2604 1579 2631 scd
1594 2606 1620 2630 et
1635 2602 1729 2627 virtute
1744 2597 1837 2633 prrcdi-

1053 2671 1107 2692 tum
1120 2663 1177 2691 fore
1190 2665 1266 2688 antea
1278 2656 1415 2692 significat.
1431 2651 1521 2680 Genuit
1533 2649 1603 2677 enim
1615 2668 1621 2680 ,
1636 2645 1719 2680 inquit
1729 2665 1736 2676 ,
1749 2651 1839 2670 secuti-

1054 2711 1114 2737 dum
1125 2707 1231 2744 speciem
1243 2711 1324 2734 suam,
1339 2706 1361 2728 et
1374 2697 1510 2727 secundum
1523 2693 1657 2728 imaginem
1670 2697 1752 2716 utam.
1767 2687 1801 2714 Et
1812 2691 1840 2713 ttt

1055 2732 1285 2782 scitimrdiseamus
1298 2732 1350 2774 nati
1361 2745 1495 2774 virtutem,
1509 2740 1567 2767 vide
1580 2737 1639 2772 quia
1650 2739 1676 2762 et
1689 2735 1744 2768 ipse
1752 2732 1839 2759 statim

1057 2810 1104 2839 per
1115 2795 1316 2835 appellationem
1333 2791 1376 2818 lilii
1390 2789 1429 2816 sui
1444 2795 1497 2814 sua:
1512 2784 1607 2812 tuentis
1621 2781 1742 2817 pietatem
1753 2780 1838 2804 ostcn.
