2058 3123
193 89 244 118 179

192 145 246 173 dat.
262 143 296 171 Et
314 141 408 174 Sctho,
434 139 535 175 inquit,
557 143 631 166 natus
650 142 685 165 ut
700 137 788 172 ﬁtiue,
804 140 827 163 et
849 132 984 169 appellauit

193 198 282 218 nomen
297 188 365 215 illius
378 186 456 214 Enos.
472 185 522 212 llic
532 184 639 220 sperauit
653 183 769 210 invocare
780 189 871 208 nomen
882 179 984 206 Domini

196 235 240 262 Dei
262 232 338 269 (Gen.
362 232 389 259 4.
410 231 469 266 26).
492 230 586 258 Vidisti
609 228 812 263 appellationem
837 225 986 253 diademate

195 280 344 311 clariorem,
364 283 479 313 purpura
500 273 729 310 splendidiorem?
749 273 817 307 Quid
840 271 919 299 fuerit
941 270 987 297 illo

196 325 298 353 beatius
312 324 357 360 qui
380 322 546 351 invocatione
565 320 613 348 Dei
637 323 747 347 ornatur
757 338 765 351 ,
782 317 860 352 idque
875 323 922 351 pro
938 322 986 341 no-

196 372 268 400 mine
281 369 421 406 pOSSidet‘t

234 417 374 444 Nominum
387 414 514 451 impositio
528 421 612 441 recens
629 412 704 439 natis.
719 410 831 438 Nomina
844 413 988 436 sanctarum

198 463 257 498 ﬁliis
270 462 432 498 imponenda.
447 476 482 481 —
492 460 572 488 Vides
587 459 613 487 id
627 458 697 494 quod
710 457 744 485 ab
757 457 831 484 initio
844 455 964 483 dicebam
979 474 987 488 ,

198 514 225 537 et
238 510 263 536 in
279 508 367 544 parvis
387 505 608 542 appellationibus
620 511 729 540 magnas
744 502 933 531 sententiarum
947 501 989 528 di-

198 555 276 582 vitias
288 553 438 581 reconditas
451 552 529 580 esse?
541 551 597 579 Non
611 550 696 578 solum
711 550 781 577 enim
797 548 839 575 hic
852 551 989 582 parentum

200 604 361 628 monstratur
376 599 470 634 pietas,
481 597 528 625 sed
543 601 570 624 et
584 603 678 631 magna
692 602 753 629 erga
768 594 866 621 liberos
878 592 990 626 diligen-

201 647 253 679 tia;
281 650 309 673 et
330 644 464 680 quomodo
488 642 576 671 statim
598 645 626 669 et
645 648 660 668 a
682 639 813 675 principio
834 637 992 666 erudiebant

200 691 326 727 puerulos
338 690 382 725 qni
404 690 468 724 ipsis
480 688 674 718 nascebantur,
687 685 862 712 admonentes
877 691 925 718 per
943 690 991 717 ap-

202 735 366 771 pellationes,
384 741 451 768 quas
464 733 515 760 illis
530 733 720 766 imposuerant,
736 734 765 756 ut
779 729 902 756 virtutem
917 735 993 754 exer-

201 785 293 808 cerent
307 789 313 806 :
328 787 379 806 non
392 779 460 806 sicut
474 785 544 804 nunc
559 776 667 803 fortuito
682 779 708 802 ct
718 780 746 801 nt
759 775 872 809 primum
887 780 995 800 succur-

201 826 237 853 rit
251 825 358 852 nomina
379 825 453 851 ﬁunt.
474 822 595 855 Nomine,
617 821 755 856 inquiunt,
775 820 816 846 avi
841 819 882 847 vel
905 818 995 853 proavi

202 874 310 898 vocetur
323 876 409 904 puer:
428 873 454 895 at
469 867 547 902 prisci
562 873 614 893 non
629 866 681 898 ita,
696 865 743 893 sed
758 872 864 892 omnem
887 871 994 898 operam

203 915 362 943 adhibebant
376 935 383 946 ,
398 918 427 941 ut
440 913 503 940 talia
526 912 595 939 natis
612 911 780 946 imponerent
794 909 901 936 nomina
913 929 921 941 ,
936 915 995 944 qua:

205 968 257 988 non
273 960 358 988 solum
383 958 442 986 illos
460 958 503 992 qui
517 956 624 984 nomina
639 955 817 986 sortiebantur
830 954 858 981 in
873 954 996 980 virtutem

204 1005 375 1037 adducerent,
387 1003 434 1030 sed
447 1007 473 1030 et
485 1002 549 1029 alios
562 1008 665 1034 omnes,
676 1000 755 1028 etiam
767 1000 812 1035 qui
826 999 997 1034 sequentibus

204 1050 308 1078 szeculis
324 1049 402 1076 futuri
417 1052 502 1080 erant,
517 1046 676 1075 omnimoda:
688 1045 862 1081 philosophixn
876 1044 997 1072 doctrina

205 1101 305 1124 essent.
322 1095 351 1123 ld
363 1095 432 1130 quod
447 1094 562 1122 sciemus
572 1115 579 1126 ,
593 1093 616 1120 si
630 1100 720 1120 sermo
734 1091 869 1126 aliquanto
884 1090 997 1125 amplius

206 1140 376 1177 processerit.
398 1139 479 1174 igitur
492 1146 542 1166 nos
561 1145 648 1173 neque
669 1137 769 1172 quaevis
788 1136 894 1163 nomina
910 1135 999 1170 pueris

206 1187 346 1218 indamus,
363 1192 449 1220 neque
464 1191 572 1212 avorum
585 1187 612 1210 et
629 1189 786 1218 proavorum
807 1185 834 1209 et
848 1188 940 1208 eorum
953 1180 998 1215 qui

206 1239 303 1268 genere
328 1231 392 1258 clari
416 1229 531 1261 fuerunt,
558 1229 664 1256 nomina
691 1227 847 1258 tribuamus,
873 1225 918 1252 sed
938 1232 999 1252 san-

207 1283 309 1305 ctorum
322 1277 451 1306 virorum,
465 1274 510 1310 qui
524 1273 666 1301 virtutibus
679 1272 820 1304 fulserunt,
834 1271 999 1306 plurimaque

207 1322 276 1358 apud
300 1322 381 1349 Deum
405 1320 498 1348 ﬁducia
512 1319 653 1347 valuerunt
666 1317 715 1353 (α).
729 1317 784 1344 imo
803 1324 890 1352 neque
904 1316 998 1343 horum

209 1367 358 1395 nominibus
374 1366 456 1393 ﬁdant
469 1365 510 1392 vel
526 1368 662 1399 parentes,
683 1363 724 1390 vel
742 1362 815 1397 pueri
829 1361 923 1396 quibus
938 1361 998 1388 talia

209 1412 315 1440 nomina
328 1410 495 1445 contingunt.
507 1409 578 1436 Nihil
588 1408 657 1436 enitn
673 1407 780 1442 prodest
794 1407 871 1434 alicui
884 1407 1000 1434 vocabu-

210 1459 263 1485 lum
276 1458 371 1484 virtute
385 1463 507 1488 vacuum,
528 1454 576 1482 sed
599 1453 719 1481 habenda
738 1457 780 1480 est
795 1452 887 1480 salutis
905 1460 1001 1487 exspe-

209 1502 289 1530 ctatio
302 1502 329 1528 in
341 1501 445 1528 virtutis
457 1500 612 1535 operatione
625 1508 632 1526 :
646 1503 672 1526 et
687 1505 772 1533 neque
785 1498 811 1525 in
824 1498 1001 1532 appellatione

210 1547 323 1574 sublime
337 1553 441 1580 sapere,
457 1552 543 1579 neque
555 1544 580 1571 in
596 1545 753 1579 cognatione
765 1547 917 1570 sanctorum
929 1543 1001 1570 viro-

210 1601 280 1626 rum,
295 1599 380 1627 neque
395 1592 421 1618 in
435 1591 522 1626 aliquo
536 1590 590 1618 alio
601 1611 608 1623 ,
623 1590 669 1618 sed
683 1589 709 1617 in
724 1589 820 1617 ﬁducia
833 1590 1001 1625 propriorum

210 1646 321 1675 operum
336 1647 344 1666 :
359 1637 413 1665 imo
426 1644 513 1672 neque
525 1637 550 1664 in
562 1637 613 1664 illis
627 1637 739 1664 multum
753 1635 786 1664 de
795 1643 825 1664 se
834 1637 943 1669 sentire,
955 1636 1002 1664 sed

209 1686 271 1711 tunc
280 1683 363 1718 magis
371 1682 494 1710 humilem
502 1681 680 1709 etmodestum
689 1689 748 1709 esse
754 1685 868 1716 oportet,
878 1689 937 1708 cum
947 1689 1002 1708 ma-

210 1737 275 1762 ;nas
288 1729 412 1756 virtutum
427 1727 531 1756 divitias
545 1735 689 1763 congerere
702 1734 858 1762 possumus:
881 1727 920 1754 sic
931 1728 1002 1754 enim

211 1778 239 1801 et
257 1774 306 1809 ipsi
319 1773 444 1801 collectas
459 1773 563 1800 divitias
582 1777 640 1800 tuto
654 1772 850 1806 custodiemus,
872 1777 899 1800 et
919 1771 1002 1800 bene—

213 1819 355 1846 volentiam
369 1818 415 1845 Dei
429 1818 505 1845 nobis
515 1818 723 1845 conciliabimus.
739 1817 883 1844 Enimvero
897 1821 1003 1852 propter

213 1864 263 1892 hoc
276 1869 303 1891 et
321 1864 442 1892 Christus
465 1863 602 1898 discipulis
622 1863 677 1890 suis
696 1862 818 1890 dicebat:
835 1862 897 1889 Cum
919 1863 1004 1889 omnia

212 1910 336 1943 feceritis,
360 1910 449 1942 dicite,
471 1909 578 1936 Imttiles
598 1909 664 1936 «mi
685 1917 771 1936 sumus
785 1908 859 1944 (Luc.
875 1909 917 1936 l7.
935 1909 1002 1945 l0):

213 1956 239 1982 in
252 1955 376 1982 omnibus
385 1962 476 1982 eorum
491 1954 675 1982 confidentiam
690 1955 846 1988 reprimens,
860 1958 887 1981 et
896 1954 929 1981 ad
945 1962 1004 1981 mo-

212 2001 326 2028 destiam
348 2007 396 2028 eos
410 1993 537 2028 revocans
547 2021 555 2034 ,
569 2005 598 2028 ut
618 2000 694 2028 bonis
707 1999 832 2035 operibus
853 2007 905 2026 non
920 2000 1005 2027 extol-

214 2046 313 2078 lantur,
328 2045 375 2073 sed
390 2045 475 2073 sciant
493 2046 634 2073 maximam
649 2046 775 2072 virtutum
797 2052 856 2072 esse
877 2045 902 2071 in
929 2045 1005 2072 bouis

214 2092 338 2126 operibus
354 2091 472 2119 modeste
485 2095 512 2118 et
526 2091 660 2118 humiliter
674 2097 703 2118 se
718 2090 825 2117 habere.

251 2137 278 2163 4.
293 2136 379 2163 Porro
390 2135 422 2162 ad
435 2140 589 2163 contextum
612 2134 743 2162 sermonis
757 2134 906 2166 redeamus,
921 2138 948 2161 et
965 2134 1005 2161 vi-

215 2182 327 2208 deamus
341 2188 388 2208 eos
401 2181 446 2214 qui
462 2185 552 2214 postea
563 2180 616 2206 nati
629 2184 700 2206 sunt.
715 2179 854 2206 Probabile
868 2183 910 2206 est
922 2179 1004 2211 enim,

216 2235 266 2254 nos
287 2226 412 2261 paulatim
437 2226 606 2260 procedendo
628 2225 744 2260 majores
770 2225 923 2252 inventuros
946 2232 1006 2252 esse

219 2272 360 2300 thesauros
370 2275 395 2298 et
411 2271 553 2298 immensas
565 2270 681 2298 divitias.
696 2270 722 2298 9.
743 2269 775 2296 Et
794 2270 853 2296 vixit
868 2269 945 2302 Enos,
965 2270 1006 2296 hic

218 2317 289 2344 Set/ti
297 2317 377 2352 ﬁlius,
394 2324 474 2343 annos
487 2320 585 2342 centum
598 2316 744 2351 nonaginta,
756 2320 779 2342 et
792 2315 875 2350 genuit
890 2315 1005 2348 Cainam,

249 2363 289 2399 tn).
302 2362 366 2392 Quod
378 2362 415 2399 he
425 2361 665 2399 είιραηηδοειρπιιξξδ
682 2361 930 2399 seniumst"!!!
941 2367 1007 2399 esse

219 2391 442 2424 ﬁliis'iniponentla,
458 2391 546 2416 factum
557 2391 756 2424 deprehenditue
765 2398 837 2424 supra
853 2395 925 2416 'l‘omo
941 2391 963 2416 II
982 2392 1007 2416 in

219 2421 358 2448 Rammius.
367 2423 411 2447 Mel
423 2423 463 2447 -tii.
474 2426 558 2453 Locum
568 2421 623 2446 huic
634 2421 774 2453 illustrando
786 2422 837 2446 loco
848 2426 1007 2453 opportunum

219 2455 258 2478 hic
269 2454 400 2478 offerimus.
413 2454 448 2477 Sic
461 2459 521 2483 ergo
532 2452 622 2483 legitur
634 2451 706 2486 paulo
719 2456 772 2486 post
791 2451 885 2486 initium
903 2452 1007 2486 homiljae

220 2485 412 2509 Etioomiastlcm:
429 2488 486 2507 Nam
495 2482 550 2507 cum
562 2482 616 2507 eum
631 2482 646 2506 ἁ
661 2482 780 2513 principio
795 2482 819 2507 in
835 2483 954 2508 civitatem
971 2482 1007 2508 in-

218 2521 327 2546 gressum
338 2511 672 2546 excepissetis,_un_usquisqu_e
684 2511 761 2546 ﬁlium
772 2520 841 2538 suum
851 2514 903 2546 ejus
914 2513 1008 2546 twmine

220 2543 363 2600 Zytpctlabat,
376 2543 419 2575 per
431 2543 612 2575 appellationem
623 2543 762 2569 existimata
775 2544 934 2575 unusquisque
945 2551 970 2569 se
982 2544 1007 2569 in

221 2583 227 2596 ι
238 2581 318 2600 omum
325 2581 394 2606 suam
404 2578 511 2606 sanctum
520 2574 680 2606 introducere,
690 2574 813 2605 missisque
822 2575 939 2606 patribus.
948 2575 1006 2605 aiis,

222 2591 1006 2637 ἔΐρῗόέυέἓῧῖἱαῖῗὲἓ’ὂὲἱιίέ’Ξίιέὒῖἶῖὴῖῆήζέἱῖ“ὁῖὗῶἷιέῐῶιὶ”Ἷὲἇᾶῖὲἶ

221 2635 279 2666 quos
295 2639 444 2667 pepererant.
458 2639 572 2667 Naturam
583 2635 645 2660 enim
657 2635 763 2667 micabat
776 2641 846 2667 amor
860 2635 954 2666 pietatis
962 2653 976 2667 ,γ
985 2639 1008 2661 et

223 2665 335 2701 deinceps
345 2665 560 2701 qm‘__nascebmttt_t_tj,
573 2672 619 2690 non
630 2665 735 2701 naturali
745 2665 822 2691 solum
834 2665 1002 2701 benevolentia,

221 2696 263 2721 sed
275 2696 348 2728 etiam
360 2697 446 2728 aﬂ‘ectu
456 2703 513 2728 erga
523 2696 590 2722 illam
609 2696 792 2728 appellationem
800 2714 807 2726 ,
820 2700 889 2720 erant
901 2697 952 2728 cari
964 2703 1007 2727 pa-

218 2727 331 2761 rentibus,
353 2731 431 2761 Ipsum
442 2727 505 2761 enim
516 2733 602 2761 nomen
610 2730 633 2752 et
644 2731 810 2761 ornamentum
821 2727 976 2761 cognationis,
985 2730 1008 2751 et

220 2760 312 2785 mdium
321 2757 420 2793 tutelam
430 2777 436 2786 .
446 2760 471 2793 ret
482 2758 515 2783 ita
527 2757 614 2783 vocatis
625 2757 725 2782 salutem
736 2777 742 2787 ,
755 2761 778 2783 et
795 2757 884 2783 amoris
898 2757 1007 2782 solatium

217 2794 269 2815 esse
285 2788 459 2815 existunul'ant.

569 82 599 112 S.
618 79 757 110 .lOANNlS
775 74 1012 107 CHRYSOSTOMI
1031 72 1188 103 ARCHIEP‘.
1208 72 1473 104 CONSTANTINOP‘.

1774 68 1828 98 σεο

1039 132 1081 159 η.
1104 137 1127 160 et
1143 132 1248 159 Cainam
1260 133 1344 168 genuit
1371 131 1501 164 Malaleel,
1516 130 1560 159 i5.
1573 135 1597 157 ct
1608 130 1727 158 Maluleel
1741 131 1826 166 genuit

1036 178 1126 211 Jarcd,
1143 177 1186 205 i8.
1201 182 1228 205 et
1249 177 1329 205 .Iared
1340 178 1422 213 genuit
1437 177 1534 204 Enoch.
1547 176 1593 203 2|.
1610 176 1644 204 Et
1656 178 1717 204 visit
1737 175 1827 205 Knoell

1038 231 1111 250 annis
1124 227 1222 250 centum
1235 224 1366 259 sexaginta
1379 224 1504 258 quinque,
1528 227 1551 250 et
1563 223 1647 257 genuit
1671 222 1826 251 Mathusala.

1037 268 1082 295 22.
1094 267 1196 295 Placuit
1205 274 1286 296 autem
1296 269 1382 296 Enoch
1397 268 1461 296 Deo.
1473 268 1506 295 Et
1516 269 1576 296 vixit
1585 268 1683 301 Enoch,
1697 275 1827 304 postquam
1871 291 1875 296 .

1039 314 1124 349 genuit
1139 313 1294 347 Mat/meatu,
1309 315 1384 341 anni:
1396 314 1518 347 ducentis,
1536 319 1558 341 et
1572 315 1656 349 genuit
1670 315 1738 349 ﬁlios
1751 319 1777 342 et
1797 315 1830 349 ﬁ-

1040 361 1097 387 lias.
1109 360 1155 388 23.
1172 360 1203 388 Et
1212 363 1312 396 fuerunt
1326 361 1379 389 dies
1392 361 1480 388 Enoclt
1491 362 1593 388 trecenti
1612 362 1743 397 sexaginta
1756 363 1830 395 quin.

1039 414 1095 442 que.
1109 406 1154 433 24.
1176 406 1210 433 Et
1233 406 1328 442 placuit
1343 406 1432 433 Enoclt
1454 405 1518 438 Deo,
1539 411 1628 434 etnon
1650 408 1763 434 inventus
1777 412 1829 441 est,

1040 451 1099 485 quia
1114 452 1241 478 transtulit
1261 451 1333 478 illum
1358 450 1436 478 Deus.
1450 451 1517 478 Num
1540 451 1610 479 bene
1626 452 1757 484 dicebam,
1781 459 1832 479 nos

1040 497 1210 532 procedendo
1235 504 1361 532 magnum
1382 497 1535 524 thesaurum
1554 498 1580 525 in
1609 497 1660 525 illis
1681 498 1832 525 nominibus

1043 543 1196 570 inventuros
1209 543 1286 570 esse?
1298 542 1487 570 Animadverte
1497 543 1578 575 enim,
1592 543 1715 576 obsecro,
1728 544 1781 575 hic,
1792 543 1833 570 di-

1044 587 1122 619 lecte,
1144 592 1171 615 ct
1190 587 1254 622 justi
1280 588 1403 615 virtutem
1420 592 1447 616 et
1465 588 1528 616 boni
1552 588 1599 616 Dei
1610 588 1742 623 ingentem
1756 588 1834 615 beni-

1043 634 1171 668 gnitatem
1185 654 1192 666 ,
1208 639 1235 661 et
1257 633 1401 669 Scriptura!
1417 634 1591 669 diligentiam.
1616 634 1651 662 Et
1662 635 1723 662 viai!
1746 634 1834 662 Enoch

1044 678 1117 705 annis
1132 684 1230 705 centum
1239 680 1372 714 sexaginta
1390 681 1513 715 quinque,
1528 684 1553 707 et
1570 681 1655 715 genuit
1677 680 1833 708 Matlzuwlu.

1048 723 1079 750 Et
1095 725 1188 758 placuit
1209 724 1297 751 Enoclt
1321 724 1395 757 Deo,
1421 730 1552 760 postquam
1566 726 1651 760 genuit
1677 725 1835 754 Mathulasa.

1083 769 1108 796 Ν
1111 770 1187 804 aptite
1193 778 1243 797 non
1254 770 1279 796 in
1291 778 1367 797 causa
1378 775 1434 797 sunt
1447 771 1580 806 quominus
1589 771 1701 798 bonum:
1712 770 1766 799 Deo
1777 773 1836 807 plu-

1046 820 1165 843 ceant.—
1173 815 1288 843 Audiant
1302 815 1349 843 viri
1363 821 1389 843 et
1402 816 1538 850 mulieres,
1553 822 1580 845 ct
1596 817 1697 846 discant
1707 818 1771 853 justi
1784 819 1836 846 vir-

1048 865 1148 893 tulem,
1167 868 1215 888 nec
1229 865 1322 896 putent
1343 861 1448 896 nuptias
1471 862 1496 889 in
1515 869 1594 890 causa
1617 870 1677 891 esse
1694 864 1837 898 quominus

1048 907 1108 942 quis
1131 906 1187 934 Deo
1201 907 1314 942 placeat.
1337 907 1403 934 Nam
1418 907 1516 935 idcirco
1529 908 1618 936 divina
1644 909 1780 945 Scriptura
1792 918 1838 938 sc-

1048 952 1101 979 mel
1122 957 1149 980 et
1159 952 1255 980 iterum
1269 953 1296 980 id
1319 953 1478 989 signiﬁcavit
1489 953 1603 982 dicens:
1621 955 1718 984 Genuit
1732 956 1838 984 Mathu-

1048 999 1114 1032 sala,
1128 1003 1156 1026 et
1177 1002 1240 1026 tunc
1250 999 1358 1033 placuit.
1382 999 1414 1026 Et
1428 999 1497 1028 idem
1514 1000 1659 1036 ingeminat
1677 1009 1708 1030 ac
1727 1004 1839 1038 repetit,

1049 1045 1142 1073 dicens
1159 1054 1167 1073 ε
1182 1045 1215 1073 Ει
1241 1046 1335 1081 placuit
1349 1050 1482 1082 postquam
1501 1048 1592 1083 genuit
1604 1056 1614 1075 :
1627 1054 1655 1075 ut
1671 1056 1705 1076 ne
1719 1049 1778 1084 quis
1791 1057 1840 1076 ar-

1050 1090 1163 1118 bitretur
1184 1091 1351 1118 obstacnlum
1367 1091 1457 1119 virtuti
1477 1099 1540 1120 esse
1550 1093 1714 1128 coniugium.
1733 1094 1789 1128 Qua
1816 1095 1839 1121 si

1050 1136 1132 1163 sobrii
1147 1143 1249 1169 sumus,
1269 1144 1355 1172 neque
1375 1137 1508 1170 educatio,
1524 1145 1610 1173 neque
1617 1138 1780 1174 conjugium,
1793 1147 1840 1167 ne-

1051 1189 1102 1216 que
1123 1181 1195 1208 aliud
1217 1181 1280 1216 quid
1305 1182 1382 1209 nobis
1400 1182 1497 1216 oberit,
1521 1184 1662 1218 quominus
1688 1185 1840 1220 placeamus

1052 1227 1118 1254 Deo.
1132 1227 1202 1255 Ecce
1224 1228 1296 1255 enim
1318 1232 1345 1255 et
1356 1227 1398 1256 hic
1410 1228 1528 1263 ejusdem
1542 1234 1644 1257 natura:
1669 1235 1743 1263 erat,
1765 1231 1841 1265 cujus

1052 1276 1078 1300 et
1094 1280 1142 1300 nos
1156 1280 1247 1300 sumus
1264 1282 1270 1300 :
1285 1278 1311 1300 et
1325 1280 1412 1308 neque
1422 1274 1464 1301 lex
1478 1274 1573 1302 tradita
1588 1279 1653 1308 erat,
1672 1283 1758 1311 neque
1771 1276 1842 1304 Scri-

1053 1321 1137 1352 pturze
1150 1317 1292 1351 docebant,
1312 1326 1399 1354 neque
1419 1319 1491 1346 aliud
1504 1319 1647 1355 quidquam
1662 1321 1692 1348 ad
1705 1322 1842 1356 sapientia:

1053 1363 1281 1399 philosophiaeque
1295 1365 1410 1392 studium
1423 1364 1581 1394 deducebat.
1597 1366 1635 1394 Ex
1649 1374 1688 1400 se,
1701 1372 1727 1395 et
1747 1376 1778 1395 ex
1792 1376 1842 1395 vo-

1053 1410 1154 1438 luntate
1169 1411 1252 1446 ipsius
1275 1411 1423 1446 proiectum
1443 1416 1485 1440 est
1501 1412 1570 1448 quod
1588 1413 1642 1440 Deo
1655 1413 1789 1448 placeret,
1807 1414 1842 1442 ita

1053 1460 1082 1482 ut
1096 1463 1179 1490 usque
1201 1455 1279 1484 hodie
1289 1457 1360 1484 vivat
1373 1457 1489 1484 nondum
1500 1461 1613 1486 mortem
1631 1463 1765 1493 expertus.
1776 1459 1842 1486 Nam

1053 1501 1075 1528 si
1089 1501 1197 1536 nuptiae,
1211 1501 1314 1534 dilecti,
1340 1503 1384 1529 vel
1397 1509 1540 1537 puerorum
1561 1503 1683 1531 educatio
1694 1524 1701 1536 ,
1728 1504 1843 1539 impedi-

1054 1551 1174 1574 mentum
1196 1546 1285 1574 forent
1306 1547 1333 1574 in
1355 1547 1480 1575 virtutum
1496 1548 1607 1581 itinere,
1628 1556 1793 1584 nequaquam
1817 1549 1842 1576 in

1054 1592 1123 1620 hanc
1137 1597 1256 1620 nostram
1269 1593 1350 1620 vitam
1365 1593 1469 1628 nuptias
1491 1594 1685 1622 introduxisset
1704 1595 1840 1622 universo-

1055 1645 1113 1664 rum
1137 1637 1265 1671 Creator,
1279 1642 1308 1665 ut
1322 1645 1356 1665 ne
1375 1638 1402 1665 in
1422 1639 1501 1666 rebus
1522 1639 1661 1674 praecipuis
1683 1644 1710 1667 et
1729 1641 1844 1667 maxime

1055 1684 1214 1711 necessariis
1227 1691 1276 1711 nos
1302 1683 1420 1711 laederet.
1441 1683 1493 1712 Sed
1512 1685 1572 1720 quia
1594 1692 1647 1712 non
1671 1685 1758 1712 solum
1779 1686 1843 1713 nihii

1055 1730 1132 1757 nobis
1145 1730 1252 1757 obstant
1265 1729 1298 1757 ad
1322 1729 1564 1764 philosophandum
1585 1730 1730 1758 secundum
1749 1731 1845 1765 Deum,

1055 1775 1076 1802 si
1091 1775 1255 1802 voluerimus
1269 1782 1330 1803 esse
1344 1775 1437 1809 sobrii,
1461 1776 1509 1804 sed
1535 1780 1563 1804 et
1588 1784 1711 1811 magnam
1730 1776 1844 1804 aﬁ'ctunl

1055 1822 1277 1855 consolationem,
1288 1822 1350 1849 dum
1361 1823 1540 1858 comprimunt
1551 1823 1672 1850 insanum
1686 1828 1787 1851 natum
1795 1824 1845 1851 im-

1055 1871 1156 1902 petum,
1178 1875 1228 1895 nec
1242 1868 1341 1896 turbari
1362 1869 1437 1903 quasi
1453 1875 1526 1896 mare
1538 1869 1640 1902 sinunt,
1660 1869 1706 1897 scd
1724 1870 1846 1898 efﬁciunt

1057 1917 1086 1940 ut
1098 1913 1196 1948 scapha
1211 1913 1325 1942 feliciter
1337 1915 1363 1941 in
1384 1919 1488 1949 portum
1509 1914 1635 1949 appellat,
1648 1915 1708 1942 ideo
1722 1915 1845 1943 consola-

1057 1959 1154 1986 tionem
1171 1959 1239 1987 hanc
1256 1959 1375 1987 humano
1384 1959 1476 1994 generi
1501 1960 1601 1988 tribuit.
1614 1960 1689 1994 Quod
1704 1968 1783 1995 quam
1796 1969 1845 1989 γεω

1057 2012 1116 2031 rum
1132 2005 1176 2038 sit,
1196 2005 1314 2032 ostendit
1331 2005 1418 2040 justus
1432 2005 1486 2032 ille.
1507 2005 1573 2039 Quia
1586 2010 1734 2041 postquam,
1750 2007 1845 2041 inquit.

1056 2053 1148 2087 genuit
1170 2052 1333 2086 Mathusala,
1349 2053 1447 2088 placuit
1460 2052 1514 2080 Deo
1529 2052 1635 2086 Enoch,
1659 2061 1744 2088 neque
1763 2061 1846 2088 parvo

1057 2105 1187 2124 annorum
1202 2105 1313 2126 numero
1326 2099 1352 2125 in
1367 2099 1492 2126 virtutum
1513 2098 1640 2126 exercitio
1655 2101 1843 2134 perseveravit,

1057 2143 1103 2171 sed
1112 2143 1187 2177 vixit,
1198 2144 1291 2178 inquit,
1301 2144 1377 2171 anuis
1387 2143 1552 2172 ducentis.Et
1561 2144 1622 2179 quia
1631 2149 1690 2179 post
1701 2149 1847 2180 transgres-

1058 2190 1160 2217 sionem
1174 2189 1239 2217 Adae
1254 2189 1377 2217 inventus
1393 2193 1435 2218 est
1457 2191 1536 2217 homo
1552 2190 1596 2225 qui
1609 2190 1642 2217 ad
1655 2191 1779 2218 virtutum
1790 2191 1848 2218 cul-

1058 2243 1118 2262 men
1127 2235 1291 2268 ascenderet,
1301 2240 1327 2262 et
1338 2236 1415 2270 primi
1423 2236 1540 2270 parentis
1552 2240 1688 2270 peccatum
1697 2244 1790 2263 revoca
1795 2241 1846 2270 ret,

1058 2281 1092 2308 ob
1114 2288 1172 2308 eam
1186 2288 1264 2316 quam
1278 2281 1347 2315 apud
1363 2281 1446 2308 Deum
1461 2281 1574 2308 habebat
1586 2281 1708 2316 gratiam,
1725 2281 1785 2308 vide
1795 2282 1846 2309 ba-

1058 2327 1086 2354 ni
1110 2327 1156 2353 Dei
1175 2326 1350 2354 excellentem
1372 2326 1550 2354 clementiam.
1566 2326 1632 2353 Nam
1658 2327 1717 2362 quia
1748 2326 1848 2354 invenit

1058 2373 1172 2407 aliquem
1194 2372 1237 2407 qui
1252 2372 1339 2407 potuit
1362 2376 1498 2406 peccatum
1522 2372 1586 2399 Adae
1600 2379 1726 2399 revocare
1744 2379 1750 2398 :
1769 2379 1847 2399 mou-

1058 2416 1167 2444 strando
1185 2424 1214 2444 re
1228 2417 1282 2452 ipsa
1296 2418 1357 2452 quia
1370 2424 1424 2444 non
1435 2416 1528 2444 volens
1542 2421 1654 2444 mortem
1674 2416 1789 2444 humano
1803 2424 1850 2451 ge-

1058 2463 1116 2490 neri
1132 2463 1228 2490 interre
1241 2468 1351 2497 propter
1374 2462 1489 2489 mandati
1512 2462 1766 2497 transgressionem,
1786 2469 1848 2489 eum

1058 2509 1102 2544 qui
1114 2509 1266 2536 mandatum
1279 2512 1417 2544 acceperat
1429 2507 1656 2540 condemnavcrit,
1671 2508 1742 2535 hunc
1755 2508 1850 2535 viven-

1060 2560 1112 2582 tem
1136 2555 1271 2583 transfert.
1289 2554 1323 2582 Et
1341 2553 1453 2590 placuit,
1469 2555 1563 2589 inquit,
1580 2554 1666 2581 Enoclt
1678 2553 1749 2587 Deo,
1765 2559 1788 2581 et
1799 2563 1850 2582 non

1058 2601 1172 2628 inventus
1192 2606 1238 2634 est,
1253 2609 1282 2628 eo
1301 2600 1369 2635 quod
1383 2600 1509 2627 transtulit
1527 2600 1599 2627 illum
1612 2599 1690 2627 Deus.
1711 2600 1790 2627 Vides
1805 2607 1851 2627 sa-

1059 2646 1184 2680 pientiam
1194 2646 1297 2673 Domini
1306 2646 1318 2672 i
1327 2645 1462 2673 Viventcm
1473 2646 1617 2679 transtulit,
1631 2654 1683 2673 non
1692 2646 1850 2673 immortali-

1060 2697 1140 2719 tatem
1161 2692 1270 2727 largitus
1284 2695 1341 2726 est,
1367 2699 1401 2719 ne
1424 2692 1550 2727 peccandi
1575 2696 1673 2719 metum
1698 2696 1850 2723 enervaret,

1059 2737 1104 2765 sed
1119 2738 1239 2765 timorem
1249 2738 1274 2764 in
1284 2738 1398 2765 humano
1407 2746 1503 2773 genere
1514 2738 1644 2773 vigentem
1660 2737 1776 2772 reliquit.
1787 2737 1850 2764 l‘ro-

1060 2788 1118 2818 pler
1132 2783 1182 2810 ltoc
1206 2783 1301 2810 iterum
1324 2783 1445 2816 obscure,
1462 2788 1491 2811 ut
1511 2783 1545 2810 ita
1565 2782 1666 2814 dicam,
1689 2787 1715 2809 ct
1739 2782 1855 2809 latenter
