2058 3123
144 149 191 178 181

144 208 271 231 revocare
286 199 341 227 vult
355 197 512 226 sententiam
526 203 603 232 quam
619 200 710 223 contra
722 196 804 223 Adam
817 195 934 230 protulit;

143 248 190 277 sed
202 246 374 274 manifestum
389 244 439 271 hoc
459 251 511 271 non
526 243 597 276 facit,
617 246 646 270 ut
661 243 739 270 timor
754 242 824 269 illius
848 249 939 269 emen-

142 291 366 321 dationiscrviat.
382 290 413 317 Et
426 289 525 316 ideirco
540 288 643 321 Enoch,
667 295 728 315 cum
752 287 800 322 ipsi
823 287 936 314 mullum

144 340 272 374 placeret,
296 335 437 363 transtulit.
449 334 506 362 Jam
521 334 542 361 si
555 334 614 368 quis
626 333 757 361 curiosius
774 339 868 367 rogare
892 339 939 360 ve-

144 386 186 419 lit,
210 389 239 412 et
264 384 354 411 dicere
375 391 382 409 ε
410 381 444 409 Et
471 387 523 416 quo
548 381 634 416 ipsum
655 379 805 407 transtulit?
828 383 854 406 et
875 387 938 406 nutn

144 438 229 466 usque
243 430 274 457 ad
291 435 409 464 prmsens
423 426 537 454 vixerit?
552 426 635 454 discat
657 434 709 453 non
725 425 868 453 convenire
890 425 937 452 hu-

144 477 231 505 manis
243 474 447 510 cogitationibus
458 473 581 508 obsequi,
596 477 623 500 et
637 472 769 500 curiosius
793 479 823 498 ea
848 478 907 506 quae
921 477 936 497 a

146 523 201 550 Deo
216 522 282 549 ﬁunt
301 520 449 555 explorare,
465 518 511 546 sed
534 517 644 545 credere
667 517 699 544 iis
719 525 778 552 qua:
801 516 935 543 dicuntur.

145 569 211 596 Nam
225 567 331 603 quando
347 567 416 594 Deus
439 564 538 599 aliquid
565 564 736 598 pronuntiat,
759 562 837 590 dit-tis
855 562 939 597 ipsius

144 613 380 643 contradicendum
403 619 456 638 non
475 615 526 643 est,
542 610 589 637 sed
606 610 658 637 ﬁde
672 609 794 643 digniora
818 607 937 635 habenda

145 665 206 690 sunt
226 668 286 697 qua:
304 669 318 687 a
345 659 399 686 Deo
418 657 631 693 pronuntiantur,
647 655 751 684 etiamsi
768 662 936 689 noncnmpa-

146 712 233 740 reant,
244 714 323 742 quam
332 713 362 733 ea
369 712 428 740 qute
438 703 523 731 oculis
531 703 629 730 nostris
636 702 751 737 subjecta
763 705 835 729 sunt.
845 700 937 727 Enim-

146 760 208 782 ttero
222 753 359 788 Scriptura
372 750 449 783 dixit,
464 749 535 784 quod
551 748 714 776 transtulerit
725 748 809 779 illum,
834 751 861 774 et
868 745 937 781 quod

146 802 278 830 viventem
294 798 469 830 transtulerit,
495 804 544 824 nec
561 800 674 823 mortem
688 799 813 830 expertus
826 794 877 826 sit,
891 793 938 820 sed

145 846 180 874 ob
193 854 282 880 suum,
300 853 378 880 quem
394 844 462 879 apud
474 844 557 870 Deum
574 842 687 870 habebat
699 841 815 868 favorem
826 862 833 873 ,
858 847 938 873 supe-

146 893 201 920 rior
214 892 298 919 factus
313 891 347 919 sit
359 890 447 917 divina
461 889 592 916 sententia
604 892 696 916 contra
723 887 866 914 lmmanum
890 892 936 919 ge-

146 945 196 966 nus
209 937 319 974 prolata.
335 936 393 970 Quo
405 940 493 963 autem
506 935 580 962 illum
595 933 769 966 transtulerit,
785 936 812 959 et
825 937 940 966 quomo—

145 986 181 1013 do
192 991 264 1012 nunc
280 987 351 1018 agat,
367 982 417 1010 hoc
429 990 483 1010 non
493 981 600 1016 adjecit.

183 1031 211 1058 5.
231 1028 327 1056 Vidisti
342 1028 486 1056 bonitatem
506 1027 628 1058 Domini.
644 1024 778 1061 quomodo
802 1025 937 1052 inventum

147 1077 234 1104 virum
258 1075 302 1110 qui
317 1075 439 1101 virtutem
464 1076 589 1108 operatus
603 1076 655 1105 est,
675 1079 727 1099 non
749 1070 880 1098 fraudavit
899 1069 940 1097 di-

146 1122 247 1157 gnitate
258 1127 338 1156 quam
351 1119 502 1155 primigena:
517 1117 616 1145 homini
631 1121 693 1144 ante
709 1116 825 1144 mandati
849 1121 938 1143 trans-

147 1167 311 1201 gressioncm
333 1165 442 1201 largitus
461 1169 518 1192 erat
534 1173 540 1190 :
557 1163 657 1191 docens
674 1171 722 1190 nos
734 1183 742 1196 ,
758 1169 787 1189 se
811 1167 839 1190 et
852 1161 936 1193 illum,

148 1214 198 1242 nisi
211 1213 341 1241 datmonis
354 1211 536 1246 deeeptionem
551 1210 634 1245 pluris
649 1209 754 1236 fecisset
769 1216 847 1243 quam
863 1207 940 1234 tradi-

147 1265 202 1286 tum
217 1258 384 1289 mandatum,
399 1257 492 1284 eodem
504 1256 545 1283 vel
556 1255 650 1290 majori
660 1255 762 1282 honore
770 1254 938 1289 dignaturum

150 1304 251 1332 fuisse?
264 1304 309 1331 25.
325 1303 357 1330 Et
371 1303 446 1335 vixit,
462 1302 557 1337 inquit,
572 1300 718 1328 Mathusala
738 1307 818 1326 annos
841 1304 939 1326 centum

147 1356 168 1378 et
181 1350 308 1385 octoginta
320 1354 424 1384 septem,
439 1352 461 1374 et
474 1348 558 1383 genuit
574 1347 709 1374 Lameclt‘:
721 1346 766 1374 28.
788 1351 810 1372 et
822 1345 882 1372 vixit
891 1344 940 1372 La-

146 1396 216 1423 tna-It
225 1403 306 1422 annos
319 1399 415 1422 centum
427 1394 567 1429 octoginta,
581 1392 626 1420 29.
646 1397 669 1420 et
690 1392 773 1428 genuit
797 1391 890 1426 ﬁlium,
916 1396 938 1418 et

147 1442 284 1478 appellavit
295 1449 384 1469 nomen
395 1440 464 1467 illius
478 1439 544 1472 Noe,
557 1440 660 1466 dicetis:
673 1438 723 1465 Hic
733 1438 886 1474 requiescere
898 1440 939 1473 fa-

147 1493 192 1519 ciet
207 1499 254 1518 nos
263 1490 294 1517 ab
306 1489 421 1524 operibus
442 1489 543 1521 nostris,
554 1492 576 1515 et
589 1496 603 1513 α
617 1487 737 1514 molestiis
753 1493 871 1512 manuum
894 1493 939 1512 no-

146 1542 268 1569 strarum,
284 1541 306 1564 et
329 1544 345 1563 a
368 1540 532 1570 terraquam
555 1533 686 1560 maledixit
711 1532 835 1559 Dominus
860 1531 938 1558 Deus.

149 1584 213 1612 Vide
225 1584 321 1611 iterum
336 1590 383 1618 per
396 1581 599 1617 appellationem
614 1587 684 1607 nunc
699 1580 752 1606 nati
775 1587 807 1606 ex
824 1578 938 1606 Lamcch

148 1630 337 1666 mysteriorum
353 1628 561 1664 magnitudinem
572 1647 579 1659 ,
595 1626 710 1654 vaticinii
735 1625 918 1653 excellentiam
931 1645 938 1656 .

147 1682 174 1705 et
189 1677 237 1704 Dei
249 1676 315 1704 boni
327 1674 490 1702 ineffabilem
505 1673 704 1708 benignitatem.
720 1672 850 1705 Quoniam
868 1671 939 1698 enim

148 1722 314 1758 [inscientia
329 1728 377 1749 sua
392 1719 554 1755 pnnvidebat
575 1726 605 1745 ea
620 1725 679 1753 qua:
698 1717 783 1744 futura
805 1720 897 1748 erant;
912 1720 942 1743 ut

147 1768 213 1796 vidit
226 1767 356 1795 malitiam
373 1766 511 1794 hominum
525 1765 550 1792 in
573 1764 630 1791 dies
648 1763 731 1799 magis
755 1768 833 1798 atqtte
857 1762 942 1798 magis

148 1815 310 1846 increscere,
321 1811 441 1848 pmdicit
449 1819 497 1846 per
507 1810 710 1846 appellationem
720 1809 792 1844 pueri
805 1808 873 1835 mala
883 1815 941 1843 qua:

149 1865 233 1888 totum
245 1859 389 1887 humanum
403 1863 486 1893 genus
499 1857 620 1884 invasura
636 1859 737 1888 essent,
749 1859 777 1881 ut
792 1854 832 1881 vel
846 1854 941 1881 timore

147 1905 268 1941 castigati
283 1904 479 1932 abducerentur
493 1910 506 1929 a
523 1901 603 1934 vitiis,
620 1905 647 1928 et
661 1900 876 1935 amplexarentur
889 1899 942 1926 vir-

148 1956 243 1979 tutem.
261 1950 295 1978 Et
308 1949 369 1977 vide
389 1947 544 1984 patientiam
558 1947 660 1974 Domini
675 1946 804 1977 curantis,
831 1949 860 1972 ut
880 1949 943 1973 ante

149 2002 253 2025 tantum
278 2000 383 2030 tempus
396 1993 549 2022 vaticinium
568 1992 746 2028 prmcedcret,
769 1996 797 2018 ιιι
817 1995 844 2019 et
867 1998 941 2018 suam

149 2043 304 2071 ostenderet
313 2040 532 2071 misericordiam,
543 2042 571 2067 et
580 2038 651 2066 omni
662 2038 776 2072 privaret
789 2036 943 2065 defensione

150 2098 199 2119 eos
213 2090 258 2125 qui
275 2096 361 2124 pinna:
377 2087 456 2115 futuri
470 2091 546 2114 erant
558 2085 675 2113 obnoxii.

173 2134 366 2170 'Perindignoa
378 2133 504 2160 interdum
519 2131 605 2167 futura
616 2130 720 2166 praedici
731 2130 783 2157 uult
800 2129 869 2156 Deus
895 2129 943 2156 Ge-

152 2183 218 2210 neris
238 2181 343 2208 humani
364 2179 478 2207 interitus
493 2179 563 2213 quies
577 2182 726 2205 vocatttr.—-
734 2176 787 2204 Sed
803 2176 870 2204 forte
885 2176 943 2211 quis

155 2226 253 2255 dixerit
268 2235 275 2253 :
291 2225 367 2253 Unde
378 2223 492 2252 Lamecb
509 2223 561 2250 hoc
574 2223 674 2254 habuit,
700 2226 729 2248 ut
752 2226 853 2248 tantum
875 2221 942 2248 vali-

152 2273 251 2300 cinium
266 2269 440 2306 praediceret?
453 2277 504 2297 non
520 2268 591 2296 enim
604 2268 725 2295 meminit
736 2267 875 2301 Scriptura
883 2274 943 2294 eum

154 2317 235 2345 multa
242 2317 340 2344 virtute
347 2315 484 2348 claruisse,
492 2313 729 2348 admirabilemque
740 2313 829 2340 fuisse.
846 2311 884 2339 Ne
895 2311 945 2339 mi-

153 2363 232 2395 reris,
246 2361 344 2389 dilecte
357 2369 363 2386 :
379 2361 504 2388 Dominus
518 2359 589 2387 enim
603 2362 694 2386 noster
705 2358 810 2392 sapiens
818 2362 844 2385 et
858 2357 945 2384 omni-

155 2412 259 2444 potens,
276 2414 324 2442 per
343 2406 465 2442 indignos
487 2413 558 2440 saepe
580 2404 703 2432 concedit
716 2403 821 2438 prmdici
836 2409 946 2438 magnas

155 2453 343 2487 tnirabilesque
362 2459 426 2479 res:
453 2451 531 2485 idque
552 2458 605 2478 non
622 2450 648 2477 in
671 2449 760 2478 Veteri
774 2449 947 2477 Testamento

155 2499 251 2530 solum,
266 2497 313 2525 sed
328 2497 393 2524 etin
415 2496 499 2524 Novo.
516 2496 584 2523 Audi
605 2495 676 2523 enim
696 2495 886 2530 evangelistam
913 2494 948 2522 de

155 2543 253 2579 Caipha
269 2543 421 2570 Judmorum
438 2541 561 2577 pontiﬁce
571 2541 702 2569 dicentem
720 2548 729 2568 :
754 2540 810 2567 Hoc
830 2545 912 2567 autem
931 2547 948 2567 α

155 2589 287 2624 semetipso
309 2596 359 2615 non
370 2588 444 2621 dixit,
456 2587 500 2615 sed
513 2596 571 2614 cum
589 2592 651 2614 esset
664 2587 779 2622 pontifex
789 2586 850 2613 anni
860 2585 945 2619 illius,

156 2635 274 2670 praedixit
288 2634 438 2661 moriturum
452 2642 504 2661 esse
513 2633 529 2660 J
532 2641 611 2666 esum,
624 2641 675 2660 non
692 2633 775 2660 solum
785 2640 831 2668 pro
842 2632 948 2667 populo,

157 2682 199 2709 sed
221 2686 249 2708 ut
260 2685 346 2716 gentes
362 2680 490 2715 dispersas
501 2683 663 2715 congregaret
676 2679 702 2706 in
714 2687 795 2706 unum
811 2678 947 2714 (Joan.‘l‘l.

160 2727 216 2762 5|).
226 2726 349 2754 Invenies
363 2726 426 2754 item
441 2730 467 2753 et
479 2733 493 2752 a
507 2725 613 2752 Balaam
629 2725 680 2752 tale
694 2725 758 2760 quid
773 2725 881 2752 factum.
897 2724 949 2751 Vos

158 2777 231 2800 catus
245 2772 316 2800 enim
341 2776 368 2799 ut
384 2770 555 2798 malediceret
569 2771 695 2805 populum
706 2791 713 2803 ,
727 2778 779 2797 non
793 2770 878 2798 solum
895 2777 947 2797 non

160 2817 304 2850 maledixit,
319 2817 366 2844 sed
378 2821 405 2844 et
418 2816 540 2851 praedixit
554 2816 650 2843 multas
665 2815 798 2850 mirasque
810 2823 854 2843 res
864 2836 870 2846 ,
895 2822 948 2843 non

160 2862 192 2890 de
206 2864 302 2899 populo
316 2863 489 2898 tantum,sed
504 2862 583 2891 etiam
606 2862 640 2890 de
664 2861 777 2889 adventu
799 2860 942 2890 Salvatoris

678 138 709 166 IN
728 138 803 166 CAP.
825 137 855 165 V.
877 135 996 167 GENES.
1018 138 1129 166 llOMlL.
1151 139 1221 168 ΧΧῘ.

1737 142 1786 170 {8‘2

996 196 1079 223 nostri
1092 196 1185 231 (Num.
1201 197 1258 234 24).
1271 198 1327 226 Νοιι
1344 199 1422 234 igitur
1437 199 1551 234 mireris,
1573 200 1595 228 si
1619 201 1698 229 etiam
1714 210 1783 229 nunc

993 239 1109 269 Lamecb
1121 242 1155 269 ita
1172 250 1282 278 puerum
1297 244 1444 279 appellarit,
1455 245 1501 273 sed
1517 246 1570 273 Deo
1586 251 1669 274 totum
1686 248 1783 282 tribue,

991 286 1036 321 qui
1048 287 1139 314 solerti
1152 295 1198 314 sua
1212 289 1342 324 sapientia
1356 295 1449 318 cuncta
1464 291 1611 326 dispensat.
1635 293 1669 320 Et
1689 296 1783 321 vocavit

992 340 1082 359 nomen
1093 332 1162 360 illius
1176 333 1241 361 Noe.
1254 334 1310 362 Hoc
1330 343 1439 368 nomen.
1465 337 1486 363 si
1509 338 1569 372 quis
1584 338 1781 373 interpretetur,

992 377 1106 412 quietem
1120 379 1193 406 dicit.
1210 379 1330 413 Quietem
1351 386 1440 408 autem
1456 386 1533 409 vocat
1545 383 1696 417 generalem
1709 384 1781 411 illum

992 423 1127 451 interitum
1143 430 1203 460 post
1217 427 1314 454 multos
1339 435 1424 455 annos
1451 428 1585 462 futurum;
1603 430 1671 457 sicut
1684 434 1712 458 et
1733 430 1784 458 Job

991 469 1073 498 dicit:
1091 470 1163 499 Mors
1182 473 1234 500 viro
1246 475 1315 507 quies
1328 473 1387 510 (Job
1402 475 1429 502 3.
1442 475 1489 510 23)
1505 484 1511 502 :
1538 476 1664 510 quoniam
1685 477 1783 504 multus

991 520 1033 543 est
1042 522 1067 544 et
1081 518 1156 545 valde
1170 526 1279 554 magnus
1295 519 1368 547 labor
1392 520 1509 554 malitiae,
1529 522 1587 556 ejus
1607 523 1782 550 cessationem

991 567 1019 589 et
1031 563 1205 598 perditionem
1221 572 1268 600 per
1282 566 1409 593 diluvium
1422 566 1546 600 futuram,
1561 569 1675 603 quietem
1693 573 1780 596 vocat.

992 607 1025 634 Et
1038 610 1131 636 vocavit
1145 618 1234 638 nomen
1245 611 1315 638 illius
1326 612 1393 639 Noe.
1408 613 1507 640 Deinde
1519 614 1722 648 appellationem
1736 622 1784 642 n0-

992 654 1071 682 minis
1086 655 1284 690 interpretatur,
1297 661 1324 685 et
1341 658 1424 685 dicit:
1441 658 1491 685 Hic
1502 661 1587 694 utique
1597 660 1702 694 quietem
1712 661 1783 687 nobis

992 701 1119 734 prtestabit
1138 702 1168 728 ab
1184 703 1299 738 operibus
1310 705 1421 732 nostris:
1439 713 1453 734 a
1469 706 1578 739 malitia,
1594 706 1689 741 inquit,
1703 715 1782 734 aver-

993 749 1039 778 tet,
1055 746 1089 772 Et
1102 755 1118 773 a
1136 747 1256 775 molestiis
1270 757 1389 776 numnum
1402 754 1566 778 nostrarum:
1582 756 1607 778 et
1622 751 1716 779 iterum
1731 751 1783 779 hoc

993 790 1088 824 ipsum,
1104 791 1137 818 ab
1150 793 1284 827 operibus,
1308 794 1409 829 inquit,
1431 796 1519 822 malis.
1541 795 1598 823 Non
1614 796 1683 823 enim
1707 797 1780 829 dicit.

992 843 1086 864 manus
1100 837 1192 865 dolore
1205 838 1313 867 affectas
1328 848 1335 867 ε
1355 841 1402 868 sed
1418 849 1464 875 per
1477 842 1580 869 illarum
1596 850 1676 877 opera
1688 848 1713 870 et
1726 851 1784 870 tua-

991 880 1031 908 las
1043 882 1171 914 actiones,
1187 883 1322 912 molestias
1336 891 1426 913 auctas
1439 886 1529 914 fuisse.
1549 887 1580 913 Et
1590 897 1605 914 α
1619 892 1694 920 terra,
1707 897 1782 923 quam

992 928 1122 954 maledixit
1136 928 1259 957 Dominus
1274 930 1350 958 Deus.
1364 931 1496 959 Liberabit
1506 940 1564 965 nos,
1577 933 1670 968 inquit,
1683 933 1716 961 ab
1726 942 1783 961 ont-

992 972 1069 1000 nibus
1097 974 1174 1002 malis
1195 977 1393 1010 prementibus,
1417 982 1444 1005 ct
1465 978 1601 1006 laboribus
1615 984 1642 1006 et
1668 980 1784 1008 miseriis

992 1027 1057 1054 quas
1072 1020 1192 1048 subimus
1206 1022 1230 1049 in
1251 1027 1320 1050 terra
1338 1024 1460 1058 colenda,
1474 1033 1533 1059 qua:
1546 1026 1724 1054 maledictioni
1740 1026 1781 1054 fa-

992 1072 1033 1094 cta
1048 1071 1087 1094 est
1100 1066 1214 1096 obnoxia
1225 1074 1331 1104 propter
1343 1071 1494 1106 primigeme
1506 1071 1621 1100 hominis
1636 1078 1783 1108 transgres-

992 1113 1105 1141 sionem.
1120 1115 1166 1141 llic
1186 1115 1379 1149 animadverte,
1396 1117 1502 1151 dilecte,
1522 1119 1656 1153 quomodo
1679 1120 1783 1154 puellus

993 1159 1042 1186 iste
1066 1161 1189 1194 paulatim
1212 1169 1354 1194 crescens,
1381 1163 1504 1190 omnibus
1526 1164 1610 1199 ipsum
1632 1165 1783 1193 videntibus

993 1205 1110 1232 discendi
1136 1207 1239 1234 OCCilSlO
1266 1207 1354 1235 fuerit.
1380 1207 1444 1235 Nam
1471 1217 1530 1236 ιιιοιι
1557 1214 1585 1237 ιιι
1602 1211 1661 1245 quis
1686 1219 1782 1238 nomen

994 1252 1067 1286 pueri
1082 1251 1231 1280 sciscitatus
1252 1257 1303 1286 est,
1318 1261 1351 1281 ex
1365 1254 1584 1289 interpretatione
1605 1257 1727 1284 vocabuli
1741 1257 1783 1284 di-

993 1296 1057 1324 dicit
1079 1301 1234 1325 eventurum
1257 1299 1408 1333 generalem
1426 1299 1571 1328 interitum.
1592 1301 1657 1328 Nam
1681 1303 1702 1329 si
1725 1304 1783 1337 quis

993 1342 1082 1370 divino
1104 1343 1205 1378 Spiritu
1228 1344 1334 1372 al‘llatus
1359 1346 1514 1380 simpliciter
1529 1348 1579 1375 hoc
1599 1348 1713 1376 futurum
1740 1350 1782 1376 dt-

994 1389 1089 1422 xisset,
1112 1389 1138 1417 id
1149 1389 1238 1417 statim
1262 1390 1355 1418 fuisset
1368 1390 1493 1418 oblivioni
1510 1392 1643 1426 traditum,
1656 1398 1682 1421 et
1695 1395 1783 1429 gravi-

995 1441 1034 1463 tas
1057 1444 1141 1471 paena:
1161 1444 1213 1464 non
1229 1437 1320 1465 fuisset
1334 1438 1457 1466 omnibus
1472 1439 1576 1474 cognita
1593 1448 1600 1466 :
1615 1448 1686 1468 nunc
1695 1445 1785 1468 autem

994 1482 1054 1516 quia
1079 1481 1123 1510 hic
1140 1487 1202 1510 ante
1216 1482 1334 1510 onmium
1347 1489 1468 1511 versatur
1479 1485 1580 1518 oculos,
1592 1486 1747 1520 tempestive
1757 1491 1785 1514 et

995 1529 1179 1563 intempestive
1192 1529 1308 1556 divinam
1324 1531 1550 1558 commemorabat
1563 1531 1784 1567 indignatiOuem.

995 1575 1077 1602 ΡΟΓΙὉ
1101 1579 1131 1602 ιιι
1153 1580 1226 1602 εει-ιο
1242 1576 1357 1604 sciamus
1369 1581 1469 1611 quanto
1485 1581 1603 1612 tempore
1630 1586 1784 1614 persevera-

994 1620 1062 1648 verit
1074 1619 1143 1647 ﬁlius
1156 1628 1203 1655 per
1215 1621 1255 1649 sui
1270 1621 1386 1650 nominis
1410 1623 1613 1658 appellationem
1628 1631 1722 1652 omnes
1739 1625 1786 1652 ad-

994 1673 1104 1694 monere
1119 1671 1148 1694 ut
1159 1666 1319 1694 desisterent
1333 1675 1348 1695 a
1369 1672 1486 1702 peccato,
1502 1673 1530 1696 et
1541 1668 1664 1696 virtutem
1683 1670 1786 1704 ample-

993 1716 1128 1744 xarentur,
1141 1719 1193 1747 quo
1206 1712 1271 1739 iram
1287 1712 1355 1739 hanc
1365 1713 1482 1747 effugere
1502 1714 1723 1746 valerent,dieit:
1739 1715 1784 1742 52.

994 1757 1028 1784 Et
1045 1763 1097 1785 erat
1111 1758 1166 1785 Noe
1184 1767 1310 1785 annorum
1326 1759 1529 1794 quingentorum,
1542 1763 1565 1787 et
1585 1761 1670 1795 genuit
1688 1765 1737 1788 tres
1750 1761 1786 1795 ﬁ-

993 1805 1051 1832 lios.
1069 1805 1134 1832 Vide
1146 1804 1241 1832 iterum
1256 1805 1334 1832 alium
1348 1806 1447 1840 justum
1467 1813 1527 1834 cum
1555 1814 1637 1835 uxore
1654 1812 1681 1835 et
1706 1808 1785 1841 ﬁliis,

994 1851 1040 1886 qui
1062 1851 1131 1878 bene
1147 1851 1280 1886 operando
1294 1851 1435 1879 admodum
1460 1852 1558 1887 placuit
1575 1854 1639 1887 Deo,
1655 1859 1682 1882 et
1695 1860 1787 1882 contra

994 1904 1072 1932 quam
1087 1904 1179 1924 omnes
1192 1897 1315 1932 agebant,
1330 1897 1435 1925 virtutis
1450 1899 1518 1926 viam
1537 1899 1618 1934 elegit
1633 1907 1640 1926 :
1654 1904 1681 1927 et
1700 1908 1787 1935 neque

996 1942 1113 1976 nuptiis,
1139 1950 1225 1977 neque
1249 1942 1362 1970 ﬁliorum
1385 1943 1543 1972 educatione
1567 1944 1714 1978 prohibitus
1735 1952 1786 1974 est.

996 1987 1080 2015 Porro
1091 1987 1302 2022 obstupescenda
1315 1993 1357 2016 est
1375 1988 1514 2016 ineffabilis
1539 1990 1664 2024 patientia
1682 1991 1738 2023 Dei,
1759 1996 1786 2018 et

996 2034 1145 2070 prodigiosa
1160 2033 1296 2061 hominum
1307 2055 1315 2068 ,
1336 2034 1381 2070 qui
1397 2039 1457 2062 tunc
1471 2039 1564 2069 erant,
1578 2036 1704 2071 nequitia.
1715 2037 1784 2065 Ecce

996 2081 1066 2108 enim
1077 2080 1227 2115 quingentis
1248 2080 1324 2108 annis
1337 2080 1440 2108 vixerat
1451 2080 1539 2116 justus
1552 2081 1606 2116 ille,
1621 2082 1738 2109 clamans
1759 2087 1789 2110 et

998 2126 1141 2154 testiﬁcans
1155 2134 1204 2154 suo
1217 2126 1325 2154 nomine
1339 2125 1456 2154 futurum
1471 2135 1517 2162 per
1529 2128 1681 2156 universum
1694 2129 1791 2156 orbem

996 2173 1133 2207 diluvium,
1149 2173 1183 2201 ob
1195 2173 1303 2200 nimiam
1327 2172 1463 2200 hominum
1479 2174 1605 2201 malitiam
1618 2195 1625 2206 ,
1651 2178 1677 2202 et
1703 2182 1794 2210 neque

997 2219 1036 2247 sic
1048 2227 1063 2246 a
1079 2219 1195 2254 nequitia
1211 2219 1346 2247 abstinere
1360 2219 1510 2247 voluerunt.
1528 2220 1562 2247 At
1576 2220 1695 2248 clemens
1717 2221 1795 2249 Deus:

998 2272 1084 2300 neque
1099 2269 1156 2299 post
1171 2268 1271 2292 tantum
1285 2264 1448 2298 vaticinium,
1465 2271 1551 2300 neque
1565 2270 1625 2299 post
1647 2269 1687 2293 tot
1704 2273 1788 2293 anno-

998 2319 1057 2338 rum
1070 2319 1207 2338 numerum
1223 2318 1328 2346 ptenam
1344 2310 1442 2338 inducit
1457 2319 1463 2337 :
1478 2311 1525 2338 sed
1538 2310 1626 2339 denuo
1650 2319 1725 2339 suam
1740 2320 1789 2339 au-

998 2362 1089 2384 cturus
1104 2357 1268 2392 patientiam,
1292 2357 1359 2384 alios
1381 2364 1432 2384 non
1446 2364 1543 2391 paucos
1556 2364 1640 2384 annos
1653 2365 1708 2384 sum
1722 2358 1790 2384 tole-

999 2403 1091 2430 rantia:
1105 2402 1234 2438 adjuugit.
1249 2402 1340 2437 Neque
1351 2403 1420 2430 enim
1437 2402 1496 2430 ideo
1511 2403 1634 2438 produxit
1646 2402 1789 2430 humanttm

999 2457 1083 2485 genus
1096 2454 1123 2477 ιιι
1135 2449 1250 2484 puniret,
1263 2448 1309 2476 sed
1325 2449 1405 2484 plane
1419 2456 1434 2476 e
1444 2448 1559 2480 divcho,
1577 2453 1604 2475 ut
1618 2447 1727 2475 donaret
1740 2456 1789 2475 no-

1000 2495 1042 2522 bis
1064 2495 1202 2522 innumera
1216 2495 1284 2522 bona
1299 2494 1395 2529 quibus
1411 2494 1568 2521 fruerentur.
1597 2494 1630 2520 Et
1652 2499 1792 2528 propterea

1000 2540 1086 2575 ipsum
1097 2539 1195 2575 ubique
1210 2540 1283 2567 vides
1296 2544 1473 2572 cunctantem,
1496 2544 1523 2566 ct
1541 2547 1629 2567 moras
1641 2544 1793 2566 nectentem

1002 2586 1028 2612 in
1041 2585 1126 2620 pmnis
1142 2585 1300 2620 inlligendis.
1315 2585 1412 2612 Verum
1429 2592 1462 2611 ne
1481 2584 1611 2611 dictorum
1626 2583 1796 2611 multitudine

1002 2630 1158 2660 memoriam
1181 2637 1296 2658 vestram
1324 2631 1485 2662 obruamus,
1511 2630 1554 2657 hic
1580 2637 1732 2657 sermonem
1757 2629 1795 2656 si.-

1001 2680 1112 2708 steutos,
1128 2681 1224 2704 eretera
1247 2683 1330 2711 usque
1343 2676 1370 2702 in
1393 2676 1535 2703 crastinum
1551 2683 1721 2710 reponemus.

1038 2723 1065 2751 6.
1086 2721 1193 2750 Moralt's
1205 2722 1326 2757 epilogus.
1338 2722 1446 2749 —ll.ce
1464 2728 1563 2755 autem,
1583 2730 1616 2749 ne
1637 2721 1800 2757 simpliciter-

1004 2773 1031 2796 ct
1046 2768 1275 2796 incousidcranter
1289 2768 1437 2800 audiamus,
1451 2767 1538 2794 dilecti
1559 2776 1565 2794 ι
1580 2767 1626 2794 sed
1639 2768 1795 2795 erudiamut

1005 2814 1037 2842 ad
1055 2814 1181 2841 virtutum
1203 2820 1294 2840 curam
1314 2813 1453 2848 agendam,
1479 2812 1675 2847 admodumqu
1689 2814 1791 2840 studea-

1006 2868 1063 2888 mus
1080 2859 1133 2888 Deo
1147 2859 1214 2887 bene
1231 2859 1352 2894 placere;
1375 2863 1401 2886 ct
1415 2866 1500 2893 neque
1516 2866 1609 2886 nonius
1624 2857 1795 2894 gubernatio».
