2058 3123
162 167 210 193 135

159 225 274 252 reddunt
290 233 296 251 :
311 223 347 250 ita
361 222 383 250 si
396 221 490 249 anima:
508 220 749 255 circumponantur,
774 218 878 246 etiamsi
898 217 946 245 de,

159 270 238 298 formi
248 276 379 297 summam
387 265 607 302 pulchritudinem
614 265 748 292 afferrent.
761 264 795 291 Et
804 262 945 298 quomodo_

160 317 246 348 dices,
258 318 369 350 possunt
378 312 473 340 animm
487 311 650 346 circuntponi
659 310 759 337 aurea?
769 309 865 336 lterum
880 309 948 339 dico,

163 369 210 396 per
220 367 316 388 manus
326 365 478 394 pauperum.
491 357 528 384 Illi
542 357 612 385 enim
623 356 792 390 accipientes,
808 353 952 382 formosam

164 408 236 434 illaut
250 405 372 433 reddunt.
386 404 440 432 lllis
452 411 558 430 auream
575 402 712 437 pecuniam
725 400 808 432 trade,
828 404 854 427 et
869 400 894 426 in
918 399 951 425 il-

166 454 250 480 lorum
261 456 369 478 ventres
379 449 532 484 dispensato
540 469 548 481 ,
562 452 714 482 tantamque
732 446 767 474 ibi
778 445 894 473 vicissim
906 444 954 471 da-

166 499 230 526 bunt
243 496 476 533 pulchritudinem,
488 501 517 522 ut
528 494 611 522 forma
625 499 667 521 tua
681 500 772 520 verum
785 492 858 520 illum
872 499 952 526 spon-

167 552 224 571 sum
238 543 345 574 alliciat,
358 543 547 576 innumeraque
560 540 628 568 dona
641 539 772 567 conciliet.
784 538 850 566 Cum
864 542 953 565 autem

167 588 361 624 pulchritudine
383 587 523 614 Dominum
549 585 692 617 allexeris,
716 582 955 619 suppeditabttntur

169 635 214 663 tibi
236 634 305 662 bona
320 633 419 664 omnia,
442 636 470 659 et
484 631 622 658 immensis
642 630 737 665 opibus
751 628 906 657 abundabis.
926 627 954 655 Si

168 688 230 716 ergo
241 679 370 707 amabiles
384 677 440 706 ﬁeri
455 677 567 704 Detnino
579 677 711 709 volumus,
726 676 779 710 jatn
802 682 852 701 non
873 681 953 701 orna-

169 731 223 753 tum
236 725 355 759 corporis
371 724 435 751 tanti
450 723 584 754 faciantus,
599 721 646 749 sed
657 722 750 748 anima:
764 720 955 748 formositatem

170 771 286 807 quotidie
300 778 394 805 magna
409 769 544 804 diligentia
560 775 694 801 curemus,
711 772 738 794 ut
748 770 775 794 et
787 766 896 802 gratiam
908 765 956 792 be—

171 817 242 852 nigni
257 817 304 844 Dei
320 815 396 843 nobis
408 815 590 848 conciliemus,
605 819 632 841 et
645 812 785 840 inetfabilia
805 812 871 839 bona
891 818 956 838 con-

171 870 323 897 sequamur,
339 861 421 896 gratia
437 864 464 888 ct
486 859 647 894 benignitate
667 858 770 885 Dontini
791 857 873 884 nostri
894 856 957 884 Jcsu

171 909 279 941 Christi,
292 915 352 935 cum
372 915 425 942 quo
443 905 524 939 Patri,
538 904 615 932 simul
634 911 662 932 et
682 904 790 938 Spiritui
812 906 904 930 sancto
924 901 959 928 sit

172 954 265 989 g‘oria,
286 952 437 987 imperium,
451 951 546 984 honor,
566 958 637 978 nunc
651 954 678 977 et
691 956 807 984 semper,
823 952 850 975 et
864 948 889 974 in
909 954 959 974 sm-

172 1000 230 1028 Culu
244 999 412 1028 saeculorum.
428 999 522 1024 Amen.

444 1064 581 1092 HOMILIA
603 1063 685 1091 XXII.

175 1123 208 1150 Et
222 1129 275 1150 erat
291 1122 347 1149 Noe
361 1130 484 1148 annorum
494 1121 694 1156 quingentorum,
709 1124 732 1146 et
745 1117 830 1154 genuit
841 1116 898 1144 Noe
911 1121 961 1143 tres

209 1169 286 1203 ﬁlios,
302 1168 372 1200 Sent,
389 1167 478 1199 Citam,
493 1172 515 1193 et
527 1166 649 1200 thp/tt’l/t.
665 1165 696 1191 Et
709 1167 804 1200 factum
816 1167 850 1190 est
861 1160 961 1197 quando

210 1218 337 1249 corporum
352 1213 464 1240 homines
478 1211 641 1245 multiplicari
662 1218 737 1244 super
751 1214 851 1239 terram,
866 1212 889 1235 et
902 1207 962 1241 ﬁlia:

211 1265 279 1286 non:
290 1263 347 1285 sunt
360 1258 395 1285 eis
408 1257 483 1292 (Cen.
497 1257 524 1285 5.
540 1257 583 1284 51.
599 1261 620 1282 et
634 1257 659 1283 6.
677 1256 715 1291 l).

214 1317 238 1343 Ι.
259 1315 426 1342 Atlentiouem
439 1313 582 1340 auditorum
593 1316 687 1347 captat.
704 1311 768 1344 ρυω
776 1310 808 1337 sit
820 1314 910 1336 natura
921 1309 964 1335 dc-

177 1362 221 1390 biti
233 1360 382 1396 spiritantia.
391 1373 424 1379 —-
432 1359 566 1394 Reliquias
579 1358 708 1385 ltestcrnre
719 1363 819 1383 mensae
829 1354 904 1382 Vobis
915 1353 964 1381 lto-

178 1409 220 1436 die
234 1415 382 1443 proponere
395 1407 453 1434 volo
468 1417 474 1434 :
490 1405 537 1434 scd
549 1413 582 1433 ne
595 1413 664 1439 :rgre
677 1404 758 1434 feras,
773 1403 878 1434 dilecte,
893 1400 965 1437 quod

179 1456 305 1490 reliquias
319 1454 388 1481 dico.
404 1453 469 1480 Nam
485 1453 510 1480 in
525 1451 694 1479 sensibilibus
708 1450 813 1486 quidem
834 1448 966 1476 alimentis

180 1507 237 1537 post
254 1509 335 1529 unum
351 1505 377 1528 ct
391 1501 503 1528 alterum
518 1499 588 1526 diem
605 1497 720 1525 marcida
743 1496 808 1524 liunt
822 1495 920 1528 edulia,
940 1498 966 1521 et

179 1549 211 1575 ad
228 1546 387 1575 vescendum
402 1545 502 1573 inutilia
518 1553 524 1573 :
541 1544 565 1571 in
579 1542 708 1578 spirituali
720 1548 783 1569 vero
797 1548 887 1568 mensa
902 1540 967 1567 nihil

180 1595 232 1622 tale
246 1594 332 1621 vereri
347 1595 461 1627 oportet.
479 1591 536 1626 Ipsa
549 1591 631 1622 enim,
647 1594 746 1624 quanto
766 1588 823 1623 plus
841 1587 968 1621 temporis

180 1639 320 1674 przeteriit,
336 1642 410 1665 tanto
426 1637 552 1672 majorem
564 1636 675 1671 gratiam
691 1634 780 1666 habet,
796 1639 822 1660 et
836 1633 969 1660 recentior

180 1692 258 1720 atque
274 1686 390 1720 vegetior
410 1683 552 1711 invenitttr.
574 1682 629 1717 Age
653 1681 730 1716 igitur
754 1679 967 1715 promissionem,

181 1739 259 1766 quam
271 1730 327 1758 lteri
341 1730 486 1761 emisimus,
502 1728 666 1763 impleamUS,
677 1731 702 1754 et
713 1726 831 1754 debitum
841 1724 971 1752 doctrina!

182 1782 257 1812 grato
281 1775 454 1804 exltibeamus
476 1775 574 1802 animo.
600 1773 656 1800 Non
679 1773 748 1800 enittt
771 1772 820 1799 hoc
845 1772 908 1799 utile
930 1775 971 1798 est

183 1822 372 1856 accipientibus
396 1821 543 1851 dumtaxat,
573 1824 601 1846 ut
621 1820 646 1845 in
669 1818 728 1845 aliis
750 1817 856 1848 debitis,
877 1817 923 1844 sed
945 1821 972 1844 et

183 1868 246 1895 mihi
268 1867 455 1895 dinumeranti.
477 1866 510 1893 Et
523 1865 584 1900 quid
607 1865 666 1892 dico
690 1864 753 1891 mihi
773 1862 972 1890 dinumeranti?

185 1915 257 1942 Talis
279 1918 319 1941 est
338 1912 483 1947 spiritualis
506 1911 588 1939 debiti
612 1901 721 1942 natura,
739 1914 767 1936 tit
788 1913 887 1944 quanto
913 1915 970 1934 ma-

186 1962 224 1996 gis
250 1959 378 1992 solvitur,
405 1964 477 1985 tanto
502 1957 585 1992 magis
616 1960 758 1991 augeatur,
789 1958 817 1981 et
849 1953 971 1981 substan-

187 2007 248 2034 tiam
272 2005 356 2040 magis
384 2004 554 2038 ntultiplicet,
582 2007 661 2038 atque
692 2001 840 2029 ineffabiles
868 1999 974 2027 divitias

186 2051 340 2078 an‘crattam
357 2050 441 2082 danti,
454 2056 532 2084 quam
553 2047 752 2082 accipientibus.
768 2046 864 2073 Vidisti
879 2053 975 2073 novam

186 2097 268 2124 debiti
278 2101 409 2128 naturam,
421 2100 448 2123 et
461 2102 547 2122 raram
562 2093 703 2122 solutionis
713 2092 851 2128 speciem?
866 2092 893 2119 lit
906 2092 977 2120 hunc

187 2142 258 2169 enim
270 2140 377 2168 modum
397 2147 426 2167 se
442 2139 539 2167 habent
559 2138 705 2174 spiritualia
718 2158 726 2170 ,
743 2142 771 2165 ut
791 2136 977 2164 distributione

188 2187 271 2222 magis
284 2190 416 2217 crescant,
428 2190 455 2213 et
469 2192 529 2212 cum
540 2184 616 2211 multi
631 2188 693 2211 sunt
705 2183 857 2218 participes,
869 2182 978 2210 uberior

189 2233 224 2260 sit
237 2231 413 2264 abundantia;
425 2235 453 2259 et
466 2230 512 2266 qui
525 2229 684 2263 numeravit,
701 2237 754 2257 non
768 2228 865 2256 sentiat
885 2235 914 2256 se
927 2227 977 2254 ali-

189 2279 252 2314 quid
262 2285 426 2311 numerasse,
440 2276 653 2312 quand0qnidem
669 2275 728 2310 ejus
742 2282 808 2310 opes
831 2278 955 2302 crescunt
968 2282 976 2307 ;

188 2331 215 2353 et
240 2325 274 2352 iis
296 2325 342 2359 qui
363 2327 524 2359 acceperunt
543 2322 628 2357 major
637 2322 717 2349 etiam
736 2321 811 2356 copia
833 2324 977 2348 accrescat.

189 2372 256 2405 Quia
272 2370 352 2406 igitur
365 2370 425 2398 talis
439 2373 480 2397 est
489 2368 666 2404 spiritualium
682 2367 792 2394 istorum
802 2370 906 2396 natura,
920 2373 978 2392 ma-

190 2424 239 2452 gna
253 2416 390 2444 alacritate
403 2415 496 2449 etiam,
509 2421 557 2442 nos
575 2414 610 2442 ad
631 2413 790 2441 solutionem
812 2412 978 2444 festinemus,

191 2467 218 2490 et
231 2469 279 2490 vos
289 2461 323 2489 ad
336 2460 533 2496 suscipiendum
548 2467 626 2487 aures
637 2458 856 2491 accommodetis,
874 2462 902 2485 ut
923 2465 981 2484 om-

193 2517 240 2537 nes
252 2516 313 2536 cum
325 2507 473 2536 latisanimi
484 2506 586 2534 sinibus
597 2505 765 2540 sumpseritis
786 2513 844 2539 qua:
867 2512 881 2531 a
905 2503 981 2531 nobis

193 2556 326 2587 dicuntur,
351 2554 386 2581 ita
405 2554 512 2581 dotnum
537 2551 751 2588 proficiscamini.
773 2551 870 2578 lterum
891 2555 980 2578 autem

193 2606 378 2636 argumentum
393 2600 427 2628 de
446 2599 519 2634 justo
538 2599 594 2626 Noe
606 2598 632 2626 in
648 2597 766 2625 medium
791 2596 886 2624 afferre
909 2596 980 2630 volo,

195 2652 223 2674 ιιι
231 2647 294 2681 justi
308 2653 431 2681 magnam
445 2646 580 2678 virtutem,
593 2649 621 2672 et
634 2643 794 2671 inelfabilem
815 2642 862 2670 Dei
875 2643 982 2670 miscri-

195 2693 325 2726 cordiam,
341 2700 373 2719 ac
384 2692 551 2719 tolerantiam
565 2699 625 2725 quat
649 2697 755 2717 omnem
776 2688 861 2716 animi
876 2693 981 2723 captum

197 2739 375 2771 transcendit,
403 2738 522 2766 discatis.
545 2737 678 2765 Didicistis
699 2737 767 2769 heri,
789 2735 922 2772 quomodo
950 2735 983 2762 ab

197 2790 256 2812 ortu
275 2793 324 2813 suo
334 2784 422 2820 justus
438 2784 491 2816 ille,
505 2787 615 2818 accepto
633 2790 647 2809 a
660 2787 736 2817 patre
750 2782 857 2809 nomine
868 2801 875 2814 ,
896 2781 984 2808 obam-

198 2831 312 2863 bulabat,
328 2830 453 2859 omnibus
463 2830 507 2865 qui
519 2834 582 2857 tunc
595 2834 672 2857 erant
683 2829 776 2856 doctor
787 2827 966 2856 calamitatum
975 2846 982 2857 .

198 2877 273 2913 quasi
299 2877 417 2905 clamans
430 2881 456 2904 et
478 2883 525 2911 per
547 2875 633 2911 ipsum
648 2881 746 2902 nomen
768 2881 844 2903 suum
864 2872 955 2901 dicens
975 2881 981 2900 :

615 160 736 190 ωελιι.
760 160 790 187 ν.
809 160 851 188 ΕΤ
871 160 912 186 Π.
933 160 1054 187 GENES.
1077 157 1189 186 llOlllL.
1212 156 1291 184 hx".

1741 160 1790 186 ISG

1002 214 1128 242 Desistite
1139 222 1154 242 a
1164 214 1246 246 malo,
1259 212 1407 249 operentini
1421 213 1556 246 virtutem,
1572 214 1663 241 timete
1683 221 1789 248 pcenant

1003 260 1198 296 impendentem
1215 267 1376 287 :commune
1391 259 1517 286 diluvium
1533 259 1559 286 in
1574 264 1629 286 toto
1647 260 1712 287 orbe
1727 260 1788 288 erit.

1003 306 1096 340 Ingens
1113 305 1160 333 Dei
1174 304 1320 340 indignatio
1334 305 1424 339 instat,
1441 305 1502 339 quia
1513 310 1539 331 et
1551 311 1645 340 magna
1666 305 1790 340 nequitiae

1003 352 1142 379 colluvies.
1158 350 1193 378 Et
1204 350 1254 377 hoc
1265 357 1317 377 non
1332 357 1378 384 per
1390 350 1456 377 duos
1471 350 1513 376 vel
1527 353 1580 377 tres
1592 354 1692 377 tantum
1706 358 1789 378 annos

1005 397 1128 429 faciebat,
1147 396 1194 424 sed
1207 396 1367 431 quingentos
1379 403 1464 422 attnos
1476 395 1540 422 vixit
1555 395 1612 422 lucc
1633 395 1790 423 admonens.

1008 442 1114 469 Vidistis
1125 441 1292 469 tolerantiam
1309 441 1433 468 Domini?
1451 440 1554 468 vidistis
1567 440 1692 468 bonitatis
1702 441 1789 468 excel—

1006 487 1131 514 lt-ntiatu?
1147 487 1250 514 vidistis
1264 486 1422 513 ineﬂ'abilem
1437 486 1611 521 patientiam?
1626 485 1728 513 vidistis
1735 493 1793 512 nta-

1005 532 1067 560 litia:
1077 532 1257 560 incrementa?
1269 532 1370 559 vidistis
1379 532 1555 566 improbitatis
1567 531 1794 566 magnitudinem?

1006 578 1147 613 Hucusque
1162 578 1243 611 enitn,
1257 582 1285 605 ut
1299 578 1382 612 scitis,
1408 578 1464 605 lteri
1485 585 1573 605 sermo
1585 582 1677 605 noster
1689 585 1796 612 proces—

1007 624 1041 651 sit
1057 632 1063 650 :
1075 631 1163 658 opera:
1176 624 1289 658 pretium
1303 628 1344 651 est
1356 624 1434 659 igitur
1444 628 1472 651 ut
1485 623 1564 650 hodie
1574 623 1717 655 discamus,
1728 630 1796 658 qno-

1008 670 1087 697 modo
1101 670 1253 697 misericors
1265 670 1334 697 Deus
1353 678 1402 704 pro
1416 677 1462 697 sua
1478 669 1594 697 bonitate
1610 677 1696 704 neque
1718 669 1797 703 quiti-

1008 716 1094 750 gcntis
1106 716 1182 742 annis
1197 716 1229 742 ad
1240 716 1404 743 tolerantiam
1416 719 1559 742 contentus
1570 715 1626 747 fuit,
1642 715 1688 742 sed
1698 715 1799 742 addidit

1009 770 1095 789 annos
1108 762 1174 789 alios
1188 762 1220 789 ad
1236 761 1388 797 superiores
1402 762 1427 788 itt
1449 762 1560 796 gratiam
1574 769 1666 789 eorum
1682 761 1727 796 qui
1739 765 1798 788 tan-

1011 813 1065 836 tum
1081 813 1265 842 peccaverant.
1287 807 1320 834 Et
1333 812 1386 835 erat
1407 807 1474 841 Noe,
1501 807 1595 841 inquit,
1609 807 1800 842 quingentorum

1010 863 1144 882 annorum.
1171 854 1212 881 Ad
1238 854 1379 881 utilitatem
1406 857 1523 887 nostram
1547 852 1636 880 divina
1662 852 1799 886 Scriptura

1011 907 1152 928 numerum
1177 907 1307 926 annorum
1340 898 1406 934 justi
1432 898 1594 932 assignavit,
1615 902 1644 924 ut
1667 897 1801 924 discamus

1012 951 1111 982 quanto
1126 951 1245 980 tempore
1260 945 1365 977 vixerit,
1380 944 1528 971 admonens
1543 944 1612 976 illos,
1627 948 1654 971 et
1667 942 1800 978 quomodo

1013 993 1049 1019 illi
1065 991 1172 1026 quidem
1187 991 1294 1018 malitia:
1303 991 1371 1017 viam
1380 990 1484 1023 sectati,
1496 990 1522 1017 in
1536 997 1566 1017 ea
1577 989 1725 1023 consumpti
1737 988 1800 1020 sint;

1011 1038 1098 1073 justus
1113 1042 1201 1064 autem
1215 1044 1291 1064 secus
1307 1044 1385 1071 quain
1404 1036 1450 1062 alii
1463 1035 1601 1063 ambulans
1617 1039 1689 1062 tanta
1704 1036 1802 1061 virtute

1013 1083 1194 1119 prmeelluerit
1210 1091 1217 1109 :
1233 1086 1300 1110 utet
1317 1082 1367 1109 sibi
1383 1081 1429 1109 Dei
1443 1080 1654 1108 benevolentiam
1675 1080 1805 1107 concilia-

1014 1135 1065 1162 ret,
1079 1134 1105 1157 et
1123 1137 1183 1157 cum
1195 1135 1288 1156 omnes
1305 1128 1349 1155 alii
1372 1128 1459 1162 poenis
1480 1126 1588 1154 obnoxii
1616 1126 1719 1159 tierent,
1747 1126 1803 1160 ipse

1014 1177 1086 1203 salus
1098 1184 1157 1203 cum
1169 1179 1222 1202 tota
1239 1174 1337 1201 familia
1360 1173 1497 1208 eﬂ‘ugeret.
1521 1173 1588 1199 llinc
1601 1171 1737 1203 discimus,
1756 1179 1803 1198 tto-

1014 1222 1066 1252 bis,
1092 1221 1113 1248 si
1134 1220 1215 1247 sobrii
1242 1219 1368 1247 fuerimus
1382 1223 1476 1246 etnon
1499 1217 1616 1250 desides,
1643 1223 1696 1244 non
1719 1216 1803 1243 soluttt

1016 1267 1081 1294 nihil
1095 1274 1192 1294 nocere
1208 1266 1229 1292 si
1244 1266 1313 1292 inter
1327 1264 1430 1292 medios
1441 1263 1527 1291 malos
1542 1270 1698 1294 versemur;
1719 1261 1766 1289 sed
1779 1261 1805 1288 id

1017 1320 1065 1340 nos
1080 1312 1191 1339 reddere
1208 1311 1313 1338 virtutis
1326 1310 1510 1338 studiosiores.
1524 1308 1590 1336 Nam
1603 1308 1662 1335 idco
1676 1307 1807 1342 benignus

1017 1360 1089 1388 Deus
1104 1359 1143 1386 sic
1155 1358 1328 1393 dispensavit,
1345 1362 1372 1384 ιιι
1397 1356 1475 1383 simul
1493 1360 1584 1383 essent
1606 1354 1668 1382 boni
1684 1358 1710 1381 et
1733 1353 1806 1386 ntali,

1017 1414 1071 1441 quo
1098 1406 1228 1432 malorum
1253 1404 1476 1431 subenervarelur
1498 1401 1608 1434 malitia,
1625 1401 1809 1435 bonorumque

1018 1453 1103 1480 virtus
1117 1451 1392 1478 clarius’elucesccret
1407 1458 1413 1476 :
1429 1453 1456 1476 et
1468 1448 1573 1476 desides
1587 1455 1602 1475 a
1616 1447 1806 1474 studiosiorutn

1019 1497 1208 1526 consuetudine
1219 1497 1329 1532 plurima
1343 1495 1482 1523 commoda
1506 1494 1700 1525 lucrifacerent,
1730 1493 1811 1520 modo

1019 1545 1127 1572 vellent.
1144 1544 1191 1570 llic
1204 1543 1305 1578 cogites
1318 1542 1409 1574 velim,
1425 1545 1531 1576 quantae
1550 1540 1654 1567 virtutis
1671 1539 1750 1567 fuerit
1765 1539 1810 1566 ille

1019 1591 1115 1625 justus,
1143 1588 1277 1623 quontodo
1302 1587 1329 1615 in
1347 1591 1420 1614 tanta
1442 1586 1621 1618 multitudine,
1637 1592 1697 1620 qua:
1715 1592 1812 1619 magno

1022 1636 1121 1670 impetu
1137 1635 1162 1661 in
1176 1634 1277 1661 malum
1294 1634 1396 1666 ruebat,
1413 1633 1487 1660 solus
1510 1633 1567 1667 ipse
1592 1632 1698 1659 diversa
1718 1631 1812 1658 ambu-

1022 1681 1085 1710 lavit
1098 1682 1151 1714 via,
1168 1681 1291 1708 virtutcm
1305 1680 1413 1707 ntalitim
1427 1679 1586 1714 praeferens:
1604 1685 1635 1705 ac
1646 1685 1733 1712 neque
1746 1677 1812 1704 alio-

1023 1735 1080 1755 rum
1094 1734 1252 1759 consensus,
1269 1733 1318 1753 nec
1341 1729 1413 1752 tanta
1439 1724 1589 1759 frequentia
1608 1723 1737 1751 reddebat
1752 1730 1813 1749 eum

1023 1773 1056 1800 ad
1072 1773 1176 1799 virtutis
1191 1772 1241 1799 iter
1267 1771 1416 1806 segniorem
1432 1770 1497 1797 :sctl
1518 1770 1573 1805 jam
1596 1769 1668 1804 prius
1690 1767 1815 1803 inplebat

1024 1819 1094 1855 quod
1120 1820 1212 1846 beatus
1236 1818 1322 1846 Moses
1346 1823 1437 1853 postea
1458 1817 1577 1844 dicturtts
1596 1819 1653 1843 crat
1670 1825 1677 1843 :
1693 1814 1754 1842 Νοη
1767 1815 1816 1841 eris

1026 1874 1083 1892 cum
1100 1864 1214 1899 pluribus
1228 1865 1254 1891 in
1273 1864 1369 1890 malitia
1385 1863 1482 1896 (Exod.
1496 1862 1532 1890 ‘25
1555 1863 1593 1896 2).
1607 1862 1639 1890 Et
1649 1861 1718 1896 quod
1734 1860 1816 1895 magis

1026 1910 1192 1943 admirabile,
1208 1918 1268 1937 cum
1283 1910 1381 1936 multos
1398 1909 1517 1941 haberet,
1545 1908 1598 1934 into
1619 1914 1713 1934 omnes
1725 1906 1768 1941 qui
1783 1905 1816 1932 ad

1027 1957 1124 1983 malum
1140 1961 1166 1982 et
1181 1955 1214 1982 ad
1237 1963 1317 1990 prava
1341 1962 1422 1989 opera
1435 1953 1649 1984 cohortarentur,
1675 1957 1703 1979 et
1731 1951 1817 1978 nullus

1027 2006 1098 2029 cs-et
1118 2001 1163 2036 qui
1184 2001 1216 2027 ad
1230 2001 1353 2027 virtutem
1371 1999 1507 2026 induceret
1524 2007 1531 2026 :
1548 2003 1618 2024 tattta
1641 1997 1684 2024 ille
1705 1996 1731 2024 in
1757 2003 1815 2023 cant

1027 2048 1194 2076 vehementia
1211 2047 1356 2079 ferebatur,
1370 2050 1398 2073 ut
1414 2046 1482 2072 viam
1497 2049 1577 2071 tanta:
1591 2042 1752 2070 multitudini
1770 2049 1816 2077 op-

1029 2095 1140 2130 positam
1154 2098 1181 2121 et
1202 2092 1361 2120 contrariam
1384 2095 1502 2123 teneret;
1531 2096 1617 2124 neque
1641 2088 1759 2120 timebat,
1773 2091 1818 2114 aut

1030 2140 1171 2168 verebatur
1183 2146 1323 2174 pravorum
1337 2136 1517 2167 concordiam,
1534 2142 1621 2170 neque
1632 2134 1668 2161 illi
1682 2133 1734 2160 tale
1755 2133 1818 2168 quid

1029 2186 1128 2217 evenit,
1144 2185 1221 2220 quale
1240 2185 1309 2211 solet
1328 2183 1430 2218 ignavis
1454 2181 1584 2214 accidere,
1602 2180 1646 2215 qui
1669 2179 1691 2207 si
1714 2178 1820 2214 quando

1031 2231 1145 2259 viderint
1168 2230 1266 2257 multos
1286 2228 1365 2259 simul
1390 2234 1559 2257 concurrere,
1587 2225 1638 2252 hoc
1658 2224 1780 2252 velamen
1794 2228 1821 2252 et

1031 2277 1100 2304 hanc
1113 2275 1281 2304 occasionem
1292 2282 1347 2302 sua:
1362 2273 1475 2309 ignavia:
1489 2275 1651 2308 praetexunt,
1664 2278 1696 2298 ac
1709 2271 1800 2298 dicunt
1812 2278 1820 2296 :

1031 2324 1085 2352 Cur
1097 2331 1148 2359 ego
1162 2330 1258 2350 novum
1282 2321 1417 2357 quidpiam
1442 2324 1469 2347 et
1493 2319 1625 2354 singulare
1647 2321 1743 2352 prmter
1763 2317 1822 2344 illos

1031 2377 1126 2397 omnes
1145 2375 1319 2404 aggressurus
1333 2374 1409 2399 sum,
1421 2365 1588 2393 adversarius
1605 2367 1684 2390 tanta:
1698 2361 1822 2389 multitu-

1032 2415 1098 2448 dini,
1114 2419 1209 2441 etcum
1224 2417 1296 2440 tanto
1308 2412 1406 2448 populo
1422 2411 1521 2438 bellum
1534 2407 1724 2443 suscepturus?
1741 2407 1821 2433 Num-

1033 2460 1096 2492 quid
1112 2460 1162 2487 illis
1182 2459 1306 2486 outnibus
1326 2457 1423 2492 jttstior
1446 2455 1527 2483 sum?
1541 2455 1605 2489 Quae
1631 2453 1729 2480 utilitas
1756 2451 1822 2481 foret

1035 2511 1167 2533 tantarum
1181 2503 1397 2532 inimicitiarum?
1407 2501 1477 2537 quod
1488 2499 1656 2528 comntodum
1668 2497 1733 2525 tanti
1748 2497 1800 2524 odii
1812 2497 1824 2524 ἶ

1034 2551 1104 2578 Niltil
1126 2549 1277 2585 huiusmodi
1304 2548 1432 2575 inutiliter
1454 2545 1596 2581 cogitabat,
1621 2550 1708 2578 neque
1733 2543 1822 2570 animo

1034 2597 1175 2625 versabat:
1187 2595 1233 2623 sed
1247 2594 1345 2627 ethoc,
1361 2592 1429 2628 quod
1446 2597 1536 2626 postea
1552 2598 1565 2617 a
1580 2589 1708 2625 propheta
1722 2588 1822 2616 dictum

1034 2647 1086 2674 est,
1112 2642 1184 2676 prius
1204 2641 1260 2675 ipse
1286 2638 1413 2674 implebat
1434 2645 1440 2665 :
1468 2636 1560 2663 Melior
1579 2640 1614 2662 est
1639 2642 1706 2662 unus
1729 2634 1823 2669 faciem

1035 2688 1186 2715 voluntatem
1214 2685 1334 2718 Domini,
1366 2691 1441 2719 quant
1465 2681 1589 2708 innumeri
1620 2680 1825 2716 praevaricatores

1036 2733 1130 2770 (Eccli.
1145 2733 1187 2760 16.
1202 2732 1241 2767 5).
1263 2731 1329 2759 Num
1343 2730 1471 2761 societas,
1489 2728 1582 2763 inquit,
1596 2726 1773 2754 multitudinis
1791 2725 1823 2754 ad

1036 2781 1134 2808 malum
1149 2778 1260 2811 ruentis,
1277 2783 1301 2804 et
1315 2777 1393 2804 simul
1408 2775 1544 2810 rapientis,
1561 2782 1575 2801 a
1589 2773 1706 2801 cruciatu
1719 2779 1763 2799 me
1777 2777 1825 2805 po-

1038 2827 1098 2854 terit
1108 2825 1212 2860 eripere
1223 2824 1234 2851 ?
1246 2823 1351 2851 Sciebat
1365 2821 1445 2853 enim,
1460 2820 1561 2848 sciebat
1583 2818 1682 2854 liquido
1695 2823 1826 2853 quemque

1039 2879 1087 2909 pro
1101 2877 1149 2899 sua
1160 2870 1245 2898 salute
1259 2869 1388 2898 rationem
1397 2867 1562 2896 redditurum
1577 2873 1654 2899 esse,
1667 2870 1751 2899 neque
1765 2869 1825 2890 um-
