2058 3123
202 118 253 146 137

201 181 280 210 quam
296 173 363 206 lore,
376 177 406 200 ut
417 173 471 201 alio
485 178 610 208 peccante
632 173 701 201 alius
722 180 827 209 pmnam
851 172 994 204 sustineat,

201 221 243 248 vel
256 219 408 248 mercedem
422 220 557 247 sortiatur.
572 220 674 247 Idcirco
685 220 773 254 justus
792 219 867 254 quasi
882 218 996 245 scintilla

201 265 228 292 in
237 264 324 292 medio
337 264 403 291 mari
415 271 533 297 versans,
545 271 598 291 non
608 264 694 291 soluat
706 271 758 291 non
769 262 997 298 exstinguebatur,

201 309 248 338 sed
262 310 381 345 quotidie
392 310 525 346 l'ulgidiori
535 310 595 338 luce
614 310 746 345 prodibat,
758 317 852 338 omnes
865 309 920 337 suis
933 315 998 344 ope-

202 356 277 384 ribus
289 356 399 384 docens.

240 402 360 430 Liberum
373 403 515 431 arbitrium.
529 418 565 423 —
577 402 673 430 Vidisti
688 402 823 437 quomodo
832 402 871 429 sui
885 401 954 436 juris
971 405 999 428 et

203 449 307 476 arbitrii
333 453 454 476 natttram
475 453 593 476 nostram
609 448 737 476 Dominus
760 447 902 475 formavit?
922 446 1000 474 Unde

204 495 288 527 enim,
304 494 362 528 die,
373 502 430 528 oro,
447 495 483 522 illi
496 495 528 522 ad
539 495 666 522 malitiam
684 494 873 530 properabant,
887 497 915 521 et
929 493 999 527 scip-

205 546 251 567 sos
267 540 353 575 poenis
371 541 504 568 faciebant
528 541 677 573 obnoxios;
693 541 742 569 iste
762 544 851 567 autem
874 539 1000 567 virtutem

205 585 330 621 eligebat,
353 591 380 614 et
404 587 507 622 fugiens
531 595 624 615 eorum
650 587 816 618 societatem,
832 593 919 621 ρωιιω
947 593 999 613 non

205 632 338 659 obnoxius
353 632 423 660 l’uit?
437 632 530 660 Nonne
540 632 720 664 manifestum,
734 639 782 659 sua
805 639 938 666 quemque
952 639 1001 658 vu-

207 678 308 705 luntate
318 678 359 705 vel
375 678 514 711 malitiam,
527 678 568 705 vel
585 678 709 705 virtutem
727 677 847 712 eligere?
868 677 934 704 Nam
950 676 1000 704 nisi

207 724 242 750 ita
253 728 334 757 esset,
346 729 373 751 et
386 725 436 751 nisi
452 729 552 752 natura:
566 729 664 751 nostra:
675 728 793 759 potestas
816 724 894 751 insita
912 728 982 751 esset
992 743 999 756 ,

207 777 293 804 neque
309 770 367 796 illos
388 770 484 804 puniri,
499 778 586 805 neque
609 770 674 798 istos
690 771 793 798 virtutis
807 770 914 805 prtemia
931 771 1002 797 acci-

208 823 271 849 pere
283 816 432 849 oportebit.
442 816 537 843 Verutn
551 816 612 852 quia
627 817 653 843 in
666 822 757 844 nostra
769 817 905 844 voluntate
916 821 1002 843 totum

209 862 382 897 postgratiam
393 862 438 889 Dei
448 862 568 890 relictum
579 867 629 896 est,
644 862 703 890 ideo
715 868 743 890 et
756 862 926 897 peccantibus
941 870 1006 897 snp-

208 907 285 942 plicia
300 912 388 942 parata
405 912 467 935 sunt
479 929 486 941 ,
503 912 530 935 et
544 908 610 935 bene
623 908 797 942 operantibus
819 908 957 935 meri-edes
977 911 1004 934 rt

209 953 328 987 pra-mia.
346 953 376 980 Et
388 959 441 980 erat
452 974 460 986 ,
473 954 566 988 inquit,
585 953 643 980 Noe
653 962 777 981 annorum
791 955 984 989 quingentorum
995 974 1002 986 ,

209 1003 233 1025 et
242 998 328 1033 genuit
341 1004 390 1025 tres
405 999 471 1033 ﬁlias
485 999 555 1031 Sam,
568 999 648 1026 Citam
671 1005 695 1026 et
713 999 836 1034 Japltellt.
857 999 1004 1026 Considera

210 1043 305 1070 divinzc
320 1043 466 1078 Set-ipturac
481 1046 687 1072 accuratiouem.
703 1045 844 1080 Postquam
864 1053 1004 1073 numerutn

210 1097 340 1117 annorum
358 1090 422 1125 justi
445 1090 519 1118 nobis
534 1091 667 1123 narravit,
681 1091 852 1126 e\bibuilque
872 1091 1005 1126 ingentem

212 1136 314 1164 Domini
327 1137 490 1171 patientiam,
502 1137 598 1164 iterum
612 1144 744 1164 summam
760 1137 925 1165 tolerantiam
937 1137 1004 1172 ejus,

211 1187 238 1209 et
260 1183 384 1218 nequitia:
404 1182 541 1211 hominum
563 1183 778 1218 exsuperantiam
802 1183 940 1211 declarare
964 1185 1006 1211 ni-

213 1228 285 1255 titur.

247 1274 275 1301 2.
295 1274 421 1302 Adversa:
431 1283 473 1302 eos
482 1275 527 1311 qui
536 1275 652 1303 dicebant
662 1275 765 1312 angelos
778 1284 835 1302 cum
845 1275 946 1311 ﬁliabus
959 1276 1007 1303 Ito-

211 1322 309 1347 minum
322 1322 471 1348 commixtos
490 1321 665 1350 esse—Sed
688 1322 827 1349 audiamus
849 1322 904 1357 ipsa
927 1323 1008 1350 verba

214 1366 294 1394 Musis
309 1376 316 1394 ε
331 1368 429 1402 Spiritu
453 1368 524 1395 enim
549 1369 671 1403 loquens,
687 1369 775 1396 omnia
796 1376 845 1396 nos
870 1369 1010 1404 diligenter

214 1411 270 1439 vult
282 1413 411 1440 ὠκεῖαι
431 1413 506 1448 (Cap.
521 1413 559 1449 6).
573 1413 606 1440 Et
627 1414 721 1447 factum
735 1418 782 1447 cst,
798 1414 892 1449 inquit,
907 1412 1010 1449 quando

215 1464 341 1494 ceperunt
369 1459 482 1487 homines
504 1460 668 1495 multiplicari
692 1468 767 1494 super
782 1464 888 1492 (errant,
906 1465 929 1487 cl
949 1461 1011 1494 ﬁlia:

215 1510 285 1532 nam:
299 1510 357 1531 sunt
372 1505 432 1532 illis.
449 1504 506 1532 Non
529 1505 629 1540 absque
648 1505 750 1533 ratione
769 1505 880 1539 addidit,
895 1506 926 1533 Et
950 1507 1011 1541 ﬁlia:

215 1554 283 1576 nam
295 1555 354 1576 sunt
366 1550 417 1576 illis
430 1557 440 1576 :
454 1550 501 1577 sed
517 1555 546 1577 ut
562 1558 684 1586 magnam
700 1551 893 1578 multitudinem
909 1553 949 1580 sic
970 1552 1011 1579 iti-

216 1596 345 1623 siuuarct.
361 1595 426 1623 Nam
445 1596 488 1624 ubi
505 1601 575 1624 tanta
597 1597 714 1624 radicum
729 1602 770 1624 est
785 1597 945 1631 multitudo,
964 1606 1012 1627 nc-

216 1650 291 1669 cesse
306 1647 347 1670 est
358 1643 437 1670 etiam
454 1644 551 1671 multos
566 1652 655 1672 ramos
668 1646 767 1672 enasci.
790 1645 817 1672 2.
836 1645 870 1673 Ut
884 1646 1010 1680 uideram,

218 1688 320 1723 inquit,
332 1689 381 1723 ﬁlii
395 1688 444 1716 Dei
465 1690 533 1724 [ilius
550 1690 680 1718 hominum
697 1692 764 1726 quod
777 1692 891 1727 pult‘ltt‘lt
909 1699 988 1720 essent
1002 1715 1010 1727 ,

217 1741 379 1770 sumpserunt
404 1736 451 1763 sibi
475 1745 565 1764 uxore:
588 1746 620 1765 ea:
640 1738 771 1771 omnibus,
791 1747 853 1774 quas
875 1739 1011 1774 eli-gerant.

218 1781 342 1816 Singulas
355 1782 485 1810 dictiones
499 1783 639 1818 diligenter
653 1784 854 1812 consideremus
866 1805 873 1818 ,
896 1793 928 1812 ne
948 1785 1012 1820 quid

220 1828 246 1854 in
261 1828 342 1855 [ηπίΙο
356 1828 442 1856 latens
457 1836 506 1856 nos
526 1833 677 1865 prmtereat.
693 1829 787 1865 Operae
810 1830 924 1864 pretium
940 1830 1012 1858 enim

221 1873 301 1901 fuerit
321 1873 388 1902 bene
409 1875 520 1902 scrutari
537 1877 606 1903 hunc
620 1875 718 1910 locum,
733 1882 761 1903 ut
775 1876 960 1904 subverzaams
975 1877 1014 1904 la-

221 1919 297 1947 bulas
318 1920 406 1948 omnia
433 1920 628 1949 inconsiderate
648 1921 810 1957 loquentium
827 1930 834 1949 :
851 1927 877 1950 et
899 1924 1012 1958 prirnum

217 1965 354 1993 etl‘orcnda
369 1973 399 1993 ea
414 1974 472 2001 qua:
485 1966 574 1994 dicere
588 1967 697 2001 audent,
709 1972 737 1995 et
754 1973 899 1996 monstrata
920 1976 1013 1996 eorum

218 2021 280 2047 qua:
300 2013 335 2040 ab
353 2013 405 2040 illis
421 2013 548 2040 dicuntur
559 2013 737 2047 absurditate,
752 2022 896 2049 germanus
909 2022 1015 2049 quoque

221 2058 366 2094 Scriptura:
386 2066 480 2087 sensus
501 2064 597 2088 vestra:
612 2060 715 2088 caritati
730 2060 890 2095 aperiendus
909 2066 949 2088 est
961 2081 969 2093 ,
986 2065 1014 2087 ut

220 2111 255 2131 ne
269 2104 426 2139 simpliciter
439 2109 466 2132 et
487 2105 564 2132 facile
576 2112 656 2133 aures
668 2105 876 2133 accommodatis
889 2105 1016 2133 tantb'as

221 2149 319 2185 pbema
346 2149 495 2178 dicentibus
505 2170 512 2182 ,
529 2155 556 2178 et
569 2151 709 2178 adversum
722 2151 808 2186 capita
823 2159 870 2178 sua
885 2151 1016 2179 blaterare

223 2194 391 2221 audentibus.
405 2195 534 2222 Asserunt
549 2196 619 2222 enim
637 2195 686 2222 hoc
699 2203 751 2223 non
766 2195 799 2223 de
813 2195 964 2223 hominibus
977 2196 1017 2223 d3-

222 2245 294 2268 ctnm
308 2247 378 2272 esse,
390 2240 436 2267 sed
450 2240 483 2268 de
496 2241 598 2276 angelis
612 2250 618 2268 :
632 2241 686 2268 llos
697 2241 779 2274 enim,
792 2242 875 2272 aiunt.
890 2242 958 2268 tilios
971 2242 1015 2269 llei

222 2286 374 2321 appellavit.
392 2286 509 2313 Primum
522 2286 674 2319 ostendant,
689 2287 732 2314 ubi
753 2287 839 2321 angeli
854 2287 898 2314 ﬁlii
912 2287 956 2314 Dei
971 2295 1018 2322 ap-

223 2333 314 2368 pellati
327 2333 381 2360 sint
392 2332 429 2369 (ιι)
446 2342 453 2360 :
467 2333 514 2361 sed
529 2341 582 2360 non
598 2338 847 2368 poteruntusquam
858 2339 1016 2362 moastrare.

245 2401 284 2431 (a)
293 2399 548 2424 Veterummultorum
555 2406 577 2430 οι
587 2399 1015 2431 iniofuilangeloscurioreoslitissa,

227 2436 249 2456 ct
259 2438 315 2456 cum
326 2431 420 2455 ﬁliabus
438 2431 562 2462 hominum
580 2437 632 2454 rem
646 2430 776 2462 habuisse;
795 2430 899 2462 illiusque
916 2431 1018 2462 angelos

225 2463 320 2493 quidam
337 2466 466 2493 vocarunt,
479 2461 572 2493 ιὶζιίΙυξἶ
584 2461 703 2493 Josephus
720 2462 802 2493 Autiq.
816 2461 864 2486 lib:
875 2462 882 2487 ι
895 2479 903 2492 ,
916 2469 968 2493 mp.
981 2462 996 2486 4
1009 2470 1015 2487 :

223 2491 293 2517 multi
301 2492 380 2523 muleli
395 2492 436 2516 “ei
448 2499 502 2516 cum
514 2491 746 2523 mulieribusmia‘li.
761 2491 865 2523 ldipsum
878 2493 931 2517 fere
942 2491 1016 2517 Justi-

224 2529 284 2551 nus,
307 2524 487 2554 Athenagoras,
508 2522 620 2547 (:lemeus
636 2522 831 2553 Alexandrinus,
850 2525 1018 2554 'I‘lteognostus

222 2554 286 2584 apud
298 2554 413 2586 t‘hotiuin,
426 2558 451 2578 et
462 2554 511 2586 alii.
528 2558 601 2586 Quam
618 2561 670 2586 rem
684 2553 792 2586 pluribus
805 2553 968 2586 persequutus
981 2560 1018 2580 est

227 2585 470 2618 tosepbusﬁcaliger»
484 2585 507 2609 in
527 2585 590 2618 notis
607 2585 636 2609 ad
655 2585 750 2609 tiusebii
766 2585 897 2610 chronicuti
908 2603 920 2618 ε
928 2590 954 2611 (ιι
966 2590 1018 2618 post

224 2614 287 2640 ειιιιιῖ
299 2615 337 2640 alii
351 2614 480 2644 itnnuneri,
489 2622 550 2646 quos
562 2614 659 2646 longum
672 2619 740 2640 esset
751 2623 893 2641 recensere.
903 2614 1017 2642 Cum'an-

225 2649 275 2680 tem
286 2648 318 2680 ait
329 2652 336 2670 t
346 2647 519 2680 inrisos-tomus,
531 2647 661 2671 Ostendam
677 2647 718 2672 ubi
728 2646 807 2678 angeli
818 2646 863 2679 ﬁlii
877 2647 1013 2680 Delumad.

223 2677 267 2709 lati
286 2677 355 2703 sint?
376 2677 433 2701 illud
452 2677 550 2709 quidem
571 2684 655 2709 verum
677 2681 716 2709 est
734 2677 781 2702 non
800 2677 903 2709 reperiri
920 2677 951 2702 in'
964 2681 1016 2702 LXX

225 2708 412 2739 lnterpretibus,
425 2707 485 2740 quas
496 2707 561 2733 solos
571 2707 671 2740 legebat
682 2707 872 2740 Chrysostonius.
885 2708 977 2733 Verum
994 2709 1017 2733 in

225 2740 286 2764 libro
297 2740 350 2764 Job.
369 2746 391 2764 c.
410 2740 436 2769 l,
450 2747 472 2764 v.
490 2740 522 2768 6,
534 2740 616 2770 angeli
636 2744 751 2765 vocantur
770 2740 795 2764 in
813 2740 930 2765 Hebraico
948 2743 1018 2764 textu

224 2771 373 2809 iambum:
386 2789 411 2810 et
422 2785 569 2817 ianulgata,
582 2784 627 2816 ﬁlii
640 2785 691 2811 Dei.
705 2785 860 2810 Nihilominus
872 2785 1019 2817 rtamenﬂbie

226 2817 420 2849 ινυὺυνωιιῐὶιιδι
431 2815 613 2849 ttltrysostonius
625 2823 669 2842 eos
684 2817 726 2849 qui
742 2816 854 2842 dicerent
871 2816 945 2842 hosce
958 2815 1018 2840 ﬁlios

225 2849 267 2873 Dei
280 2848 351 2873 fuisse
364 2847 474 2880 attgelus.

574 119 603 147 S.
621 115 761 145 JOANNIS
777 113 1016 144 CIIRYSOSTOMI
1036 114 1195 142 ARCIIIEP.
1215 113 1485 143 CONSTANTINOP.

1791 113 1845 141 188

1051 171 1178 199 llomines
1200 171 1308 206 quidem
1331 172 1377 199 lilii
1401 171 1448 198 Dei
1468 169 1532 198 dicti
1556 175 1634 202 sunt,
1652 169 1738 205 angeli
1754 176 1844 197 autem

1048 225 1203 252 numquam.
1221 218 1300 252 Atqui
1320 217 1354 245 de
1373 217 1476 252 angelis
1490 215 1555 243 dicit
1571 225 1577 243 :
1595 216 1644 249 Qui
1663 216 1724 251 facit
1741 217 1846 251 angelos

1047 271 1107 290 suos
1125 264 1244 299 spiritus,
1258 269 1282 291 et
1295 263 1423 291 ministros
1443 271 1501 290 suos
1520 263 1649 298 ﬂammant
1665 263 1731 297 ignis
1746 263 1755 296 (
1771 262 1844 289 Paul.

1049 309 1111 337 105.
1125 310 1143 337 4
1156 310 1185 345 );
1205 310 1239 337 de
1260 309 1413 338 hominibus
1431 314 1520 337 autem
1536 318 1543 337 :
1560 308 1615 344 Ego
1628 308 1684 336 dixi
1696 316 1706 336 .'
1721 308 1766 336 Dii
1786 309 1846 336 eatis

1049 355 1144 391 (Psal.
1158 357 1203 385 8|.
1216 357 1272 393 6);
1293 362 1321 385 et
1343 357 1437 384 iterum
1454 366 1460 383 :
1477 356 1558 384 Filios
1576 357 1671 392 genui,
1686 361 1710 383 α
1736 357 1847 384 exaltari

1049 402 1131 438 (Isai.
1149 403 1172 430 Ι.
1188 403 1236 438 2);
1258 408 1284 431 ct
1313 403 1408 431 iterum
1431 411 1438 430 :
1467 401 1654 438 Prlmogcnitua
1680 403 1749 437 ﬁlius
1774 411 1846 430 nicas

1049 447 1133 476 Israel
1146 450 1154 483 (
1169 449 1252 476 Exod.
1269 450 1295 477 4.
1311 449 1358 481 ‘22)
1376 457 1382 475 :
1398 449 1508 483 angelus
1521 453 1609 475 autem
1623 456 1752 483 nusquam
1765 456 1846 475 voca-

1051 499 1093 522 tus
1106 499 1148 522 est
1161 495 1240 528 ﬁlius,
1256 502 1344 530 neque
1359 495 1430 522 illius
1444 494 1499 521 Dei.
1514 492 1645 521 Ca'terum
1660 494 1722 528 quid
1736 493 1846 521 dicunt?

1051 542 1183 574 Proiecto,
1198 542 1286 577 angeli
1308 542 1415 577 quidem
1430 546 1506 568 erant
1519 549 1526 567 ε
1543 540 1590 568 sed
1602 541 1663 575 quia
1676 540 1708 567 ad
1724 540 1845 574 iniquum

1051 587 1102 615 hoc
1115 596 1182 624 opus
1197 587 1390 615 descenderunt
1404 608 1410 619 ,
1425 586 1554 621 dignitate
1567 594 1614 612 sua
1627 585 1790 613 exciderunt.
1805 586 1845 613 En

1051 634 1147 661 iterum
1167 633 1311 661 labuIOsius
1329 633 1410 660 aliud.
1426 632 1530 667 Ergone
1544 639 1614 659 nunc
1628 631 1785 658 exciderunt
1797 652 1804 664 ,
1815 636 1848 658 et

1052 679 1109 706 hare
1123 680 1206 707 ruina:
1218 679 1320 706 illorum
1332 686 1410 706 causa
1421 679 1433 704 ?
1444 678 1542 705 Verum
1557 677 1695 712 Scriptura
1708 684 1758 704 nos
1770 677 1848 704 aliter

1052 725 1130 752 docet
1140 746 1147 758 ,
1164 733 1260 760 nempe
1272 730 1414 760 antequam
1430 724 1590 751 formarctur
1604 724 1705 758 primus
1719 723 1798 750 homo
1808 743 1814 754 ,
1831 730 1846 749 a

1051 779 1098 799 sua
1116 771 1244 806 dignitate
1263 771 1394 798 excidisse
1414 775 1440 797 et
1451 770 1587 797 diabolum
1600 789 1608 802 ,
1621 773 1649 796 et
1662 776 1709 796 eos
1722 769 1765 804 qui
1783 776 1847 795 cum

1052 826 1085 846 co
1109 818 1236 852 tnajorem
1260 825 1340 852 quam
1362 816 1474 844 decebat
1495 816 1650 851 dignitatem
1675 815 1847 842 ambiebant:

1053 865 1121 892 sicut
1134 870 1161 891 ct
1173 864 1279 899 sapiens
1294 864 1401 899 quidam
1420 863 1522 898 inquit:
1535 862 1637 890 Invidia
1657 867 1740 888 autem
1754 862 1850 888 diaboli

1054 919 1121 937 mon
1130 910 1230 937 intrauit
1239 910 1265 936 in
1274 909 1395 936 mundum
1403 909 1483 944 (Sap.
1494 908 1522 936 2.
1531 907 1588 943 24).
1597 909 1651 941 Dic,
1663 915 1763 942 qna'so,
1772 907 1848 940 mihi,

1054 955 1076 983 si
1100 963 1153 982 tton
1173 960 1234 982 ante
1258 955 1354 982 factmn
1375 954 1510 981 hominem
1531 953 1646 985 excidit,
1662 953 1796 988 quomodo
1823 953 1850 979 in

1056 1005 1127 1028 tanta
1138 1000 1266 1035 dignitate
1280 1008 1389 1028 manens
1403 999 1496 1027 invidit
1519 999 1639 1026 homini?
1653 999 1792 1032 Quomodo
1806 1006 1850 1025 ra—

1057 1046 1124 1073 tioni
1137 1053 1284 1073 consonant
1298 1050 1339 1073 est
1351 1067 1358 1078 ,
1374 1045 1495 1080 angelum
1512 1045 1713 1080 incorporeum,
1724 1049 1750 1071 ct
1766 1044 1790 1071 in
1805 1043 1852 1072 tali

1056 1091 1185 1127 dignitate
1199 1092 1373 1120 conslitututn
1386 1112 1393 1125 ,
1408 1091 1508 1118 ltomini
1526 1090 1645 1118 invidere
1663 1098 1774 1125 corpore
1796 1090 1852 1117 cir-

1056 1138 1216 1166 cumamicto
1226 1138 1237 1165 ?
1249 1137 1301 1165 Sed
1315 1138 1440 1173 quoniam
1458 1145 1473 1164 a
1486 1144 1600 1171 superna
1616 1136 1699 1172 gloria
1721 1136 1746 1163 in
1764 1140 1853 1163 extre-

1058 1192 1128 1212 mam
1141 1184 1313 1219 ignominiam
1324 1183 1445 1218 di-jectus
1458 1182 1554 1216 fuerat,
1569 1183 1631 1209 licet
1641 1187 1709 1209 esset
1726 1181 1853 1217 incorpo-

1057 1237 1137 1263 reus;
1151 1230 1246 1257 videns
1261 1229 1405 1257 formatum
1419 1229 1566 1261 hominem,
1582 1229 1607 1256 in
1623 1236 1734 1263 cerpore
1750 1233 1854 1255 tantum

1059 1277 1188 1305 honorem
1212 1276 1364 1304 Conditoris
1385 1276 1570 1304 benevolentia
1592 1276 1714 1302 sortitum
1728 1296 1735 1308 ,
1753 1275 1851 1302 invidia

1059 1323 1168 1356 exarsit,
1185 1328 1211 1350 et
1224 1322 1391 1357 deceptione,
1404 1322 1437 1349 ad
1457 1329 1535 1356 quatn
1551 1322 1682 1356 serpentis
1695 1329 1774 1355 opera
1790 1327 1855 1347 usus

1060 1374 1111 1402 est,
1124 1369 1258 1396 hominem
1268 1369 1361 1396 mortis
1372 1375 1457 1403 postne
1469 1368 1612 1395 obnoxium
1624 1367 1695 1395 fecit.
1703 1367 1775 1394 Talis
1782 1367 1855 1394 enim

1059 1420 1100 1443 est
1115 1415 1232 1448 malitia;
1248 1422 1300 1442 non
1316 1418 1404 1449 potest
1417 1422 1469 1441 non
1481 1413 1595 1447 graviter
1611 1413 1680 1440 l'erre
1691 1412 1802 1440 aliorum
1819 1412 1856 1439 [ρο

1060 1461 1197 1488 licitatem.
1213 1459 1289 1494 Quod
1310 1459 1389 1495 igitur
1402 1459 1523 1487 diabolus
1536 1463 1564 1486 et
1583 1458 1670 1485 omnis
1685 1458 1743 1492 eius
1757 1457 1856 1485 cohors

1061 1507 1125 1534 olim
1138 1513 1152 1534 a
1163 1505 1246 1542 gloria
1260 1505 1304 1533 illa
1316 1505 1475 1538 exciderint,
1484 1509 1511 1532 et
1526 1503 1695 1540 ignominiosi
1710 1503 1855 1536 evaserint,

1062 1551 1232 1579 manifestum
1247 1555 1296 1579 est.
1313 1550 1437 1586 Alioquin
1450 1550 1530 1578 etiam
1543 1554 1640 1584 quanta
1655 1557 1707 1577 non
1721 1549 1856 1576 dementia

1061 1599 1169 1634 plenum
1195 1597 1289 1631 fuerit,
1305 1597 1395 1625 dicere
1416 1597 1527 1632 angelos
1548 1597 1584 1624 ita
1602 1597 1720 1632 dcjectos
1731 1618 1737 1628 ,
1753 1601 1781 1623 ut
1795 1604 1856 1623 cum

1063 1643 1219 1672 mulieribus
1239 1651 1295 1671 rem
1318 1643 1464 1676 haberent,
1479 1647 1506 1671 et
1521 1642 1676 1677 incorporea
1698 1643 1740 1669 illa
1764 1647 1857 1669 natura

1062 1691 1233 1726 copularetur
1251 1689 1434 1725 corporibus?
1452 1689 1547 1717 Annon
1567 1689 1643 1716 audis
1666 1689 1804 1716 Domimtm
1817 1687 1859 1714 di-

1063 1742 1167 1765 ccnlem
1191 1736 1225 1765 de
1251 1737 1406 1772 angelorum
1431 1736 1604 1764 substantia:
1625 1735 1656 1763 lu
1679 1736 1860 1762 resurrectione

1063 1783 1129 1810 enim
1151 1791 1230 1817 neque
1253 1782 1441 1809 matrimonium
1461 1782 1622 1814 contra/mut,
1639 1789 1719 1815 neque
1739 1781 1858 1812 nubunt;

1064 1830 1109 1857 δι’(ι
1120 1835 1178 1857 sunt
1190 1829 1253 1856 sicut
1264 1828 1346 1864 angeli
1360 1827 1405 1855 Del
1420 1827 1525 1862 (Jlattlt.
1537 1827 1582 1854 2‘2.
1600 1827 1644 1855 50.
1660 1826 1742 1854 Marc.
1753 1827 1795 1854 l2.
1811 1826 1858 1854 25.

1065 1875 1127 1903 Luc.
1143 1875 1188 1903 20.
1204 1875 1248 1909 '55)
1261 1874 1272 1900 ?
1285 1874 1376 1909 Neque
1398 1873 1468 1901 enim
1485 1873 1609 1909 possibile
1621 1877 1661 1900 est
1675 1873 1858 1908 incorpoream

1065 1926 1196 1953 naturam,
1211 1920 1291 1948 talem
1306 1927 1429 1955 umquam
1442 1919 1685 1954 concupiscentiam
1700 1918 1808 1946 habere.
1819 1918 1859 1946 Ad

1065 1966 1123 1994 hate
1141 1966 1221 1993 ctiatn
1234 1965 1403 2000 cogitandum
1419 1970 1477 1996 est,
1498 1964 1548 1992 hoc
1568 1964 1692 1991 omttibtts
1707 1964 1793 1991 ntodis
1814 1964 1863 1991 ab-

1065 2011 1252 2039 surdissimum
1267 2010 1348 2037 fuisse
1360 2010 1385 2037 in
1397 2009 1515 2037 animum
1531 2009 1668 2037 inducere.
1685 2008 1749 2036 Nam
1762 2009 1784 2036 si
1799 2017 1862 2036 san-

1065 2057 1102 2085 cti
1118 2062 1144 2084 et
1157 2057 1201 2092 qui
1217 2056 1345 2092 Spiritum
1361 2061 1481 2083 sanetum
1494 2059 1662 2090 acceperant,
1678 2062 1763 2089 tthue
1778 2055 1860 2081 visio-

1066 2110 1127 2130 nent
1142 2102 1297 2138 angelorum
1320 2101 1411 2129 videre
1426 2106 1569 2136 potttcrnnt
1586 2100 1672 2134 (Dan.
1692 2102 1732 2128 l0.
1747 2101 1810 2127 7-“
1827 2100 1836 2134 )
1854 2109 1861 2127 :

1066 2148 1204 2175 enimvero
1217 2148 1256 2175 vir
1268 2147 1462 2175 desideriorum
1475 2153 1616 2182 conspecta
1635 2147 1722 2183 angeli
1745 2154 1863 2181 praesen-

1068 2194 1102 2221 tia
1116 2215 1123 2226 ,
1144 2201 1196 2221 ιιοη
1212 2199 1299 2220 tamen
1321 2193 1479 2226 substantia,
1496 2193 1568 2228 (quo
1590 2197 1666 2228 pacto
1686 2193 1757 2220 enittt
1779 2192 1862 2219 videri

1068 2244 1159 2275 posset
1174 2240 1348 2275 incorporalis
1363 2238 1551 2273 substantia?)
1565 2239 1612 2266 sed
1629 2238 1864 2265 transformatione

1067 2285 1152 2312 solum
1167 2285 1280 2320 quadam
1297 2286 1362 2318 visa,
1379 2293 1472 2320 parum
1491 2284 1575 2312 abfuit
1589 2284 1652 2318 quin
1671 2283 1770 2310 viribus
1782 2283 1866 2309 desti-

1069 2335 1140 2359 tutus
1161 2336 1189 2359 et
1210 2332 1326 2358 animam
1342 2332 1493 2362 amitteret;
1517 2335 1596 2365 atque
1611 2330 1632 2357 si
1650 2334 1737 2357 tantus
1757 2336 1789 2356 ac
1804 2329 1866 2355 talis

1069 2379 1108 2404 vir
1124 2385 1190 2412 pene
1205 2378 1305 2412 absque
1324 2377 1417 2412 spiritu
1431 2376 1621 2411 jaccbat,.quis
1635 2376 1714 2402 etiam
1729 2375 1807 2402 valde
1825 2374 1866 2401 ia-

1068 2431 1150 2452 sauus
1164 2422 1350 2458 comprobaret
1369 2423 1425 2450 lucc
1447 2421 1601 2456 blasphetna
1624 2420 1703 2448 verba
1721 2419 1866 2447 dctnenti:c

1069 2470 1156 2505 plena,
1172 2470 1241 2504 quod
1263 2469 1419 2503 incorporea
1435 2473 1462 2496 et
1477 2467 1621 2502 spiritualis
1636 2471 1729 2494 natura
1742 2465 1866 2501 corporis

1068 2516 1236 2549 complexum
1260 2514 1357 2542 ferret?

1104 2563 1131 2590 5.
1154 2561 1275 2588 "omines
1290 2560 1337 2594 ﬁlii
1359 2559 1406 2586 Dci
1421 2559 1482 2586 dicti
1500 2558 1526 2586 t'n
1547 2557 1692 2594 Scriptura.
1706 2556 1806 2584 —Sed
1831 2563 1865 2583 ne

1069 2609 1189 2644 pluribus
1205 2609 1253 2635 ista
1268 2607 1527 2635 excuticutcstercrc
1540 2610 1644 2640 tempus
1653 2603 1800 2635 videamur,
1817 2609 1867 2637 age

1070 2657 1129 2691 quia
1149 2654 1342 2682 salticicntibus
1362 2652 1526 2688 argumentis
1543 2651 1645 2678 caritati
1660 2653 1756 2677 vestra:
1779 2648 1867 2676 decla-

1071 2702 1187 2728 ravimus
1198 2721 1205 2733 ,
1221 2708 1299 2735 quam
1315 2699 1349 2726 sit
1363 2699 1413 2725 hoc
1428 2697 1591 2732 impossibile
1605 2704 1612 2722 :
1629 2696 1774 2723 doceamus
1796 2701 1867 2722 nunc

1070 2756 1129 2782 qum
1142 2747 1179 2774 rei
1196 2747 1229 2773 sit
1249 2745 1363 2777 veritas;
1389 2745 1484 2772 iterum
1509 2748 1598 2770 tatnen
1622 2742 1697 2769 lectis
1712 2742 1745 2768 iis
1759 2748 1820 2776 quae
1841 2741 1866 2767 in

1071 2793 1158 2820 divina
1167 2791 1303 2826 Scriptura
1316 2790 1444 2817 feruntur.
1454 2788 1485 2816 Et
1492 2790 1588 2823 factum
1596 2792 1642 2819 est,
1659 2786 1754 2822 inquit,
1766 2786 1868 2821 quando

1072 2842 1198 2874 creperum
1220 2837 1332 2864 homines
1355 2835 1518 2871 multiplicari
1541 2843 1616 2870 super
1639 2839 1741 2868 terram,
1766 2838 1790 2860 et
1809 2833 1868 2868 [ilia
