2058 3123
187 153 237 181 I89
363 155 366 157 ’
605 150 636 178 ΙΝ
656 151 732 178 CAP.
754 151 785 177 γ.
807 150 850 177 ΕΤ
878 149 920 175 \‘l.
947 148 967 173 (ἶ

1024 147 1071 175 es.
1091 148 1205 176 ttoutL.
1229 149 1309 177 xxu.
1779 158 1831 185 ιςο

185 215 252 236 nutat
262 215 321 236 sunt
336 209 388 235 illis
401 216 410 234 :
426 213 454 235 ut
474 208 589 235 uiderunt
610 208 657 242 ﬁlii
679 207 727 233 Dei
741 208 809 241 filias
827 206 957 233 hominum
969 225 975 236 ,

184 255 253 289 quod
265 254 380 289 pulchrae
393 260 482 286 essent,
496 258 655 288 sumpserunt
671 253 831 287 sibimetipsis
844 259 935 278 umores
950 252 980 277 de

185 300 313 331 omnibus,
328 308 391 334 quas
405 300 540 334 elegerunt.
558 299 634 325 Prius
648 299 785 325 docuimus
800 305 862 328 vos,
877 305 978 323 morctn

188 353 249 372 esse
262 344 417 379 SCI'lttltll‘tc,
440 350 468 371 ut
491 345 611 371 homines
628 344 695 371 filios
710 344 754 370 Dei
768 348 854 371 vocet.
872 343 905 370 Et
918 344 978 378 quia

184 389 227 416 isti
242 397 255 416 a
271 390 355 417 Setlto
371 391 501 424 originem
516 390 656 418 traltebant
669 410 675 422 ,
692 395 719 418 et
742 391 775 416 ab
787 390 845 424 ejus
860 390 913 416 ﬁlio
934 389 977 424 qui

183 435 334 468 appellatus
347 441 388 462 est
402 436 474 463 Enos
489 445 495 462 ε
518 436 583 463 dicit
595 437 665 462 enim
687 445 694 462 :
717 435 771 462 Iste
782 436 890 469 speravit
905 436 976 461 invo-

184 488 245 508 care
262 489 354 508 nomen
373 481 480 509 Domini
498 482 547 509 Dei
565 491 575 509 :
590 483 623 509 ab
639 483 683 509 illo
699 488 788 516 postea
801 484 853 509 nati
865 504 872 515 ,
889 484 975 510 vocati

183 531 246 553 sunt
264 526 310 553 filii
325 528 372 554 Dei
392 528 418 554 in
440 528 538 554 divinis
561 528 720 562 Scriptuvis.
746 534 885 563 propterea
907 529 976 562 quod

181 580 302 607 cousque
318 578 455 607 parenttnn
466 575 590 600 virtutem
607 575 698 600 iuntati
710 579 789 601 sunt:
807 574 873 601 filios
887 580 975 600 autent

182 618 247 645 Cain
262 623 288 645 et
302 619 347 653 qui
356 627 390 647 ex
401 627 433 647 eo
446 620 511 652 nati,
523 625 550 647 et
563 621 606 655 qui
617 626 678 649 ante
691 620 755 647 Seth
768 620 849 655 geniti
860 620 974 652 fuerunt,

182 662 253 691 ﬁlios
264 663 403 692 hominum
418 670 503 692 vocat.
517 665 626 692 Factum
638 671 674 692 est
686 686 693 698 ,
712 666 808 700 inquit,
824 674 880 692 cum
893 674 975 700 cmpe—

180 713 240 735 runt
253 709 367 737 homines
380 711 546 744 multiplicari
567 720 642 746 super
663 715 757 737 terram
770 731 778 743 ,
798 718 821 737 e'
837 712 897 744 ﬁlim
910 716 976 737 natm

181 759 238 781 sunt
250 755 323 782 illis:
338 761 365 781 ut
373 756 488 783 uiderunt
501 756 548 790 ﬁlii
564 755 619 788 Dei,
632 757 677 790 qui
690 764 706 783 a
724 756 787 783 Seth
803 762 828 783 et
848 756 881 783 ab
902 756 974 783 Enos

181 800 399 835 progeniti,filias
410 802 549 833 hominum,
564 802 621 828 illas
634 810 692 836 qua:
703 802 736 829 ab
749 802 806 828 aliis
819 807 886 829 nata:
900 806 972 834 sunt,

180 846 214 872 de
227 846 325 880 quibus
339 847 406 874 dixit
419 848 490 882 quod
512 848 589 875 Filia:
602 853 669 874 nata:
685 848 735 875 sint
747 848 808 879 illis,
826 848 900 881 Quod
913 848 973 881 pul-

179 891 346 919 cbrwcssent.
363 893 428 920 Vide
441 894 575 929 quomodo
597 902 646 929 per
659 894 768 920 verbum
793 893 843 921 hoc
865 901 972 920 omnem

180 937 258 964 nobis
269 945 362 965 eorum
373 938 607 973 intemperantiam
623 940 748 966 insinuet.
771 939 829 966 Non
848 940 918 965 enim
939 939 973 967 ob

178 981 342 1010 desiderium
364 985 591 1018 procreandorum
618 985 731 1012 filiorum
754 985 971 1018 conveniebant,

179 1028 226 1055 sed
240 1029 276 1055 ob
294 1029 457 1064 voluptatem
470 1035 498 1058 et
520 1031 750 1065 intemperantiam
767 1039 773 1056 :
792 1030 826 1058 Ut
839 1031 951 1057 viderunt
963 1051 971 1064 ,

179 1074 264 1108 inquit
277 1095 285 1107 ,
298 1075 368 1109 ﬁlias
382 1076 523 1103 hominum.
540 1077 608 1110 quod
627 1076 740 1111 pulchra:
759 1081 850 1103 essent.
869 1077 973 1103 Concu-

179 1121 308 1155 piscenlia
327 1121 434 1149 fortiue'
457 1123 516 1149 illos
537 1123 563 1149 in
585 1122 653 1150 hanc
677 1123 779 1150 induxit
801 1123 945 1157 perniciem
961 1143 970 1156 ,

180 1167 351 1202 puIcltritudo
375 1173 499 1202 aspectus
526 1170 696 1196 scortationis
708 1174 735 1196 et
759 1170 971 1203 intemperantia:

177 1213 218 1240 eis
237 1214 344 1240 occasio
366 1214 424 1241 fuit.
453 1215 484 1241 Et
510 1223 595 1250 neque
615 1215 641 1242 id
661 1216 727 1242 satis
751 1215 854 1242 habens
874 1215 968 1242 addit:

179 1258 403 1292 Sumpseruntn'bi
410 1261 472 1294 ipsis
486 1269 577 1287 uxores
591 1261 622 1287 de
630 1261 753 1293 omnibus,
764 1270 826 1297 quas
834 1262 969 1296 elegerant:

176 1304 247 1338 quod
259 1305 341 1331 etiam
351 1313 472 1340 magnam
487 1306 592 1334 illorutn
603 1307 831 1341 intemperantiam
844 1307 968 1339 insinuat,

177 1349 248 1384 quod
263 1358 279 1377 a
291 1350 490 1385 pulchritudine
502 1353 565 1379 victi
583 1357 654 1384 sunt,
667 1358 695 1379 et
714 1352 819 1379 frenum
833 1353 970 1386 imponere

176 1395 336 1423 inordinatze
348 1397 570 1432 eottcupiscentire
585 1406 641 1425 sua:
662 1406 715 1425 non
732 1399 874 1426 valuerunt
890 1407 898 1425 :
921 1397 968 1425 sed

175 1443 323 1477 spectando
342 1444 411 1478 capti
427 1444 611 1479 submersiqne
626 1449 698 1475 sunt.
713 1450 793 1479 atque
810 1445 844 1472 ob
859 1445 967 1479 impium

176 1487 228 1515 boc
242 1496 310 1523 opus
329 1497 444 1524 superna
460 1490 625 1524 providentia
647 1498 706 1517 sese
725 1497 824 1517 vacuos
844 1490 968 1518 reddide-

177 1540 248 1562 runt.
261 1535 296 1562 Et
306 1540 336 1562 ut
347 1535 482 1563 discamus
495 1537 567 1570 ipsos
577 1544 630 1564 non
643 1537 701 1571 lege
710 1537 872 1571 nuptiarum,
882 1545 968 1572 neque

177 1581 402 1615 procreandorum
424 1582 537 1609 ftliornm
558 1583 641 1617 gratia
663 1583 714 1610 hoc
735 1584 844 1616 fecisse,
860 1590 969 1618 propter

175 1625 227 1653 hoc
233 1626 299 1653 dicit
313 1635 319 1652 :
332 1627 365 1654 Ut
376 1628 490 1654 uiderunt
500 1629 568 1662 quod
581 1629 695 1663 pulo/tm
708 1635 797 1660 essent,
810 1634 968 1664 sumpserunt

175 1673 335 1707 sibimetipsis
354 1681 446 1700 tutores
465 1675 496 1700 de
510 1675 642 1706 omnibus,
662 1683 724 1708 quas
743 1676 877 1710 elegerant.
900 1676 967 1709 Quid

177 1718 278 1753 igitur?
299 1719 511 1753 reprcbendetne
530 1720 625 1754 aliquis
646 1728 781 1754 aspectum
804 1721 967 1748 oculorum?

176 1762 232 1790 Non
249 1772 257 1790 :
274 1772 362 1799 neque
375 1765 445 1791 enim
457 1766 550 1792 oculus
563 1766 645 1791 ruinae
659 1773 738 1792 causa
761 1766 830 1799 fuit,
855 1766 902 1793 sed
922 1775 968 1794 vo-

176 1810 284 1838 luntatis
300 1811 458 1846 negligentia
471 1817 498 1838 et
511 1811 639 1838 ell'renata
654 1812 879 1846 concupiscentia.
901 1813 967 1839 Nam

175 1857 268 1883 oculus
284 1861 423 1891 propterea
445 1856 528 1883 factus
542 1861 583 1883 est
597 1878 604 1888 ,
618 1861 646 1882 ut
669 1857 731 1883 dum
749 1857 819 1884 videt
833 1862 967 1884 creaturas

176 1901 234 1934 Dei,
255 1902 371 1937 ipsorum
385 1903 555 1930 Conditorem
571 1903 698 1930 celebret.
717 1903 805 1937 Itaque
819 1905 887 1930 oculi
901 1912 967 1939 opus

173 1953 215 1975 est
228 1949 319 1976 videre
336 1957 342 1975 :
363 1949 433 1977 male
452 1954 540 1976 autent
559 1950 648 1976 videre
661 1971 668 1980 ,
688 1957 702 1975 a
724 1954 812 1976 tuente
825 1955 882 1982 est,
908 1959 967 1985 qua:

174 1993 336 2022 intrinsecus
347 1995 486 2029 gubernat.
509 1994 575 2021 Natu
595 1995 714 2022 membra
736 2001 824 2022 nostra
839 1996 911 2022 utilia
932 1996 966 2022 ad

174 2039 273 2067 bonum
288 2040 452 2074 operandam
465 2040 570 2067 condita
582 2046 643 2068 sunt
654 2049 669 2067 a
684 2041 796 2068 Domino
806 2062 813 2072 ,
827 2046 854 2068 et
868 2043 966 2076 guber-

175 2087 231 2112 nari
244 2094 276 2112 ea
294 2087 426 2113 concessit
440 2087 473 2115 ab
487 2087 642 2122 incorporea
657 2088 815 2118 substantia,
831 2088 864 2115 de
878 2088 966 2115 anima

173 2131 244 2158 dico.
268 2131 412 2166 Postquam
424 2138 514 2159 autem
528 2133 586 2160 haec
598 2134 733 2167 neg!igcus
747 2142 816 2166 esse,
832 2139 859 2161 et
883 2134 966 2161 babe-

175 2185 223 2205 nas
236 2178 328 2206 laxare
348 2179 459 2214 coeperit
471 2200 477 2211 ,
499 2180 723 2214 quemadmodum
738 2181 828 2215 auriga
843 2181 966 2209 nesciens

173 2230 303 2257 equorum
325 2223 450 2251 ferociam
464 2231 636 2259 compescere
649 2246 656 2257 ,
673 2226 791 2252 remissis
814 2225 896 2253 frenis
908 2247 916 2258 ,
940 2232 966 2253 et

173 2276 257 2303 equos
269 2277 378 2297 currum
394 2271 530 2298 trahentes
545 2276 571 2298 et
585 2271 702 2305 seipsum
723 2273 748 2298 in
767 2280 886 2307 praeceps
900 2273 966 2307 deji-

173 2313 228 2341 cit:
244 2315 284 2342 sic
297 2314 377 2349 plane
388 2320 415 2342 et
427 2316 551 2342 voluntas
575 2320 663 2343 nostra
682 2316 895 2352 quandoquidem
919 2325 967 2345 ne—

173 2359 224 2386 scit
245 2360 373 2387 membris
395 2365 424 2387 ut
446 2365 552 2395 oportet
571 2362 625 2393 uti,
649 2362 806 2389 inordinatis
827 2363 965 2398 indulgens

173 2406 395 2439 concupiscentiis
409 2406 524 2440 seipsam
540 2407 694 2443 submergit.
720 2408 862 2443 Propterea
879 2410 967 2437 Domi-

174 2457 224 2477 nus
239 2455 332 2478 noster
344 2451 476 2485 Christus,
489 2453 699 2488 sciensl'ragilem
714 2460 831 2481 uestram
843 2461 965 2483 naturam

172 2501 199 2523 et
212 2497 358 2524 voluntatis
370 2498 566 2533 negligentiam,
581 2500 665 2535 legem
682 2502 767 2535 posuit
781 2510 839 2537 qua:
851 2504 966 2530 muniret

172 2547 204 2575 ac
216 2541 372 2576 prohiberet
386 2544 518 2571 curiosum
534 2546 790 2580 considerationem,
807 2553 836 2574 ut
854 2556 964 2576 nascens

172 2586 198 2613 in
207 2587 454 2621 nobishtccudium,
463 2597 522 2616 ctmt
534 2590 620 2618 adlntc
636 2592 725 2625 procul
739 2594 963 2629 est.exstinguat;

172 2637 199 2659 et
212 2633 248 2660 ait
260 2641 269 2660 :
286 2633 336 2666 Qui
351 2635 442 2669 aspicit
455 2634 593 2667 mulierem,
602 2631 635 2663 ἰιι
645 2639 805 2671 concupiscat
818 2639 898 2670 illam,
908 2642 964 2675 jmn

172 2678 324 2706 adulterium
336 2680 462 2706 commisit
473 2689 530 2708 cum
544 2682 589 2708 illa
603 2682 629 2708 in
650 2685 725 2709 corda
747 2692 792 2710 suo
807 2685 816 2719 (
829 2685 920 2712 Matt/1.
937 2688 962 2713 5.

172 2722 228 2759 28).
249 2724 362 2759 Propter
382 2725 453 2758 hoc,
479 2726 573 2761 inquit,
597 2728 726 2755 interdico
752 2730 827 2757 vobis
844 2731 962 2759 illicitum

172 2769 257 2795 visum
268 2790 276 2802 ,
301 2774 329 2797 ut
343 2770 377 2797 ab
391 2779 472 2806 opere
489 2772 579 2799 illicito
602 2781 650 2799 vos
670 2774 790 2802 liberem.
814 2775 852 2803 Nc
868 2782 940 2811 putes
955 2799 961 2810 ,

203 2859 212 2874 '
230 2858 292 2886 Vox.
301 2860 399 2893 lamiae,
412 2861 483 2887 deest
495 2862 519 2886 in
533 2862 675 2893 quibusdam
685 2867 736 2889 Mss.

1035 202 1127 237 inquit.
1143 211 1287 238 etnigressn
1303 206 1390 233 solum
1402 214 1538 241 peccatum
1554 210 1607 238 fieri
1623 221 1628 238 :
1646 213 1772 243 voluntas
1789 220 1830 243 est

1030 255 1090 281 quae
1112 250 1316 277 cundeuntatur.
1343 251 1424 285 igitur
1445 259 1472 280 et
1494 254 1519 280 hi
1540 256 1602 282 visa:
1622 259 1830 292 pulchritudinis

1031 295 1183 327 spectaculo
1203 298 1271 330 capti
1294 303 1364 324 sunt.
1392 299 1511 326 Viderunt
1534 304 1616 336 enim,
1641 305 1722 340 inquit
1737 328 1744 340 ,
1759 315 1829 344 ιμιοιι

1031 338 1144 372 pulchra:
1162 347 1252 374 essent,
1269 349 1293 369 et
1307 351 1466 378 sumpserunt
1478 347 1525 373 sibi
1538 356 1628 375 ustore:
1650 359 1681 377 ra;
1700 338 1825 385 omnibus,

1030 394 1092 418 quas
1117 387 1251 422 eli-gerant.
1277 389 1329 416 Sed
1354 391 1492 419 videamus
1516 394 1596 420 etiam
1622 401 1682 429 post
1707 398 1825 426 illicitam

1031 430 1134 458 illorutn
1149 434 1340 466 operationem.
1363 441 1390 464 et
1404 438 1626 472 intemperantem
1639 443 1757 470 animum
1776 446 1827 471 l‘to—

1030 476 1094 503 mini
1111 478 1156 504 ltei
1166 478 1323 507 bonitatem.
1338 482 1365 508 5.
1379 481 1460 516 Dixit,
1476 484 1579 519 inquit,
1598 486 1722 516 Dominus
1738 489 1825 518 Deus:

1032 521 1090 548 Non
1105 525 1258 556 permanebit
1272 526 1385 560 Spiritus
1402 537 1471 556 incus
1485 530 1510 556 in
1525 531 1667 559 hominibus
1683 534 1723 561 Itis
1738 535 1763 560 in
1778 544 1826 562 stt-

1029 568 1123 600 culum,
1136 578 1164 595 eo
1174 571 1242 605 quod
1253 572 1301 605 ipsi
1315 581 1403 600 carnes
1419 575 1478 602 sint.
1494 576 1576 604 Erunt
1591 585 1674 606 autem
1687 581 1739 608 dies
1753 583 1823 617 ipso-

1028 621 1084 640 rum
1097 620 1196 642 centum
1207 618 1295 652 viginti
1305 620 1375 646 anni.
1397 620 1445 648 llic
1460 622 1484 649 in
1503 625 1593 657 paucis
1610 627 1697 654 verbis
1710 629 1822 661 abyssus

1028 660 1217 698 misericordia:
1233 664 1314 691 videri
1330 671 1428 699 potest.
1451 668 1485 695 Et
1499 670 1573 702 dixi,
1589 672 1683 706 inquit,
1697 660 1822 703 Dominus

1028 704 1097 733 Deus
1113 714 1122 733 :
1135 707 1195 734 Non
1210 711 1364 744 permanebit
1376 712 1488 746 Spiritus
1501 723 1569 742 metu
1583 717 1609 744 in
1623 709 1767 748 hominibus
1784 723 1825 749 Itis

1027 751 1054 777 in
1066 753 1196 785 sarculum,
1209 763 1237 781 eo
1253 757 1320 789 quod
1330 758 1379 792 ipsi
1393 767 1481 786 carnes
1494 762 1554 789 sint.
1575 762 1702 797 Spiritum
1718 767 1761 793 hic
1776 775 1824 802 po-

1029 798 1137 825 tentiam
1152 807 1237 832 suam,
1249 810 1300 836 qua
1313 811 1404 831 curatn
1418 807 1502 833 nostri
1517 809 1568 842 agit
1580 829 1588 841 ,
1609 817 1685 838 vocat
1695 832 1702 843 μ
1715 812 1821 841 illortttn

1029 842 1165 871 interitum
1180 848 1372 880 praenuntians.
1393 849 1428 877 Et
1443 856 1467 877 ut
1482 852 1552 879 scias
1568 853 1617 881 hac
1629 855 1662 883 de
1676 864 1705 884 re
1719 865 1822 885 sermo-

1028 896 1087 915 nem
1099 889 1202 922 haberi,
1217 892 1278 920 vide
1290 894 1352 927 quid
1365 895 1505 924 subdatur.
1522 898 1560 925 Eo
1571 901 1639 933 quod
1654 902 1713 936 ipsi,
1726 904 1820 938 inquit.

1026 942 1114 961 carnes
1129 936 1179 963 sint
1199 945 1209 964 :
1230 938 1281 965 hoc
1302 944 1357 972 est,
1380 948 1413 969 eo
1432 943 1502 976 quod
1525 946 1675 974 carnalibus
1696 951 1822 983 operibus

1026 982 1128 1014 seipsos
1143 987 1212 1010 totos
1226 984 1333 1019 dedant,
1347 992 1376 1014 et
1390 988 1485 1016 anima:
1504 992 1651 1020 substantia
1665 982 1819 1028 abutantur.

1025 1030 1053 1051 et
1067 1028 1142 1060 qm-si
1162 1028 1218 1055 sola
1235 1037 1314 1058 carne
1335 1032 1492 1062 circumdati
1514 1037 1601 1065 anitna
1626 1047 1764 1075 carerent,
1781 1045 1821 1071 sic

1026 1072 1107 1099 vitam
1127 1081 1203 1101 suam
1225 1076 1376 1106 absumant.
1406 1080 1551 1115 Perpetuus
1573 1086 1644 1112 enim
1675 1072 1819 1123 Scriptura:

1027 1125 1086 1145 mos
1100 1124 1151 1151 est,
1168 1128 1276 1148 carnem
1291 1131 1387 1152 vocare
1400 1128 1520 1154 carnales
1532 1137 1538 1154 :
1552 1129 1620 1157 sicut
1639 1132 1737 1161 virtute
1751 1143 1818 1168 pne-

1026 1167 1148 1197 stantes,
1173 1168 1261 1194 carnis
1283 1175 1407 1203 expertes
1431 1173 1570 1200 nominat:
1593 1167 1817 1209 quemadmodum

1025 1207 1121 1235 Paulus
1132 1209 1196 1236 dicit
1207 1219 1213 1236 ε
1230 1211 1279 1238 Vos
1291 1218 1374 1240 autem
1387 1223 1437 1242 non
1445 1217 1504 1246 estis
1516 1218 1543 1245 in
1554 1207 1628 1247 carne
1640 1221 1726 1257 (Rom.
1739 1224 1766 1252 8.
1778 1226 1815 1259 9):

1024 1262 1076 1281 non
1098 1256 1168 1289 quod
1191 1264 1243 1284 non
1265 1266 1348 1286 carne
1369 1261 1526 1290 circumdati
1551 1271 1660 1299 essent,
1686 1269 1733 1295 sed
1756 1256 1816 1303 qni.-

1023 1308 1103 1328 carne
1115 1302 1283 1336 circumdati,
1291 1307 1441 1340 superiores
1451 1314 1526 1336 erant
1534 1313 1686 1340 carnalibus
1696 1302 1817 1343 :tll‘cctio-

1024 1347 1101 1374 nibus
1115 1350 1284 1377 etsensibus.
1296 1351 1362 1379 Nam
1378 1353 1445 1381 sicut
1461 1355 1519 1382 istis
1530 1356 1637 1385 dicebat
1652 1368 1658 1385 :
1674 1359 1723 1387 Vas
1733 1368 1817 1390 autum

1022 1401 1073 1419 non
1084 1394 1143 1421 estis
1156 1395 1182 1422 in
1196 1405 1281 1429 cat-ne,
1298 1405 1330 1424 eo
1341 1399 1412 1432 quod
1428 1402 1544 1429 carnalia
1559 1403 1741 1438 despiciebant
1756 1416 1763 1435 :
1780 1408 1816 1436 ita

1023 1444 1048 1465 et
1062 1439 1095 1466 de
1111 1440 1162 1467 illis
1177 1441 1283 1476 dicitur,
1295 1444 1364 1477 quod
1378 1445 1428 1472 sint
1444 1453 1539 1475 carnes
1549 1469 1556 1478 ,
1570 1456 1602 1475 eo
1617 1451 1686 1484 quod
1699 1455 1818 1480 carnali-

1024 1484 1073 1511 btts
1088 1485 1167 1513 rebus
1180 1489 1307 1514 continuo
1320 1489 1373 1516 sint
1387 1493 1518 1525 occupati.
1537 1492 1575 1519 E0
1589 1496 1656 1529 quod
1667 1497 1716 1530 ipsi
1728 1506 1815 1525 carnes

1022 1530 1082 1561 sint,
1097 1538 1149 1558 non
1166 1532 1234 1559 ultra
1246 1534 1389 1561 concedam
1404 1536 1444 1563 eis
1455 1542 1483 1563 ut
1497 1540 1612 1572 peccatis
1625 1541 1681 1568 suis
1696 1542 1816 1578 coinqui-

1023 1581 1127 1603 llCllllll'.

1056 1622 1082 1648 4.
1100 1622 1191 1649 Vidisti
1213 1624 1401 1659 indignationis
1416 1630 1646 1662 magnitudinem?
1660 1633 1747 1662 vidisti
1763 1636 1813 1662 mi-

1022 1676 1114 1695 narum
1131 1670 1326 1699 vehementiam
1339 1674 1350 1698 ’ἶ
1371 1674 1518 1702 Considera
1534 1677 1612 1703 etiam
1626 1681 1760 1712 quomodo
1774 1682 1814 1708 in-

1023 1714 1201 1742 terminationi
1215 1721 1240 1744 et
1254 1718 1428 1752 indignationi
1440 1721 1647 1750 misericordiam
1661 1724 1812 1753 admiscuit.

1022 1759 1093 1787 Talis
1107 1762 1179 1788 enim
1200 1767 1239 1789 est
1257 1763 1385 1791 Domintts
1407 1771 1497 1793 noster
1513 1775 1519 1794 :
1536 1769 1651 1795 mittatur
1664 1777 1745 1804 saepe,
1763 1781 1813 1799 non

1022 1810 1050 1831 ut
1060 1813 1141 1840 opere
1148 1808 1280 1842 compleat
1295 1810 1391 1843 minas,
1405 1812 1451 1838 sed
1462 1817 1489 1838 ut
1502 1814 1630 1843 correctis
1643 1816 1721 1843 nobis
1729 1819 1813 1844 minus

1022 1859 1073 1878 non
1086 1852 1119 1879 ad
1133 1860 1199 1887 opus
1212 1855 1348 1889 perducat.
1371 1857 1475 1892 Alioqui
1492 1859 1514 1885 si
1538 1860 1632 1893 punire
1647 1863 1742 1895 vellet,
1766 1872 1812 1891 cur

1022 1898 1197 1930 praediceret?
1218 1900 1346 1935 Sedquia
1361 1910 1412 1930 non
1428 1904 1499 1937 vult,
1518 1913 1624 1940 semper
1636 1913 1775 1936 cunctatur
1787 1916 1812 1937 et

1023 1951 1123 1970 tuoram
1139 1946 1230 1977 nectit,
1244 1952 1270 1973 et
1280 1947 1380 1980 ditl‘erl,
1395 1953 1421 1975 et
1436 1950 1564 1983 praedicit.
1580 1953 1747 1981 occasionem
1762 1956 1813 1983 reis

1021 1995 1160 2022 praestans,
1175 1995 1203 2017 ut
1219 1992 1342 2026 fugiendo
1357 1994 1484 2021 malitiam
1498 2000 1523 2022 et
1538 1997 1663 2024 sectanda
1679 2000 1815 2035 virtutem,

1021 2043 1115 2070 poenas
1130 2045 1181 2063 non
1196 2039 1376 2072 experiantur.
1398 2040 1488 2075 ltaqtte
1504 2048 1644 2077 postquam
1656 2045 1795 2073 intermina
1807 2062 1814 2066 -

1022 2086 1070 2107 tus.
1089 2087 1130 2108 est
1149 2082 1210 2109 illos
1232 2091 1261 2110 se
1280 2086 1493 2113 exterminationi
1515 2089 1631 2121 generali
1655 2090 1812 2119 traditurum

1020 2127 1083 2161 (hoc
1097 2129 1167 2154 enim
1180 2134 1231 2161 est,
1241 2129 1301 2156 Non
1315 2132 1468 2164 permanebit
1485 2133 1598 2167 Spiritus
1613 2143 1681 2162 meus
1691 2137 1716 2162 in
1732 2138 1813 2164 ltomi~

1019 2173 1092 2199 nibus
1110 2174 1180 2205 istis.
1203 2183 1231 2201 eo
1246 2176 1313 2209 quod
1334 2177 1383 2210 ipsi
1402 2177 1452 2204 sint
1467 2186 1556 2206 carnes
1572 2188 1580 2206 :
1601 2188 1633 2207 ac
1649 2181 1671 2207 si
1693 2182 1813 2216 diceret,

1020 2218 1077 2245 Non
1089 2219 1174 2246 sinam
1190 2221 1249 2247 illos
1266 2222 1375 2255 posthac
1389 2223 1501 2259 vivere),
1518 2233 1569 2252 non
1584 2232 1725 2254 contetttus
1738 2230 1812 2263 quit:-

1019 2271 1158 2299 gcntorutn
1172 2275 1303 2295 annorum
1318 2269 1461 2303 patientia,
1479 2279 1529 2305 qua
1546 2280 1592 2306 per
1610 2281 1716 2301 omnem
1732 2276 1811 2302 vitam

1019 2311 1085 2344 Noe,
1110 2313 1202 2339 audito
1221 2313 1291 2340 illius
1308 2315 1416 2342 nomine
1429 2316 1603 2350 docebantur,
1629 2327 1699 2346 nunc
1715 2321 1810 2347 iterum

1021 2357 1177 2391 protrahens
1187 2363 1215 2384 et
1226 2358 1353 2387 differens
1364 2360 1583 2395 indignationem,
1597 2363 1667 2390 aliud
1680 2364 1732 2391 illis
1746 2372 1812 2392 tem-

1021 2410 1068 2435 pus
1082 2403 1232 2436 praescribit
1245 2408 1270 2430 et
1283 2405 1346 2431 dicit
1360 2413 1367 2430 :
1384 2405 1570 2433 lnterminatm
1585 2415 1655 2440 sum,
1672 2414 1698 2436 et
1711 2409 1765 2436 dixi
1784 2415 1811 2436 et

1021 2448 1105 2481 palam
1121 2449 1170 2476 feci
1182 2458 1268 2476 meam
1284 2451 1501 2486 indignationem,
1517 2462 1596 2488 quam
1613 2455 1649 2481 ob
1661 2457 1810 2484 multitudi-

1021 2503 1080 2521 nem
1105 2501 1274 2530 peccatorum
1289 2517 1298 2529 ,
1322 2506 1381 2532 qu:e
1401 2500 1502 2533 operati
1519 2501 1583 2527 estis
1595 2521 1602 2532 ,
1631 2502 1705 2529 vobis
1720 2503 1810 2531 inferri

1017 2542 1119 2574 justum
1142 2547 1184 2569 est
1207 2551 1214 2569 :
1241 2543 1287 2570 sed
1302 2544 1362 2578 quia
1386 2545 1467 2571 etiam
1490 2553 1536 2572 eus
1560 2547 1604 2580 qtti
1630 2547 1811 2576 incurabilitcr

1020 2592 1207 2621 peccaverunt,
1225 2588 1337 2615 salutent
1353 2589 1479 2624 consequi
1495 2590 1564 2623 volo,
1582 2592 1735 2627 nullumque
1751 2601 1811 2627 per-

1020 2633 1068 2662 ire.
1084 2634 1183 2660 idcirco
1197 2635 1270 2662 vobis
1286 2635 1408 2669 indulgeo
1420 2641 1447 2662 et
1470 2641 1573 2672 tempus
1593 2645 1699 2665 centum
1719 2640 1809 2675 viginti

1018 2687 1147 2706 annorum
1163 2680 1200 2714 (tt)
1215 2689 1221 2706 :
1238 2684 1275 2712 ut,
1292 2681 1313 2707 si
1330 2681 1465 2708 volueritis
1477 2702 1485 2714 ,
1502 2688 1529 2709 et
1546 2689 1652 2717 peccata
1671 2685 1811 2712 abluet-itis

1049 2778 1084 2807 (α)
1098 2777 1166 2806 Quod
1184 2777 1223 2810 hic
1242 2778 1367 2810 subiungit
1382 2779 1577 2810 Chrysostomus.
1595 2781 1649 2805 illos
1665 2787 1762 2807 centum
1775 2785 1810 2807 vi.

1017 2809 1078 2845 giptt
1099 2814 1175 2831 annos
1193 2808 1218 2831 in
1235 2809 1322 2833 Genesi
1336 2808 1494 2845 'mgtnorstos
1516 2815 1613 2845 tempus
1634 2813 1740 2845 intlrimre
1761 2821 1810 2845 quo

1017 2838 1133 2863 diluvmm
1145 2842 1274 2862 venturum
1287 2843 1347 2873 erat,
1361 2839 1469 2871 illudque
1479 2838 1583 2871 spatium
1595 2843 1659 2873 quod
1672 2838 1810 2869 interc-Scit

1018 2877 1032 2894 a
1045 2874 1157 2901 tempore
1168 2876 1216 2901 quo
1227 2873 1292 2895 Deus
1309 2870 1572 2904 dilttt‘ittttipra-tlixit,
1591 2870 1620 2897 ad
1638 2874 1716 2905 ipstun
1728 2879 1806 2904 usque
