2058 3123
200 133 248 161 191

201 184 384 223 resipisecndo
395 187 475 218 atque
492 181 517 208 itt
537 181 646 207 meliora
662 185 710 205 vos
725 175 918 207 convertentlo,
935 179 995 200 ncc-

204 242 255 261 nnn
269 231 359 260 virtuti
376 227 547 258 studttcritis,
565 232 703 260 ραιηιιιιιιιιι
717 222 831 258 pericula
846 216 997 255 ell'ugiatis:

205 279 287 306 Erunt
301 277 371 304 cttim
385 296 393 309 ,
417 275 516 309 inquit,
537 272 591 298 dies
604 278 690 297 eorum
705 269 766 296 anni
787 273 887 294 centum
901 265 999 300 viginti.

203 327 231 354 4.
249 325 370 360 Gigantes
385 326 479 351 autem,
496 318 590 353 inquit.
602 321 672 344 erant
685 323 760 350 super
773 319 865 340 terram
878 312 903 338 in
914 310 1001 337 diebus

205 373 267 400 illis.
283 356 321 398 ~Et
335 374 496 404 posteaquam
511 364 616 399 ingressi
627 367 684 389 sunt
700 361 747 395 filii
763 359 811 386 Dei
824 358 858 385 ad
871 358 939 392 filias
953 356 1001 382 lto-

207 419 315 448 tniuum,
329 400 432 448 illwque
440 412 486 440 sibi
499 413 638 446 genuerunt
648 428 658 440 ,
678 407 717 433 illi
729 409 800 432 erant
813 405 926 439 gigantes
935 423 942 433 ,
958 400 1002 435 qui

207 463 328 492 asazculo
339 461 385 488 viri
399 458 501 495 famosi.
522 456 647 490 Gigantes
659 453 701 480 ltie
719 459 733 478 a
753 451 841 478 divina
865 448 1002 482 Scriptura

207 510 260 537 dtci
276 508 371 543 opinor
382 505 504 532 robustos
517 507 640 535 corpore.
662 498 699 526 Ex
714 497 776 529 illis,
792 495 877 530 inquit
890 515 897 526 ,
919 499 1003 528 gene-

209 557 278 584 ratio
301 553 405 581 illorunt
429 555 504 578 aucta
524 554 574 576 est.
595 546 624 573 id
639 544 708 581 qttod
725 543 819 571 etalio
843 542 902 568 loco
914 540 1004 566 videre

211 603 273 629 licet
290 600 389 627 dictum
404 607 410 623 ι
428 596 547 631 Gigantes
560 614 568 626 ,
594 592 697 626 inquit,
721 589 822 616 veniunt
842 592 869 613 ut
894 587 1006 621 furorem

212 655 294 674 meum
309 646 408 681 placent
422 642 499 679 (lsai.
514 641 556 667 l3.
569 640 607 673 5).
621 637 696 664 llurtc
710 642 789 670 porro
797 637 903 661 centum
915 630 1005 667 viginti

213 699 343 720 annorum
353 695 503 718 numernnt,
519 684 598 719 aliqui
612 686 702 717 putant
711 680 852 708 termituttn
864 677 922 705 titan
930 683 1004 704 esse:

214 746 267 766 ttott
283 737 333 763 ltoc
345 740 434 762 autent
446 731 589 766 sigttil‘uzat,
603 728 650 756 sed
667 734 737 754 tuine
752 725 904 759 patientiam
919 722 1008 749 decla-

215 791 277 812 rare
288 781 356 815 vult,
372 787 450 815 quain
465 783 493 805 ct
504 781 563 812 post
582 776 639 802 ha-c
655 778 762 809 peccata
783 773 809 799 itt
825 772 897 806 ipsos
916 774 1008 796 osten-

217 830 267 858 dit.
288 828 369 864 Igitur
388 831 416 853 ut
430 825 563 852 discamus
586 822 646 849 illos
672 825 731 855 post
755 818 962 853 indignationem
983 819 1011 842 et.

219 861 324 907 minas',
349 877 376 900 et
397 871 464 898 tanti
484 868 611 903 temporis
624 865 839 896 diuturnitatem,
854 870 932 898 quam
945 861 1011 896 ipsis

218 922 245 950 in
265 920 447 957 paenitentiam
461 917 582 948 dederat,
598 923 650 942 non
667 913 752 941 soluttt
769 911 834 939 nihil
853 910 1008 945 profecisse,

221 968 269 995 sed
293 967 319 994 in
344 965 436 992 iisdem
463 962 581 990 moribus
603 958 817 995 perseveravisse
841 966 847 984 :
874 960 1012 991 propterea

221 1014 295 1045 dicit,
312 1011 452 1045 Postquam
470 1007 576 1043 ingressi
597 1010 654 1033 sunt
676 1005 724 1040 ﬁlii
737 1003 784 1030 Dei
798 1003 832 1029 ad
845 1003 911 1037 ﬁlias
931 1001 1014 1027 homi-

223 1066 299 1088 num,
320 1056 420 1090 illwque
443 1054 490 1081 sibi
502 1056 651 1088 genuerunt,
667 1049 705 1076 illi
718 1052 789 1076 erant
803 1048 926 1084 gigantes,
942 1046 985 1081 qui
1000 1053 1016 1071 a

223 1106 317 1132 sotcuto
326 1102 371 1130 viri
380 1100 481 1137 famosi.
493 1098 587 1126 Vidisti
602 1095 778 1132 improbitatis
788 1093 995 1129 magnitudinem
1004 1091 1016 1118 ‘!

223 1149 313 1177 vidisti
334 1136 454 1182 stupidas
473 1150 501 1173 et
522 1143 624 1171 doloris
648 1148 730 1169 sensu
750 1145 874 1167 carentes
894 1136 1018 1166 animas?

225 1197 317 1231 Neque
331 1201 419 1230 pana:
437 1193 534 1225 timor,
546 1196 636 1224 neque
649 1187 798 1215 tolerantia:
812 1191 916 1219 tempus
936 1182 1020 1210 arcuit

227 1229 287 1270 illos
301 1249 317 1268 tt
330 1229 406 1267 matis
416 1237 542 1272 operibus
557 1245 564 1262 :
580 1234 627 1262 sed
639 1233 722 1261 semel
737 1233 764 1259 in
778 1237 898 1267 prreceps
912 1229 1019 1263 dejecti,

227 1293 255 1316 et
278 1287 375 1315 mentis
399 1284 475 1312 oculo
501 1280 648 1313 excmcati,
669 1287 684 1306 a
704 1278 770 1305 mala
795 1274 1019 1310 concupiscentia,

228 1333 303 1369 quasi
318 1332 352 1359 ab
365 1330 493 1358 ebrietate
505 1327 619 1362 qttadattt
630 1324 758 1356 demersi,
767 1322 801 1349 ad
812 1330 841 1349 se
853 1320 941 1348 redire
954 1319 1022 1346 ultra

231 1365 373 1407 uoluerunt
388 1385 395 1402 :
411 1372 636 1410 quemadmodum
651 1375 677 1398 et
691 1371 797 1404 sapiens
817 1366 925 1402 quidattt
938 1365 1002 1393 dicit
1015 1372 1022 1390 :

231 1425 330 1460 Impius
340 1444 347 1455 ,
372 1430 428 1448 cum
442 1421 467 1447 in
483 1417 636 1455 profundum
651 1413 916 1444 cecideritmalormn,
940 1415 1024 1438 conte-

233 1456 297 1498 mnit
313 1469 402 1504 (Prov.
421 1467 464 1494 18.
480 1465 519 1500 3).
534 1463 620 1492 Grave
639 1462 721 1493 cttittt,
740 1466 821 1494 grave
841 1461 898 1490 est,
913 1456 1024 1487 dilecte,

233 1517 294 1552 capi
317 1501 418 1549 laqueis
438 1511 547 1539 diaboli.
575 1508 669 1536 Anima
692 1506 762 1534 ettint
783 1508 877 1540 postea
899 1502 975 1537 quasi
1000 1501 1026 1528 in

234 1562 334 1590 retibus
353 1557 545 1592 comprehensa
563 1553 691 1584 traltitttr,
715 1555 743 1578 et
764 1550 833 1577 sicut
856 1555 903 1576 sus
926 1548 952 1573 itt
981 1546 1027 1572 luti

236 1606 375 1634 volutabro
390 1604 549 1633 oblectatur,
565 1601 604 1627 sic
617 1604 644 1626 et
658 1599 707 1625 ista
722 1605 736 1624 a
751 1596 819 1623 mala
836 1593 1029 1622 consuetudine

236 1654 342 1684 obruta,
358 1658 391 1678 ne
411 1649 493 1677 sentit
505 1647 611 1682 quidem
626 1648 795 1680 peccatorum
812 1641 945 1668 fauorem.
968 1638 1030 1665 Ideo

237 1706 305 1735 opus
324 1702 366 1725 est
379 1701 407 1723 ttt
421 1695 502 1723 sobrii
516 1698 543 1720 et
557 1691 649 1726 vigiles
663 1690 762 1721 simus,
784 1695 818 1714 tte
836 1686 869 1713 ab
886 1685 960 1712 ittitio
975 1683 1031 1710 dia-

239 1745 301 1774 bolo
322 1745 470 1779 ingressum
493 1738 687 1768 concedamus,
708 1739 736 1762 nt
754 1742 789 1761 nc
804 1732 976 1760 obtettcbrata
989 1737 1033 1757 ra-

240 1793 312 1821 tione
332 1795 422 1818 nostra
432 1810 438 1821 ,
459 1792 485 1815 et
505 1790 636 1815 eaczectua
654 1782 751 1811 mentis
766 1779 926 1816 pcrspicacia
937 1799 944 1812 ,
956 1776 1033 1812 quasi

243 1839 360 1875 privatos
375 1836 454 1870 ltujus
467 1833 532 1861 solis
547 1832 646 1859 lumine
662 1829 764 1860 reddat,
783 1834 832 1854 nec
852 1826 988 1853 valeamus
1007 1823 1033 1849 in

243 1885 331 1913 radios
344 1883 407 1910 solis
419 1880 528 1915 justitia:
541 1877 672 1908 contueri,
687 1880 713 1902 et
727 1875 762 1901 ita
776 1874 801 1900 itt
823 1878 941 1907 praeceps
963 1869 1035 1897 fera-

244 1939 304 1958 mur
321 1938 326 1955 :
342 1928 367 1955 id
382 1927 451 1962 quod
467 1930 494 1952 ct
505 1925 556 1951 illis
569 1929 631 1950 tunc
645 1921 754 1949 accidit.
771 1919 837 1946 Audi
853 1917 924 1945 enim
939 1917 1035 1942 iterum

245 1974 371 2003 bonitatis
383 1959 428 1999 Dei
443 1969 621 1998 tolerantiam.
638 1967 665 1994 5.
690 1965 723 1992 Ut
743 1964 804 1992 vidit
824 1967 916 1992 autent,
941 1959 1036 1995 inquit,

246 2021 372 2049 Dominus
389 2018 467 2050 Deus,
483 2016 550 2052 quod
572 2013 748 2048 multiplicato:
767 2014 826 2037 sunt
842 2007 945 2035 malitia:
957 2006 1039 2032 homi-

248 2075 310 2094 num
325 2073 399 2100 super
411 2050 514 2090 terram.
528 2059 595 2093 Quid
609 2059 659 2086 sibi
673 2057 729 2084 vult
744 2056 794 2082 hoc
806 2054 917 2085 dictum,
930 2051 963 2078 Ut
978 2050 1039 2077 vidit

248 2097 361 2141 autem?
375 2112 442 2138 Nunt
465 2107 604 2144 ignorabat
625 2102 771 2131 Dominus?
793 2101 869 2128 Absit
891 2107 897 2125 :
923 2097 970 2125 sed
992 2103 1040 2131 pro

250 2164 341 2188 nostra
358 2155 511 2184 inﬁrmitate
525 2152 613 2179 omnia
627 2153 716 2176 narrat
729 2147 818 2174 divina
833 2145 969 2178 Scriptura
983 2150 989 2168 :
1013 2146 1042 2168 ut

250 2212 300 2234 nos
314 2205 426 2235 doceat,
442 2208 489 2228 eos
501 2199 580 2225 etiatn
599 2201 661 2231 pOSt
683 2197 781 2220 tantam
804 2190 850 2217 Dei
873 2187 1041 2216 tolerantiam

250 2252 279 2279 in
303 2249 399 2277 iisdem
423 2245 554 2273 mansisse
577 2241 673 2271 malis,
688 2238 829 2266 autetiam
852 2235 879 2262 itt
901 2234 990 2268 pejora
1013 2240 1043 2259 se

249 2296 414 2332 conjecisse,
437 2293 495 2319 ait:
515 2289 548 2317 Ut
567 2287 629 2315 vidit
653 2290 755 2317 autem,
776 2282 843 2318 quod
870 2280 1044 2314 multiplicate

251 2348 310 2371 sunt
323 2339 427 2368 malitia:
441 2337 570 2364 hominum
583 2340 658 2367 super
666 2336 767 2358 terram.
786 2329 822 2355 Ex
833 2327 885 2354 hoc
894 2326 963 2353 enim
975 2324 1045 2351 tttalo

252 2395 345 2424 opere,
359 2385 433 2421 quasi
447 2391 463 2410 e
474 2382 546 2409 fonte
560 2378 674 2414 quodam
689 2397 696 2409 ,
711 2375 792 2402 mttlta
816 2373 896 2400 etiam
912 2371 962 2398 alia
979 2369 1044 2397 sub-

254 2416 407 2464 oriebaniur
416 2433 523 2466 peccata
537 2435 544 2454 :
555 2426 614 2453 ideo
625 2423 700 2455 dicit,
713 2421 819 2448 Malitia:
828 2419 967 2446 hominum.
979 2416 1044 2444 Nam

256 2483 299 2510 ubi
325 2463 452 2508 scortatio
463 2497 472 2510 ,
497 2479 524 2503 et
538 2473 641 2501 luxuria
657 2491 665 2504 ,
691 2475 718 2497 et
739 2473 811 2496 tanta
827 2463 1045 2500 intemperantia,

256 2523 401 2554 verisimile
416 2526 456 2549 est
472 2521 507 2549 ibi
523 2524 550 2547 et
569 2517 736 2547 ebrietatem,
751 2519 778 2541 et
790 2513 973 2548 crapulamet
990 2516 1047 2536 ma-

257 2579 336 2608 gnam
364 2568 530 2604 iniustitiam,
552 2569 580 2593 et
606 2563 763 2592 avaritiam.
792 2561 984 2592 innumeraque
997 2555 1047 2582 alia

258 2618 332 2646 nasci
358 2616 436 2643 mala.
454 2614 486 2641 Ut
501 2613 562 2640 vidit
584 2615 668 2637 autem
680 2630 687 2641 ,
703 2608 808 2643 inquit,
833 2605 956 2632 Dominus
980 2601 1049 2628 Deus

259 2663 325 2697 quod
338 2661 511 2696 ntultiplicat‘l'
523 2662 581 2685 sunt
598 2655 701 2683 malitia;
715 2653 843 2680 hominum
855 2658 930 2685 super
946 2653 1048 2678 (errant,

260 2751 377 2777 diluvium
389 2756 395 2774 :
409 2747 482 2778 illud,
501 2748 612 2777 inquam,
632 2748 715 2778 contra
733 2735 1052 2778 contntuttemuzsepten‘t‘iapl

387 2767 758 2811 spatium
777 2771 832 2795 vitze
848 2767 953 2811 hominisl
969 2770 1053 2811 postea

261 2796 529 2840 ἓῖἰιὲἕιὶέιῖἔυᾝῗὲιέἰᾶ
748 2808 823 2840 θηιιῳε
834 2796 996 2840 redigendpin
1006 2803 1013 2826 ;
1024 2796 1051 2819 et

537 2830 657 2871 quadrent
667 2830 719 2866 ,ἴδια
730 2830 915 2863 intelligendum
927 2832 974 2854 est.

562 123 597 151 ‘S.
618 119 758 150 .IOANNIS
777 113 1015 146 CililYSOSTOMl
1035 112 1191 141 ARCIHEP.
1214 110 1483 139 CONSTANTINOP.

1788 109 1842 137 192

1053 173 1155 206 etquod
1168 171 1336 206 unusquisque
1348 172 1440 206 rogitat
1461 171 1486 196 in
1505 170 1579 196 corde
1601 177 1646 196 suo
1668 169 1798 205 diligenter
1813 172 1848 198 ad

1054 217 1121 243 mala
1141 217 1254 244 omnibus
1265 218 1358 244 diebus.

1090 263 1116 289 5.
1139 262 1204 290 Vide
1225 262 1360 297 quontodo
1383 262 1483 297 singula
1507 270 1566 297 qua:
1583 262 1706 290 dicuntur
1723 267 1847 298 peccatus

1055 315 1112 335 rum
1136 307 1280 334 ostendunt
1301 307 1519 342 magnitudinem.
1546 307 1611 341 Quia
1625 308 1696 334 enim
1710 308 1735 334 itt
1750 315 1850 343 genere

1055 352 1131 385 dixit,
1143 352 1320 387 Multiplicataa
1329 357 1387 379 sunt
1402 353 1505 379 malitia:
1515 353 1643 380 hominum
1656 361 1734 387 super
1746 359 1850 386 terram,

1057 400 1184 433 subdidit,
1195 399 1228 426 Et
1242 399 1522 434 unusquisqueMagna
1537 399 1614 434 hujus
1628 399 1701 426 verbi
1715 400 1853 434 emphasis

1057 453 1082 474 et
1098 447 1137 473 vis
1150 452 1201 474 est.
1222 446 1280 474 Non
1305 447 1399 481 inquit,
1425 446 1580 473 adolescens
1593 446 1690 477 solntn,
1707 445 1753 472 sed
1766 451 1796 472 et
1811 453 1853 472 se-

1058 501 1108 520 nex
1134 493 1228 527 eadem
1250 493 1304 527 agit
1327 500 1385 527 qua:
1410 492 1586 519 adolescens:
1603 500 1689 527 neque
1703 493 1742 519 vir
1753 491 1852 520 solum.

1058 541 1104 567 sed
1118 545 1144 567 ct
1155 540 1270 567 mulier:
1284 547 1370 574 neque
1384 547 1477 566 servus
1490 539 1586 570 solum,
1601 539 1647 566 sed
1661 543 1687 565 et
1697 538 1783 566 liber:
1800 547 1854 565 non

1059 586 1135 614 dives
1149 587 1247 619 solum,
1263 586 1309 613 sed
1323 591 1349 613 et
1360 593 1470 620 pauper.
1485 585 1517 612 Et
1530 585 1650 616 \erbunt,
1665 583 1774 620 Cogitat,
1787 584 1856 611 mul-

1061 637 1115 659 tttttt
1138 632 1216 659 habet
1243 632 1381 659 momenti.
1406 631 1463 658 Nott
1487 631 1557 658 enim
1572 639 1603 658 ex
1619 631 1791 666 subreptiOne
1805 631 1856 656 hoc

1061 678 1114 705 illis
1136 677 1242 710 accidit,
1267 678 1314 704 sed
1338 677 1364 704 in
1387 677 1468 703 corde
1481 676 1607 711 cogitant,
1623 681 1651 703 et
1671 677 1727 703 haec
1739 683 1786 710 per
1798 675 1857 702 siu-

1061 724 1136 758 gulas
1150 722 1230 750 horas
1252 722 1370 754 volvunt,
1394 723 1419 749 itt
1435 722 1476 749 his
1492 722 1608 749 studinttt
1621 729 1698 748 suum
1711 721 1855 752 collocant,

1062 777 1089 799 et
1111 777 1197 805 neque
1221 769 1329 796 fortuito
1342 769 1424 796 semel
1440 773 1467 795 et
1481 769 1574 795 iterum
1589 768 1751 803 supplantati
1765 775 1781 794 a
1795 775 1857 803 pec-

1063 822 1133 851 cato,
1156 825 1171 843 a
1194 816 1295 844 malitia
1315 815 1366 843 sibi
1388 819 1545 850 temperant,
1568 815 1614 842 sed
1641 814 1783 849 diligenter
1797 821 1857 841 eam

1064 868 1200 895 exercent,
1214 868 1240 889 et
1254 861 1322 889 mala
1336 865 1498 896 operantur:
1515 861 1564 887 hoc
1578 864 1629 892 est,
1644 867 1739 894 magno
1757 859 1859 892 studio.

1063 910 1130 938 nihil
1145 910 1242 942 obiter,
1266 908 1333 935 nihil
1356 906 1519 941 negligenter
1531 906 1564 933 ab
1577 907 1617 933 eis
1631 907 1669 938 lit,
1687 912 1772 939 neque
1785 904 1860 932 brevi

1067 961 1197 991 tempore,
1211 954 1258 981 sed
1271 953 1394 980 omnibus
1408 953 1512 984 dtehns,
1528 959 1634 978 onmem
1649 958 1723 977 suam
1737 950 1816 976 vitam
1832 949 1860 975 itt

1068 1001 1119 1029 hoc
1130 1000 1296 1036 impenduttt.
1313 998 1406 1026 Vidisti
1421 997 1527 1025 malitiae
1538 995 1748 1024 immanitatem?
1771 995 1861 1022 vidisti

1068 1047 1203 1082 quontodo
1215 1045 1303 1073 dedita
1318 1052 1399 1080 opera
1411 1051 1466 1070 rem
1482 1043 1603 1074 fecerint,
1619 1042 1759 1076 diligenter
1772 1042 1862 1067 omnia

1067 1095 1138 1122 mala
1160 1097 1318 1128 operantes;
1336 1096 1363 1118 ct
1385 1090 1473 1117 omnis
1485 1094 1551 1116 aetas
1563 1088 1597 1115 ad
1617 1087 1748 1122 agendum
1764 1086 1863 1114 malum

1071 1149 1118 1170 sua
1129 1144 1224 1176 sponte
1232 1137 1392 1167 accesserit?
1404 1136 1586 1171 Unusquisque,
1599 1134 1693 1168 inquit,
1705 1141 1792 1167 neque
1799 1137 1866 1159 aeut:

1071 1189 1224 1218 immatura,
1238 1191 1265 1213 et
1277 1184 1394 1219 alioquin
1405 1183 1541 1216 inexperta
1556 1181 1685 1207 maloruttt
1697 1186 1779 1206 vacua
1788 1181 1864 1204 erat:

1073 1234 1120 1262 sed
1132 1233 1222 1261 statim
1236 1236 1263 1259 et
1273 1231 1306 1258 ab
1327 1228 1494 1257 incunabulis
1507 1233 1600 1254 omnes
1616 1225 1715 1252 malum
1731 1224 1781 1250 hoc
1797 1230 1866 1258 pra:-

1075 1281 1138 1307 liutn
1152 1278 1302 1310 certabant,
1323 1275 1514 1303 contendentes
1529 1276 1558 1299 ut
1573 1271 1651 1299 malis
1662 1269 1786 1304 operibus
1798 1268 1868 1295 alter

1074 1326 1187 1352 alterttttt
1207 1325 1354 1357 superaret.
1377 1320 1433 1351 llic,
1462 1326 1520 1350 oro,
1534 1317 1624 1344 animo
1636 1314 1756 1350 expende
1772 1313 1868 1340 miram

1077 1371 1155 1404 hujus
1166 1368 1230 1404 justi
1244 1366 1412 1402 sapientiam,
1427 1364 1472 1399 qtti
1485 1364 1510 1390 itt
1526 1367 1598 1389 tanta
1613 1360 1742 1388 malorum
1762 1358 1869 1392 conspi-

1077 1403 1180 1444 ratione
1195 1413 1323 1441 malitiam
1338 1411 1456 1445 eli‘ugere
1472 1409 1563 1440 valuit,
1578 1411 1605 1434 et
1619 1406 1682 1433 nihil
1707 1405 1768 1432 inde
1780 1403 1871 1431 damni

1079 1462 1184 1490 sensit:
1196 1460 1242 1488 sed
1255 1459 1331 1494 quasi
1345 1465 1378 1484 cx
1394 1456 1444 1483 alia
1456 1460 1550 1483 natura
1564 1453 1734 1483 constitutus,
1756 1451 1795 1478 sic
1809 1449 1872 1476 forti

1079 1508 1169 1535 animo
1190 1505 1325 1541 pra-ditus,
1350 1508 1378 1531 et
1399 1509 1446 1537 per
1466 1502 1583 1535 scipsum
1607 1499 1711 1526 virtutis
1725 1495 1874 1532 operatiotti
1900 1515 1905 1520 .

1080 1554 1195 1585 deditus,
1208 1557 1235 1579 et
1247 1551 1344 1577 malam
1358 1556 1451 1576 eorum
1465 1545 1688 1580 conspirationem
1704 1542 1806 1576 eliugit,
1821 1546 1847 1568 et
1858 1547 1874 1567 a

1081 1596 1215 1627 communi
1228 1596 1345 1623 omnium
1363 1593 1509 1629 perditione
1521 1595 1562 1619 est
1575 1594 1723 1624 exemptus.
1743 1588 1769 1615 6.
1786 1586 1819 1613 Et
1833 1594 1877 1612 se-

1082 1655 1139 1673 cum
1153 1644 1288 1679 reputavit,
1305 1643 1400 1677 inquit,
1419 1640 1540 1667 Dominus
1555 1638 1624 1664 Deus
1636 1636 1702 1672 quod
1717 1635 1815 1670 fecisset
1830 1633 1877 1659 lto-

1084 1693 1176 1719 minem
1201 1698 1276 1725 super
1298 1694 1400 1715 terram.
1427 1686 1490 1714 Vide
1510 1687 1606 1712 iterum
1620 1684 1729 1710 verbum
1744 1687 1876 1712 crassum,

1084 1743 1111 1764 et
1126 1742 1223 1764 nostra:
1237 1735 1359 1770 parvitati
1372 1734 1506 1760 idoneum.
1522 1731 1615 1758 Secum
1632 1728 1765 1764 reputavit,
1783 1726 1878 1760 inquit,

1087 1782 1269 1820 pro,paanituit
1282 1790 1289 1807 ι
1305 1789 1356 1808 ιιοιι
1368 1778 1438 1814 quod
1454 1776 1607 1813 pamituerit
1626 1775 1717 1806 Deum,
1732 1772 1817 1804 absit;
1832 1771 1879 1798 sed

1087 1829 1231 1857 secundum
1255 1827 1397 1854 humanam
1422 1821 1643 1852 consuetudinem
1666 1819 1782 1854 loquitur
1804 1816 1881 1843 nobis

1087 1875 1175 1903 divina
1200 1873 1347 1908 Scriptura,
1373 1876 1403 1898 ut
1429 1877 1478 1896 nos
1503 1868 1599 1895 doceat
1623 1865 1742 1893 enormia
1775 1862 1880 1890 illoruttt

1089 1926 1196 1958 peccata
1205 1921 1363 1948 clementem
1375 1917 1458 1944 Deum
1470 1915 1496 1942 itt
1508 1912 1715 1949 indignationem
1723 1909 1883 1936 concitasse.

1090 1968 1123 1995 Et
1139 1975 1221 1995 secum
1234 1964 1369 2000 reputavit,
1385 1962 1479 1997 inquit,
1505 1960 1627 1986 Dominus
1642 1957 1712 1984 Deus
1726 1956 1791 1990 quod
1805 1954 1884 1988 fecis-

1091 2021 1125 2042 set
1149 2014 1275 2041 hominem
1297 2019 1373 2046 ευμεν
1395 2014 1497 2036 terram.
1523 2006 1590 2033 Num
1615 2004 1687 2032 enim
1703 2005 1811 2037 propter
1834 2000 1885 2026 hoc

1093 2065 1178 2098 ipsum
1191 2058 1313 2096 produxi,
1330 2057 1424 2092 inquit,
1438 2060 1466 2083 ut
1476 2056 1501 2081 itt
1511 2058 1609 2080 tantam
1626 2050 1769 2086 perniciem
1786 2048 1885 2082 lapsus.

1091 2108 1196 2142 sibiipsi
1221 2104 1376 2141 perditionis
1400 2103 1476 2129 licrct
1495 2099 1606 2126 auctor?
1621 2097 1688 2124 Nunt
1701 2096 1750 2122 ltac
1759 2094 1793 2122 de
1806 2099 1888 2120 causa

1094 2163 1108 2182 a
1132 2152 1261 2190 principio
1283 2154 1356 2178 tanto
1383 2148 1483 2176 honore
1504 2153 1564 2173 cunt
1590 2141 1723 2178 insigniri,
1740 2143 1767 2168 et
1787 2143 1888 2166 tantam

1095 2204 1152 2239 ejus
1174 2207 1265 2228 curam
1290 2204 1333 2224 me
1358 2195 1456 2222 habere
1471 2191 1615 2223 declaravi,
1631 2193 1660 2216 ut
1669 2187 1760 2215 virtuti
1779 2191 1888 2217 vacans,

1096 2229 1198 2278 aiienns
1210 2255 1224 2274 a
1237 2244 1385 2281 perditione
1398 2241 1488 2268 ﬁeret?
1505 2238 1635 2272 Quoniam
1648 2239 1736 2263 autent
1750 2229 1891 2259 clementia

1098 2304 1156 2324 tttea
1182 2294 1280 2321 abusus
1305 2295 1355 2322 est,
1384 2288 1467 2316 satius
1496 2285 1606 2320 posthac
1629 2280 1709 2309 fuerit
1735 2278 1820 2306 malos
1834 2276 1891 2309 ejus

1097 2347 1208 2370 conatus
1233 2337 1371 2373 impedire.
1397 2334 1430 2361 Et
1451 2331 1577 2367 cogitavit,
1598 2330 1624 2356 'l.
1635 2328 1749 2361 Dixitque
1770 2322 1894 2350 Dominus

1101 2390 1179 2420 Deus,
1193 2372 1296 2422 inquit:
1310 2383 1403 2410 Delebo
1417 2380 1544 2408 hominem
1557 2383 1630 2411 quem
1645 2374 1692 2408 feci
1703 2381 1719 2399 a
1733 2372 1797 2407 facie
1809 2375 1894 2399 terrm,

1141 2415 1245 2462 hinnitu:
1258 2438 1336 2466 usque
1349 2429 1383 2455 ad
1398 2434 1483 2462 pecus,
1498 2429 1521 2451 et
1535 2432 1550 2450 a
1562 2420 1693 2456 reptilibus
1709 2424 1787 2452 usque
1801 2415 1835 2441 ad
1850 2421 1894 2440 υο-

1101 2483 1181 2510 Iotitia
1205 2477 1351 2511 cwli:qut‘a
1375 2480 1472 2500 mecum
1498 2467 1612 2504 reputavi
1637 2464 1703 2502 quod
1726 2462 1827 2498 fecerint
1841 2467 1895 2487 eos.

1099 2531 1166 2564 Qua:
1179 2527 1231 2555 ntci
1245 2523 1325 2553 ofﬁcii
1339 2525 1427 2553 erant,
1441 2519 1536 2553 inquit,
1556 2515 1647 2543 omnia
1661 2510 1783 2540 exhibui.
1802 2509 1844 2536 Ex
1855 2505 1897 2534 ni-

1103 2555 1166 2608 l-iilo,
1181 2578 1209 2601 ut
1222 2575 1303 2602 esset,
1320 2569 1393 2596 illum
1409 2565 1532 2602 produxi,
1557 2566 1658 2589 natura:
1673 2559 1743 2585 illius
1756 2555 1897 2583 scientiam

1104 2619 1283 2649 faciendorum
1299 2621 1325 2643 et
1340 2622 1392 2641 tton
1407 2610 1587 2639 faciendorum
1610 2604 1704 2636 indidi,
1728 2602 1842 2628 liberum
1859 2606 1900 2624 ar-

1104 2667 1210 2695 bitriunt
1224 2662 1331 2693 donavi,
1348 2657 1473 2686 inellabili
1491 2653 1630 2683 tolerantia
1642 2657 1706 2677 usus
1716 2649 1824 2678 sum,et
1841 2648 1899 2678 post

1106 2714 1212 2746 longum
1228 2708 1293 2736 illud
1307 2691 1421 2740 tempus,
1435 2708 1462 2730 et
1473 2705 1531 2737 post
1546 2697 1754 2732 indignationem
1765 2695 1793 2719 et
1813 2691 1902 2717 mittas

1537 2745 1540 2746 ⁷
1732 2739 1736 2746 Ι
1779 2745 1786 2746 κ
1814 2740 1840 2746 γ..
1858 2734 1902 2746 ΖΙΙη

1106 2734 1171 2795 (ιιιπέ
1192 2756 1257 2788 dixi,
1271 2759 1298 2782 et
1321 2734 1392 2780 aliud
1415 2734 1543 2785 pratiittivi
1567 2750 1682 2778 tempus,
1696 2739 1790 2766 volens
1814 2740 1841 2763 ut
1858 2734 1903 2761 illo

1557 2793 1562 2795 '
1736 2794 1755 2795 η
1779 2787 1847 2795 κλμ-Α
1857 2781 1901 2795 ...υι

1107 2781 1153 2834 ἒυιι
1162 2807 1271 2841 peccata
1281 2799 1423 2831 sentiente,
1437 2793 1581 2830 indignatio
1592 2797 1651 2819 mea
1666 2787 1847 2817 revocaretur:
1857 2781 1902 2808 sed
