2058 3123
198 130 250 157 [93

194 191 257 222 quia
271 189 353 216 etiam
364 188 401 215 sic
414 187 479 215 nihil
494 186 639 219 lucril’acio,
655 193 703 213 nec
717 184 836 220 proﬁcio,
857 184 928 218 cogit
940 190 987 210 ue—

195 235 309 260 ecssitas
323 239 352 260 ut
366 233 450 259 minas
465 240 546 267 opere
556 232 715 267 complesm,
728 235 755 258 et
767 230 891 257 euntibus
901 228 987 256 modis

196 279 280 305 deleri
294 279 354 305 illos
365 287 468 310 curem,
485 286 515 305 ac
527 278 596 305 sicut
615 278 713 304 malum
727 276 857 311 quoddam
873 276 988 303 fertuen-

197 333 253 355 tum
272 326 394 353 aboleam
420 329 504 351 totum
528 324 632 351 illorum
654 331 747 357 genus,
767 328 797 349 ut
811 330 844 349 ue
860 322 988 356 posterio-

197 373 270 399 ribus
283 370 500 406 generationibus
515 370 639 404 peccandi
653 369 775 396 doctores
789 368 861 394 Iiaut.
877 367 910 394 li:
924 368 987 393 dixit

199 419 322 446 horninur
345 418 412 444 Deus
430 425 439 444 :
456 417 550 443 [latebo
571 416 695 442 hominem
717 423 790 450 quem
816 415 864 449 feci
891 423 906 439 a
925 414 988 446 facie

197 469 280 496 terra,
304 462 336 489 ab
359 463 460 489 homine
481 469 559 497 usque
581 463 614 489 ad
636 469 720 496 pecus.
736 460 794 487 Iam
809 459 878 486 forte
891 459 987 486 dixerit

195 510 310 545 aliquis:
323 510 410 543 Quare
422 516 481 536 cuin
494 508 573 536 homo
589 510 613 535 in
629 508 725 535 malum
740 508 891 541 declinavit,
907 509 987 536 etiam

195 555 272 583 bruta
293 555 414 582 eamdem
438 562 544 590 ptenam
559 555 710 582 sustinent?
724 554 817 581 Merito
833 562 906 581 sane.
919 554 986 581 Num

197 606 305 636 propter
327 609 404 628 suum
428 602 544 636 ipsorum
567 609 643 627 nsunt
666 601 792 636 producta
819 605 881 628 sunt
896 600 988 627 bruta?

196 646 308 682 Propter
321 647 455 674 hominem
465 647 531 674 facta
546 653 605 674 sunt
616 646 672 682 (α).
682 647 746 673 Cum
760 646 802 673 hic
815 646 893 679 igitur
905 654 920 673 e
933 654 989 672 me—

194 693 242 720 dio
262 694 411 732 auferatur,
435 694 495 729 quis
519 695 623 721 illorum
643 700 707 720 usus
728 694 816 720 esset?
841 693 941 720 Idcirco
962 699 988 720 ct

196 739 274 767 ismm
301 747 407 774 poenam
433 747 601 767 communem
627 739 724 770 ferunt,
750 746 775 767 ut
802 740 988 775 indignationis

195 786 351 820 gravitatem
372 786 523 813 addiscatis.
542 787 574 813 Et
588 786 657 813 sicut
669 787 702 813 ab
719 786 795 813 initio
808 793 867 813 cum
889 787 987 820 primus

196 832 277 859 homo
290 837 437 867 peccasset,
454 837 522 860 terra
538 833 751 860 maledictiouem
767 833 869 867 accepit
886 841 892 859 :
908 833 947 859 sic
962 837 988 859 ct

195 885 266 906 nunc
278 885 338 906 cum
361 878 508 905 abolendus
523 882 593 905 esset
608 878 698 907 homo.
721 879 795 904 hru'a
811 882 916 912 quoque
931 877 986 903 cla-

194 925 237 952 dis
248 926 320 953 soci!
337 926 411 952 fiunt.
426 925 654 959 Quemadmodum
668 925 737 951 euliu
757 931 818 951 cum
832 924 912 950 homo
925 929 986 958 gra-

195 975 239 997 tus
253 970 281 997 Iit
296 970 362 1003 Deo,
378 975 497 998 creatura
522 977 626 1005 quoque
647 970 768 996 humanae
782 970 916 996 felicitatis
928 977 988 1003 par-

195 1016 281 1050 ticeps
299 1019 350 1048 est,
376 1017 445 1042 sicut
466 1016 558 1043 beatus
573 1016 668 1043 Paulus
692 1016 795 1050 inquit:
814 1015 880 1048 Quia
896 1021 918 1041 et
932 1017 988 1048 ipsa

194 1066 311 1089 creatura
325 1061 469 1089 liberabitur
489 1068 504 1088 α
520 1062 637 1089 servitute
655 1061 821 1096 corrupliouis
842 1062 868 1088 in
883 1062 986 1088 liberta-

194 1112 244 1134 tem
266 1108 378 1142 ﬁliorum
400 1107 489 1142 gloria:
510 1107 558 1134 Del
581 1108 666 1143 (Rom.
681 1108 707 1135 8.
724 1107 787 1142 2i):
801 1108 840 1135 sic
864 1112 892 1134 et
917 1114 987 1134 nunc

192 1157 254 1179 eum
269 1151 349 1180 homo
361 1151 396 1179 ob
408 1153 602 1180 multitudinem
613 1156 779 1187 peccatorum
792 1152 950 1187 puniendus,
960 1157 987 1179 et

193 1198 337 1225 universali
346 1199 485 1232 perditioni
493 1199 635 1225 tradendus
648 1203 727 1231 esset,
735 1199 814 1226 etiam
819 1198 950 1233 jumenta,
959 1202 987 1225 et

192 1243 309 1277 reptilia,
318 1248 345 1270 et
354 1244 468 1271 Volatilia
480 1244 538 1272 cmli
546 1245 623 1271 simul
633 1249 743 1279 pereunt
752 1245 859 1277 diluvio,
870 1244 939 1279 quod
948 1249 988 1271 to-

193 1293 250 1316 tum
264 1289 518 1317 orbcminvasurunt
533 1294 600 1318 erat.
613 1291 646 1318 Et
657 1293 724 1318 sicut
737 1290 763 1317 in
774 1290 865 1323 domo,
879 1289 986 1325 quando

193 1335 216 1362 is
229 1335 274 1370 qui
287 1340 383 1370 praeest
399 1337 425 1363 in
449 1336 656 1371 indignationem
669 1337 768 1363 domini
781 1336 883 1367 incidit.
899 1337 987 1364 solent

192 1382 378 1409 comministri'
392 1389 486 1409 omnes
508 1383 532 1410 ei
547 1382 709 1410 condolere:
725 1383 759 1409 ita
771 1387 797 1409 et
812 1382 855 1409 hic
869 1382 943 1416 quasi
960 1382 985 1409 iu

192 1427 275 1454 domo
296 1427 449 1454 hominibus
464 1425 647 1462 pereuntibus,
671 1428 758 1454 omnia
782 1432 840 1462 qua:
856 1428 881 1454 in
896 1429 984 1460 domn,

192 1477 222 1500 et
247 1479 309 1508 quze
333 1473 383 1501 sub
408 1473 479 1501 illius
503 1479 580 1501 erant
605 1474 734 1508 dominio,
761 1480 871 1501 necesse
896 1474 945 1501 I‘uit
960 1475 985 1501 iu

192 1518 317 1546 eamdem
331 1526 436 1553 poenam
453 1519 578 1546 incidant.
595 1519 628 1546 Et
642 1527 739 1547 mecum
756 1520 878 1553 rrpntavi,
891 1520 983 1554 inquit,

192 1564 263 1597 quod
278 1565 378 1599 fecerim
399 1565 467 1592 illos.
496 1564 583 1592 Verbo
606 1565 656 1592 hoc
677 1570 803 1598 quantum
827 1572 856 1592 se
888 1571 986 1592 nostr-zu

193 1609 339 1638 humilitati
360 1607 537 1645 attemperat?
557 1610 625 1637 Num
648 1611 779 1641 volebam.
804 1611 896 1645 inquit,
914 1615 986 1637 tanta

193 1654 254 1683 illos
266 1662 344 1691 ptena
359 1656 456 1690 plecti?
477 1656 526 1690 Ipsi
541 1663 583 1683 me
596 1661 764 1691 peccaturum
783 1656 946 1682 immunitate
961 1656 985 1682 in

194 1706 296 1730 tantam
320 1701 476 1729 invexerunt
499 1699 718 1737 indignationem.
744 1700 874 1728 Czeterutn
888 1708 922 1728 ne
937 1709 986 1735 pu~

194 1753 283 1776 temns
293 1746 474 1776 outtiimodam
487 1748 656 1775 abolitionem
673 1747 779 1774 humani
800 1747 904 1782 generis
918 1747 984 1780 fieri,

194 1795 373 1830 radicitusque
387 1800 506 1823 naturam
521 1800 639 1822 nostram
654 1794 840 1823 eradicandatn
856 1804 862 1822 :
883 1794 931 1822 sed
944 1795 986 1821 di-

194 1848 301 1869 scamus
322 1846 449 1876 quantum
472 1842 569 1869 malum
598 1841 632 1869 sit
653 1846 800 1876 peccatum,
819 1846 846 1868 et
860 1847 986 1876 quantum

194 1887 294 1914 bonum
305 1888 388 1914 virtus
403 1896 410 1914 :
425 1891 452 1915 et
464 1887 534 1922 quod
547 1886 640 1914 melior
652 1887 686 1914 sit
699 1894 766 1914 unus
779 1887 879 1915 faciens
891 1887 986 1914 volun-

194 1937 277 1960 tatem
300 1932 414 1965 Domini,
437 1939 514 1967 quam
536 1932 627 1959 decem
648 1932 730 1959 millia
753 1933 985 1967 prmvaricatorum

197 1974 290 2014 (Eccli.
304 1977 348 2005 16.
360 1978 398 2013 5),
412 1978 475 2005 dicit
493 1987 500 2005 :
515 1977 542 2006 8.
560 1975 616 2005 Noe
629 1983 710 2005 autem
724 1979 816 2006 inuenit
826 1979 932 2013 gratiam
943 1986 987 2005 co-

194 2032 251 2050 rum
267 2023 373 2050 Domino
389 2023 452 2052 Deo.
467 2023 583 2050 Tametsi
606 2024 746 2051 multitudo
768 2025 869 2055 omnis,
891 2024 985 2058 inquit,

196 2071 223 2097 in
239 2075 337 2098 tantam
354 2071 481 2097 malitiam
496 2069 629 2103 inciderit,
650 2070 737 2104 justus
752 2075 840 2097 tamen
857 2070 900 2098 hic
915 2071 986 2097 scin-

196 2118 278 2144 tillant
292 2118 397 2144 virtutis
412 2118 542 2150 servavit,
561 2118 623 2144 dum
640 2117 679 2144 his
694 2117 816 2143 outnibus
831 2117 903 2143 omni
917 2121 986 2143 tcm~

197 2171 261 2197 μοι-θ
285 2163 411 2198 loquitur,
435 2167 463 2190 ct
475 2163 540 2189 dum
553 2162 709 2189 adhortatur
724 2167 752 2188 ut
766 2170 779 2187 ιι
794 2162 892 2188 malitia
914 2162 987 2188 desi—

195 2213 279 2240 stant,
291 2209 371 2236 simul
384 2217 414 2236 se
425 2209 529 2236 interim
544 2209 657 2236 liberum
670 2209 703 2236 ab
717 2208 820 2235 illorum
837 2208 880 2235 lue
894 2216 987 2236 scrva-

197 2255 242 2282 vit.
254 2255 365 2289 Insuper
376 2255 444 2282 sicut
455 2255 491 2282 illi
505 2255 580 2281 malis
593 2254 717 2289 operibus
730 2255 888 2281 clementem
903 2254 986 2281 Deum

195 2300 229 2328 ad
252 2301 459 2336 indignationem
483 2306 690 2336 prorocaverant
712 2310 718 2328 :
744 2303 782 2328 sic
806 2301 872 2335 ipse,
891 2302 987 2328 virtute

198 2346 311 2381 pollens,
330 2346 444 2374 Gratiam
465 2348 556 2374 invenit
571 2356 654 2374 coram
676 2346 786 2374 Domino
800 2346 863 2376 Deo.
878 2346 937 2373 Non
953 2352 987 2373 est

197 2391 267 2418 enim
284 2400 447 2426 personarum
460 2398 575 2427 acceptor
589 2392 655 2419 Deus
666 2392 734 2427 (Act.
752 2392 795 2419 I0.
812 2393 866 2427 54).
891 2392 986 2418 Verum

197 2441 222 2463 et
243 2437 267 2464 si
292 2437 319 2463 in
342 2442 414 2464 tanta
436 2438 604 2464 multitudine
619 2438 735 2465 inveniat
756 2437 890 2464 hominem
906 2446 986 2464 unum

196 2489 256 2517 quin
277 2482 327 2510 sibi
346 2483 441 2517 placita
455 2488 516 2510 sunt
536 2483 687 2516 facientem,
714 2491 765 2510 non
790 2484 903 2517 despicit
917 2492 924 2510 :
940 2483 986 2509 scd

198 2534 245 2554 sua
258 2527 333 2555 illutn
348 2528 473 2562 dignatur
487 2536 561 2562 cura,
581 2534 608 2556 ct
628 2534 701 2556 tanto
715 2529 841 2563 majorem
859 2529 929 2555 illius
945 2538 986 2555 ra-

199 2573 296 2600 tionem
320 2574 410 2606 habet,
434 2579 543 2608 quanto,
566 2582 624 2601 Clllll
642 2580 680 2602 tot
700 2575 818 2609 tantique
830 2580 880 2601 sint
896 2575 938 2609 qui
954 2575 985 2601 ad

198 2619 295 2646 ntalem
318 2627 379 2646 cum
400 2620 517 2651 trahunt,
541 2620 597 2654 ipse
617 2621 781 2648 constantius
798 2621 902 2647 \Il'llllls
918 2622 984 2646 viam

197 2670 310 2693 metatus
324 2672 376 2694 cst.

198 2774 262 2829 ωδα)
281 2777 348 2799 Itane
366 2777 496 2799 lectionem
515 2775 688 2806 amplectimur.
706 2776 764 2800 licet
784 2777 807 2800 iu
825 2782 874 2799 uno
893 2781 984 2801 tanton

241 2806 277 2829 ιω
289 2809 437 2829 mutitarent.
462 2805 490 2829 In
502 2806 555 2829 aliis
566 2806 665 2829 (Iet'rltlll
677 2807 715 2829 lim
730 2813 809 2829 voces.
822 2807 905 2829 n-eritn
917 2815 982 2829 nunc.

241 2806 277 2830 icc
289 2809 437 2838 compareat.
462 2805 490 2830 In
502 2805 665 2831 aliis'deoraut
677 2807 715 2829 lim
730 2813 809 2833 voces.
822 2807 905 2832 n'ct'ito
917 2815 982 2837 sum,

197 2841 333 2874 (Eixémq),
345 2845 370 2866 et
382 2849 465 2865 manca
478 2840 603 2865 sententia
617 2839 754 2864 ridebatur.

646 127 679 155 IN
698 126 774 154 CAP.
795 126 826 152 V.
847 124 890 152 ET
911 123 955 150 VI.
975 122 1090 151 (ΞΕΝΕὸ
1121 124 1233 152 1103111..
1256 126 1328 154 XXII

1778 132 1829 160 191

1082 182 1108 209 6.
1128 181 1232 209 Morulis
1254 184 1404 216 exhortatio,
1429 186 1564 213 (tuuriliatu
1574 187 1601 214 in
1623 188 1728 215 decursu
1750 191 1829 217 horta-

1042 228 1116 254 tio‘nis
1130 229 1261 263 pro/ligat.
1276 243 1312 249 —
1325 230 1352 256 Id
1367 231 1490 264 scientes,
1505 232 1537 259 ad
1551 232 1576 259 id
1589 239 1668 260 unum
1681 238 1832 269 spectemus

1041 273 1110 307 quod
1122 274 1170 307 ipsi
1185 274 1280 307 placet,
1292 279 1319 301 et
1331 275 1411 302 el'ticit
1428 282 1453 302 ut
1465 276 1547 310 ipsius
1556 279 1666 311 gratiam
1678 280 1754 307 nobis
1765 288 1834 308 cott-

1041 318 1159 345 cilietnus
1174 328 1180 345 :
1198 327 1282 354 neque
1294 320 1427 347 hominum
1443 322 1576 355 amicitiat,
1590 332 1675 358 neque
1691 332 1835 356 consuetu-

1041 362 1094 389 dini
1109 364 1142 390 ita
1162 364 1319 397 seniumus,
1337 370 1364 393 ut
1381 367 1484 393 virtutis
1497 368 1620 395 facimnus
1631 370 1770 403 jacturam,
1783 374 1832 401 sed

1043 408 1089 435 Dei
1116 410 1266 443 tolerantia,
1283 417 1360 446 prout
1380 413 1467 445 decet,
1485 419 1608 441 utamur:
1624 420 1650 441 et
1668 415 1730 442 dum
1745 417 1834 446 adhuc

1042 458 1145 489 tempus
1166 456 1303 490 habemus,
1319 466 1424 485 onmem
1440 459 1604 494 deponenlcs
1618 461 1759 496 ignaviam,
1776 463 1832 491 vir-

1043 506 1123 528 tutem
1147 511 1276 535 amemus,
1302 510 1492 540 peccatumque
1514 507 1576 534 odio
1597 508 1751 537 habeamus.
1775 510 1834 538 Nisi

1041 548 1112 573 enim
1125 553 1153 574 et
1162 549 1194 575 ad
1209 549 1285 576 istam
1296 558 1386 578 amore
1399 556 1425 578 et
1435 552 1566 580 desiderio
1576 554 1690 588 quodam
1701 556 1832 584 inuueuso

1042 599 1090 618 nos
1104 593 1303 627 contulerimus,
1329 600 1355 622 et
1368 597 1509 631 nequitiam
1524 599 1600 626 valde
1614 600 1747 627 oderimus
1764 609 1771 627 :
1785 609 1831 628 ne-

1041 646 1093 672 que
1107 638 1185 673 hujus
1199 640 1322 667 damnmu
1337 642 1464 677 ellugere,
1490 652 1577 679 neque
1601 646 1671 673 illam
1687 648 1831 682 amplexari

1042 683 1195 717 poterimus.
1211 684 1286 718 Quod
1300 687 1369 713 enim
1384 687 1467 714 virtus
1480 695 1546 723 opus
1562 690 1658 717 habeat
1669 691 1701 718 iis
1715 692 1758 727 qui
1772 700 1830 719 eam

1042 730 1243 762 concupiscunt.
1261 736 1286 757 et
1300 732 1356 766 ejus
1372 733 1503 760 desiderio
1525 735 1709 770 exardescunt,
1733 738 1767 765 de
1782 738 1832 765 hoc
1867 761 1870 763 .

1042 774 1197 807 prophetam
1223 777 1284 802 anuli
1317 777 1448 805 dicentem
1466 779 1591 807 :Judicia
1618 781 1720 809 Domini
1753 791 1831 816 vera,

1036 819 1178 852 justi/imm
1202 821 1226 846 in
1249 822 1376 856 idipsum,
1403 824 1578 852 desiderabilia
1601 835 1676 861 super
1696 835 1786 854 aurum
1809 835 1831 855 et

1040 864 1151 900 lapidem
1171 868 1306 900 pretiosum
1320 870 1424 895 multum
1444 870 1529 904 (Paul.
1547 872 1589 899 18.
1606 872 1650 907 10)
1667 881 1673 899 :
1695 882 1745 900 non
1761 876 1830 909 quod

1041 919 1093 938 non
1109 912 1192 946 magis
1206 913 1402 947 desiderabilia,
1419 917 1465 943 sed
1480 918 1541 951 quia
1563 919 1631 953 apud
1652 928 1701 946 nos
1723 929 1774 947 non
1789 922 1830 948 in—

1040 959 1181 986 veniuntur
1195 960 1255 992 alia,
1279 969 1339 995 qum
1367 961 1406 988 his
1435 964 1552 991 materiis
1575 965 1628 991 sint
1653 966 1829 1000 pretiosiora:

1043 1009 1179 1038 propterea
1205 1005 1292 1032 subdit
1310 1016 1316 1033 :
1333 1007 1365 1033 Et
1379 1007 1492 1035 dulciora
1504 1017 1581 1045 super
1593 1012 1641 1038 mel
1654 1016 1677 1038 et
1692 1014 1784 1047 format.
1801 1014 1832 1040 Et

1041 1050 1083 1077 hic
1096 1059 1200 1086 qquuc
1216 1052 1275 1087 quia
1298 1061 1348 1080 ron
1377 1055 1475 1082 invertit
1489 1056 1559 1090 quod
1576 1063 1666 1085 natura
1683 1060 1760 1087 melle
1772 1060 1831 1087 dul-

1040 1095 1096 1122 cius
1110 1101 1180 1122 esset
1192 1116 1198 1128 ,
1215 1097 1262 1123 hac
1278 1098 1450 1126 similitudine
1465 1108 1527 1127 usus
1553 1106 1603 1129 cst.
1632 1102 1711 1137 Igitur
1733 1105 1800 1131 sicut
1815 1106 1831 1131 ii

1039 1140 1082 1174 qui
1095 1141 1121 1167 in
1135 1141 1236 1175 ,opibus
1250 1142 1406 1176 colligendis
1419 1143 1553 1173 insaniunt
1575 1146 1706 1175 desiderio
1720 1153 1746 1175 et
1766 1157 1832 1177 cott-

1040 1185 1202 1218 cupiscentia
1217 1187 1340 1220 quadam,
1357 1188 1383 1215 in
1399 1188 1449 1215 hoc
1465 1190 1620 1217 incumbunt
1635 1200 1729 1227 magno
1747 1195 1833 1221 studio

1041 1236 1066 1257 ct
1081 1235 1188 1263 conatu,
1202 1237 1228 1258 et
1244 1240 1386 1267 numquam
1399 1234 1540 1268 explentur
1561 1245 1567 1261 :
1583 1237 1691 1265 aiaritia
1705 1239 1774 1265 enini
1791 1239 1831 1266 in-

1041 1276 1169 1302 satiabilis
1192 1281 1232 1303 est
1257 1277 1371 1305 ebrietas
1387 1283 1433 1306 :et
1456 1280 1524 1307 sicut
1549 1282 1625 1313 ebrii,
1649 1288 1748 1317 quanto
1774 1285 1833 1318 plus

1041 1321 1103 1347 vino
1115 1327 1145 1348 se
1170 1321 1339 1356 iugurgitant,
1356 1328 1429 1351 tanto
1443 1325 1525 1359 magis
1538 1326 1571 1352 ad
1584 1327 1654 1355 sitim
1669 1328 1834 1357 inﬂamman-

1041 1371 1103 1393 tur:
1119 1368 1158 1394 sic
1183 1373 1211 1394 et
1234 1368 1278 1398 _i.~ti
1302 1377 1406 1404 quoque
1433 1371 1561 1398 insaniam
1587 1373 1656 1400 hanc
1679 1374 1830 1402 indomitam

1040 1418 1184 1447 numquam
1196 1414 1291 1441 sistere
1303 1419 1423 1449 puSsunt,
1435 1416 1482 1443 sed
1494 1423 1593 1451 quanto
1606 1420 1688 1454 magis
1699 1427 1761 1447 suas
1769 1428 1832 1455 υνυς

1039 1458 1130 1492 augeri
1145 1459 1243 1491 vident,
1256 1463 1330 1486 tanto
1342 1467 1369 1487 et
1381 1462 1596 1496 concupiscentia
1608 1465 1691 1499 magis
1705 1465 1811 1500 ﬂagrant
1823 1475 1830 1493 :

1039 1511 1126 1539 neque
1139 1510 1215 1532 antea
1230 1513 1245 1531 a
1259 1506 1376 1540 pesimo
1389 1509 1508 1542 appetitu
1529 1509 1579 1537 hoc
1593 1509 1733 1544 absistunt,
1749 1512 1832 1539 donec
1853 1505 1863 1511 ’

1041 1550 1067 1576 in
1089 1550 1175 1583 ipsum
1196 1551 1303 1577 ntalilim
1328 1552 1486 1585 profundum
1501 1553 1698 1582 descenderint.
1712 1556 1793 1591 Igitur
1809 1558 1832 1584 si

1040 1595 1076 1622 illi
1093 1596 1269 1630 perniciosam
1285 1596 1353 1624 hanc
1374 1599 1614 1632 concupiscentiam
1628 1601 1756 1629 malorum
1775 1610 1833 1629 om-

1040 1641 1112 1667 nium
1137 1649 1244 1668 causam
1260 1649 1320 1669 cum
1344 1646 1414 1670 tanta
1434 1645 1606 1672 contentione
1619 1651 1713 1673 curant
1729 1655 1735 1672 :
1751 1648 1832 1675 ntulto

1038 1685 1134 1719 jttstius
1142 1690 1182 1712 est
1192 1686 1343 1721 nosjudicia
1355 1687 1468 1722 Domini,
1478 1697 1536 1724 qua:
1544 1695 1624 1724 snper
1630 1698 1721 1717 aurum
1730 1696 1792 1718 sunt
1803 1697 1830 1719 et

1040 1731 1154 1766 lapidem
1169 1732 1313 1767 pretiosum
1335 1734 1459 1768 multum,
1475 1742 1582 1769 semper
1594 1736 1619 1762 in
1641 1742 1729 1763 mente
1742 1742 1831 1764 nostra

1040 1784 1158 1809 versare,
1175 1778 1292 1813 nihilque
1313 1780 1454 1814 pretiosius
1469 1781 1564 1808 virtute
1589 1781 1645 1816 ipsa
1659 1783 1812 1810 existimare
1823 1805 1831 1816 ,

1041 1823 1088 1850 sed
1112 1824 1268 1851 exscindere
1282 1832 1313 1851 ex
1327 1825 1417 1852 animo
1437 1832 1527 1853 nostro
1547 1827 1702 1855 aﬂectiones
1715 1828 1773 1856 illas
1786 1836 1833 1863 pc-

1039 1870 1145 1897 stireras
1158 1877 1262 1902 omnes,
1276 1875 1303 1897 et
1317 1871 1386 1897 scire
1400 1872 1570 1905 temporalem
1584 1872 1655 1899 illam
1671 1874 1831 1908 Voluplalt'lll

1041 1919 1196 1949 perpetuum
1212 1923 1305 1950 parcre
1327 1917 1415 1944 solere
1437 1918 1567 1950 dolorem,
1591 1923 1617 1945 et
1642 1919 1693 1947 line
1716 1922 1831 1947 carentia

1040 1966 1180 1993 tormenta,
1191 1962 1392 1997 cavendumque
1401 1971 1459 1991 esse
1469 1971 1502 1991 ne
1515 1964 1678 1998 decipiamus
1691 1974 1739 1992 nos
1749 1967 1831 2001 ipsos,

1040 2014 1126 2042 neque
1140 2013 1262 2042 putemus
1275 2008 1318 2035 hic
1332 2008 1411 2035 linem
1428 2009 1563 2036 habituras
1577 2016 1637 2037 esse
1658 2018 1700 2037 res
1716 2016 1831 2038 nostras.

1041 2053 1068 2080 Id
1082 2061 1147 2080 vero
1158 2053 1279 2080 sentiunt
1292 2053 1420 2088 plerique,
1436 2054 1496 2080 licet
1505 2054 1592 2081 verbis
1606 2060 1658 2081 non
1673 2056 1812 2089 loquantur
1825 2065 1831 2082 :

1040 2106 1101 2125 nam
1125 2099 1236 2126 credere
1251 2106 1280 2126 se
1302 2099 1395 2126 dicunt
1417 2101 1651 2132 resurrectionem,
1670 2104 1697 2128 et
1718 2100 1831 2127 futuram

1041 2145 1240 2172 retributionem
1257 2153 1265 2172 :
1279 2145 1326 2171 sed
1336 2152 1386 2179 ego
1397 2152 1449 2171 non
1463 2145 1570 2172 attendo
1580 2146 1671 2179 verba,
1683 2146 1730 2173 scd
1744 2147 1832 2181 quoti-

1040 2192 1118 2219 diana
1140 2196 1223 2227 gesta.
1248 2191 1314 2218 Nam
1329 2192 1351 2218 si
1366 2191 1586 2219 resurrectionem
1602 2197 1739 2226 exspectas
1753 2196 1781 2220 et
1791 2200 1834 2219 rr-

1042 2238 1224 2269 tribulionem,
1238 2241 1320 2271 quare
1343 2236 1376 2263 ita
1392 2237 1530 2270 prmscntis
1545 2238 1605 2264 vitae
1619 2238 1710 2272 gloria:
1728 2238 1832 2265 deditus

1041 2284 1204 2316 cs?Quare,
1230 2283 1274 2310 dic
1293 2282 1367 2314 mihi,
1384 2282 1500 2317 quotidie
1522 2283 1624 2309 crucias
1650 2288 1685 2315 te,
1708 2283 1832 2317 pecunias

1043 2330 1132 2364 plures
1147 2335 1225 2363 quam
1242 2335 1320 2355 arena
1336 2328 1370 2353 sit
1381 2327 1519 2362 colligens,
1533 2333 1559 2355 et
1572 2335 1659 2361 agros,
1680 2332 1706 2354 et
1718 2328 1811 2355 domos
1822 2349 1831 2359 .

1041 2378 1067 2401 et
1088 2373 1195 2400 balneas
1210 2380 1312 2405 emcns,
1336 2377 1416 2406 atque
1440 2373 1496 2399 ha‘c
1516 2380 1587 2406 saepe
1609 2380 1655 2406 per
1676 2373 1792 2407 rapinam
1805 2379 1832 2400 et

1040 2419 1177 2446 avaritiam
1199 2419 1373 2450 cnrradcudo,
1387 2423 1414 2445 et
1429 2419 1491 2445 illud
1514 2418 1647 2453 prophetae
1662 2418 1760 2445 dictum
1783 2420 1831 2445 im-

1041 2466 1158 2500 piendo:
1180 2465 1222 2492 Va:
1243 2466 1285 2500 qui
1310 2465 1464 2499 conjungunt
1490 2466 1590 2490 dottmm
1613 2465 1648 2490 ml
1672 2466 1784 2497 domum,
1809 2471 1831 2492 tl

1041 2520 1129 2546 agrum
1144 2519 1206 2546 agro
1219 2511 1348 2544 copulant,
1372 2515 1398 2536 ut
1413 2511 1493 2536 vicino
1515 2510 1631 2543 auferam
1643 2510 1740 2544 aliquid
1754 2510 1828 2543 (Iani.

1042 2558 1067 2585 5.
1084 2558 1132 2593 8)?
1148 2559 1241 2584 Annon
1254 2556 1310 2583 Iure
1322 2556 1439 2591 quotidie
1450 2556 1539 2583 videre
1548 2563 1585 2583 εει
1600 2557 1611 2583 ?
1627 2556 1659 2583 Et
1671 2556 1714 2583 ille
1724 2557 1830 2592 quidem

1041 2603 1125 2630 dicit:
1142 2603 1219 2637 hujus
1243 2603 1337 2628 domus
1361 2601 1548 2628 obscuritatem
1574 2605 1601 2628 et
1623 2601 1741 2628 umbram
1765 2609 1830 2630 mea:

1043 2649 1129 2682 parit;
1144 2651 1171 2674 ct
1185 2646 1301 2674 inﬁnitos
1313 2651 1454 2681 praetextas
1464 2647 1605 2681 excogitat,
1618 2651 1645 2674 ut
1657 2655 1715 2675 eam
1729 2648 1828 2683 rapiat;

1041 2694 1108 2720 alius
1125 2697 1211 2720 autem
1235 2697 1339 2725 raptum
1363 2692 1470 2726 pauperi
1495 2699 1596 2726 agrum,
1620 2700 1668 2719 suo
1683 2693 1830 2727 cnnjungit.

1042 2740 1095 2766 Iloc
1117 2743 1204 2765 autem
1228 2738 1312 2765 multo
1337 2737 1431 2772 majus,
1446 2742 1470 2763 ot
1487 2739 1570 2772 magis
1594 2737 1761 2771 admirabile,
1782 2740 1832 2765 ιιιίο

1041 2792 1141 2819 nosque
1155 2785 1232 2811 venia
1246 2784 1364 2817 dignum.
1380 2783 1448 2817 quod
1465 2792 1531 2810 ttntts
1546 2794 1569 2809 ιιι
1581 2794 1595 2808 o
1609 2785 1756 2818 eodemque
1772 2785 1830 2810 luto

1042 2833 1161 2860 habitam
1175 2836 1199 2858 ot
1220 2830 1326 2863 sedi-us,
1343 2839 1388 2864 sa-t
1399 2838 1413 2856 c
1436 2831 1488 2857 alio
1503 2837 1624 2865 transtro,
1641 2839 1726 2864 neque
1740 2833 1763 2859 si
1778 2830 1831 2856 wi-
