2058 3123
213 132 265 160 I95

212 191 259 222 let,
276 190 324 216 vah
335 197 376 221 ns,
401 188 442 215 vel
457 188 492 214 ob
514 189 600 215 varias
613 189 811 222 occupationes,
828 187 870 214 vel
884 186 1004 221 corporis

211 234 364 260 valetudine
387 233 525 268 alligatus;
550 233 647 266 ubique
671 236 758 260 tamen
781 237 807 260 et
831 233 857 259 in
881 231 1005 258 omnibus

211 280 297 308 ferme
310 279 430 312 urbibus,
442 279 605 306 monimenta
616 279 734 306 avariti:c
747 285 802 304 sum
816 277 964 312 possidere,
977 280 1004 303 et

211 326 377 354 immortales
401 325 510 352 malitiae
530 332 585 352 sua:
598 324 737 351 columnas
756 327 874 350 statuere
886 322 980 357 satagit
994 330 1002 348 :

210 378 237 398 et
266 376 372 406 peccata
397 370 516 406 quidem,
538 378 572 397 ex
593 370 688 404 quibus
710 369 767 396 haec
781 369 868 395 omnia
893 368 1003 394 collecta

211 423 284 449 sunt,
301 425 351 444 suo
366 417 465 451 imponi
480 415 569 450 capiti,
585 416 726 449 l‘crensque
740 421 848 449 gravem
862 420 893 440 ac
906 419 1003 439 onero-

211 473 268 492 sam
283 465 380 492 ntalem
393 471 444 490 nou
462 462 542 490 sentit
558 471 564 489 :
578 462 638 488 aliis
651 466 740 488 autem
754 468 841 491 usum,
854 459 898 494 qui
913 465 947 485 ex
961 458 1004 484 his

212 510 305 537 haberi
332 513 430 544 potest,
446 508 578 539 concedit,
595 515 647 534 non
661 506 748 534 solum
773 509 833 540 post
853 503 1005 538 emigratio-

212 563 274 583 nem
288 562 321 582 ex
337 555 386 581 hac
402 554 465 584 vita.
489 553 536 580 scd
550 553 630 580 etiam
651 556 793 585 antequam
809 549 870 576 hinc
881 548 1003 583 egredia-

213 606 266 628 tur.
281 600 346 628 Nam
361 599 466 627 etiamsi
482 607 534 625 nun
551 599 649 625 invitus
662 597 701 624 eis
716 595 840 626 nudetur,
862 602 877 621 a
890 593 1003 621 familia-

212 648 285 674 ribus
297 647 354 673 htcc
368 646 455 673 omnia
470 646 641 679 dissipantur,
657 647 686 670 et
703 647 732 669 ut
746 643 780 669 ita
794 641 891 672 dicam,
902 640 1004 666 dilace-

211 697 304 719 rautur
314 701 321 719 :
332 699 418 726 neque
429 691 486 725 ipse
496 690 538 717 vel
551 690 690 717 millesima
704 695 796 716 eorum
808 691 882 721 parte
895 685 1001 712 fruitur.

214 739 245 765 Iit
253 738 315 772 quid
331 737 391 764 dico
404 735 518 763 fruitur?
531 734 681 768 Quomodo,
693 741 753 761 cum
767 732 871 759 nonnisi
883 736 1002 758 ventrem

213 792 293 811 unum
315 783 421 816 haheat,
446 782 530 817 possit
553 785 592 808 tot
616 788 695 816 opum
715 779 910 807 multitudinem
926 778 1001 804 absu-

213 829 305 856 tuere?

247 876 274 903 7.
299 875 332 902 At
346 874 476 902 malorum
497 873 615 900 omnium
638 879 718 899 causa
739 875 781 898 est
804 877 871 896 vana
892 867 974 904 gloria
992 875 1000 893 :

211 921 282 956 quod
295 928 390 955 nempe
405 919 470 947 velit
482 926 577 945 nomen
589 925 665 944 suum
676 917 775 952 imponi
791 916 872 951 agris,
890 914 1002 949 balneis,

211 972 239 994 ct
253 966 365 994 rudibus.
391 965 456 999 Qua:
469 964 514 991 tibi
541 963 603 990 hinc
621 964 721 990 utilitas
731 983 738 995 ,
763 963 842 989 homo
853 981 860 993 ,
875 968 934 988 cum
948 967 1001 987 non

212 1013 296 1040 multo
310 1017 384 1046 post,
400 1010 467 1037 febri
484 1011 608 1045 quapiam
625 1013 650 1036 te
664 1008 828 1043 corripieute
839 1027 847 1038 ,
862 1007 1004 1040 animaque

211 1058 300 1084 subito
313 1056 456 1093 evolante',
480 1054 567 1081 nudus
580 1059 607 1081 et
620 1061 718 1080 vacuus
739 1051 928 1087 relinquendus
943 1050 980 1077 sis
993 1057 1001 1077 :

213 1103 266 1130 imo
285 1102 382 1128 virtute
400 1100 507 1135 quidem
530 1099 644 1126 nudatus
657 1119 665 1130 ,
687 1098 801 1126 vestitus
821 1101 910 1124 autem
935 1095 1003 1130 inju-

212 1148 282 1174 stitia
293 1167 299 1178 ,
316 1146 415 1180 rapinis
425 1165 432 1177 ,
451 1144 572 1176 avaritia,
584 1143 737 1179 gemitibus,
751 1142 904 1176 ejnlatibus,
918 1141 1005 1176 lacry-

213 1193 264 1220 mis
273 1192 455 1226 orplianorum
466 1210 474 1223 ,
490 1189 593 1217 insidiis
603 1210 610 1221 ,
626 1189 716 1216 dolis?
741 1187 882 1222 Quomodo
902 1186 1004 1222 poteris

213 1237 326 1272 grandes
340 1240 544 1271 prementesqne
559 1235 617 1262 illas
631 1235 749 1262 sarcinas
772 1237 943 1267 peccatorum
964 1231 1004 1259 fe-

212 1290 286 1314 rens,
300 1289 346 1316 per
359 1285 498 1315 angustam
512 1280 582 1307 illam
592 1283 694 1314 portam
709 1279 819 1311 intrare,
833 1286 893 1312 quae
907 1284 1004 1312 capere

214 1327 305 1362 nequit
325 1327 422 1354 molem
436 1330 516 1352 tantie
534 1324 740 1360 magnitudinis?
753 1323 936 1351 Necessarium
952 1323 1004 1349 ita-

212 1380 265 1407 que
279 1371 347 1398 foris
358 1378 466 1398 manere
479 1391 486 1402 ,
510 1374 537 1398 et
550 1369 678 1397 oneribus
689 1369 742 1396 illis
755 1372 892 1403 gravatum
907 1367 1003 1395 frustra

214 1418 344 1453 paenitere
356 1438 363 1450 ,
384 1425 444 1444 cum
465 1416 520 1451 jam
544 1420 605 1442 ante
623 1414 717 1442 oculos
730 1419 819 1449 parata
832 1414 935 1441 videbis
949 1418 1004 1440 ιοικ-

213 1469 303 1492 incnta
315 1483 323 1496 ,
344 1467 371 1491 et
394 1463 482 1497 ignem
497 1462 571 1489 illum
587 1461 732 1488 terribilem
752 1467 784 1488 ac
798 1467 943 1495 numquam
957 1466 1005 1486 ex-

213 1509 400 1545 stiuguetulum
416 1514 589 1542 vermemque
604 1514 747 1541 numquam
762 1506 930 1532 moriturum.
945 1504 1003 1532 Cae-

214 1561 301 1582 terum
324 1555 347 1581 si
368 1561 446 1588 quam
468 1556 567 1580 nostrae
595 1552 689 1579 salutis
712 1551 840 1578 habemus
860 1551 1002 1583 rationem,

213 1601 278 1628 dum
293 1599 379 1626 adhuc
393 1603 498 1633 tempus
510 1597 655 1628 habemus,
672 1596 831 1624 desistamus
844 1603 860 1623 a
875 1594 1003 1630 nequitia,

213 1649 347 1672 sectemur
360 1643 495 1674 virtutem,
511 1649 605 1669 vanam
620 1641 732 1676 gloriam
742 1641 928 1675 despiciamus.
937 1639 1003 1667 Nam

214 1691 314 1718 idcirco
328 1697 394 1716 vana
409 1689 519 1721 dicitur,
538 1688 598 1722 quia
615 1688 700 1715 inanis
713 1691 768 1719 est,
788 1691 815 1713 et
836 1686 903 1714 nihil
923 1686 1005 1713 habet

214 1735 311 1763 stabile
333 1741 420 1768 neque
443 1733 549 1760 lirinum
565 1741 572 1758 :
586 1731 633 1759 sed
648 1732 734 1759 solum
747 1736 789 1759 est
802 1731 942 1758 oculorum
957 1730 1006 1757 de-

214 1780 302 1815 ccptio
312 1799 320 1812 ,
334 1783 363 1806 et
378 1779 529 1813 priusquam
545 1781 682 1812 appareat,
695 1776 794 1804 avolat.
819 1777 913 1803 Annon
926 1779 954 1803 et
966 1776 1005 1802 vi-

214 1826 309 1852 demus
323 1831 411 1859 saepe,
427 1831 487 1851 eum
498 1843 506 1855 ,
521 1831 599 1857 quem
616 1822 694 1849 hodie
709 1821 862 1856 przccedunt
884 1822 1002 1854 lictores,

215 1877 242 1900 et
254 1871 353 1905 stipant
365 1869 504 1902 satellites,
516 1875 576 1896 cras
587 1868 613 1895 in
628 1875 762 1895 carcerem
777 1867 887 1902 conjici,
903 1870 930 1895 et
944 1874 1004 1894 cum

216 1915 432 1944 nulefactoribus
453 1914 553 1941 versari
569 1913 628 1949 (a)?
652 1913 720 1947 Quid
740 1913 790 1940 hac
803 1920 869 1940 vana
882 1917 911 1940 et
933 1912 1005 1940 inani

215 1963 296 1998 gloria
313 1960 447 1989 fallacius?
471 1959 548 1998 Quod
570 1959 592 1986 si
616 1960 643 1986 in
664 1959 714 1986 hac
727 1959 780 1986 vita
797 1958 1004 1985 vicissitudinem

216 2009 284 2034 hanc
292 2007 396 2038 evadat,
405 2005 514 2032 omnino
530 2012 603 2032 mors
616 2005 726 2032 veniens
739 2004 891 2032 felicitatem
905 2003 1006 2031 abscin-

215 2053 272 2084 det,
287 2056 315 2079 et
329 2058 409 2086 quem
433 2049 513 2077 hodie
526 2049 553 2076 in
566 2049 624 2076 foro
638 2056 734 2084 magna
750 2056 844 2083 pompa
857 2048 1005 2076 comitaba-

216 2103 274 2129 tur,
288 2096 332 2130 qui
351 2096 378 2122 in
393 2102 527 2122 carcerem
538 2093 706 2128 cnnjicicbat,
721 2098 748 2120 et
762 2095 788 2120 in
804 2094 873 2120 solio
885 2093 1004 2125 sedebat,

216 2143 366 2172 inllabatur,
379 2145 406 2167 et
419 2140 539 2167 homines
553 2140 619 2166 alios
629 2139 703 2174 quasi
715 2139 823 2166 umbras
832 2138 1006 2173 despiciebat,

217 2189 240 2215 is
254 2187 342 2214 subito
355 2189 445 2220 postea
457 2184 557 2219 jacebit
570 2189 690 2211 mortuus
704 2184 805 2218 absque
824 2184 921 2218 spiritu
934 2203 941 2215 ,
958 2183 1008 2210 l't'e-

218 2239 277 2260 tore
297 2231 408 2266 plenus,
433 2229 531 2264 petitus
554 2228 701 2256 innumeris
718 2228 845 2256 conviciis
855 2236 915 2256 cum
929 2228 962 2255 ab
975 2228 1007 2255 iis

217 2284 285 2313 quos
306 2275 409 2311 pridem
434 2274 530 2308 injuria
549 2274 637 2301 all'ccit
649 2294 657 2306 ,
683 2278 738 2300 tum
755 2273 789 2300 ab
807 2274 838 2300 iis
850 2281 916 2308 quos
932 2282 1007 2300 I'llllll-

217 2330 296 2358 quam
313 2321 381 2348 liesit
393 2340 400 2353 ,
421 2319 626 2347 condolcntibus
642 2323 730 2345 tamen
745 2319 777 2346 iis
789 2319 833 2353 qui
849 2319 882 2346 ab
898 2319 948 2346 isto
964 2319 1006 2346 in-

216 2369 284 2404 juria
307 2367 394 2394 all‘ecti
419 2366 532 2393 fuerant.
561 2364 630 2399 Quid
645 2365 695 2392 hoc
708 2365 885 2392 miserabilius
910 2365 1008 2392 fuerit?

217 2414 335 2441 Collecta
352 2417 440 2439 autem
453 2411 541 2438 omnia
564 2417 748 2444 sarpeuumero
762 2410 860 2437 inimici
875 2414 902 2438 et
917 2411 1008 2438 hostes

219 2461 289 2487 inter
314 2466 344 2485 se
370 2457 519 2492 partiuntur
541 2460 568 2482 et
590 2456 753 2483 distribuunt
767 2465 773 2482 :
787 2461 894 2490 peccata
918 2461 1007 2483 autem

219 2512 267 2539 per
281 2511 341 2539 qua:
356 2502 412 2528 haic
423 2506 578 2528 coacervata
593 2505 670 2533 sunt,
685 2508 775 2528 secum
790 2501 886 2534 aufert,
903 2501 936 2529 de
947 2502 1008 2536 qui-

219 2551 268 2577 bus
283 2549 395 2582 diligens
409 2551 436 2574 et
448 2552 569 2573 accurata
583 2546 650 2573 ratio
661 2546 790 2581 exigetur.
807 2547 868 2574 Ideo
882 2547 1006 2579 obsecro,

220 2599 248 2621 ut
261 2593 392 2628 [rugientes
405 2599 498 2618 vanam
520 2591 588 2618 hanc
608 2591 739 2626 gloriam,
759 2599 847 2619 veram
871 2592 1008 2619 desidere-

221 2646 292 2671 mus,
305 2642 332 2665 et
345 2644 404 2671 qua:
418 2637 541 2664 omnibus
555 2637 634 2664 duret
648 2637 768 2664 smculis:
785 2643 811 2665 et
829 2645 915 2672 neque
928 2645 1008 2672 opum

252 2726 426 2759 (u)_>jt‘empo‘re
441 2725 599 2759 Chrysostomi
619 2732 666 2749 non
679 2725 757 2759 semel
764 2725 854 2759 accidit
867 2726 895 2750 ut
903 2722 1010 2754 praefecti

222 2763 266 2791 aut
274 2756 314 2780 alii
349 2756 493 2791 optimates,
510 2763 541 2780 ex
562 2756 910 2791 imperatoris_iinlignatioue,
925 2762 1012 2791 munus

219 2788 370 2841 amitterent.
383 2791 409 2811 et
418 2788 441 2811 in
453 2793 576 2812 carcerein
589 2786 691 2817 conjecti
704 2786 831 2817 aliquando
848 2788 920 2811 etiam
932 2788 1014 2818 capite

221 2825 236 2841 ιι
245 2823 351 2842 nnrareu
363 2824 400 2842 ur.

565 129 593 156 ει.
613 127 751 157 ,ΙΟᾹΝΝΙΞ
765 125 1001 155 CllRYSOSTOMl
1021 127 1178 155 ARCHIEP.
1198 127 1464 157 CONSTANTINOI‘.

1796 129 1845 157 ωδ

1058 194 1133 213 amor
1147 195 1195 213 nos
1206 188 1356 223 supplanth
1368 209 1374 220 ,
1399 197 1484 224 orque
1498 188 1720 224 concupiscentia:
1739 189 1846 217 ﬂamina

1057 237 1161 264 exurat,
1177 240 1261 267 neque
1276 234 1342 260 livor
1355 239 1383 261 et
1398 234 1494 261 invidia
1507 240 1658 269 torqueant,
1674 242 1761 269 neque
1774 235 1846 262 furor

1056 281 1083 303 et
1105 277 1143 303 ira
1159 285 1207 304 nos
1222 277 1363 306 incendant
1377 287 1384 305 :
1399 279 1446 306 sed
1461 279 1510 306 has
1524 287 1617 307 omnes
1633 280 1715 307 malas
1733 285 1761 306 ct
1783 287 1845 314 per-

1057 323 1170 350 niciosas
1184 323 1337 352 aﬁectiones
1358 332 1420 352 rore
1439 324 1552 359 Spiritus
1566 326 1766 360 exslingueutcs
1779 346 1786 357 ,
1799 325 1841 352 do-

1057 369 1200 403 spiciainus
1212 370 1361 404 praesentia,
1374 370 1556 398 desideremus
1568 370 1665 402 futura,
1680 371 1707 397 in
1719 370 1844 397 memoria

1060 413 1206 442 habeamus
1221 415 1336 442 futurum
1348 415 1418 443 diem
1428 437 1435 448 ,
1450 423 1596 451 magnaque
1612 416 1747 450 diligentia
1765 417 1843 442 vitam

1057 460 1234 487 instituamus.
1251 460 1341 495 Neque
1353 461 1424 489 enim
1438 460 1488 488 hac
1499 460 1533 488 de
1548 468 1626 488 causa
1641 461 1666 488 in
1681 461 1748 488 hanc
1765 462 1846 488 vitam

1058 506 1112 533 nati
1123 514 1226 538 sumus,
1241 511 1270 533 ut
1280 506 1366 534 solum
1379 506 1550 534 comedamus
1565 511 1592 533 et
1606 506 1738 534 bibamus.

1092 551 1296 588 Temperantiam
1319 553 1449 588 prwdicat.
1469 568 1504 573 —
1529 553 1585 580 Non
1604 553 1655 579 vita
1676 557 1718 580 est
1740 557 1843 587 proptcl

1056 598 1145 624 cibum
1165 602 1193 625 et
1214 603 1302 632 potum
1313 617 1322 631 ,
1345 598 1391 625 sed
1413 602 1522 634 propter
1535 598 1615 624 vitam
1629 598 1704 625 cibus
1716 602 1745 625 et
1758 603 1845 631 potus.

1056 642 1095 670 Ne
1105 650 1168 678 ergo
1181 643 1343 670 invertamuti
1355 643 1486 676 ordinem,
1501 650 1585 678 neque
1598 643 1637 670 sic
1648 643 1734 670 ventri
1748 648 1775 670 et
1784 650 1844 670 car-

1056 689 1098 716 nis
1122 688 1299 723 voluptatibus
1322 689 1480 721 serviamus,
1503 689 1578 723 quasi
1599 697 1657 716 eam
1681 689 1716 716 ob
1739 696 1846 716 causam

1057 734 1117 761 l‘acti
1133 735 1217 761 simus
1232 743 1239 761 :
1255 734 1302 761 sed
1324 739 1477 769 reputantes
1495 734 1620 761 damnum
1641 733 1710 769 quod
1727 734 1787 761 inde
1799 741 1846 760 na-

1055 780 1148 812 scitur,
1169 781 1329 815 castigemus
1349 786 1436 808 motns
1455 781 1563 813 carnis;
1585 788 1618 808 ne
1641 780 1725 808 simus
1738 787 1846 815 segnes,

1056 833 1106 852 ucc
1121 826 1307 860 permittamus
1319 826 1392 853 illam
1414 826 1541 853 adversus
1560 826 1675 853 animam
1696 826 1844 860 insurgere.

1055 871 1121 899 Nam
1135 873 1157 899 si
1173 872 1271 900 Paulus
1292 873 1337 900 ille
1361 873 1419 900 talis
1442 877 1469 899 et
1491 876 1596 905 tantus,
1611 873 1655 907 qui
1670 872 1745 906 quasi
1760 872 1847 898 alatus

1056 926 1104 954 per
1118 922 1202 945 totum
1215 919 1307 946 orbem
1327 919 1540 951 transcurrehat,
1553 918 1736 952 corporalibus
1749 924 1846 944 neces-

1055 964 1176 991 sitatibus
1190 964 1312 998 superior
1330 963 1414 991 factus
1423 984 1432 997 ,
1446 969 1472 990 et
1486 971 1642 991 arcanorum
1664 963 1769 990 illorum
1783 970 1845 989 ver-

1055 1009 1150 1036 borum
1164 1009 1287 1042 auditor,
1308 1017 1367 1043 quie
1381 1016 1463 1043 usque
1478 1009 1503 1036 in
1521 1009 1589 1035 hunc
1603 1008 1673 1036 diem
1693 1008 1759 1035 alius
1768 1007 1845 1034 audi-

1056 1054 1094 1081 vit
1107 1054 1205 1087 nullus,
1220 1054 1340 1082 scribens
1354 1053 1458 1081 diccbat
1474 1063 1481 1081 :
1496 1054 1596 1089 Castigo
1609 1061 1701 1088 corpus
1713 1061 1805 1085 meum,
1820 1057 1844 1080 et

1055 1101 1081 1126 in
1092 1100 1233 1127 servitutem
1245 1100 1348 1135 redigo,
1373 1107 1404 1126 ne
1423 1100 1486 1132 forte
1507 1099 1564 1126 aliis
1582 1099 1722 1134 pradicant
1736 1099 1790 1133 ipse
1803 1106 1846 1124 re-

1055 1146 1148 1180 probus
1157 1147 1270 1173 inveniar
1280 1146 1319 1182 (l.
1333 1146 1394 1174 Cor.
1404 1146 1431 1174 9.
1442 1146 1487 1182 27)
1503 1155 1509 1173 :
1523 1146 1545 1173 si
1560 1146 1640 1181 igitur
1651 1146 1705 1179 ille,
1718 1147 1763 1180 qui
1774 1150 1845 1172 tanta

1055 1192 1178 1226 dignatus
1189 1195 1232 1219 est
1250 1191 1335 1226 gratia
1347 1212 1354 1224 ,
1380 1197 1439 1226 post
1452 1196 1523 1218 tanta
1536 1196 1564 1219 et
1582 1192 1643 1218 talia
1658 1198 1737 1225 opera
1748 1211 1756 1223 ,
1777 1198 1845 1225 opus

1056 1235 1170 1263 habebat
1195 1240 1224 1263 ut
1247 1237 1406 1270 castigaret,
1431 1237 1458 1264 in
1483 1236 1848 1271 servitutcnircdigeret,ac

1056 1282 1180 1316 potestati
1201 1281 1374 1316 dominioque
1394 1282 1490 1308 anima:
1509 1282 1630 1316 corporis
1651 1281 1771 1308 lascivias
1783 1280 1847 1307 sub-

1053 1326 1147 1362 iiceret
1162 1335 1169 1354 :
1183 1327 1294 1362 castigat
1314 1327 1385 1354 enim
1398 1327 1457 1361 quis
1476 1326 1546 1361 quod
1561 1326 1687 1361 insurgit,
1701 1331 1728 1354 et
1749 1327 1774 1352 iu
1789 1334 1847 1353 scr-

1055 1372 1165 1399 vitutem
1181 1372 1277 1407 redigit
1299 1372 1324 1399 id
1344 1372 1414 1407 quod
1434 1372 1506 1399 frena
1527 1372 1613 1406 rejicit
1628 1381 1635 1400 :
1650 1372 1712 1406 quid
1726 1371 1847 1398 dicemus

1056 1424 1106 1444 nos
1119 1438 1126 1450 ,
1143 1417 1188 1452 qui
1207 1417 1331 1444 omnibus
1343 1417 1483 1444 virtutibus
1495 1417 1615 1444 destituti
1627 1437 1635 1449 ,
1651 1417 1774 1444 omnibus
1785 1424 1846 1451 pec-

1054 1463 1121 1490 catis
1136 1463 1238 1490 onerati
1252 1470 1344 1490 sumus
1355 1483 1363 1495 ,
1379 1468 1407 1490 et
1426 1467 1554 1498 praeterea
1576 1470 1697 1497 magnam
1713 1463 1845 1497 ignaviain

1055 1516 1111 1544 pra:
1126 1508 1202 1536 nobis
1214 1508 1342 1535 ferimus?
1363 1507 1430 1535 Num
1444 1507 1564 1536 inducias
1575 1507 1654 1535 habet
1666 1508 1716 1534 hoc
1729 1506 1848 1534 bellum?

1056 1563 1119 1583 num
1143 1560 1247 1589 tempus
1267 1553 1438 1589 aggrediendi
1462 1553 1646 1589 assignatum?
1670 1552 1782 1587 Semper
1797 1559 1848 1579 nos

1056 1600 1165 1635 vigilare
1179 1604 1206 1627 et
1217 1599 1323 1626 sobrios
1333 1604 1396 1626 esse
1407 1603 1529 1634 oportet,
1553 1603 1581 1626 et
1599 1606 1743 1632 numquam
1757 1598 1784 1624 in
1800 1604 1846 1624 sc-

1055 1646 1169 1673 curitatc
1192 1644 1312 1680 degere:
1332 1644 1394 1679 quia
1417 1651 1470 1671 non
1494 1649 1537 1671 est
1560 1643 1718 1678 prmlinitum
1741 1648 1847 1677 tempus

1055 1690 1162 1725 quando
1186 1697 1235 1717 nos
1257 1696 1430 1724 aggressurus
1451 1693 1493 1716 est
1514 1688 1608 1716 hostis.
1636 1688 1717 1724 Igitur
1739 1695 1845 1723 semper

1057 1735 1133 1762 nobis
1147 1742 1210 1762 cura
1223 1735 1274 1767 sit,
1298 1741 1405 1769 semper
1418 1733 1525 1761 solliciti
1540 1735 1623 1761 simus
1642 1734 1677 1761 de
1695 1733 1780 1760 salute
1796 1741 1846 1760 no-

1056 1785 1110 1808 stra
1123 1801 1131 1813 ,
1145 1784 1174 1807 ut
1192 1781 1230 1807 sic
1243 1787 1384 1814 numquam
1398 1780 1545 1814 expugnari
1561 1780 1708 1814 possimus,
1724 1784 1751 1807 ct
1762 1779 1848 1806 hosti—

1057 1827 1096 1854 lcs
1109 1826 1264 1861 ell'ugientes
1279 1826 1398 1859 insidias,
1410 1826 1618 1853 misericordiam
1631 1833 1646 1852 a
1659 1826 1712 1853 Deo
1722 1833 1848 1860 assequa-

1058 1879 1117 1899 mur
1129 1891 1137 1903 ,
1161 1873 1244 1906 gratia
1258 1876 1285 1898 et
1307 1871 1521 1898 miserationibus
1536 1870 1668 1904 Unigeniti
1688 1871 1746 1905 ejus
1758 1891 1766 1903 .
1786 1878 1846 1898 cum

1057 1925 1110 1952 quo
1123 1917 1194 1944 Patri
1207 1937 1215 1950 ,
1231 1916 1311 1944 simul
1325 1921 1351 1943 et
1365 1916 1475 1951 Spiritui
1492 1921 1584 1943 sancto
1597 1916 1629 1943 sit
1644 1916 1744 1951 gloria.
1762 1917 1849 1949 impe-

1057 1963 1138 1995 rium,
1152 1962 1248 1996 honor,
1258 1970 1328 1989 nunc
1335 1967 1361 1989 et
1369 1969 1484 1996 semper,
1498 1967 1525 1989 et
1535 1962 1560 1988 in
1573 1961 1669 1989 smcula
1677 1962 1847 1989 saeculorum.

1058 2009 1153 2036 Amen.

1325 2063 1463 2091 llOMlLlA
1485 2063 1528 2091 XX
1536 2063 1578 2090 Ill.

1066 2120 1118 2149 Noe
1135 2124 1218 2145 autem
1237 2119 1329 2146 invenit
1342 2119 1450 2154 gratiam
1470 2127 1556 2146 coram
1577 2118 1685 2146 Domino
1700 2118 1764 2146 Deo.
1788 2119 1851 2146 [σιω

1095 2169 1178 2191 autent
1189 2169 1246 2190 sunt
1259 2165 1430 2199 generationes
1444 2163 1511 2191 Noe.
1528 2163 1586 2191 Noe
1597 2164 1671 2190 homo
1681 2165 1776 2200 jusliu,
1789 2173 1849 2199 per-

1095 2211 1176 2245 fectus
1191 2210 1310 2236 cuiatem
1323 2210 1349 2236 in
1362 2210 1520 2244 generatione
1532 2217 1579 2236 sua
1590 2216 1600 2236 :
1616 2208 1669 2236 Deo
1682 2209 1776 2244 placuit
1793 2209 1851 2237 Noe

1095 2255 1172 2291 (Gen.
1187 2255 1214 2282 6.
1227 2255 1267 2290 9).

1096 2316 1121 2342 l.
1147 2314 1251 2342 Virtutis
1265 2314 1446 2349 prierogativaz.
1460 2328 1495 2334 —
1507 2313 1614 2340 Vidistis
1629 2315 1655 2340 in
1671 2314 1702 2340 iis
1711 2321 1769 2348 qua:
1781 2313 1852 2340 dicta

1060 2365 1132 2392 sunt,
1145 2365 1243 2395 quanta
1255 2359 1352 2386 divinae
1375 2359 1564 2386 misericordia:
1585 2359 1749 2393 magnitudo,
1772 2365 1850 2392 quam

1062 2407 1154 2440 ingens
1165 2405 1323 2432 tolerantia?
1337 2403 1439 2431 vidistis
1457 2404 1606 2437 hominum,
1620 2404 1663 2438 qui
1679 2409 1742 2430 tunc
1763 2408 1850 2432 erant.

1062 2455 1244 2486 portentosam
1273 2449 1420 2476 malitiam?
1441 2449 1571 2476 didicistis
1598 2454 1694 2483 quanta
1718 2448 1797 2475 fuerit
1825 2448 1851 2474 in

1061 2496 1147 2523 media
1164 2499 1235 2522 tanta
1249 2494 1416 2522 multitudine
1427 2494 1490 2529 justi
1504 2494 1597 2526 virtus,
1611 2498 1638 2521 et
1650 2501 1728 2529 quam
1746 2493 1811 2520 nihil
1827 2493 1852 2519 ei

1062 2540 1183 2568 nocuerit
1202 2540 1242 2566 vel
1257 2539 1362 2566 illorum
1378 2539 1404 2566 in
1419 2539 1517 2566 malum
1531 2539 1704 2574 conspiratio,
1722 2539 1764 2565 vel
1779 2540 1852 2574 quod

1062 2587 1135 2614 Solus
1157 2586 1183 2612 in
1206 2585 1294 2612 medio
1314 2585 1424 2612 istorum
1447 2585 1622 2619 interceptus,
1643 2586 1721 2619 longe
1745 2585 1852 2612 diversa

1063 2631 1203 2658 incesserit
1217 2630 1275 2657 via?
1286 2629 1351 2657 Nam
1367 2630 1441 2664 quasi
1456 2630 1619 2664 gubernator
1631 2631 1757 2664 optimus,
1775 2638 1853 2657 nicu-

1064 2677 1097 2703 tis
1109 2676 1212 2703 clavum
1223 2683 1316 2710 magna
1330 2675 1463 2710 vigilantia
1475 2675 1616 2709 arripiens,
1631 2675 1718 2702 navint
1733 2683 1807 2702 suam
1819 2675 1855 2701 ab

1064 2721 1225 2748 irruentibus
1238 2721 1345 2747 malitiae
1358 2721 1481 2755 procellis
1496 2721 1629 2755 submergi
1655 2729 1706 2746 non
1731 2726 1772 2748 cst
1790 2727 1853 2754 pas-

1063 2775 1120 2797 Siis.
1140 2766 1185 2793 sed
1209 2766 1293 2793 factus
1316 2771 1474 2799 tempestate
1499 2766 1641 2800 potentior,
1664 2766 1726 2792 licet
1749 2766 1774 2792 in
1799 2766 1855 2792 alto

1064 2814 1185 2847 jactutus.
1201 2811 1274 2846 quasi
1289 2812 1314 2838 in
1336 2817 1412 2846 portu
1436 2811 1551 2843 sederet,
1564 2812 1668 2839 virtutis
1685 2811 1853 2846 gubernacu-
