2058 3123
119 152 166 181 195

115 219 203 246 μενος,
221 209 240 243 ἦ
254 209 289 235 δι’
302 209 398 244 ἑτέραν
413 207 473 236 τινὰ
490 206 659 242 πραγμάτων
673 206 850 240 περίστασιν,
868 205 884 240 ἢ
899 205 946 231 καὶ

114 255 166 281 ὑπὸ
178 254 229 289 τῆς
238 253 287 279 τοῦ
302 253 427 288 σώματος
435 250 588 287 ἀρρωστίας
604 250 800 285 πεπεδημένος,
809 248 947 283 πανταχοῦ

114 298 161 324 καὶ
178 298 206 323 ὲν
220 296 332 326 πάσαις,
346 295 383 326 ὡς
397 296 494 325 εἰπεῖν,
510 295 569 324 ταῖς
585 293 678 319 πόλεσι
692 292 815 327 βούλεται
827 293 948 327 ὑπομνή-

115 349 188 376 ματα
207 340 257 375 τῆς
283 339 386 370 οἰκείας
412 337 567 370 πλεονεξίας
597 335 755 370 κεκτῆσθαι,
778 336 825 362 καὶ
848 335 948 370 στήλας

113 384 264 414 ἀθανάτους
279 384 328 417 τῆς
339 383 443 413 οἰκείας
458 381 557 412 κακίας
571 380 645 415 παρά
660 381 741 406 πᾶσιν
751 379 833 413 ἔχειν,
847 378 895 405 καὶ
913 379 948 405 τὰ.

115 427 166 462 μὲν
179 427 378 461 ἁμαρτήματα,
395 425 424 457 ἐξ
435 422 471 451 ὧν
484 425 591 451 ἅπαντα
605 423 691 450 ταῦτα
707 423 846 457 συνελέγη,
862 424 895 458 τῇ
909 423 946 448 οξ-

116 469 178 504 κείᾳ
193 468 330 503 ἐπιτίθησι
345 467 460 503 κεφαλῇ,
474 467 521 504 καὶ.
537 466 645 502 φορτίον
657 466 723 501 βαρὺ
736 465 783 491 καὶ
798 465 948 491 δυσϐάστα-

115 503 178 538 κτον
194 511 391 546 ἐπιφερόμενος
416 511 467 536 οὐκ
483 503 661 536 αἰσθάνεται’
680 509 728 543 τὴν
752 508 780 534 δὲ
795 509 827 535 ὲκ
846 508 948 534 τούτων

115 554 267 581 ἀπόλαυσιν
284 554 387 589 ἑτέροις
410 554 577 588 παραχωρεῖ,
600 553 630 578 οὑ
645 552 713 586 μετά
736 552 785 586 τὴν
802 552 850 586 τῆς
876 551 947 586 ζωῆς

117 597 283 632 μετάστασιν
301 597 392 632 μόνον,
408 596 476 623 άλλά
497 596 543 622 καί⁴
558 595 609 630 πρὸ
625 597 673 630 τῆς
696 595 820 622 ἐντεῦθεν
846 594 946 627 ἐξόδου.

116 640 175 667 Κᾶν
186 640 242 676 γὰρ
254 641 291 676 μὴ
302 640 376 667 ἄκων
388 641 477 667 αὐτῶν
489 639 629 675 γυμνωθῇ,
642 638 694 665 ὑπὸ
704 638 757 664 τῶν
767 638 948 673 ᾠκειωμένων

115 683 272 717 διασπᾶται,
280 684 317 715 ὠς
325 685 422 716 εἰπεῖν,
433 684 480 710 καὶ
492 683 720 718 διασπαράττεται
733 682 840 709 ἅπαντα
850 681 947 713 ταῦτα,

117 728 163 754 καὶ
177 728 237 754 οὐδὲ
249 728 296 754 τοῦ
312 727 458 754 πολλοστοῦ
474 727 562 754 αὐτῶν
582 727 681 762 μέρους
701 727 730 753 ὲν
745 725 892 752 ἀπολαύσει
907 725 948 759 γί-

116 779 202 798 νεται.
215 772 248 797 Τί
266 772 293 797 δὲ
307 771 377 805 λέγω
392 772 420 797 ὲν
436 771 581 797 ἀπολαύσει
594 779 600 802 ;
619 771 667 796 Ἂν
681 770 735 806 γὰρ
749 769 874 805 βουληθῇ,
889 770 948 800 πῶς

116 814 228 850 ἀρκέσει
243 814 307 848 μίαν
320 813 388 849 ἔχων
402 814 523 849 γαστέρα
538 814 605 848 πρὸς
625 813 735 839 τοσοῦτο
757 812 859 848 πλῆθος
881 821 948 848 χρη-

118 866 210 892 ματων
222 866 230 890 ς

151 901 186 933 ζ’.
201 900 281 927 Ἀλλὰ
288 900 342 927 τῶν
351 900 443 927 κακῶν
454 900 580 927 ἀπάντων
587 901 617 926 τὸ
625 901 733 935 αἴτιον-ἡ
742 900 889 932 κενοδοξία,
900 900 948 927 καὶ

115 944 147 970 τὸ
159 944 304 979 βούλεσθαι
315 945 366 979 τὴν
379 944 562 979 προσηγορίαν
572 945 727 971 ἐπικεῖσθαι
739 944 787 980 τὴν
795 943 877 971 αὑτοῦ
890 945 948 976 τοῖς

115 989 222 1023 ἀγροῖς,
236 989 292 1019 τοῖς
305 987 466 1022 βαλανείοις,
478 989 538 1019 ταῖς
553 988 663 1020 οἰκίαις.
689 988 721 1014 Τί
739 997 780 1014 σοι
798 988 828 1014 τὸ
841 987 946 1022 δφελος,

115 1030 256 1065 ἄνθρωπε,
281 1030 345 1057 ὅταν
364 1030 422 1065 μετ’
441 1031 471 1057 οὐ
496 1031 575 1062 πολὺ,
599 1031 716 1066 πυρετοῦ
740 1031 946 1062 καταλαῦόντος,

115 1074 213 1108 ἀθρόον
228 1074 402 1108 ἀφιπταμένη
417 1075 433 1108 ἡ
443 1074 516 1109 ψυχὴ
535 1074 726 1110 καταλιμπάνῃ
740 1082 769 1100 σε
783 1074 884 1109 ἔρημον
901 1074 948 1100 καὶ

117 1116 230 1151 γυμνὸν,
247 1117 345 1152 μᾶλλον
370 1117 398 1143 δὲ
414 1118 514 1152 ἀρετῆς
530 1118 578 1152 μὲν
589 1117 808 1152 γεγυμνωμένον,
834 1116 948 1151 περιθε-

116 1160 251 1195 6λημένον
262 1160 291 1187 δὲ
305 1161 354 1192 τὰς
368 1160 485 1192 ἀδικίας.
503 1161 553 1192 τὰς
572 1162 708 1196 ἁρπαγὰς,
719 1162 768 1193 τὰς
782 1161 946 1194 πλεονεξίας,

115 1205 180 1235 τοὺς
195 1206 372 1238 στεναγμοὺς,
387 1205 431 1231 τὸν
443 1205 569 1240 όδυρμὸν,
584 1205 618 1231 τὰ
629 1205 732 1240 δάκρυα
746 1205 800 1232 τῶν
813 1205 947 1241 ὀρφανῶν,

115 1247 167 1278 τὰς
184 1247 339 1281 ἐπιϐουλὰς,
365 1249 427 1280 τοὺς
452 1249 560 1281 δόλουςς
586 1249 648 1281 Πῶς
673 1249 773 1284 δυνήσῃ
788 1249 822 1275 τὰ
844 1248 949 1284 μεγάλα

115 1291 203 1317 ταῦτα
216 1292 314 1326 φορτία
327 1292 380 1318 τῶν
405 1293 609 1328 ἁμαρτημάτων
634 1293 701 1328 ἔχων
718 1292 888 1327 ἐπικείμενα,
900 1292 949 1327 τὴν

117 1334 215 1369 στενὴν
232 1335 319 1370 πύλην
332 1335 438 1370 ἐκείνην
456 1335 596 1370 διαϐῆναι,
617 1337 666 1371 τὴν
689 1336 718 1362 ού
733 1336 884 1371 δυναμένην
907 1336 950 1362 δέ-

117 1377 214 1409 ξασθαι
229 1378 274 1404 τὸν
286 1378 367 1412 δγκον
383 1377 429 1404 τοῦ
441 1379 569 1405 τοσούτου
587 1379 735 1414 μεγέθουςς
763 1380 879 1414 Ἀνάγκη
897 1380 950 1405 τοί-

115 1428 165 1446 νυν
178 1421 231 1453 ἔξω
246 1421 370 1456 μένοντα,
383 1422 429 1448 καὶ
444 1421 495 1448 ὑπὸ
507 1422 560 1448 τῶν
576 1423 691 1457 φορτίων
707 1421 808 1448 τούτων
820 1422 901 1458 βαρού
906 1431 949 1457 με-

117 1471 163 1489 νον
176 1464 295 1498 ἀνήνυτα
311 1465 533 1499 μεταγινώσκειν,
551 1465 600 1501 ἤδη
613 1465 665 1500 πρὸ
681 1465 734 1491 τῶν
757 1465 902 1500 ὀφθαλμῶν
916 1465 951 1492 τὰ

119 1506 286 1543 κολαστήρια
298 1507 402 1542 ὁρῶντα
420 1507 634 1542 ηὐτρεπισμένα,
651 1508 697 1534 καὶ
708 1508 737 1534 τὺ
757 1508 812 1543 πῦρ
823 1509 909 1535 ἐκεῖνο
921 1509 952 1535 τὸ

118 1549 234 1584 φοϐερὸν
247 1551 294 1576 καὶ
310 1551 445 1585 μηδέποτε
470 1551 658 1586 σὸεννύμενον,
689 1552 735 1578 καὶ
753 1552 798 1578 τὸν
823 1552 951 1587 σκώληκα

117 1592 165 1618 τὸν
174 1592 362 1628 ἀτελεύτητον.
385 1594 454 1620 Ἀλλ’
468 1595 494 1620 ετ
508 1603 549 1626 τις
562 1595 628 1629 ἡμῖν
646 1594 723 1629 λόγος
741 1595 790 1630 τῆς
814 1596 952 1631 σωτηρίας

118 1636 167 1671 τῆς
182 1637 330 1672 ἡμετέρας,
355 1637 392 1668 ὡς
421 1638 460 1663 ἔτι
478 1638 571 1673 καιρὸν
597 1638 706 1673 ἔχομεν,
723 1639 884 1674 ἀποστῶμεν
903 1640 952 1675 τῆς

120 1680 228 1711 κακίας,
246 1681 293 1707 καὶ
308 1681 357 1716 τὴν
375 1682 475 1717 ἀρετὴν
493 1682 714 1717 μεταδιώξωμεν,
739 1683 785 1718 τῆς
801 1683 952 1716 κενοδοξίας

120 1721 302 1758 ὑπερίδωμεν.
332 1725 382 1750 Διὰ
404 1724 481 1751 τοῦτο
508 1726 562 1761 γὰρ
586 1727 633 1752 καί
652 1727 717 1762 κενὴ
737 1726 856 1760 λέγεται,
877 1727 952 1763 [204]

121 1766 213 1801 ἐπειδὴ
221 1767 343 1799 διάκενός
355 1770 413 1795 ἑστι
429 1769 476 1794 καὶ
487 1769 562 1795 οὐδὲν
577 1769 675 1804 ἔχουσα
688 1770 805 1805 βέῦαιον,
819 1771 879 1797 οὐδὲ
903 1771 952 1805 μό-

121 1817 207 1844 νιμον,
224 1810 281 1836 ἀλλ’
300 1811 391 1846 ἀπάτη
412 1811 491 1846 μόνον
517 1811 663 1847 ὀφθαλμῶν
678 1813 826 1848 τυγχάνει,
852 1814 916 1849 πρὶν
934 1815 950 1850 ἦ

121 1852 239 1886 φανῆναι
255 1854 442 1890 άφιπταμένη.
464 1855 500 1882 Ἦ
514 1856 563 1890 οὐχ
578 1855 685 1891 ὁρῶμεν
703 1857 749 1882 τὸν
763 1858 881 1892 σήμερον
899 1858 952 1884 ὑπο

120 1896 174 1922 τῶν
189 1897 344 1933 ῥαϐδούχων
356 1900 595 1934 προπεμπόμενον,
607 1900 654 1926 καὶ
666 1901 718 1926 ὑπὸ
729 1900 783 1927 τῶν
797 1901 952 1938 δορυφόρων

121 1939 317 1976 κυκλούμενον,
344 1941 439 1978 αὔριον
465 1943 594 1975 πολλάκις
609 1944 793 1979 δεσμωτήριον
816 1945 950 1979 οἰκοῦντα,

121 1983 168 2009 καὶ
186 1985 255 2019 μετά
273 1986 326 2011 τῶν
339 1987 498 2022 κακούργων
519 1989 717 2023 στρεφόμενον;
742 1989 763 2014 Τ
766 1989 773 2014 ί
787 1989 889 2024 ταύτης
904 1990 952 2024 τῆς

121 2027 204 2061 κενῆς
218 2029 264 2054 καὶ
280 2029 397 2062 ματαίας
410 2030 488 2066 δόξης
502 2031 719 2073 ἀπατηλότερον;
749 2031 780 2058 Εἰ
795 2033 824 2058 δὲ
850 2033 896 2059 καὶ
915 2034 952 2069 μὴ

121 2071 151 2096 ἑν
161 2071 201 2105 τῷ
218 2073 332 2107 παρόντι
346 2074 381 2099 τά
393 2074 443 2108 τῆς
456 2071 605 2110 μεταϐολῆς
616 2075 696 2101 αὑτὸν
710 2075 859 2111 ὲκδέξηται,
876 2078 890 2103 ὁ
905 2077 954 2103 θάο

122 2122 200 2145 νατος
216 2116 322 2147 πάντως
339 2117 458 2143 ἐπελθὼν
471 2118 576 2153 διέκοψε
587 2119 635 2153 τὴν
649 2119 806 2153 εὐημερίαν,
818 2120 865 2146 καὶ
879 2121 893 2146 ό
905 2121 953 2156 σή-

122 2166 207 2192 μερον
222 2158 308 2185 σοὸὦν
324 2160 370 2186 ἐπὶ
385 2161 433 2195 τῆς
446 2161 558 2197 ἀγορᾶς,
582 2162 629 2188 κα).
652 2163 690 2193 είς
709 2163 894 2199 δεσμωτήριον
908 2165 954 2198 ἐμι-

120 2200 238 2232 6ἀλλων,
269 2203 317 2228 καὶ
342 2203 389 2229 ἐπὶ
417 2204 459 2230 τοῦ
476 2204 571 2239 θρόνου
595 2205 760 2240 καθήμενος,
780 2206 825 2232 καὶ
847 2207 953 2241 μεγάλα

121 2244 225 2277 φυσῶν,
253 2246 300 2272 καὶ
321 2247 384 2278 τοὺς
399 2247 520 2280 ἃπαντας
536 2248 696 2284 ἀνθρώπους
716 2249 753 2280 ὡς
770 2250 846 2281 σκιὰς
870 2250 952 2286 ὁρῶν,

121 2288 220 2324 ἀθρόον
235 2291 269 2324 τῇ
285 2290 349 2325 ὲξῆς
364 2292 449 2318 κεῖται
468 2292 563 2327 νεκρὸς
583 2293 693 2324 ἄπνους,
714 2293 844 2324 δυσωδίας
870 2295 953 2329 ἐμπε-

121 2332 289 2368 πλησμένος,
317 2334 426 2370 μυρίαις
445 2335 620 2370 κατηγορίαις
642 2335 813 2371 βαλλόμενος,
830 2337 882 2364 ὑπὸ
899 2337 952 2364 τῶν

121 2376 316 2410 ἀδικηθέντων,
330 2378 382 2404 ὑπὸ
391 2378 446 2404 τῶν
457 2379 539 2414 μηδὲν
551 2379 741 2414 ἀδικηθέντων,
753 2380 954 2414 συναλγούντων

121 2420 179 2450 τοῖς
189 2421 349 2455 ἀδικηθεῖσι.
365 2421 398 2448 Τί
408 2422 455 2448 τοῦ
470 2422 589 2449 τοιούτου
602 2423 781 2458 ἐλεεινότερον
794 2424 891 2457 γένοιτ’
903 2425 953 2459 ἆν;

123 2461 174 2489 Καὶ
191 2463 223 2489 τὰ
237 2464 286 2498 μὲν
303 2464 465 2499 συλλεγέντα
475 2466 581 2492 ἅπαντα
598 2466 727 2497 πολλάκις
742 2466 834 2501 ἐχθροὶ
848 2467 896 2494 καὶ
906 2476 955 2494 πο.

123 2506 211 2540 λέμιοι
228 2507 296 2542 πρὸς
305 2508 435 2543 ἀλλήλους
448 2509 616 2544 διενείμαντο
625 2518 631 2525 ·
650 2510 683 2536 τὰ
696 2509 724 2535 δὲ
738 2510 770 2536 ἐκ
783 2509 884 2537 τούτων
894 2512 955 2538 ὲπι-

124 2550 295 2584 σωρευθέντα
324 2557 337 2571 ι
367 2552 441 2587 αὐτῷ
469 2553 653 2588 ἁμαρτήματα
676 2553 765 2579 λαόὼν
789 2553 892 2586 ἄπεισι,
906 2554 955 2586 τὰς

123 2593 194 2629 ὑπὲρ
209 2594 314 2621 τούτων
328 2595 476 2630 ἀπολογίας
496 2598 564 2631 μετά
580 2597 678 2631 πολλῆς
692 2597 891 2632 ἀπαιτούμενος
906 2599 955 2634 τῆς

123 2637 277 2671 ἁκριὸείας.
299 2638 345 2664 Διὸ
355 2640 516 2674 παρακαλῶ,
531 2640 675 2674 φεύγοντες
694 2640 741 2676 τὴν
758 2641 838 2676 κενὴν
854 2641 955 2676 ταύτην

123 2680 212 2713 δόξαν,
235 2682 285 2717 τὴν
298 2683 386 2718 ἀληθῆ
416 2684 586 2719 ποθήσωμεν,
606 2685 652 2711 καὶ
673 2683 892 2715 διαιωνίζουσαν·
908 2685 956 2711 καὶ

127 2726 194 2760 μήτε
209 2727 358 2762 χρημάτων
375 2727 444 2763 ἔρως
464 2729 537 2764 ἡμᾶς
550 2729 760 2761 ὑποσκελιςέτω,
780 2729 848 2764 μήτε
867 2728 956 2755 ἐπιθυι

157 2799 264 2838 Ὶῑυνιξι.
287 2802 468 2833 ἑκσωρευθὲντα.
493 2803 546 2827 Mox
561 2803 630 2826 mulli
653 2809 707 2826 mss.
728 2803 769 2831 τὰς
790 2804 847 2835 ὑπὲρ
864 2803 954 2827 τούτων

125 2838 281 2860 παρανομιας.

687 149 718 178 ΙΝ
739 148 814 176 CAP.
835 148 869 175 Vl
889 145 1012 174 GENES.
1035 146 1149 174 ΙΙΟΜΙΙ...
1166 146 1260 174 XXIII.

1777 142 1826 173 19G

1003 204 1067 238 μίας
1079 204 1143 238 φλὸξ
1158 203 1338 234 κατακαιέτω,
1363 204 1428 239 μήτε
1449 203 1544 238 φθόνος
1560 203 1607 230 καὶ
1633 202 1765 237 βασκανία
1779 211 1821 238 τη-

1000 247 1082 278 κέτω,
1100 248 1168 282 μήτε
1179 247 1262 281 θυμὸς
1278 248 1441 282 ἐμπρησμὸν
1457 249 1521 282 ἡμῖν
1534 247 1746 282 ἀπεργαζέςθω·
1759 246 1826 273 ἀλλὰ

1000 290 1087 316 πάντα
1098 291 1183 317 ταῦτα
1195 290 1229 316 τὰ
1239 291 1344 325 πονηρά
1363 291 1409 316 καὶ
1420 290 1527 325 ὀλέθρια
1542 291 1615 326 πάθῃ
1634 292 1667 325 τῇ
1680 291 1767 325 δρόσῳ
1780 289 1827 316 τοῦ

999 334 1157 369 ΙΙνεύματος
1181 333 1397 365 κατασϐέσαντες
1413 334 1582 367 ὺπερίδωμεν
1603 333 1657 359 τῶν
1676 334 1827 368 παρόντων,

1000 376 1162 411 ποθήσωμεν
1178 376 1210 402 τὰ
1230 376 1369 411 μέλλοντα,
1382 376 1484 402 ἔννοιάν
1497 384 1557 402 τινα
1568 375 1692 410 λάϐωμεν
1704 376 1754 410 τῆς
1765 377 1825 410 μελ-

1000 419 1098 454 λούσης
1116 420 1231 454 ἡμέρας,
1247 419 1293 445 καὶ
1308 419 1407 454 πολλὴν
1419 419 1465 445 τοῦ
1483 419 1539 454 βίου
1554 418 1601 454 τὴν
1611 419 1751 453 ἀκρίϐειαν
1767 420 1826 444 ἐπι-

999 461 1159 496 δειξώμεθα.
1176 462 1241 488 Οὐδὲ
1256 462 1309 497 γὰρ
1323 462 1366 488 διὰ
1380 462 1458 488 τοῦτο
1472 463 1511 492 εἰς
1527 461 1571 487 τὸν
1586 461 1642 495 βίον
1657 460 1749 487 τοῦτον
1762 469 1827 496 παρ-

999 505 1131 540 ήχθημεν,
1149 506 1191 531 ἵνα
1209 505 1287 540 μόνον
1297 505 1431 540 ἐσθίωμεν
1447 505 1493 531 καὶ
1512 504 1642 539 πίνωμεν.

1033 549 1070 574 Οὐ
1089 549 1119 575 τὸ
1133 548 1182 584 ζῇν
1195 549 1239 575 διὰ
1253 549 1283 575 τὸ
1297 550 1391 583 φαγεῖν
1406 549 1453 575 καὶ
1470 549 1539 574 πιεῖν
1564 548 1684 582 γέγονεν,
1700 546 1767 572 ἀλλὰ
1783 545 1828 572 διὰ

997 592 1028 618 τὸ
1042 591 1091 626 ζῇν
1105 591 1136 618 τὸ
1150 593 1246 626 φαγεῖν
1265 593 1311 618 καὶ
1327 594 1407 618 πιεῖν.
1425 592 1470 627 Μὴ
1492 592 1581 617 τοίνυν
1607 591 1828 625 ἀντιστρέφωμεν

998 636 1046 671 τὴν
1061 636 1146 668 τάξιν,
1162 637 1228 671 μήτε
1242 635 1279 667 ὡς
1300 636 1332 661 δι’
1348 635 1413 661 αὐτὸ
1430 635 1569 669 γενόμενοι
1583 633 1654 660 οὕτω
1679 635 1711 668 τῇ
1729 634 1827 668 γαστρὶ

997 679 1177 713 δουλεύωμεν,
1192 679 1237 705 καὶ
1252 680 1312 710 ταῖς
1330 680 1378 714 τῆς
1392 679 1491 713 σαρκὸς
1506 678 1626 713 ἡδοναῖς·
1642 677 1709 704 ἀλλά
1723 678 1772 711 τὴν
1784 677 1827 702 ἑν-

997 723 1091 749 τεῦθεν
1109 724 1174 758 ἡμῖν
1187 722 1348 756 τικτομένην
1374 722 1475 757 βλάϐην
1502 721 1730 755 ἀναλογιζόμενοι,
1747 729 1828 746 κατα-

999 767 1150 800 στέλλωμεν
1161 767 1209 800 τῆς
1223 766 1323 800 σαρκὸς
1337 766 1371 792 τά
1381 766 1441 800 κινὴ
1447 774 1528 799 ματα,
1540 766 1587 791 καὶ
1601 765 1639 800 μὴ
1651 764 1826 800 ρᾳθυμῶμεν,

1000 810 1066 845 μηδὲ
1082 809 1266 844 συγχωρῶμεν
1283 809 1367 844 αὐτὴν
1392 808 1633 840 καττξανίοτασθαι
1652 808 1702 842 τῆς
1727 807 1824 842 ψυχῆς.

999 855 1029 880 Εἰ
1045 853 1099 888 γὰρ
1126 853 1230 884 Παῦλος
1253 853 1267 878 ὁ
1279 852 1403 884 τοσοῦτος
1429 853 1476 878 καὶ
1495 852 1660 887 τηλικοῦτος,
1675 852 1690 877 ὁ
1702 850 1827 885 καθάπερ

999 897 1151 932 ὑπόπτερος
1164 896 1212 931 τὴν
1227 896 1388 930 οἰκουμένην
1411 895 1567 931 διαδραμὼν
1581 896 1698 927 ἃπασαν,
1713 893 1826 920 καὶτῶν

998 939 1161 974 σωματικῶν
1175 939 1302 972 ἀναγκῶν
1318 938 1401 964 ἁνώτε
1407 947 1451 973 ρος
1469 939 1597 972 γεγονὼς,
1617 938 1727 964 καὶτῶν
1741 938 1812 972 ἀρῤή
1821 951 1827 957 -

998 992 1052 1009 των
1067 983 1178 1009 ἐκείνων
1200 983 1329 1018 ῥημάτων
1353 982 1467 1008 ἀκοῦσαι
1481 981 1666 1014 καταξιωθεὶς,
1681 978 1718 1008 ὧν
1745 981 1825 1016 μέχρι

997 1027 1048 1062 τῆς
1061 1027 1179 1062 σήμερον
1187 1026 1273 1057 οὐδεὶς
1288 1026 1366 1057 ἄλλος
1373 1026 1483 1060 ἤκουσε,
1493 1026 1604 1060 γράφων
1611 1025 1703 1059 ἔλεγεν
1710 1033 1717 1040 ·
1738 1025 1826 1051 ’Υπω-

999 1070 1086 1100 πιὰζὶιι
1100 1079 1156 1104 μου
1173 1070 1206 1097 τὸ
1224 1069 1318 1104 σῶμα,
1336 1070 1384 1096 καὶ
1399 1068 1585 1104 δουλαγωγῶ,
1598 1069 1703 1103 μήπως
1720 1068 1826 1101 ἄλλοις

999 1115 1131 1147 κηρύξας
1148 1113 1238 1146 αὐτὸς
1250 1113 1391 1147 ἀδόκιμος
1407 1113 1548 1146 γένωμαι·
1565 1113 1588 1138 εί
1614 1113 1702 1139 τοίνυν
1726 1113 1842 1145 ἐκεῖνος]

998 1158 1012 1183 ὁ
1027 1157 1160 1192 τοσαύτης
1174 1156 1297 1188 ἀξιωθεὶς
1320 1157 1438 1190 χάριτος.
1458 1155 1524 1190 μετὰ
1547 1155 1664 1182 τοσαῦτα
1691 1156 1738 1182 καὶ
1757 1155 1828 1189 τηλι-

999 1201 1086 1227 καῦτα
1105 1199 1304 1234 κατορθώματα
1319 1199 1402 1224 ἐδεῖτο
1420 1199 1466 1224 τοῦ
1484 1198 1662 1229 ὑπωπιάζειν,
1683 1198 1730 1225 καὶ¹
1756 1199 1828 1224 δουλ-

1000 1245 1127 1278 αγωγετν,
1141 1245 1187 1270 καὶ
1200 1243 1358 1269 ὑποτάττειν
1370 1243 1402 1277 τῇ
1421 1242 1469 1276 τῆς
1481 1242 1568 1276 ψυχῆς
1585 1241 1701 1276 ἐξουσίᾳ,
1715 1243 1761 1268 καὶ
1777 1243 1829 1268 ὑπὸ

999 1288 1047 1322 τὴν
1063 1288 1163 1321 ταύτης
1182 1286 1280 1321 ἀρετὴν
1294 1283 1363 1312 εἶναι
1389 1286 1474 1311 ποιεῖν
1488 1284 1534 1310 τοῦ
1558 1284 1681 1319 σώματος
1707 1284 1742 1310 τά
1756 1293 1829 1320 σκιρ-

998 1331 1109 1366 τήματα
1134 1330 1302 1363 (ὑπωπιάζει
1319 1329 1372 1364 γάρ
1392 1337 1432 1360 τις
1450 1328 1480 1354 τὸ
1497 1327 1765 1363 κατεξανιστάμενον,
1782 1328 1830 1354 καὶ

998 1374 1163 1408 δουλαγωγεί
1175 1374 1204 1399 το
1221 1372 1342 1408 ἀφηνιῶν
1359 1373 1399 1406 ι³)·
1416 1371 1442 1398 τί
1456 1370 1502 1398 οὖν
1518 1371 1550 1398 ἂν
1574 1372 1696 1406 εἴποιμεν
1708 1372 1788 1407 ἡμεῖς
1803 1371 1828 1398 οἱ

1000 1418 1108 1444 πάντων
1125 1417 1221 1451 ἔρημοι
1239 1415 1292 1442 τῶν
1304 1415 1423 1450 ἀγαθῶν,
1448 1415 1473 1441 οἱ
1490 1414 1610 1449 φορτίοις
1624 1414 1829 1450 ἁμαρτημάτων

1001 1461 1076 1498 [Ξθό]
1093 1461 1286 1497 βεϐαρημένοι,
1300 1461 1346 1486 καὶ
1361 1459 1430 1494 πρὸς
1453 1458 1557 1490 τούτοις
1572 1458 1671 1494 πολλὴν
1687 1458 1735 1492 τὴν
1751 1458 1829 1493 ῥᾳθυ-

1002 1506 1066 1540 μίαν
1076 1504 1310 1540 ὲπιδεικνύμενοι;
1326 1503 1371 1538 Μὴ
1387 1502 1441 1538 γὰρ
1455 1501 1597 1538 ἀνακωχὴν
1611 1501 1667 1537 ἔχει
1679 1503 1693 1528 ὁ
1713 1502 1833 1536 πόλεμος

1000 1546 1092 1582 οὖτοςς
1108 1548 1144 1584 μὴ
1168 1548 1222 1583 γὰρ
1244 1547 1339 1583 καιρὸν
1368 1546 1514 1577 ἐπιθέσεως
1539 1546 1685 1581 κέκτηται;
1710 1546 1828 1572 Πάντοτε

1003 1595 1095 1628 νήφειν
1108 1593 1156 1619 καὶ
1170 1591 1349 1627 ἐγρηγορέναι
1357 1591 1406 1621 δεῖ,
1418 1590 1465 1616 καὶ
1481 1590 1612 1625 μηδέποτε
1621 1590 1650 1616 ὲν
1663 1589 1740 1623 ἀδείᾳ
1749 1587 1828 1615 εἶναι·

1002 1637 1062 1663 ἐπεὶ
1080 1635 1147 1671 μηδέ
1167 1636 1223 1661 ἐστι
1241 1634 1335 1670 καιρὸς
1353 1633 1503 1669 ὡρισμένος
1519 1634 1568 1668 τῆς
1588 1631 1635 1658 τοῦ
1650 1631 1831 1666 πολεμοῦντος

1002 1680 1049 1707 καὶ
1068 1678 1276 1714 ὲπεμὸαίνοντος
1291 1683 1301 1697 ιτ
1319 1678 1383 1712 ἡμῖν
1398 1676 1554 1707 ἐπιθέσεως.
1576 1675 1632 1701 Ἀεὶ
1647 1675 1736 1701 τοίνυν
1749 1683 1815 1709 φρον
1825 1689 1832 1694 -

1001 1723 1129 1757 τίζωμεν,
1140 1722 1182 1748 ἀεὶ
1198 1720 1373 1757 μεριμνῶμεν
1385 1720 1447 1754 περί¹
1460 1719 1509 1753 τῆς
1523 1717 1658 1753 σωτηρίας
1671 1717 1721 1752 τῆς
1733 1717 1831 1752 ἡμετέ-

1004 1775 1063 1802 ρας,
1081 1766 1124 1792 ἴνα
1140 1765 1210 1791 οὕτω
1235 1763 1391 1798 δυνηθῶμεν
1418 1763 1466 1789 καὶ
1479 1762 1556 1788 αὐτοὶ
1582 1761 1714 1788 ἀνάλωτοι
1731 1763 1831 1796 μεῖναι,

1003 1810 1049 1836 καὶ
1065 1809 1113 1840 τὰς
1130 1807 1206 1842 παρά
1230 1806 1276 1833 τοῦ
1295 1807 1422 1841 πολεμίου
1448 1806 1568 1840 μηχανὰς
1591 1805 1765 1839 διαφυγόντες
1782 1805 1831 1839 τῆς

1003 1852 1078 1888 παρὰ
1096 1851 1142 1878 τοῦ
1166 1849 1234 1877 Θεοῦ
1259 1849 1463 1884 φιλανθρωπίας
1489 1847 1658 1882 ἀξιωθῶμεν,
1682 1848 1772 1882 χάριτι
1785 1848 1832 1874 καὶ

1003 1895 1152 1930 οἱκτιρμοῖς
1161 1893 1209 1920 τοῦ
1220 1891 1387 1926 Μονογενοῦς
1402 1891 1494 1923 αὐτοῦ,
1508 1891 1566 1926 μεθ’
1580 1888 1609 1917 οὗ
1621 1890 1660 1925 τῷ
1676 1891 1762 1925 Πατρὶ
1775 1890 1832 1925 ἃμα

1002 1938 1041 1972 τῷ
1057 1937 1128 1971 ἁγίῳ
1145 1936 1282 1970 Πνεύματι
1298 1934 1370 1967 δόξα,
1383 1935 1492 1970 κράτος,
1507 1934 1585 1969 τιμὴ,
1602 1934 1648 1960 νῦν
1661 1933 1707 1961 καὶ
1721 1933 1774 1965 ἀεὶ,
1786 1934 1832 1960 καὶ

1003 1982 1042 2012 είς
1058 1981 1121 2012 τοὺς
1136 1979 1236 2011 αἰῶνας
1250 1978 1304 2005 τῶν
1319 1978 1434 2005 αἰώνων.
1456 1977 1551 2012 Ἀμήν.

1317 2022 1438 2048 OMIMA
1454 2021 1517 2048 Kl".

1003 2067 1066 2096 Νῶε
1080 2067 1113 2093 δὲ
1124 2063 1192 2100 εὗρε
1207 2065 1293 2099 χάριν
1306 2065 1444 2100 ἐναντίον
1453 2065 1562 2097 Κιφίου
1575 2063 1628 2090 τοῦ
1643 2063 1727 2100 ᾷσοῦ.
1741 2061 1833 2100 Αὕτᾳι

1037 2103 1072 2129 δὲ
1095 2103 1125 2128 αἱ
1148 2098 1281 2135 γενέσεις
1302 2100 1374 2135 Νῶεἔ
1389 2099 1453 2126 Νῶε
1470 2099 1630 2135 Ῠᾶνθρωπος
1642 2098 1766 2135 δίκαιος,
1786 2098 1832 2125 τέ-

1036 2140 1117 2169 λειος
1134 2133 1176 2162 ὧν
1191 2135 1225 2162 ἐν
1236 2133 1272 2168 τῇ
1290 2134 1378 2169 γενεᾲ
1391 2134 1483 2160 αὐτοῦ
1493 2143 1500 2149 ·
1515 2133 1555 2166 τῷ
1569 2133 1630 2166 Θεῷ
1647 2133 1833 2167 εὺηρέστησσ

1037 2172 1110 2199 Νῶε.

1039 2219 1073 2247 α’.
1089 2214 1179 2241 Εἴδετε
1194 2214 1222 2240 ὲν
1231 2213 1286 2243 τοῖς
1294 2212 1343 2247 ἤδη
1360 2211 1488 2247 ῥηθεῖσιν,
1499 2212 1560 2238 ὅσον
1568 2211 1617 2246 τῆς
1632 2211 1834 2246 φιλανθρωπίας

1003 2259 1049 2286 τοῦ
1062 2259 1129 2286 Θεοῦ
1144 2259 1174 2285 τὸ
1188 2256 1312 2293 μέγεθος,
1327 2255 1373 2281 καὶ
1389 2256 1458 2289 πόση
1471 2254 1552 2281 αὐτοῦ
1566 2256 1616 2289 τῆς
1627 2254 1799 2286 ἀνεξικακίας
1816 2255 1833 2290 ή

1004 2303 1160 2338 ὑπερϐολή;
1178 2301 1262 2327 εἴδετε
1280 2299 1335 2326 τῶν
1349 2299 1410 2325 τότε
1427 2298 1577 2334 ἀνθρώπων
1599 2298 1648 2333 τῆς
1669 2298 1767 2329 κακίας
1785 2297 1833 2332 τὴν

1004 2346 1127 2372 ἐπίτασιν
1140 2353 1146 2376 ;
1158 2343 1327 2379 κατεμάθετε
1346 2343 1375 2368 ὲν
1389 2342 1463 2377 μέσῳ
1479 2341 1597 2376 τοσούτῳ
1614 2341 1710 2375 πλήθει
1720 2341 1769 2374 ὃση
1786 2339 1833 2366 τοῦ

1003 2389 1107 2416 δικαίου
1122 2389 1233 2422 γέγονεν
1251 2387 1269 2420 ἡ
1281 2385 1375 2421 ἀρετὴ,
1385 2385 1431 2411 καὶ
1441 2386 1480 2411 ὃτι
1490 2384 1565 2410 οὐδὲν
1579 2383 1659 2410 αὑτὸν
1671 2383 1832 2418 ἐλυμήνατο,

1004 2433 1065 2459 οὕτε
1079 2433 1096 2467 ἡ
1112 2430 1255 2466 συμφωνία
1270 2428 1381 2455 ἐκείνων
1392 2428 1438 2454 ἐπὶ
1449 2427 1498 2462 τὴν
1515 2427 1612 2454 κακίαν
1629 2426 1759 2460 ῥέπουσα,
1771 2425 1833 2451 οὕτε

1004 2475 1035 2501 τδ
1053 2475 1131 2509 μόνον
1146 2475 1174 2499 ὲν
1192 2473 1265 2508 μέσῳ
1273 2471 1375 2498 τούτων
1393 2469 1568 2504 ἀπειλῆφθαι,
1585 2469 1630 2495 καὶ
1644 2469 1693 2503 τὴν
1709 2468 1833 2494 ἐναντίαν

1005 2518 1107 2544 ὁδεύειν
1124 2517 1200 2548 ὁδόν;
1230 2514 1361 2549 Καθάπερ
1392 2513 1446 2548 γάρ
1470 2512 1638 2547 κυϐερνήτης
1650 2512 1759 2546 ἀριστος
1770 2512 1832 2544 τοὺς

1005 2562 1054 2597 τῆς
1068 2560 1186 2590 διανοίας
1200 2559 1295 2589 οῐακας
1312 2557 1380 2592 μετά
1399 2556 1495 2590 πολλῆς
1516 2555 1565 2590 τῆς
1580 2555 1732 2590 ἀγρυπνίας
1750 2563 1832 2590 μετα-

1005 2604 1200 2639 χειριζόμενος,
1215 2603 1264 2628 οὐκ
1277 2601 1352 2635 ἠφίει
1367 2599 1615 2634 καταθαπτισθῆναι
1629 2598 1660 2624 τὸ
1670 2598 1771 2632 σκάφος
1781 2598 1833 2624 ὑπὸ

1005 2647 1054 2682 τῆς
1070 2646 1248 2681 σφοδρότητος
1261 2644 1314 2671 τῶν
1338 2643 1388 2677 τῆς
1407 2642 1505 2672 κακίας
1523 2642 1661 2676 κυμάτων,
1685 2641 1753 2668 ἀλλὰ
1765 2641 1834 2668 ἀνώ-

1006 2698 1083 2724 τερος
1099 2688 1146 2714 τοῦ
1161 2687 1293 2722 χειμῶνος
1303 2684 1433 2720 γεγονὼς,
1451 2684 1498 2710 καὶ
1516 2684 1642 2718 πελάγιος
1654 2683 1783 2716 σαλεύων,
1796 2683 1837 2716 ὡς

1039 2741 1052 2760 ιι
1069 2740 1186 2771 Ἀφηνιῶν
1208 2745 1239 2762 ex
1260 2737 1355 2762 duobus
1373 2743 1429 2761 mss.
1443 2736 1597 2761 resliluimus
1609 2746 1614 2760 :
1628 2739 1685 2760 ante
1705 2736 1835 2767 legebatur

1007 2771 1128 2803 ἀφηνιοῦν.

1041 2796 1055 2818 α’
1071 2802 1136 2828 Nam,
1151 2801 1191 2823 καὶ
1211 2799 1404 2830 ἐπεμϐαίνοντας,
1425 2799 1515 2824 desum
1536 2799 1559 2822 in
1581 2798 1691 2829 plurimis
1705 2804 1773 2826 mss,
1790 2796 1835 2821 scd

1015 2833 1137 2856 lmlmnlur
1156 2838 1179 2854 ιιι
1191 2830 1250 2854 Mor.
1263 2833 1288 2853 et.
1304 2830 1359 2853 εον.
