2058 3123
146 156 193 184 197

145 211 195 237 ltttu
209 209 349 244 dirigebat,
365 213 390 234 et
404 215 417 233 a
431 207 531 234 diluvio
543 212 637 232 omnes
649 205 720 231 orbis
737 203 837 230 incolas
848 202 928 229 deva-

145 261 247 282 staturo
268 261 297 280 se
313 253 448 288 eripiebat.
466 252 551 277 'l‘aula
574 258 617 276 res
640 253 680 276 est
692 249 786 280 virtus,
809 252 862 274 tant
882 247 931 273 itu-

144 299 276 330 mortalis,
302 303 354 324 tam
375 297 485 327 invicta,
508 301 559 321 tam
576 294 642 321 nihil
662 294 760 330 cedens
780 293 857 326 hujus
871 292 930 317 vita:

144 343 319 370 varietatibus
332 351 338 367 :
355 341 401 367 sed
422 348 502 374 super
522 340 628 366 malitia:
643 339 707 365 retia
721 329 840 368 volitans,
856 336 929 370 quasi

144 396 159 415 e
171 387 279 415 sublimi
291 386 398 420 specula
409 385 533 419 quadatu,
556 385 594 411 sic
607 384 695 410 omnia
710 383 823 409 humana
840 381 930 415 despi-

144 432 189 462 cit.
206 431 271 458 nihil
283 431 353 465 quod
368 430 427 456 aliis
443 430 582 456 molesttuu
605 429 639 455 sit
651 428 743 455 sentit.
758 427 809 454 Sed
827 428 895 453 sicut
909 427 931 452 is

144 477 187 512 qui
204 484 286 510 super
304 476 437 503 excelsam
459 480 560 508 petram
585 478 647 506 stat,
663 473 759 500 lhtclus
772 473 848 503 ridet,
865 479 931 506 quos

145 522 215 549 videt
230 521 262 549 ad
276 528 377 556 petram
395 528 489 554 magno
504 520 603 553 itupettt
616 519 753 554 disrumpi.
766 526 796 544 ac
812 519 930 551 protitttts

140 567 169 597 ,in
189 573 310 600 spumam
332 565 398 591 solvi
415 574 422 591 :
438 566 473 591 ita
489 569 515 591 et
537 565 581 598 qui
604 564 695 590 virtuti
710 564 754 589 dat
776 570 882 596 cperant
903 562 931 588 in

144 620 240 640 securo
254 612 414 639 constitutus
434 611 503 642 loco,
530 610 595 636 nihil
616 610 724 636 insuave
743 609 792 635 fert
816 616 830 634 a
851 609 932 634 rebus

145 658 314 688 turbulentis.
328 657 374 684 sed
393 656 549 691 tranquiilus
570 655 658 682 animo
680 661 707 681 et
727 655 832 689 quietus
845 654 929 686 sedet,

145 703 319 738 iutelligitque
339 708 382 729 res
396 702 474 735 hujus
488 700 548 727 vita:
561 700 626 727 nihil
642 700 748 727 dill'erre
766 700 799 726 ab
813 699 930 725 amnium

145 748 261 778 liuentis,
274 751 367 781 utpote
381 753 440 781 qute
451 751 502 772 tam
514 745 607 780 rapido
617 753 695 772 cursu
708 749 850 771 transeant.
866 744 930 770 Nam

145 794 213 821 sicut
226 794 317 820 videre
331 793 391 819 licet
405 793 486 819 maris
495 792 590 818 ﬂuctus
604 799 675 818 nunc
689 791 794 822 quidem
810 790 835 816 in
849 790 931 815 altum

146 838 248 871 exhilii,
265 846 326 865 mox
340 842 428 864 autem
442 837 555 871 deprimi
569 846 575 863 :
588 837 623 863 ita
642 841 669 863 et
687 836 808 862 videmus
827 842 874 861 eos
888 834 933 867 qui

147 884 273 910 virtutem
285 887 470 913 contemnunt,
485 887 510 908 et
525 881 719 916 nequitia-dant
733 888 851 915 operam,
862 887 932 906 tutnc

144 929 251 963 quidem
264 928 377 955 sublime
389 935 494 962 sapere,
514 932 540 953 et
550 926 688 960 supercilia
703 926 839 957 extollere,
854 929 932 959 atque

146 974 224 1007 hujus
239 973 298 999 vitae
317 972 390 999 curis
412 973 529 998 intentos
544 979 614 1004 esse,
637 972 725 997 subito
739 975 826 997 autem
842 970 929 1002 dt-jiei,

144 1023 172 1044 et
184 1018 217 1043 ad
232 1022 381 1044 extremam
396 1017 487 1044 venire
512 1017 636 1049 inopiam.
659 1016 730 1048 Quos
745 1016 836 1041 beatus
850 1014 930 1040 David

145 1062 325 1093 subiudicaus,
346 1062 452 1088 dicebat.
468 1070 474 1087 :
491 1060 533 1087 Nc
555 1061 666 1087 timueris
682 1069 739 1086 cum
760 1060 827 1086 dives
848 1061 932 1094 factus

146 1108 222 1141 fuerit
236 1106 322 1139 homo,
342 1106 382 1133 vel
404 1114 461 1132 cum
481 1105 647 1140 multiplicata
660 1106 733 1139 fuerit
747 1105 828 1139 gloria
843 1105 932 1131 domus

144 1153 220 1187 gius:
231 1152 291 1186 quia
309 1160 366 1178 cum
383 1152 503 1178 interierit
518 1159 568 1177 non
582 1156 661 1177 sumet
684 1151 767 1176 omnia
784 1149 868 1184 (l’sal.
885 1150 930 1177 48.

147 1197 204 1232 Π).
224 1198 259 1224 Et
279 1198 346 1224 bene
368 1197 444 1229 dixit,
466 1196 507 1223 Ne
526 1197 649 1223 timueris.
675 1196 713 1223 Ne
735 1201 759 1222 te
780 1196 931 1228 conturbet,

143 1241 235 1269 dicere
249 1242 315 1275 vult,
327 1242 416 1268 divitis
423 1241 582 1267 abundantia
593 1245 620 1267 et
633 1241 722 1275 gloria:
737 1241 871 1274 splendor.
889 1240 933 1268 Vi-

144 1286 222 1314 debis
236 1287 307 1314 ettim
333 1294 384 1313 non
401 1286 484 1313 multo
499 1290 558 1320 post
572 1286 644 1312 ltutni
656 1286 799 1320 jaceutetn,
820 1290 846 1312 et
866 1286 931 1313 uiltil

144 1332 251 1366 operari
276 1332 424 1365 valentetu,
452 1336 584 1358 mortuum
609 1331 720 1358 cadaver
750 1331 882 1359 vermibus
907 1332 932 1358 iu

144 1378 220 1405 cibos
232 1378 378 1412 objecttnu,
399 1377 552 1412 nudumque
572 1377 615 1404 his
629 1378 751 1404 omnibus
765 1377 874 1408 factum,
888 1377 933 1411 qui

145 1423 212 1450 nihil
226 1423 320 1450 horum
342 1424 451 1449 omnino
464 1431 554 1450 secum
568 1423 673 1450 auferre
688 1423 812 1457 potuerit,
829 1423 874 1449 sed
890 1423 934 1448 ltic

145 1468 234 1496 omnia
256 1468 404 1502 reliquerit.
424 1467 463 1495 Ne
482 1468 560 1502 igitur
580 1468 674 1494 anxius
693 1469 730 1495 sis
753 1476 812 1494 eum
836 1467 934 1494 videris

144 1513 288 1549 praesentia
304 1521 311 1540 :
326 1520 412 1548 neque
433 1513 540 1539 beatunt
559 1513 632 1539 dicas
647 1521 707 1539 eum
722 1513 766 1548 qtti
781 1516 840 1547 post
855 1513 933 1539 breve

145 1564 252 1594 tempus
266 1559 300 1586 ab
321 1559 363 1586 Itis
376 1559 500 1586 omnibus
515 1559 682 1586 destituetur.
702 1559 839 1593 Ejusmodi
862 1559 932 1585 cnim

145 1610 187 1632 est
198 1612 316 1639 prmseus
327 1605 447 1637 felicitas,
460 1610 484 1632 et
498 1605 647 1632 divitiarum
662 1611 764 1637 natura,
779 1610 806 1631 ut
819 1613 871 1631 non
884 1614 934 1632 una

146 1651 342 1685 commigrent,
372 1658 433 1677 cum
456 1650 518 1678 hinc
543 1651 621 1678 fuerit
648 1651 807 1677 abeundum.
835 1651 934 1677 Divites

145 1699 218 1724 enim
234 1697 277 1724 bis
290 1697 413 1724 omnibus
426 1697 536 1728 relictis,
552 1697 614 1724 nudi
628 1697 689 1724 hinc
703 1697 859 1727 abscedunt,
879 1702 935 1722 tau-

149 1747 207 1770 ιιιω
216 1742 320 1770 [militia
335 1742 434 1773 vestiti,
449 1747 477 1769 et
489 1748 655 1776 peccaturum
668 1743 794 1769 oneribus
807 1742 867 1769 inde
880 1742 935 1769 col-

146 1787 235 1815 lectis.
255 1788 291 1814 At
306 1787 383 1822 longe
399 1794 475 1814 Seeus
496 1787 574 1814 habet
589 1788 681 1819 virtus,
694 1795 754 1821 quae
775 1788 817 1814 hic
831 1796 935 1822 quoque

150 1834 316 1868 potentiores
330 1832 545 1864 insidiatoribus,
569 1837 595 1858 et
618 1832 695 1866 plane
717 1832 827 1859 invictos
850 1832 935 1859 reddit

147 1885 222 1910 suos,
236 1877 442 1912 contionemque
453 1877 553 1912 prtebet
564 1878 734 1911 voluptatem,
749 1884 774 1904 et
790 1887 823 1905 ne
836 1878 934 1905 sentire

147 1924 257 1959 quidem
279 1924 341 1951 sinit
357 1931 446 1950 rerum
470 1924 579 1950 istarum
601 1924 804 1958 inaequalitatem
820 1933 826 1951 :
840 1924 887 1950 sed
908 1920 943 1951 eti

149 1968 216 1996 hinc
223 1969 419 2003 enugrantibus
434 1968 557 1995 comitem
572 1976 601 1995 se
618 1969 700 1999 addit,
715 1974 741 1996 et
760 1974 820 1995 tunc
834 1969 936 2003 potissi-

149 2022 234 2047 mum,
248 2022 307 2041 cum
319 2014 377 2048 ejus
391 2014 508 2041 subsidio
520 2021 637 2048 egemus.
654 2015 678 2040 itt
690 2014 784 2048 dieque
799 2014 842 2040 illo
857 2015 934 2041 terri-

151 2059 196 2085 bili
216 2065 340 2093 ntagtnuu
363 2058 439 2085 nobis
457 2062 562 2091 praestat
585 2058 722 2090 auxilium,
740 2059 845 2092 placatis
860 2059 936 2085 nobis

150 2102 252 2130 Judicis
265 2103 368 2130 oculum
381 2111 388 2130 :
402 2107 429 2130 et
442 2103 510 2129 sicut
525 2102 567 2129 hic
580 2103 612 2129 ab
627 2102 808 2137 ingruentibus
823 2103 936 2130 infortu-

153 2148 214 2178 niis,
236 2148 272 2174 ita
296 2153 323 2175 et
346 2148 371 2174 iu
393 2148 480 2174 futuro
501 2156 530 2175 se
552 2148 670 2175 colentes
691 2156 705 2173 a
728 2149 867 2174 tormentis
886 2148 937 2174 illis

151 2192 240 2227 eripit.
253 2192 344 2227 Neque
360 2194 410 2219 hoc
424 2193 508 2219 solum
523 2193 586 2227 agit,
605 2194 650 2219 sed
669 2198 692 2219 et
708 2193 847 2220 ineffabilia
860 2193 936 2220 nobis

150 2238 233 2268 bona,
250 2237 345 2271 quibus
360 2237 485 2268 l‘rttatuur,
502 2238 634 2264 conciliat.
656 2237 686 2263 Et
700 2242 727 2263 ttt
740 2239 808 2264 scias
826 2238 882 2264 Ita:c
901 2238 936 2264 ita

151 2290 211 2309 sese
228 2282 338 2314 habere,
352 2290 436 2316 neque
452 2290 499 2309 nos
514 2283 539 2309 in
554 2291 649 2308 vauutu
665 2287 691 2309 et
708 2282 803 2309 frustra
817 2283 850 2309 ad
864 2283 934 2309 biall'

152 2326 278 2354 diendum
299 2326 341 2353 his
365 2327 452 2354 verbis
475 2328 511 2353 ttti
525 2348 532 2354 .
545 2328 650 2354 .imtabo
678 2335 747 2354 nunc
766 2336 800 2354 ex
820 2329 859 2355 his
879 2337 938 2363 qu:e

150 2373 287 2407 proposita
312 2377 375 2400 sunt
401 2373 504 2399 catitati
529 2378 622 2399 vestra:
646 2373 670 2399 id
698 2374 848 2400 ostendere.
875 2375 938 2401 Vide

153 2418 224 2446 enim
243 2418 377 2452 quomodo
398 2419 568 2445 admirandus
584 2419 628 2445 ille
644 2420 693 2451 vir,
716 2419 772 2446 Noe
786 2420 855 2451 dico,
880 2420 938 2447 uui-

153 2470 230 2491 τοι-ευ
245 2463 381 2490 hominum
392 2471 489 2497 genere
502 2464 627 2491 adversus
641 2466 812 2498 semetipsum
825 2467 941 2493 clemen-

154 2508 218 2536 tiam
232 2508 336 2535 Domini
349 2508 381 2534 ad
396 2509 557 2535 iracundiam
570 2517 729 2543 provocante
741 2520 747 2536 :
757 2512 810 2543 ille,
822 2513 937 2546 inquam,

152 2554 226 2581 solus
246 2561 295 2581 sua
315 2554 414 2580 virtute
438 2556 518 2588 potuit
540 2561 566 2582 et
589 2556 774 2590 indignationis
796 2558 938 2591 periculum

155 2599 283 2634 ὤθεσκε,
300 2604 327 2625 et
352 2607 471 2633 uzagttatu
495 2601 540 2627 Dei
555 2600 764 2628 benevolentiam
787 2603 836 2629 sibi
849 2605 939 2631 conci—

159 2644 234 2671 ire.
244 2645 295 2676 Ac,
308 2644 330 2670 si
347 2645 441 2678 plaeet,
457 2645 594 2678 loquatuttr
609 2647 642 2673 de
661 2647 692 2673 iis
705 2655 763 2681 qua:
777 2648 802 2673 in
819 2648 941 2681 praesenti

157 2689 210 2716 vita
229 2690 364 2716 eveniunt.
387 2690 456 2717 Sunt
477 2691 547 2717 enim
563 2691 682 2719 fortassis
706 2693 784 2727 aliqtti
801 2693 895 2722 futuris
913 2700 939 2722 et

155 2733 336 2761 invisibilibus
352 2742 444 2769 parum
465 2736 614 2762 credentes.
643 2737 781 2765 Videamus
801 2739 889 2774 itaque
907 2747 940 2766 ex

158 2777 190 2804 iis
203 2785 262 2812 qua:
275 2778 318 2804 hic
331 2779 467 2811 eveniunt,
484 2780 569 2814 qualia
581 2782 735 2816 contingunt
751 2783 782 2809 iis
792 2785 835 2817 qui
851 2786 942 2816 nequi—

157 2823 198 2849 tiae
213 2830 242 2849 se
256 2822 365 2855 dedunt,
381 2829 407 2852 et
418 2825 504 2859 qualia
521 2826 615 2860 accipit
628 2827 650 2854 is
662 2829 705 2862 qui
722 2830 842 2858 virtutem
857 2838 940 2859 secta-

646 150 676 176 ΙΝ
696 149 760 176 ΟΠ)
793 148 834 174 \‘l.
850 145 969 174 CENES.
991 144 1105 172 "OlllL.
1127 145 1218 172 XXlll.

1722 154 1772 183 £92

988 205 1038 226 tur.
1060 200 1202 235 Postquam
1222 202 1291 228 enim
1310 201 1395 230 bonus
1417 204 1484 232 Deus
1506 206 1541 233 ob
1559 207 1652 243 iugetis
1664 211 1772 239 malitia!

983 252 1152 281 augmentum
1175 248 1333 274 sententiam
1357 250 1415 276 tulit
1434 258 1494 278 esse
1523 253 1665 282 hutnaumu
1687 265 1770 291 genus

984 292 1126 318 universali
1147 292 1263 326 pernicie
1278 294 1451 327 ptmiendutu,
1465 301 1492 323 et
1505 297 1573 324 dixit
1588 308 1594 325 :
1611 299 1704 328 Delebo
1725 305 1769 328 Im-

984 336 1075 362 minem
1087 345 1159 370 quem
1173 337 1231 371 feci,
1243 346 1259 363 α
1270 338 1333 371 facie
1346 344 1418 365 terra:
1429 348 1439 366 :
1448 345 1475 367 et
1490 347 1639 371 monstrans
1652 347 1770 380 indigna-

984 382 1062 408 tionis
1089 388 1143 407 su:e
1171 383 1398 416 magnitudinem,
1427 393 1479 411 tton
1505 392 1595 413 contra
1625 390 1766 418 humanum

983 425 1121 452 dumtaxat
1140 434 1224 460 genus
1245 429 1404 455 sententiam
1428 431 1546 463 protulit.
1570 433 1617 459 sed
1632 438 1660 460 et
1677 443 1770 463 eontra

983 471 1072 498 omnia
1084 471 1215 504 jutueuta,
1239 477 1266 499 et
1285 473 1397 506 reptilia,
1421 479 1448 500 et
1469 476 1583 503 volatilia
1599 486 1606 504 :
1620 486 1679 505 cum
1700 482 1769 508 enim

983 516 1093 548 perituri
1108 520 1135 542 et
1146 517 1331 551 submesgendi
1347 518 1468 546 homines
1478 528 1576 554 essent,
1589 530 1695 557 propter
1704 533 1771 559 quos

985 559 1042 585 Ιιωυ
1061 559 1130 586 facta
1152 565 1224 592 sunt,
1235 561 1295 595 jure
1316 570 1348 588 ac
1376 565 1471 590 merito
1490 565 1535 592 ilia
1557 575 1662 601 qucque
1684 577 1769 603 pceuze

982 605 1117 630 consortio
1135 606 1206 638 paria
1223 605 1316 634 fuere:
1334 607 1412 641 igitur
1433 616 1492 635 cum
1507 612 1638 639 sententia
1654 615 1770 642 uondtuu

984 649 1112 682 pra-[inita
1132 656 1213 683 esset,
1241 659 1292 685 qua
1312 653 1357 679 alii
1384 654 1417 679 ab
1437 655 1495 681 aliis
1516 663 1728 692 seceruet‘cntur,
1745 667 1772 688 ttt

983 694 1069 720 discas
1082 703 1160 729 quam
1174 703 1226 722 nou
1240 697 1275 722 sit
1295 704 1466 731 personarum
1481 706 1605 735 acceptor
1625 702 1704 736 Deus,
1724 706 1771 732 sed

984 739 1009 764 iu
1023 739 1102 765 corda
1116 745 1205 766 nostra
1222 741 1372 774 ingrediens
1386 743 1487 770 uullttttt
1499 745 1636 780 despiciat,
1652 755 1677 775 et
1691 751 1712 776 si
1730 752 1770 778 vel

988 791 1095 817 parvam
1109 786 1250 819 quatudatu
1263 787 1428 814 oet-asiouctn
1447 797 1495 815 nos
1508 791 1657 825 alferatuus,
1679 795 1771 822 iuell'a-

985 829 1062 855 bilem
1076 838 1150 856 suam
1167 830 1283 857 declaret
1294 832 1512 867 tnisericordiatu,
1529 837 1612 871 inquit
1625 839 1770 875 Scriptura,

985 880 1012 900 ut
1034 882 1067 901 ne
1083 879 1165 901 totum
1186 882 1271 909 genus
1294 876 1438 905 humanum
1459 880 1616 909 abolendum
1638 890 1770 920 putemus,

983 919 1029 945 sed
1045 920 1169 952 sciamus,
1194 921 1278 954 ipsum
1300 930 1346 955 per
1365 931 1439 950 suam
1457 925 1599 954 bonitatem
1622 931 1772 965 relinquere

983 965 1124 992 scintillam
1149 971 1175 993 et
1197 966 1312 994 radicem
1335 971 1475 1002 quamdam
1495 973 1604 1005 salvam,
1630 981 1657 1002 ut
1675 977 1769 1005 iterum

987 1011 1128 1038 lttttuanutu
1143 1021 1226 1047 genus
1241 1013 1266 1039 iu
1290 1023 1413 1048 proceros
1428 1018 1532 1045 extendi
1557 1021 1640 1053 possit
1661 1030 1747 1050 ramos
1761 1032 1768 1050 ι

984 1057 1052 1091 Noe,
1067 1059 1161 1093 inquit,
1177 1060 1270 1086 invenit
1284 1062 1391 1095 gratiam
1403 1070 1488 1089 coram
1501 1063 1562 1092 Deo.

1018 1104 1044 1129 2.
1068 1104 1131 1150 \‘ide
1145 1104 1288 1139 Scriptura:
1302 1107 1476 1141 diLgentiam,
1492 1112 1625 1144 quomodo
1642 1121 1675 1140 ne
1687 1116 1767 1150 sylla—

983 1148 1043 1175 batn
1055 1149 1159 1183 quidem
1173 1158 1250 1176 uuam
1263 1152 1381 1179 inutilem
1394 1155 1536 1182 contineat.
1552 1157 1617 1184 Natu
1633 1148 1770 1194 postquam

984 1201 1032 1220 nos
1048 1195 1137 1221 docuit
1159 1197 1313 1229 gravitatem
1335 1200 1459 1232 nequitia:
1479 1199 1625 1235 hominum,
1647 1210 1673 1231 et
1686 1213 1771 1239 pinnae

985 1241 1193 1275 magnitudinem
1220 1242 1346 1276 improbis
1368 1244 1550 1278 inferendam,
1573 1248 1671 1276 indicat
1696 1253 1771 1279 uoltis

986 1294 1045 1312 eutn
1060 1287 1103 1320 qui
1123 1286 1149 1312 in
1166 1291 1235 1312 tanta
1253 1288 1421 1316 multitudine
1437 1293 1550 1324 potuerit.
1568 1294 1698 1322 sinceram
1714 1305 1771 1324 ser-

985 1339 1047 1358 Varc
1068 1331 1202 1359 virtutem.
1226 1332 1274 1358 Est
1293 1334 1364 1360 enim
1382 1335 1463 1362 virtus
1489 1338 1568 1364 etiam
1590 1346 1637 1373 per
1657 1342 1771 1375 seipsatn

985 1377 1155 1403 admirabilis.
1171 1377 1244 1410 Quod
1267 1378 1289 1404 si
1311 1379 1370 1412 quis
1385 1380 1454 1407 illatn
1476 1382 1501 1408 in
1522 1384 1610 1411 tuedio
1629 1389 1772 1420 prohiben-

986 1424 1050 1448 titttn
1073 1423 1157 1454 colat,
1186 1424 1268 1450 multo
1295 1427 1517 1455 admirabiiorem
1541 1430 1623 1464 ipsam
1644 1435 1769 1463 ostendit.

986 1469 1129 1502 Propterea
1148 1470 1235 1496 divina
1251 1470 1386 1504 Scriptura
1408 1474 1481 1506 quasi
1495 1475 1650 1504 admirando
1671 1479 1771 1512 justum

985 1514 1092 1542 dicitde
1108 1515 1163 1548 illo,
1180 1517 1203 1542 itt
1216 1516 1304 1543 medio
1319 1517 1424 1544 illorutu
1440 1520 1482 1553 qui
1502 1521 1709 1556 indignationem
1726 1527 1772 1554 Dei

985 1561 1120 1593 expet-turi
1141 1567 1217 1588 erant
1235 1568 1366 1595 versante,
1385 1563 1442 1591 Noe
1458 1571 1540 1592 mitem
1562 1571 1654 1596 invenit
1665 1573 1772 1606 gratiam

989 1614 1073 1632 curam
1090 1606 1196 1633 Domino
1207 1606 1268 1633 Deo.
1283 1607 1382 1635 Invenit
1394 1611 1512 1645 gratiam,
1524 1614 1578 1645 sed,
1594 1614 1684 1643 Coram
1697 1617 1750 1645 Deo
1763 1627 1773 1646 .'

992 1660 1044 1678 non
1061 1652 1226 1686 simpliciter,
1242 1652 1340 1680 Invenit
1357 1657 1473 1690 gratiam,
1488 1658 1544 1690 sed,
1561 1659 1651 1687 Coram
1665 1662 1773 1691 Domino

988 1697 1040 1723 Deo
1055 1705 1064 1723 :
1075 1702 1103 1723 ut
1115 1704 1164 1723 nos
1188 1697 1291 1730 doceat,
1307 1699 1392 1733 ipsum
1406 1709 1486 1728 ttnutn
1506 1703 1629 1732 habuisse
1650 1714 1771 1742 scopum,

987 1749 1015 1769 ut
1033 1744 1067 1769 ab
1087 1743 1132 1769 illo
1151 1743 1228 1769 oculo
1242 1743 1404 1776 laudaretur,
1421 1748 1464 1781 qui
1478 1748 1622 1776 dortuitare
1635 1754 1771 1788 sopiriqne

988 1789 1089 1821 nescit,
1109 1788 1227 1821 nihilque
1252 1791 1386 1818 curavisse
1405 1792 1555 1831 .lmmauam
1582 1797 1703 1830 gloriam,
1729 1801 1773 1827 vel

987 1833 1170 1868 ignominiam,
1181 1836 1221 1862 vel
1236 1836 1395 1863 irrisioncm.
1406 1837 1554 1866 Verisimile
1568 1842 1637 1868 enim
1649 1848 1689 1870 est
1699 1853 1772 1878 eum,

987 1887 1047 1906 cum
1064 1887 1159 1914 printer
1172 1890 1272 1909 morctu
1289 1882 1405 1909 otnuiutu
1422 1884 1544 1911 virtutem
1566 1887 1676 1921 coleret,
1692 1888 1774 1918 fuisse

988 1926 1177 1953 subsanuatutu
1196 1932 1221 1954 et
1238 1928 1343 1954 irristtm
1365 1930 1399 1954 ab
1420 1930 1543 1956 omnibus
1564 1934 1709 1967 nequitiam
1730 1944 1772 1964 se-

988 1973 1130 2004 ctantibus,
1145 1974 1390 2007 qtticonsueverant
1406 1983 1452 2002 eos
1465 1977 1509 2010 q-ti
1526 1977 1593 2003 illaut
1609 1981 1732 2014 vitarent,
1746 1986 1773 2009 et

989 2019 1111 2044 \‘ll‘llllt'lll
1133 2020 1359 2053 amplexarentur,
1384 2021 1514 2055 irridere;
1535 2024 1559 2050 id
1575 2026 1643 2057 quod
1658 2031 1685 2053 et
1704 2035 1774 2056 nunc

988 2070 1059 2096 sa'pe
1082 2064 1137 2090 lieri
1158 2064 1237 2090 Solet.
1253 2064 1430 2100 Videmusqne
1445 2074 1539 2101 Segues
1555 2071 1652 2098 llltlllns
1665 2073 1710 2106 qui
1733 2075 1774 2101 ri-

988 2117 1047 2134 sum
1064 2114 1090 2135 et.
1111 2109 1342 2137 subsannatiouem
1363 2111 1432 2138 ferre
1453 2119 1596 2146 uequettttt,
1615 2117 1661 2143 sed
1679 2119 1772 2152 prtere-

989 2160 1051 2180 runt
1065 2155 1205 2181 humanam
1220 2155 1329 2190 gloriam
1345 2164 1414 2183 vera:
1436 2161 1462 2183 et
1476 2158 1627 2193 immortali,
1649 2163 1774 2192 abstracti

990 2204 1016 2225 et
1030 2199 1116 2225 allecti
1132 2200 1165 2226 ab
1179 2200 1290 2226 aliorum
1307 2200 1443 2228 hominum
1466 2203 1573 2231 malitia.
1588 2207 1689 2234 Auith
1702 2210 1772 2236 enim

991 2245 1064 2271 tortis
1077 2251 1103 2271 et
1119 2246 1265 2271 constantis
1289 2252 1339 2278 est,
1362 2242 1439 2280 posse
1450 2248 1579 2277 obsistere
1596 2252 1627 2278 iis
1640 2254 1684 2287 qui
1701 2255 1774 2281 avel-

991 2290 1044 2317 lete
1058 2291 1212 2321 moliuntur,
1228 2295 1254 2317 et
1269 2291 1331 2317 nihil
1344 2290 1431 2319 facere
1445 2298 1473 2319 ut
1489 2293 1639 2323 hominibus
1652 2298 1754 2332 placeat
1767 2309 1773 2326 :

990 2335 1036 2362 sed
1049 2336 1153 2362 oculum
1169 2343 1244 2362 suum
1265 2336 1402 2364 intendere
1416 2338 1449 2364 ad
1465 2339 1538 2365 illum
1556 2340 1698 2376 insopitutu
1712 2352 1776 2372 oco-

991 2381 1055 2412 lutu,
1072 2386 1099 2408 et
1112 2382 1145 2407 ab
1160 2389 1191 2408 co
1207 2382 1293 2408 solum
1310 2382 1421 2416 gloriam
1434 2391 1598 2419 exspectare,
1612 2388 1776 2424 istorutnque

990 2427 1100 2461 gloriam
1121 2427 1268 2460 despicere,
1291 2428 1440 2462 uulliusque
1463 2429 1506 2463 pili
1528 2430 1613 2458 facere
1635 2433 1775 2461 humanam

991 2471 1095 2498 laudem
1109 2472 1148 2498 vel
1164 2472 1294 2504 convicia,
1308 2473 1356 2499 sed
1371 2480 1400 2499 ea
1416 2475 1616 2507 praetermittere
1628 2481 1655 2503 ut
1670 2478 1776 2506 umbras

991 2522 1018 2543 et
1038 2517 1151 2543 somnia.
1163 2516 1220 2543 Jam
1236 2517 1279 2543 hic
1300 2525 1371 2552 sirpe
1385 2519 1458 2544 ntulti
1474 2527 1525 2545 non
1542 2520 1656 2548 ferentes
1669 2522 1776 2556 injurias

991 2561 1083 2587 decem
1104 2566 1149 2587 aut
1167 2561 1259 2595 viginti
1283 2562 1430 2596 hominum,
1454 2563 1494 2589 vel
1517 2566 1595 2591 etiam
1613 2568 1775 2601 pauciorum,

992 2607 1150 2640 supplautati
1164 2611 1263 2633 suntet
1277 2612 1444 2633 corruerunt.
1460 2607 1504 2634 Est
1521 2610 1585 2636 enim
1599 2612 1714 2646 confusio
1728 2617 1776 2642 ([u-

991 2660 1049 2678 ceus
1070 2653 1095 2677 in
1116 2657 1242 2686 peccatum
1258 2651 1350 2682 (IL‘cclt'.
1372 2652 1399 2678 4.
1419 2652 1476 2685 25).
1500 2653 1590 2688 Neque
1609 2664 1716 2689 parvum
1738 2664 1777 2686 est

992 2697 1130 2730 despicere
1142 2696 1283 2722 irridentes
1297 2701 1323 2722 et
1336 2697 1526 2729 exprobrantes
1541 2704 1566 2725 et
1581 2701 1679 2728 salibus
1694 2704 1778 2731 inces-

993 2748 1105 2769 sentes:
1122 2749 1148 2768 at
1168 2742 1255 2775 justus
1275 2742 1318 2768 ille
1345 2750 1396 2768 non
1422 2744 1482 2769 talis
1507 2749 1573 2771 erat.
1596 2746 1686 2782 Neque
1708 2751 1777 2777 enim

995 2793 1096 2814 ιῃιιιιιιη
1111 2787 1201 2814 dceem
1219 2792 1245 2813 et
1268 2788 1357 2820 viginti
1372 2793 1399 2814 et
1413 2794 1518 2816 centum
1536 2790 1666 2825 homines,
1687 2789 1732 2821 sed
1753 2802 1777 2823 et

994 2841 1100 2862 omnem
1117 2833 1251 2859 hominum
1264 2838 1395 2866 naturam,
1409 2839 1434 2860 ct
1447 2838 1484 2861 tot
1499 2837 1630 2871 myriadas
1644 2838 1774 2874 despexit.
