2058 3123
261 144 311 170 ")9

260 196 411 225 \‘erisimile
423 195 494 223 enim
510 198 551 222 est
565 201 659 221 omnes
680 193 741 220 illos
767 192 869 225 risisse,
884 191 1044 223 traduxisse,

259 241 475 272 subsannavisse,
495 238 672 266 debacchatos
691 245 761 270 esse,
783 245 814 264 ac
827 237 895 264 forte
913 238 1002 268 etiam,
1024 237 1046 263 si

260 287 385 322 possibile
406 285 510 317 fuisset,
535 283 681 311 dilacerare
695 283 821 309 voluisse.
842 281 954 316 Semper
974 280 1046 308 enim

259 337 351 360 contra
376 331 499 358 virtutem
523 328 619 356 insanit
646 327 855 361 malitia:atqui
879 334 932 354 non
960 326 1046 353 solum

261 378 324 404 nihil
340 377 374 403 illi
396 379 484 408 nocet,
507 374 552 401 sed
573 378 600 400 et
620 372 769 399 infestando
791 371 927 398 fortiorem
950 370 1046 398 reddit.

261 423 375 450 Tantum
388 422 459 448 enim
480 419 584 446 virtutis
598 423 639 445 cst
653 418 742 449 robttr,
761 421 788 443 ut
804 416 928 450 patiendo
941 419 1048 450 superet

260 477 308 495 eos
322 468 366 502 qui
380 466 513 500 negotium
536 465 586 492 sibi
606 464 714 494 faciant,
740 467 766 489 et
786 470 845 489 cum
867 462 1046 495 impugnatur,

262 514 382 540 hostibus
397 513 442 538 fiat
454 511 596 546 potentior.
615 511 699 544 Atque
723 508 749 535 id
774 508 800 534 in
814 507 904 534 multis
917 506 1046 533 videmus.

261 560 393 585 C:eterum
408 561 435 584 ιιι
454 557 528 582 vobis
542 555 697 582 occasiones
709 554 892 588 prtebeamus:
909 551 948 579 Da
963 552 1046 585 enim,

262 605 358 639 inquit,
374 603 480 638 capienti
494 602 658 632 occasionem.
675 607 697 626 et
711 599 847 634 supienlior
859 599 905 625 erit
921 598 1009 633 (Prov.
1020 598 1047 626 9.

262 650 310 685 9):
326 656 415 683 opera:
436 647 550 681 pretitnn
572 646 649 672 inerit
668 650 695 672 ct
713 653 744 672 ex
770 645 866 676 Veteri,
888 651 914 671 et
928 652 961 671 ex
976 644 1050 671 Novo

263 695 434 722 Testamento
453 692 596 725 Scriptura:
617 691 692 717 vobis
704 690 798 717 afl‘erre
813 690 943 724 exempla.
957 689 1049 724 Itaque

262 740 358 774 cogita,
376 738 487 764 obsecro
511 742 550 768 te,
571 736 635 762 Abel
650 743 735 762 nonne
756 735 858 762 occisus
880 740 921 761 est
945 742 959 760 a
983 734 1048 762 Cain

265 785 340 820 (Gen.
357 783 404 818 ψ
425 789 514 809 nonne
536 781 608 807 humi
628 781 796 815 prostratus?
816 780 868 808 Sed
890 788 924 807 ne
943 785 1050 814 spectes

261 828 331 864 quod
355 827 533 864 prmvaluerit,
555 826 737 860 occideritque
758 833 817 852 eum
839 826 880 853 cui
905 826 1048 858 invidebat,

263 872 327 900 nihil
340 873 374 899 ab
389 872 434 898 illo
445 872 540 901 lassus:
557 870 603 898 sed
621 871 759 905 sequentia
775 870 897 904 expende
912 879 919 897 :
934 875 963 896 ιιι
976 870 1047 896 scili-

263 923 306 944 cet
321 917 424 944 occisus
445 916 489 943 ille
510 916 542 942 ad
563 915 614 942 hoc
636 923 718 949 nsqtte
740 920 843 949 tempus
857 915 1014 949 prmdicetur
1024 920 1050 942 et

263 967 417 995 coronetur,
433 969 482 988 nee
493 965 593 988 tantum
606 965 709 994 tempus
721 961 778 993 ejus
793 961 946 987 memoriam
961 960 1050 987 immi-

263 1011 343 1039 nuat;
364 1010 391 1033 at
409 1006 453 1040 qui
467 1006 563 1033 occidit
588 1009 615 1032 et
629 1005 778 1040 prmvaluit,
797 1005 951 1032 etiamtunc
969 1005 1049 1031 vitam

263 1058 348 1079 morte
374 1052 523 1087 graviorem
548 1051 718 1083 sustinuerit,
741 1055 819 1086 atque
833 1059 865 1078 ex
883 1059 917 1078 eo
933 1056 1050 1085 tempore

263 1106 346 1133 usque
360 1098 385 1124 itt
402 1097 558 1124 hodiernum
579 1096 732 1127 infametur,
749 1101 775 1123 et
788 1096 912 1123 omnibus
925 1103 1049 1123 exsecra-

264 1143 328 1170 tioni
350 1143 487 1174 habeatur,
503 1149 562 1169 cum
583 1142 629 1168 ille
647 1141 766 1176 quotidie
780 1142 899 1167 omnium
912 1148 959 1168 ore
978 1141 1050 1168 cele-

264 1190 365 1216 bretur.
380 1189 412 1216 Et
433 1188 490 1215 hare
503 1188 608 1222 quidem
623 1188 648 1214 in
664 1187 788 1221 pra'scnti
801 1188 853 1213 vita
867 1195 874 1212 :
886 1195 945 1221 qua:
959 1191 1049 1214 autem

264 1234 291 1260 in
309 1233 397 1260 futuro
409 1233 507 1260 saiculo
522 1233 686 1266 contingent,
702 1232 760 1265 quis
776 1239 874 1263 sermo,
894 1239 954 1266 qua:
973 1238 1050 1259 mens

263 1286 389 1306 enarrare
404 1279 513 1313 posset?
525 1278 562 1304 Ac
575 1278 632 1303 scio
642 1277 747 1311 quidem
767 1284 824 1308 vos,
840 1281 930 1311 utpote
945 1277 1050 1304 intelle-

263 1328 306 1350 ctu
322 1323 457 1358 pratditos,
480 1323 561 1349 multa
575 1323 637 1349 talia
652 1323 678 1348 in
695 1322 838 1356 Scriptnris
858 1326 983 1349 contenta
1006 1329 1051 1349 rc-

263 1374 387 1403 perturos
408 1375 477 1395 esse.
503 1368 567 1395 Nam
591 1368 642 1394 illa:
662 1367 710 1394 hac
725 1367 758 1394 de
782 1375 860 1394 causa
885 1368 910 1394 in
933 1373 1050 1395 nostram

263 1413 404 1440 utilitatem
427 1417 489 1439 sunt
509 1413 626 1447 scriptae,
647 1416 676 1439 ut
691 1412 747 1439 haec
763 1412 906 1445 discentes,
921 1413 1048 1440 malitiam

264 1459 393 1493 fugiamus
407 1459 584 1492 virtutemque
598 1458 725 1484 colamus.
737 1457 782 1484 Vis
795 1463 821 1484 et
836 1458 860 1484 in
872 1457 946 1485 Novo
959 1458 1051 1486 Testa-

266 1509 357 1530 mento
379 1503 490 1537 idipsum
521 1502 628 1530 videre?
650 1502 714 1529 Audi
735 1503 841 1530 beatum
863 1503 959 1530 Lucam
982 1504 1050 1531 istud

264 1549 350 1582 ipsum
372 1548 405 1575 de
418 1548 545 1582 apostolis
557 1553 719 1578 narrantem,
736 1548 779 1582 qui
795 1548 917 1582 llagellati
932 1557 947 1576 a
961 1550 1052 1577 conci-

265 1593 300 1619 lio
321 1593 502 1619 discesserunt
524 1592 680 1626 gaudentes,
700 1600 732 1620 eo
752 1593 821 1627 quod
844 1593 915 1629 digni
940 1594 1051 1623 fuissent

264 1636 346 1664 habiti
367 1638 411 1672 qui
433 1645 481 1671 pro
503 1637 610 1664 nomine
630 1637 728 1664 Christi
756 1639 856 1665 ferrent
881 1639 1050 1673 ignominiam

265 1683 331 1718 (Act.
344 1683 371 1709 5.
387 1683 442 1716 41).
455 1682 571 1710 Tametsi
587 1682 688 1717 ﬂagella
703 1691 755 1710 non
766 1684 853 1717 gaudii
867 1685 918 1712 sint
932 1687 1051 1713 occasio-

265 1735 322 1760 nes,
343 1728 389 1754 sed
414 1727 526 1754 tristitue
547 1732 575 1754 et
594 1729 715 1755 mteroris
732 1737 738 1755 :
755 1729 927 1756 nihilomimts
948 1730 1049 1765 ﬂagella

265 1777 373 1808 propter
388 1773 482 1804 Deum,
496 1777 523 1799 et
533 1780 611 1799 causa
624 1779 820 1812 propterquam
837 1774 1048 1810 ﬂagellabantur,

265 1818 388 1853 gaudium
402 1819 441 1845 eis
455 1818 601 1852 pariebant.
623 1820 656 1845 At
671 1819 688 1845 ii
702 1820 746 1854 qui
761 1820 934 1854 ﬂagellarant,
950 1822 974 1848 in
992 1830 1049 1850 ma-

265 1872 316 1899 gna
336 1864 416 1891 animi
431 1864 647 1891 consternatione
666 1870 692 1891 et
716 1865 880 1894 btesitatione
895 1868 1050 1895 nesciebant

264 1911 328 1945 quid
347 1911 473 1937 facerent.
489 1909 556 1936 Audi
569 1910 639 1936 enim
654 1910 723 1943 illos,
739 1912 873 1944 quomodo
887 1918 947 1948 post
960 1913 1050 1948 ﬂagel-

265 1956 390 1982 lationem
410 1954 499 1981 animo
514 1955 652 1986 lluctuent,
672 1960 700 1982 et
719 1956 828 1982 dicant:
847 1957 914 1989 Quid
931 1959 1050 1993 faciemus

265 2000 406 2027 hominibus
421 1999 474 2026 istis
486 1995 553 2034 (Act.
570 1994 595 2026 ι.
613 1999 676 2034 16)?
689 2000 755 2033 Quid
773 2001 861 2028 dicis?
876 2002 1050 2037 Flagellastis,

266 2045 412 2072 innumeris
435 2045 511 2071 malis
533 2052 580 2072 eos
594 2045 732 2078 alleeistis,
748 2051 775 2073 et
796 2047 883 2074 adhuc
904 2048 1051 2075 dubitatis?

264 2089 329 2116 ’l‘am
350 2090 424 2116 fortis
443 2089 592 2123 invictaque
609 2097 651 2117 res
664 2095 705 2118 est
717 2092 808 2124 virtus,
823 2097 849 2119 et
864 2093 925 2120 dum
941 2095 1049 2128 patitur,

266 2136 391 2163 ltedentes
404 2136 496 2162 vincit.

302 2182 329 2208 3.
349 2181 401 2208 Sed
422 2188 456 2208 ne
471 2181 597 2215 prolixior
615 2181 650 2208 sit
662 2189 761 2213 sermo,
777 2184 955 2210 necessarium
972 2184 1052 2212 fuerit

266 2231 295 2254 ιιι
305 2227 400 2253 iterum
416 2226 448 2252 ad
461 2227 562 2260 jnstutn
577 2231 696 2253 nostrum
712 2227 862 2261 redeamus,
876 2235 902 2256 et
920 2237 979 2256 cum
993 2236 1052 2257 stu-

265 2279 329 2306 pore
342 2271 503 2298 admiremur
515 2272 584 2298 illius
599 2271 702 2298 virtutis
717 2273 906 2306 prrestantiam,
918 2278 1052 2308 quomodo

266 2325 363 2352 nempe
377 2316 502 2351 populum
523 2316 665 2349 ridentem,
680 2317 870 2352 ludiﬁcantem,
885 2320 1052 2349 subsannan-

265 2368 329 2394 tem,
346 2361 527 2390 traducentem
545 2361 651 2396 (iterum
663 2363 734 2389 enim
743 2363 835 2390 eadem
848 2363 908 2391 dico
921 2370 947 2392 et
960 2365 1051 2394 dicere

264 2414 317 2434 non
338 2405 459 2440 cessabo)
483 2406 622 2440 despicere
642 2409 668 2432 et
684 2413 810 2441 superare
831 2410 956 2442 potuerit.
979 2410 1051 2443 Quo-

267 2451 365 2478 modo?
386 2451 443 2485 Ego
457 2450 555 2478 dicam.
572 2451 637 2482 Quia
651 2451 776 2478 continuo
795 2452 827 2479 atl
842 2455 946 2481 oculum
966 2456 1050 2489 illum,

265 2497 309 2532 qui
324 2496 377 2523 falli
391 2496 525 2530 sopiriqne
539 2495 639 2529 nequit,
649 2501 737 2523 mente
750 2499 876 2531 respexit,
889 2505 978 2533 postea
993 2501 1051 2529 haec

266 2541 352 2568 omnia
367 2541 441 2576 quasi
454 2547 506 2567 non
517 2545 607 2567 essent
621 2541 731 2567 curavit.
747 2542 777 2568 Et
789 2543 952 2576 proiectosic
966 2552 995 2573 se
1009 2553 1052 2573 res

267 2587 356 2619 habet,
368 2591 397 2613 nt
408 2593 468 2613 cum
479 2586 538 2620 quis
552 2585 602 2612 hoc
610 2594 701 2613 atnore
713 2588 818 2615 saucius
828 2593 878 2622 est,
891 2594 916 2616 et
932 2590 956 2616 in
970 2591 1052 2618 Deum

265 2632 399 2660 desiderio
410 2639 459 2659 suo
474 2632 565 2664 tendit,
582 2632 646 2658 nihil
660 2632 801 2660 visibilium
814 2634 916 2667 videat;
931 2636 976 2662 sed
993 2644 1050 2670 per-

267 2682 345 2711 petuo
359 2685 419 2703 eum
440 2685 518 2711 quem
534 2677 667 2704 desiderat
681 2678 847 2713 imaginetur,
862 2686 939 2708 nocte
952 2682 1052 2709 scilicet

265 2728 345 2757 atque
364 2723 417 2755 die,
434 2723 533 2750 cubans
548 2728 575 2750 et
595 2731 716 2758 surgens.
738 2724 775 2751 Ne
788 2724 869 2760 igitur
887 2727 982 2753 mirum
1005 2727 1052 2754 tibi

265 2768 309 2797 sit.
334 2768 356 2794 si
374 2772 400 2795 et
412 2768 499 2802 justus
514 2769 556 2795 ille
575 2769 657 2795 semel
673 2777 705 2796 eo
721 2769 805 2796 solum
824 2771 977 2805 resltiriens,
999 2780 1051 2800 non

265 2813 372 2839 curavit
392 2818 440 2837 eos
450 2810 495 2845 qui
510 2811 682 2845 supplantare
699 2815 782 2850 ipsum
796 2817 970 2844 conabantur.
985 2818 1048 2846 Nam

606 137 636 165 S.
656 135 794 164 JOANNIS
812 133 1049 163 CIIRYSOS'IOMI
1069 133 1228 162 ARCIHEP.
1248 133 1515 162 CONSTANTINOP.

1833 133 1894 162 200

1101 191 1220 217 exhibito
1236 191 1325 218 studio
1339 199 1397 223 suo,
1414 195 1440 217 et
1460 190 1576 217 divinant
1598 189 1710 224 gratiam
1732 194 1834 221 nactus,
1849 190 1894 216 his

1101 235 1225 262 omnibus
1237 236 1358 269 superior
1372 239 1437 262 erat.
1456 234 1511 261 Nae
1522 235 1603 265 enitn,
1619 234 1712 268 inquit,
1726 234 1819 260 inuenit
1831 243 1892 269 ςωμ

1102 281 1161 306 tiam
1174 289 1258 307 coram
1273 281 1381 317 D_umino
1395 280 1459 306 Dea.
1476 280 1591 306 Tametsi
1603 279 1675 306 omni
1691 279 1828 306 hominum
1843 288 1892 314 ge-

1103 325 1168 357 neri,
1182 326 1253 360 quod
1269 330 1331 352 tunc
1351 330 1418 357 erat,
1442 333 1494 351 non
1509 329 1580 351 esset
1599 329 1701 359 gratus,
1715 333 1802 359 nequo
1817 333 1895 351 anta-

1104 369 1173 401 bilis,
1189 377 1222 397 eo
1238 370 1307 404 quod
1322 370 1428 397 nolebat
1448 370 1567 396 eamdem
1584 370 1706 397 incedere
1721 371 1800 403 viam,
1811 378 1894 405 quam

1103 414 1138 440 illi
1155 423 1161 440 :
1176 415 1244 449 apud
1265 422 1324 441 eum
1348 420 1435 441 tamen
1464 415 1508 448 qui
1531 414 1610 441 corda
1636 419 1769 441 scrutatur
1793 415 1895 442 invenit

1102 461 1226 495 gratiam,
1243 462 1288 496 qui
1310 467 1337 488 ct
1357 461 1427 488 illitis
1449 465 1565 487 mentem
1590 461 1755 495 approbavit.
1783 462 1814 488 Ει
1829 460 1893 496 quid

1102 506 1203 537 damni,
1217 506 1270 540 dic,
1290 507 1435 539 oriebatur,
1448 506 1518 540 quod
1541 514 1555 532 a
1569 506 1763 540 congeneribns
1779 507 1891 533 subsan-

1102 556 1211 578 naretur
1223 556 1250 578 et
1272 552 1429 578 irrideretur
1443 560 1449 577 :
1464 559 1525 578 cum
1541 552 1563 578 is
1584 552 1628 586 qni
1650 551 1727 578 tinxit
1742 559 1822 578 curua
1845 560 1901 579 no-.

1102 600 1168 629 stra,
1196 601 1223 623 et
1247 596 1372 631 intelligit
1394 597 1483 623 omnia
1506 604 1586 630 opera
1610 601 1712 627 nostra,
1737 597 1896 630 prmdicaret

1103 643 1175 669 illum
1194 647 1220 670 et
1234 643 1396 670 coronaret?
1409 648 1436 670 et
1449 650 1507 678 qua:
1521 643 1621 670 utilitas
1637 642 1748 674 homini,
1764 643 1786 669 si
1807 643 1892 676 ipsum

1103 691 1174 714 totus
1194 687 1269 714 orbis
1296 687 1444 714 admiretur
1468 691 1496 714 et
1517 687 1622 719 laudet;
1647 686 1777 714 Conditor
1802 692 1892 714 autent

1102 733 1233 765 omnium,
1250 738 1276 760 et
1289 732 1374 760 Judex
1397 733 1441 767 qui
1455 732 1540 767 decipi
1556 733 1660 767 nequit,
1674 733 1700 760 in
1715 733 1759 760 die
1774 733 1819 760 illo
1838 738 1893 760 ter-

1103 777 1170 804 ribili
1194 778 1419 805 condemnaturus
1442 778 1493 804 sit?
1515 778 1613 812 Itaque,
1630 778 1728 810 dilecti,
1754 785 1813 804 cum
1836 778 1894 805 haec

1103 823 1179 850 nobis
1200 827 1336 857 comperta
1359 823 1424 856 sint,
1439 823 1537 850 nullius
1553 823 1628 857 pensi
1643 823 1789 850 habeamus
1804 824 1893 850 homi-

1103 876 1165 895 num
1189 869 1305 902 laudem,
1324 876 1410 903 neque
1425 869 1458 896 ab
1481 870 1532 896 illis
1545 870 1676 897 celebrari
1694 871 1789 904 quovis
1814 871 1895 897 modo

1102 921 1272 948 quaeramus:
1287 914 1334 941 sed
1358 920 1466 950 propter
1486 915 1558 941 illutn
1583 916 1669 942 solum
1691 916 1735 950 qui
1759 921 1894 943 scrutatur

1102 959 1182 985 corda
1209 964 1236 986 et
1254 967 1344 993 renes,
1365 960 1470 987 virtutis
1485 968 1565 994 opera
1586 960 1722 993 faciamus,
1744 966 1770 989 et
1785 966 1893 996 peccata

1103 1003 1242 1038 fugiamus.

1137 1049 1252 1076 Laudari
1274 1049 1432 1077 Christianus
1454 1051 1485 1077 ob
1498 1050 1612 1077 omnibus
1637 1051 1729 1085 nequit.
1743 1066 1778 1071 ——
1794 1051 1895 1084 Quam—

1102 1095 1193 1122 obrem
1211 1095 1332 1124 Christus
1345 1096 1469 1124 erudiens
1489 1104 1538 1123 nos
1549 1101 1577 1123 ut
1593 1105 1625 1123 ne
1650 1097 1788 1131 captandis
1804 1097 1894 1124 homi-

1103 1151 1166 1169 num
1189 1143 1310 1169 laudibus
1326 1143 1469 1175 inhiemus,
1493 1148 1554 1177 post
1575 1144 1656 1169 mttlta
1672 1143 1721 1169 alia
1745 1143 1850 1170 tandem
1867 1148 1895 1170 et

1103 1188 1152 1215 hoc
1173 1188 1271 1219 intulit,
1295 1189 1385 1215 dicens
1403 1197 1409 1214 :
1427 1187 1470 1214 Vw
1494 1189 1571 1220 uobis,
1596 1189 1696 1221 quando
1722 1188 1893 1215 benedizcrint

1102 1233 1169 1260 vobis
1182 1242 1266 1260 omnes
1281 1234 1392 1260 homines
1403 1233 1476 1269 (Luc.
1490 1234 1515 1261 6.
1529 1234 1585 1268 2(5).
1601 1233 1744 1261 Considera
1760 1234 1898 1268 quomodo

1103 1287 1150 1313 per
1168 1278 1212 1305 ναξ
1222 1279 1299 1306 nobis
1312 1279 1430 1306 declarat
1445 1280 1590 1313 quotuplex
1606 1279 1664 1305 illos
1680 1286 1758 1313 pcena
1775 1283 1892 1306 maneat.

1106 1323 1149 1351 Va:
1162 1324 1233 1351 cnitn
1248 1324 1358 1352 lamenti
1380 1325 1501 1351 nuntium
1525 1324 1635 1351 verbum
1657 1329 1717 1353 est:
1733 1325 1802 1352 unde
1818 1326 1894 1360 quasi

1103 1370 1215 1397 miseros
1237 1378 1283 1398 eos
1304 1378 1420 1403 vocans,
1442 1371 1506 1398 dicit
1522 1379 1529 1397 :
1545 1371 1590 1398 Va:
1610 1371 1688 1403 vobis,
1704 1371 1804 1406 quando
1820 1371 1895 1398 bene-

1102 1417 1211 1444 dixerinl
1223 1418 1291 1444 vobis
1306 1425 1391 1444 omnes
1410 1417 1532 1444 homines.
1546 1417 1578 1444 Et
1596 1417 1655 1444 vide
1667 1425 1746 1451 quam
1761 1423 1839 1445 caute
1852 1418 1893 1444 di-

1102 1467 1184 1489 ctum.
1199 1461 1256 1489 Non
1270 1462 1424 1497 sitnplieiler
1436 1462 1511 1495 dixit,
1521 1462 1654 1494 homines,
1664 1462 1721 1494 sed,
1738 1461 1830 1489 Omnes
1843 1462 1892 1489 Ito-

1102 1509 1190 1535 mines.
1207 1508 1372 1542 lmpossihile
1393 1509 1463 1535 enim
1480 1512 1531 1541 est,
1555 1513 1583 1534 ut
1604 1508 1645 1534 vir
1664 1508 1762 1542 probus
1780 1508 1824 1541 qui
1845 1515 1894 1542 per

1102 1557 1240 1588 angustam
1254 1557 1282 1580 et
1293 1555 1392 1580 aretam
1407 1552 1513 1579 virtutis
1535 1552 1606 1579 viam
1624 1552 1751 1584 ambulat,
1767 1557 1795 1579 et
1815 1560 1896 1579 man-

1102 1599 1163 1626 data
1178 1599 1298 1633 sequitur
1312 1598 1419 1630 Christi,
1435 1598 1468 1625 ab
1481 1598 1604 1624 omnibus
1618 1597 1750 1631 laudetur,
1766 1601 1793 1624 et
1805 1597 1893 1624 admi-

1103 1645 1196 1672 rationi
1212 1644 1349 1671 habeatur.
1364 1645 1410 1671 Est
1424 1645 1494 1672 enim
1510 1648 1537 1671 et
1550 1644 1593 1671 illa
1606 1644 1698 1679 ingens
1711 1644 1821 1677 malitia,
1837 1645 1894 1671 vir-

1104 1691 1151 1717 tuti
1165 1690 1310 1717 adversari.
1322 1690 1436 1717 Proinde
1447 1690 1574 1717 Dominus
1585 1692 1672 1717 sciens
1683 1698 1735 1717 non
1747 1697 1825 1724 posse
1835 1690 1894 1718 ﬁeri

1103 1741 1131 1762 ut
1145 1735 1167 1762 is
1179 1735 1353 1770 quivirtutem
1369 1735 1508 1770 diligenter
1516 1740 1633 1768 exercet,
1645 1735 1712 1762 etab
1723 1735 1781 1770 ipso
1791 1739 1895 1763 tantum

1102 1781 1206 1808 laudem
1217 1785 1245 1808 ut
1253 1781 1364 1816 accipiat
1374 1781 1551 1815 praestolatur,
1562 1781 1595 1808 ab
1608 1781 1730 1808 omnibus
1741 1781 1897 1809 hominibus

1103 1826 1233 1859 laudetur,
1249 1831 1275 1853 et
1290 1827 1358 1853 bene
1372 1825 1470 1858 audiat,
1493 1826 1551 1853 ideo
1571 1826 1682 1853 tniseros
1696 1831 1774 1853 vocat
1788 1833 1835 1854 eos
1847 1827 1892 1861 qui

1102 1877 1210 1907 propter
1232 1872 1374 1898 humanam
1399 1872 1502 1899 laudem
1518 1872 1643 1899 virtutem
1665 1872 1809 1907 negligunt.
1825 1872 1892 1901 Nam

1102 1918 1230 1946 celebrari
1246 1918 1279 1944 ab
1293 1918 1424 1949 omnibus,
1441 1918 1584 1944 maximum
1608 1917 1686 1945 fuerit
1706 1923 1893 1952 argumentum

1103 1972 1154 1990 non
1165 1971 1286 1998 magnam
1297 1963 1388 1990 haberi
1399 1963 1502 1990 virtutis
1515 1963 1655 1990 rationem.
1667 1963 1806 1997 Quomodo
1819 1964 1893 1991 enim

1103 2009 1136 2035 ab
1149 2009 1273 2035 omnibus
1286 2008 1392 2043 probari
1408 2009 1506 2043 poterit
1517 2009 1558 2036 vir
1570 2009 1666 2042 bonus,
1680 2009 1702 2036 si
1723 2009 1778 2035 vult
1796 2009 1891 2043 injuria

1102 2053 1211 2080 aliectos
1225 2053 1329 2088 eripere
1339 2054 1372 2080 ah
1385 2054 1417 2080 iis
1429 2054 1472 2088 qui
1486 2054 1581 2088 injuria
1594 2053 1721 2087 afﬁciunt,
1735 2058 1762 2081 et
1777 2061 1826 2081 cos
1844 2055 1891 2089 qui

1104 2103 1241 2130 vexantur,
1258 2098 1292 2125 ab
1304 2099 1335 2125 iis
1349 2099 1392 2133 qui
1408 2099 1475 2125 male
1494 2098 1612 2125 faciunt?
1632 2099 1665 2126 Et
1685 2099 1780 2126 iterum
1800 2100 1823 2126 si
1837 2100 1893 2127 vult

1103 2144 1236 2177 corrigere
1250 2148 1399 2178 peccantes,
1413 2149 1440 2171 et
1453 2144 1561 2172 laudare
1574 2145 1641 2172 bene
1660 2150 1779 2180 agentes,
1803 2153 1895 2173 nonne

1103 2188 1246 2215 verisimile
1262 2193 1313 2221 est,
1327 2196 1387 2216 eum
1408 2188 1442 2216 ab
1456 2189 1514 2216 aliis
1537 2189 1708 2224 laudandum,
1726 2190 1760 2218 ab
1780 2191 1840 2218 aliis
1854 2191 1894 2218 vi-

1102 2235 1281 2270 tuperandum
1295 2236 1367 2262 esse?
1376 2235 1518 2269 Propterea
1531 2238 1626 2268 ιιιῳιιιε
1639 2235 1680 2259 ιω
1692 2234 1771 2265 vobis,
1783 2233 1894 2267 quando

1100 2281 1170 2307 vobis
1182 2280 1358 2306 benedimcrint
1366 2286 1454 2305 omnes
1461 2278 1587 2304 homines.
1597 2277 1739 2309 Quomodo
1746 2277 1827 2311 igitur
1834 2285 1889 2304 non

1100 2327 1151 2354 erit
1166 2325 1346 2352 admiratione
1362 2330 1389 2352 et
1404 2325 1485 2352 laude
1498 2324 1597 2359 dignus
1611 2324 1701 2358 justtts
1714 2324 1775 2355 iste,
1798 2323 1844 2356 qui
1857 2330 1890 2349 ea

1101 2379 1161 2406 quae
1171 2371 1297 2398 Christus
1310 2371 1458 2398 adveniens
1470 2369 1573 2400 docuit,
1589 2369 1664 2403 prius
1678 2368 1734 2402 ipse
1746 2375 1761 2394 a
1771 2367 1829 2401 lege
1840 2374 1891 2393 na-

1101 2420 1170 2443 tura:
1178 2416 1301 2447 edoctus,
1313 2415 1481 2442 deditissitna
1494 2421 1575 2449 opera
1589 2413 1755 2447 adimplevit,
1769 2412 1892 2439 laudem—

1101 2469 1154 2496 que
1166 2461 1313 2488 humanam
1324 2459 1653 2494 contenniendo,gratiam
1666 2457 1737 2493 apud
1745 2458 1830 2484 Deum
1843 2464 1891 2491 per

1101 2507 1229 2533 virtutem
1245 2506 1366 2533 invenire
1383 2505 1504 2533 studuit?
1518 2504 1575 2531 Noe
1586 2504 1669 2537 enim,
1683 2504 1781 2538 inquit,
1793 2503 1891 2530 invenit

1102 2554 1216 2588 gratiam
1227 2560 1316 2579 coram
1331 2552 1440 2578 Domino
1454 2551 1516 2577 Deo.
1532 2551 1664 2577 Caeterum
1677 2551 1765 2584 ipsum
1782 2554 1893 2584 propter

1103 2600 1217 2626 virtutes
1232 2606 1300 2634 quas
1321 2597 1435 2625 habebat
1455 2597 1592 2624 invenisse
1605 2596 1720 2631 gratiam
1735 2602 1828 2622 coram
1840 2595 1893 2621 Do-

1104 2646 1178 2671 mino
1199 2644 1265 2677 Deo,
1282 2643 1401 2670 narravit
1418 2642 1497 2669 nobis
1513 2641 1684 2669 admirabilis
1700 2640 1746 2667 ille
1759 2640 1892 2674 propheta

1104 2691 1206 2724 Spiritu
1221 2694 1314 2716 sancto
1328 2688 1434 2715 atllatus
1452 2696 1458 2714 :
1475 2694 1564 2721 operte
1580 2687 1696 2721 pretium
1715 2686 1807 2720 itaque
1824 2690 1854 2711 ιιι
1865 2689 1893 2712 et

1104 2736 1244 2770 Sequentia
1259 2735 1407 2766 discamus,
1420 2738 1447 2761 et
1459 2733 1601 2760 videamus
1612 2732 1677 2766 quid
1690 2731 1723 2758 de
1736 2731 1782 2757 illo
1794 2729 1893 2757 sentiat

1106 2782 1186 2808 Deus.
1204 2781 1230 2808 9.
1252 2781 1301 2808 Ha.’
1312 2786 1409 2813 autem,
1423 2780 1522 2815 inquit,
1538 2785 1597 2806 sunt
1610 2778 1790 2813 generationes
1811 2776 1867 2802 Noe
1884 2784 1892 2802 .'

1108 2827 1164 2854 Noe
1177 2828 1252 2854 Ιιυιιιο
1266 2828 1360 2857 iustus.
1377 2826 1508 2861 perfectus
1528 2826 1553 2852 in
1573 2826 1740 2860 generatione
1753 2830 1825 2853 sua;
1843 2821 1891 2847 lira
