2058 3123
163 99 209 128 ξοι
652 97 684 125 ΙΝ
702 96 779 125 CAP.
803 95 845 123 Vl.
861 95 984 124 GENES.

161 157 257 190 placuit
271 155 339 182 Noe.
355 155 441 182 Rarus
453 159 480 182 ct
492 161 578 182 novus
592 154 754 189 genealogiat
768 152 872 181 modus.
888 154 954 183 Nam

161 207 189 229 ut
204 201 295 229 divitia
309 202 445 236 Scriptura
459 201 533 231 dixit,
550 200 599 227 ΙΙιτ
611 205 670 227 sunt
688 201 861 235 generationes
876 199 932 226 Noe
946 208 955 226 :

159 253 186 275 et
199 255 281 274 aures
302 252 409 274 nostras
431 246 565 278 excitavit,
591 246 665 279 quasi
687 245 867 279 genealogiam
884 245 954 272 illius

159 298 309 325 narratura,
325 297 353 318 et
367 293 426 327 quis
445 291 504 325 ejus
523 296 597 325 pater
621 290 709 321 fuerit,
730 296 758 317 et
779 290 849 317 unde
871 298 954 324 genus

159 339 274 371 duxerit,
290 344 317 366 ct
329 337 465 373 quomodo
482 338 507 364 in
524 337 592 363 hanc
613 338 694 363 vitam
717 337 795 363 fuerit
809 336 906 368 editus,
927 340 954 363 ct

157 385 207 412 alia
221 389 318 412 cuncta
333 392 392 419 qua:
407 391 464 410 mos
477 389 517 410 est
535 384 704 417 genealogias
718 384 888 410 narrantibus
907 391 951 409 re~

157 437 268 457 rcttsere
281 438 289 457 τ
301 430 401 456 relictis
416 435 502 456 tamen
514 429 566 455 illis
576 429 710 461 omnibus,
724 433 750 455 et
761 429 872 455 aliorum
885 435 951 454 con-

156 474 298 502 suetudine
319 474 453 508 superior,
475 473 583 508 inquit:
602 473 661 500 Noe
680 473 754 500 homo
764 474 850 508 justus
864 481 873 499 :
893 482 951 507 pcr-

155 523 236 555 [cctua
254 520 282 547 in
303 520 463 555 generatione
477 528 523 546 sua
545 527 554 545 :
577 519 630 546 Deo
650 519 745 554 placuit
765 518 831 545 Noe.
856 519 949 545 Vidisti

155 564 340 592 admirabilem
353 565 558 599 genealogiam?
573 564 639 595 Noe,
661 564 756 598 inquit.
777 565 861 590 homo.
886 564 950 591 \‘ide

152 611 232 638 etiam
249 617 350 637 natura:
363 618 505 637 commune
519 617 615 637 notuen
632 618 678 643 pro
693 609 771 637 laude
790 609 854 639 justi
868 617 949 636 usur-

154 662 254 692 patum.
271 657 338 684 Nam
351 656 412 691 quia
424 656 513 682 carteri
528 657 562 682 ob
573 656 695 682 carnales
714 656 875 690 voluptates,
890 656 947 689 qui-

152 702 202 730 bus
214 701 336 730 immersi
351 706 437 733 erant,
452 701 597 727 amiserant
609 708 670 727 esse
684 700 805 727 homines
819 709 826 727 :
841 701 899 732 iste,
914 701 948 726 in-

152 748 219 782 quit,
241 747 268 774 in
292 750 366 774 tanto
391 746 489 781 populo
513 745 629 772 hominis
653 746 794 780 imaginem
821 747 945 772 servavit.

151 792 227 820 Tunc
238 793 338 828 quippe
351 791 433 818 homo
444 795 495 823 est,
507 791 615 826 quando
627 791 752 818 virtutem
766 792 840 818 colit.
856 791 947 825 Neque

149 839 223 866 enim
235 838 354 873 speciem
366 837 465 865 habere
478 837 603 870 hominis,
616 842 643 864 et
652 838 757 870 oculos,
772 841 799 864 et
813 844 901 869 nares,
920 841 947 864 ct

149 892 191 916 os,
205 888 235 912 et
244 892 337 919 genas,
351 889 378 912 et
395 889 492 912 extera
506 883 636 915 membra,
658 883 708 910 hoc
730 884 865 910 hominem
886 891 946 910 esse

148 930 267 958 ostendit
287 931 369 958 ιιιωο
389 931 461 959 enim
484 930 603 958 membra
622 934 684 956 sunt
703 930 834 964 corporis.
855 930 945 956 Hotni-

148 985 213 1005 nem
231 977 306 1004 illum
326 977 452 1010 dicimus,
472 977 517 1012 qui
540 976 681 1011 imaginem
705 976 822 1002 hominis
844 976 943 1002 salvam

147 1024 256 1051 retinet.
275 1024 341 1058 Qua:
354 1029 442 1050 autent
458 1027 499 1050 est
513 1023 600 1058 imago
621 1022 756 1049 hominis?
774 1021 941 1048 Rationalem

145 1078 216 1099 esse.
232 1070 301 1104 Quid
314 1070 402 1106 ergo?
421 1077 511 1097 annon
535 1073 563 1096 et
585 1069 623 1095 illi
648 1067 756 1095 fuerunt
778 1067 954 1094 rationales?-

146 1117 246 1145 Verunt
268 1125 321 1144 non
345 1116 396 1144 hoc
411 1116 498 1143 solum
515 1115 593 1142 fuerit
608 1114 741 1141 hominem
763 1121 831 1145 csse,
848 1113 895 1140 sed
915 1117 942 1140 ct

143 1163 289 1190 virtutibus
301 1169 361 1190 esse
373 1162 501 1194 deditum,
518 1166 545 1188 et
556 1161 618 1187 vitia
634 1160 734 1195 fugere,
751 1165 777 1186 ct
790 1160 891 1186 illicitis
903 1159 943 1186 al-

143 1209 306 1236 fectionibus
327 1208 469 1243 imperare,
491 1212 518 1235 ct
538 1207 669 1234 mandatis
681 1207 823 1234 dominicis
836 1206 941 1233 obtem-

143 1261 250 1289 perare,
268 1255 319 1281 hoc
333 1258 374 1281 est
388 1261 448 1281 esse
463 1253 610 1280 hominem.

177 1301 205 1328 4.
223 1299 365 1335 Jmprobos
390 1307 440 1326 non
462 1299 574 1325 homines
600 1298 712 1332 appellat
738 1297 882 1332 Scriptura.
905 1311 940 1316 —

141 1346 227 1373 Porro
242 1350 272 1373 ut
282 1345 370 1373 discas
386 1352 487 1372 morem
503 1352 562 1371 esse
577 1344 720 1378 Scriptura:
730 1365 736 1375 ,
754 1349 783 1370 ut
798 1343 868 1370 vitiis
882 1347 938 1369 stu-

140 1392 238 1418 dentes
269 1395 297 1418 ct
331 1391 454 1417 virtutem
478 1390 642 1424 negligentes
670 1389 805 1416 hominum
832 1389 939 1416 nomine

140 1444 238 1464 vocare
256 1444 309 1462 non
332 1436 473 1470 dignetur,
489 1435 550 1461 audi
575 1435 656 1461 Deum
679 1435 847 1469 lnqncntcm,
869 1435 938 1461 sicut

141 1481 200 1509 heri
230 1481 386 1508 dicebamus
404 1489 410 1507 :
427 1480 488 1507 Non
512 1481 664 1515 permanebit
689 1479 801 1512 Spiritus
823 1488 892 1506 meus
912 1480 937 1506 in

137 1527 285 1554 hominiqu
308 1527 379 1559 istis,
395 1535 423 1553 eo
442 1526 510 1561 quod
523 1526 573 1560 ipsi
584 1534 671 1552 carnes
686 1531 743 1552 sunt
757 1525 836 1561 (Gen.
848 1525 873 1553 6.
888 1526 904 1552 5

139 1572 196 1608 Ego
210 1572 294 1606 enim,
309 1571 401 1599 dicere
412 1571 477 1603 vult,
491 1571 664 1598 substantiam
678 1579 709 1598 ex
721 1579 801 1598 carne
812 1576 838 1598 et
848 1572 936 1598 anima

138 1619 191 1646 illis
212 1618 274 1646 dcdi
291 1627 298 1645 :
320 1617 371 1653 ipsi
384 1622 473 1645 autem
494 1618 569 1652 quasi
591 1618 646 1644 sola
667 1625 749 1645 carne
762 1619 934 1650 circmndati,

137 1666 174 1692 ita
186 1665 302 1692 virtutes
315 1663 397 1691 animi
411 1663 546 1699 negligunt
556 1684 564 1696 ,
578 1668 605 1690 et
619 1664 701 1690 solam
717 1671 824 1690 carnem
840 1664 935 1690 deinde

136 1715 285 1738 sectantur.
310 1710 402 1738 Vidisti
425 1709 558 1745 quomodo
571 1709 606 1737 ob
625 1710 751 1737 malitiam
765 1718 872 1737 carnem
887 1718 933 1737 eos

137 1761 217 1784 vocat
229 1761 257 1785 et
269 1764 323 1783 non
339 1755 461 1783 homines
473 1755 485 1782 ’ἶ
500 1755 531 1782 Et
546 1755 653 1788 iterum,
667 1760 695 1782 ut
709 1755 796 1782 statim
809 1755 931 1788 audietis,

135 1807 235 1830 terram
247 1808 296 1829 eos
307 1801 428 1829 nominat
437 1801 525 1828 divina
537 1800 683 1835 Scriptura,
696 1808 728 1828 eo
737 1800 807 1835 quod
820 1802 932 1827 terrenis

134 1847 340 1883 cogitationibus
360 1847 552 1874 absumuntur:
567 1846 632 1873 dicit
642 1846 712 1873 enim
727 1855 732 1872 :
749 1846 794 1873 Η.
808 1845 932 1880 Corrupto

135 1899 220 1920 autem
233 1898 290 1920 erat
303 1897 369 1919 terra
382 1900 467 1919 coram
480 1891 544 1918 Deo.
557 1891 614 1918 Non
627 1891 661 1918 de
674 1896 743 1918 terra
758 1891 877 1918 sensibili
894 1891 932 1917 lo-

133 1940 245 1975 quitur,
269 1939 317 1967 sed
338 1939 528 1966 iuhabitatorcs
550 1943 647 1965 terram
667 1943 753 1964 vocat.
771 1937 829 1964 Alio
843 1942 930 1964 autent

134 1987 194 2014 loco
204 1994 292 2022 neque
303 1990 401 2013 terrain
416 1993 502 2020 neque
516 1992 623 2012 carnem
637 1985 754 2012 nominat
767 1993 773 2011 :
784 1984 831 2011 sed
845 1991 930 2018 neque

133 2040 193 2060 esse
207 2039 256 2060 eos
269 2036 344 2068 putat
358 2032 384 2059 in
400 2032 449 2059 hac
467 2032 590 2066 praet-nti
605 2031 656 2058 vita
667 2051 675 2064 ,
695 2039 727 2059 co
746 2031 815 2065 quod
831 2032 929 2058 virtute

135 2082 258 2105 careant.
275 2077 343 2104 Audi
358 2077 430 2104 enim
444 2076 599 2111 prophetam
619 2077 775 2103 clamantem
796 2081 823 2103 et
839 2076 929 2103 dicen-

134 2127 188 2150 tem
205 2122 232 2150 in
247 2122 336 2151 media
351 2122 633 2157 Jerosolymitauornm
649 2121 805 2156 metropoli,
833 2122 876 2148 ubi
892 2127 929 2148 tot

135 2168 220 2196 millia
236 2168 348 2195 millium
363 2172 390 2195 et
404 2167 545 2195 multitudo
559 2167 697 2194 innumera
712 2175 718 2193 :
738 2166 799 2193 Veni
811 2187 818 2198 ,
841 2172 863 2193 et
879 2175 929 2193 non

132 2219 185 2242 erat
197 2214 274 2241 homo
285 2222 294 2246 ,'
309 2214 403 2246 vocavi,
415 2218 438 2240 et
452 2221 502 2240 non
512 2218 565 2240 erat
575 2213 617 2247 qui
629 2213 728 2239 audiret
737 2212 811 2247 (Isai.
824 2214 868 2240 50.
879 2214 908 2248 2)
920 2222 926 2240 :

132 2267 185 2287 non
199 2259 262 2295 quia
272 2267 326 2287 non
339 2259 461 2290 aderant,
477 2258 524 2285 sed
539 2258 598 2293 quia
616 2263 761 2292 praesentes
776 2258 857 2284 nihilo
870 2266 927 2284 tne-

133 2305 214 2332 liores
226 2309 315 2337 erant,
330 2312 410 2339 quam
423 2303 447 2331 si
465 2311 516 2330 non
531 2303 643 2330 fuissent
657 2307 811 2337 prtcscntes.
828 2302 861 2329 Et
875 2303 928 2330 alio

134 2358 239 2386 quoque
253 2350 312 2378 loco
326 2359 334 2376 :
352 2349 492 2377 Discurrite
501 2354 525 2376 et
535 2350 624 2380 videte,
641 2349 663 2375 si
676 2354 784 2375 estanus
797 2349 840 2382 qui
852 2348 929 2381 faciat

127 2397 258 2433 judicium
273 2402 297 2424 et
307 2397 450 2432 justitiam,
462 2401 484 2423 et
495 2396 618 2432 propitius
628 2404 670 2422 ero
682 2395 752 2431 (Jer.
768 2395 794 2422 5.
809 2396 820 2422 1
835 2396 854 2429 ).

169 2441 240 2470 Deus
253 2442 379 2469 hominem
391 2450 448 2468 eum
459 2442 540 2468 solum
552 2446 622 2470 vocat
633 2441 675 2476 qui
687 2441 800 2467 virtutem
811 2441 878 2467 colit.
893 2455 928 2460 —

135 2486 228 2516 Vidisti
243 2487 378 2524 quomodo
392 2488 466 2515 illum
479 2488 564 2514 solum
579 2487 715 2521 Scriptura
736 2491 826 2514 sancta
842 2486 926 2513 homi-

132 2542 193 2562 nem
207 2541 306 2561 vocare
320 2533 405 2567 solet,
418 2533 462 2568 qui
478 2533 600 2560 virtutem
616 2533 681 2560 colit
694 2541 700 2558 :
717 2537 827 2560 cazteros
838 2524 939 2559 autem

134 2587 219 2615 neque
231 2586 292 2608 esse
305 2583 389 2614 putat,
406 2579 452 2606 sed
465 2578 611 2612 aliquando
624 2582 701 2605 vocat
713 2582 821 2610 terram,
837 2583 863 2604 et
878 2577 926 2603 ali-

135 2624 242 2660 quando
262 2624 394 2652 carnem?
418 2623 473 2651 Bac
496 2623 530 2651 de
554 2630 632 2650 causa
661 2622 840 2657 genealogiam
863 2622 927 2656 justi

135 2675 300 2699 narratnram
311 2678 342 2698 se
352 2669 509 2705 promittens
521 2669 610 2698 divina
624 2669 759 2704 Scriptura
774 2669 837 2695 dicit
852 2677 858 2695 :
871 2668 927 2694 Nor

135 2716 207 2743 homo
222 2725 230 2743 :
246 2715 290 2743 hic
300 2716 372 2743 enim
383 2715 456 2743 solus
468 2715 559 2747 homo,
574 2715 662 2742 cattcri
675 2718 764 2741 autem
780 2722 832 2740 non
844 2714 927 2740 humi--

135 2769 199 2794 nes,
212 2761 260 2789 sed
275 2761 418 2789 humanam
433 2766 555 2796 gerentes
574 2761 686 2788 fortnam
699 2781 707 2794 ,
725 2765 752 2788 et
766 2769 797 2788 ex
812 2760 926 2787 homini-

137 2807 184 2834 bus
197 2807 226 2835 in
238 2808 338 2835 bestias
351 2807 445 2835 mutati
457 2827 465 2841 ,
488 2807 587 2834 malitia
601 2807 742 2834 voluntatis
763 2807 925 2835 nobilitatem

1005 96 1120 126 nouit.
1142 100 1235 129 χχιιι.
1752 109 1806 137 ευρ

1013 158 1115 181 natura-
1139 157 1293 184 amiserunt.
1316 159 1392 192 Quod
1408 161 1479 189 enim
1491 168 1552 190 cum
1568 163 1595 190 in
1607 160 1706 192 malum
1719 166 1802 193 det-h-

1010 205 1075 227 nant
1090 201 1211 230 homines
1225 205 1381 238 rationales,
1402 211 1428 233 et
1443 208 1513 234 servi
1529 208 1594 236 fiunt
1608 210 1799 239 irrationalium

1008 244 1188 279 aﬁ‘mtionum,
1203 248 1290 276 divina
1307 251 1441 285 Scriptura
1457 253 1574 287 imponat
1590 255 1641 282 illis
1652 256 1798 284 bestiarum

1008 291 1125 324 nomina,
1142 293 1202 320 audi
1217 299 1245 321 ιιι
1257 295 1370 330 quodam
1387 297 1444 324 ioco
1454 298 1518 325 dicit
1533 307 1540 325 :
1559 299 1626 335 Equi
1647 303 1799 336 feminarum

1007 342 1131 365 amatores
1144 339 1205 372 facti
1219 346 1278 367 sunt
1295 341 1360 376 (λεν.
1379 343 1406 369 5.
1421 343 1458 375 8).
1476 344 1538 371 Vide
1553 347 1686 379 quomodo
1699 351 1734 375 ob
1748 349 1799 375 itu-

1006 382 1136 409 modicam
1155 384 1318 412 salacitatem
1345 388 1413 414 hanc
1435 388 1571 416 brutorum
1587 393 1796 425 cognominatio-

1006 433 1065 452 nem
1082 427 1165 455 indat.
1180 429 1247 456 Alibi
1263 435 1350 457 autem
1366 440 1372 457 :
1394 431 1521 460 Venenum
1535 435 1652 468 aspidum
1668 438 1712 463 sub
1723 437 1797 465 labiis

1005 479 1089 497 eorum
1103 472 1187 507 (Prol.
1204 475 1246 502 l5.
1262 476 1288 506 5,
1305 481 1327 502 et
1342 476 1402 504 159.
1416 478 1455 511 ιι),
1472 479 1515 505 ubi
1530 479 1587 512 ejus
1602 480 1693 507 bestia-
1706 483 1796 510 dolum

1003 523 1030 543 et
1042 517 1173 546 fallaciam
1190 520 1287 548 imitari
1304 530 1350 549 eos
1367 523 1475 550 imiicat.
1488 525 1574 552 Canes
1589 535 1694 561 quoque
1708 536 1797 556 mutos

1003 562 1070 589 alios
1082 569 1157 591 vocat
1168 564 1244 599 (Isai.
1261 567 1305 593 56.
1322 568 1360 601 1).
1374 568 1406 595 lit
1420 569 1515 596 iterum
1526 571 1600 603 dicit,
1615 572 1688 599 Sicut
1700 575 1797 608 aspidis

1002 608 1087 634 surdis
1102 615 1125 636 et
1140 610 1280 638 obturantis
1293 621 1366 640 aures
1376 623 1435 641 suas
1449 615 1533 651 (Psal.
1549 618 1593 644 57.
1606 618 1645 653 5),
1661 619 1719 646 illos
1732 622 1797 647 Sllit-

1002 654 1122 682 indicans
1134 657 1178 690 qui
1192 666 1269 685 aures
1279 659 1312 686 ad
1327 659 1473 688 doctrinam
1489 662 1748 693 virtutis'obturant.
1762 667 1796 693 lit

1001 700 1082 726 nntlla
1105 702 1155 728 alia
1177 704 1236 737 quis
1257 705 1364 731 nomina
1390 706 1509 734 inveniet
1527 708 1650 742 imposita
1671 717 1685 736 a
1706 710 1795 738 divina

1000 744 1134 780 Scriptura
1162 747 1195 774 iis
1211 749 1254 782 qui
1270 750 1295 776 in
1310 750 1448 778 brutorum
1461 752 1573 780 affectus
1593 762 1640 789 per
1661 755 1792 790 ignaviam

1001 795 1146 818 transeunt.
1163 793 1255 828 Neque
1274 795 1300 822 in
1318 797 1402 823 veteri
1423 797 1508 824 solum
1524 798 1594 826 istud
1610 800 1700 829 videre
1711 801 1771 830 licet
1782 822 1792 835 ,

998 836 1045 863 sed
1059 841 1086 863 et
1099 838 1124 864 in
1139 846 1205 864 nova
1226 839 1293 874 lege.
1315 841 1383 868 Audi
1405 843 1475 869 enim
1493 843 1638 878 Baptistam
1659 846 1791 875 dicentem

998 880 1120 909 Judzeis:
1143 883 1280 919 Progenies
1299 886 1451 920 viperarum,
1475 889 1530 922 quis
1551 890 1620 917 vobis
1645 894 1793 920 monuracit

997 929 1086 962 fugere
1098 937 1114 954 a
1127 935 1229 956 ventum
1242 931 1280 956 ira
1301 931 1408 965 (Matth.
1424 934 1450 958 5.
1465 934 1521 968 7)?
1544 934 1636 962 Vidisti
1656 938 1791 971 quomodo

997 977 1023 999 et
1037 974 1079 1000 hic
1093 974 1182 1001 dolum
1199 977 1295 1003 mentis
1309 977 1414 1004 illorum
1432 979 1522 1006 bestia:
1536 981 1644 1009 nomine
1656 983 1792 1018 signiﬁca-

997 1019 1053 1046 vit?
1065 1020 1133 1053 Quid
1145 1029 1208 1056 ergo
1221 1023 1399 1055 miserabilius
1413 1024 1491 1052 fuerit
1503 1028 1695 1061 peccatoribus,
1708 1030 1751 1064 qui
1764 1035 1791 1058 ct

996 1065 1054 1099 ipso
1069 1066 1184 1094 hominis
1199 1069 1307 1096 nomine
1322 1070 1468 1104 privamur,
1481 1077 1507 1098 et
1522 1078 1630 1107 propter
1642 1073 1692 1102 hoc
1705 1076 1790 1110 majo-

995 1112 1068 1140 ribus
1084 1114 1167 1147 pmnis
1180 1114 1250 1149 digni
1267 1121 1343 1148 sunt;
1359 1116 1428 1150 quod
1452 1122 1512 1150 post
1533 1125 1680 1154 acceptasa
1694 1126 1787 1151 natura

995 1157 1122 1191 plurimas
1133 1159 1286 1186 occasiones
1300 1159 1331 1186 ad
1348 1160 1565 1188 benefaciendum
1577 1169 1726 1198 monentes,
1740 1165 1789 1192 de—

993 1207 1064 1229 serta
1081 1211 1112 1230 ac
1128 1203 1231 1238 prodita
1244 1205 1341 1232 virtute
1363 1205 1432 1232 ultro
1454 1206 1487 1233 ad
1508 1207 1569 1234 vitia
1593 1209 1789 1243 transfugiant?

993 1247 1122 1281 QuOniam
1138 1249 1217 1284 igitur
1228 1251 1271 1284 qui
1284 1255 1346 1277 tunc
1363 1255 1456 1282 erant,
1480 1259 1573 1279 omnes
1584 1260 1614 1279 ea
1630 1260 1658 1279 se
1671 1253 1788 1281 hominis

992 1295 1170 1329 appellatione
1183 1295 1305 1330 indignos
1316 1296 1486 1330 prmstabanl,
1498 1297 1585 1332 justus
1598 1303 1687 1325 autent
1703 1300 1746 1327 il!c
1760 1300 1788 1328 in

995 1344 1067 1367 tanta
1081 1340 1186 1368 virtutis
1200 1341 1338 1368 sterilitate
1350 1362 1357 1374 ,
1384 1345 1436 1368 tam
1455 1343 1595 1370 excellenti
1621 1344 1716 1371 virtute
1737 1346 1785 1372 tlo-

993 1388 1054 1419 ruit,
1071 1387 1130 1415 idco
1143 1387 1277 1423 Scriptura
1291 1396 1351 1416 cum
1363 1389 1486 1423 cepisset
1502 1397 1610 1417 narrare
1626 1391 1674 1417 viri
1688 1399 1786 1425 genea-

992 1434 1087 1468 logiam
1101 1455 1108 1467 ,
1124 1435 1190 1461 dixit
1207 1444 1213 1462 :
1231 1434 1287 1461 Noe
1303 1440 1386 1461 autem
1401 1435 1484 1461 homo.
1505 1436 1551 1462 Est
1569 1441 1596 1462 et
1611 1437 1678 1463 alius
1696 1438 1784 1471 justus

990 1479 1108 1514 quidam,
1120 1480 1161 1506 cui
1175 1479 1224 1506 hoc
1238 1487 1334 1506 nomen
1348 1487 1395 1514 pro
1409 1487 1512 1507 summo
1528 1482 1649 1508 encomio
1661 1483 1783 1517 contigit,

990 1529 1017 1551 et
1029 1532 1083 1559 pne
1096 1525 1155 1551 aliis
1167 1526 1290 1552 omnilms
1315 1526 1365 1552 hoc
1387 1525 1494 1552 nomine
1510 1526 1684 1560 prccdicatur,
1702 1530 1784 1557 utsic

989 1570 1073 1597 virtus
1089 1570 1158 1597 illius
1172 1570 1313 1605 diligenter
1330 1575 1489 1604 expoliatur.
1505 1571 1569 1604 Quis
1583 1571 1628 1599 ille
1639 1577 1679 1599 est
1690 1574 1702 1599 *Ρ
1715 1574 1782 1601 lic-a-

989 1620 1030 1642 tus
1042 1616 1102 1647 Job,
1117 1616 1160 1642 ille
1174 1616 1244 1651 pugil
1259 1616 1372 1650 pietatis,
1389 1616 1487 1643 athleta
1503 1617 1584 1648 orhis,
1598 1617 1641 1651 qui
1654 1618 1725 1644 solus
1741 1619 1783 1645 in-

987 1661 1113 1688 curabilia
1129 1661 1172 1688 illa
1186 1662 1327 1694 sustinuit,
1350 1666 1378 1688 et
1392 1663 1508 1695 acceptis
1524 1662 1670 1690 innumeris
1692 1671 1705 1688 ιι
1724 1663 1782 1690 dia-

988 1707 1048 1733 bolo
1068 1706 1126 1733 tclis
1141 1727 1148 1739 ,
1172 1706 1267 1733 vulnus
1292 1714 1345 1733 non
1356 1706 1458 1741 accepit
1483 1714 1490 1732 :
1514 1707 1560 1733 sed
1584 1707 1650 1734 sicut
1672 1707 1782 1735 adamas

986 1752 1092 1787 quidam
1106 1760 1199 1779 omnes
1213 1752 1329 1787 impetus
1340 1752 1409 1779 ferre
1425 1752 1518 1786 potuit,
1533 1757 1560 1779 et
1572 1759 1587 1779 a
1601 1753 1681 1780 mntis
1694 1755 1780 1781 lim-ti-

985 1798 1035 1824 bus
1051 1805 1102 1825 non
1115 1798 1201 1825 solutn
1216 1805 1268 1842 non
1282 1801 1322 1824 cst
1334 1797 1507 1830 submersus,
1522 1798 1569 1824 sed
1583 1802 1610 1824 et
1623 1799 1779 1832 pratvalnit;

985 1843 1139 1878 etacccptis
1159 1843 1184 1869 in
1207 1850 1304 1877 corpus
1319 1849 1396 1869 suum
1422 1843 1546 1869 onmibns
1564 1843 1609 1876 qui
1632 1843 1657 1869 in
1679 1845 1780 1871 mundo

984 1893 1062 1916 erant
1075 1889 1231 1920 doloribus,
1256 1888 1305 1915 hac
1330 1888 1434 1915 ratione
1454 1888 1538 1915 multo
1562 1888 1658 1915 clarior
1683 1890 1777 1916 evasit.

983 1936 1040 1962 Non
1054 1936 1139 1962 solum
1154 1935 1224 1962 enim
1236 1942 1288 1961 non
1303 1934 1376 1960 illum
1396 1938 1498 1961 terrore
1523 1933 1634 1968 perculit
1650 1935 1778 1967 ingruen-

984 1982 1048 2008 tium
1062 1981 1183 2007 dolornm
1200 1979 1365 2014 frequentia,
1380 1978 1427 2005 sed
1441 1983 1468 2005 et
1483 1979 1514 2005 ad
1530 1978 1657 2013 majorem
1677 1980 1778 2013 gratia-

983 2036 1042 2055 rum
1055 2028 1186 2054 actionem
1200 2026 1324 2054 excitavit
1338 2035 1344 2052 :
1357 2029 1436 2059 atque
1448 2025 1475 2051 in
1489 2024 1613 2052 omnibus
1625 2032 1701 2051 suum
1715 2032 1778 2059 gra-

984 2080 1039 2102 tum
1054 2074 1171 2101 animum
1182 2072 1337 2103 declarans,
1362 2070 1468 2098 letalem
1479 2070 1585 2097 diabolo
1605 2070 1708 2105 plagam
1734 2071 1778 2097 in-

983 2121 1060 2152 flixil,
1074 2127 1126 2154 quo
1139 2119 1182 2146 illc
1196 2118 1356 2154 intelligeret
1371 2123 1431 2143 sese
1440 2116 1535 2143 frustra
1551 2116 1637 2142 moliri
1649 2120 1675 2142 et
1684 2121 1777 2143 contra

983 2166 1118 2195 stimulum
1133 2164 1279 2191 calcitrare.
1306 2163 1382 2189 Hunc
1394 2160 1474 2196 igitur
1488 2166 1607 2188 sanctum
1622 2161 1701 2188 etiam
1715 2166 1777 2188 ante

982 2218 1020 2241 tot
1034 2219 1131 2248 agones
1145 2216 1171 2238 et
1184 2210 1329 2237 certamina
1339 2228 1346 2240 ,
1368 2212 1469 2235 tantum
1485 2207 1602 2233 laudavit
1624 2207 1777 2240 misericors

983 2259 1062 2290 Deus,
1078 2262 1105 2284 ct
1119 2255 1266 2291 pra-dicatis
1281 2254 1346 2280 dixit
1357 2253 1461 2279 diabolo
1474 2261 1481 2278 :
1496 2251 1566 2278 Nunt
1581 2253 1665 2278 animo
1677 2257 1721 2279 tuo
1729 2253 1776 2278 ad.

981 2303 1073 2330 vertisti
1087 2301 1209 2337 famulum
1224 2308 1304 2325 meum
1319 2299 1378 2329 Job,
1395 2297 1462 2333 quod
1482 2306 1532 2324 non
1547 2298 1578 2323 sit
1598 2297 1672 2323 homo
1686 2297 1776 2324 similia

980 2350 1018 2376 illi
1033 2356 1109 2381 super
1118 2352 1220 2378 terram,
1234 2345 1308 2371 homo
1320 2344 1474 2379 inca/palus,
1483 2344 1579 2378 justus,
1595 2351 1680 2374 verax,
1695 2341 1775 2369 Deum

980 2394 1078 2426 colens,
1092 2393 1217 2419 abstinens
1231 2391 1262 2416 ab
1273 2390 1341 2416 onmi
1354 2397 1428 2423 opere
1439 2388 1505 2414 malo
1520 2387 1596 2422 (Joh.
1616 2388 1641 2414 Ι.
1656 2386 1711 2422 8)?
1727 2387 1774 2414 Vi-

980 2441 1041 2468 disti
1055 2444 1082 2467 et
1096 2439 1167 2466 hunc
1182 2445 1196 2464 a
1211 2436 1344 2464 communi
1362 2440 1462 2461 naturae
1476 2434 1582 2460 nomine
1593 2433 1665 2467 prius
1679 2433 1774 2468 ιπεράί-

979 2485 1056 2521 cari?
1068 2484 1212 2517 Advertisti,
1225 2482 1320 2516 inquit,
1336 2480 1459 2516 fantulnm
1476 2487 1557 2505 meum
1573 2477 1633 2515 (ob,
1644 2479 1712 2513 quod
1725 2487 1775 2505 non

980 2533 1012 2559 δὶι
1025 2532 1114 2559 similis
1129 2531 1168 2557 illi
1179 2530 1253 2555 ltonto
1263 2528 1276 2554 ἔ)
1298 2528 1330 2554 Et
1345 2526 1445 2554 similes
1458 2526 1548 2561 utique
1562 2533 1655 2552 omnes
1670 2533 1774 2556 sumus,

980 2577 1027 2605 sed
1043 2585 1096 2603 non
1119 2574 1264 2603 sccundmn
1283 2573 1423 2604 virtutem,
1444 2570 1490 2598 sed
1514 2570 1658 2597 secundum
1683 2570 1775 2597 formai

981 2623 1109 2649 rationem
1127 2629 1133 2647 τ
1150 2624 1176 2646 at
1194 2620 1244 2645 hoc
1259 2625 1309 2643 non
1328 2620 1369 2643 est
1388 2616 1484 2648 homo,
1510 2615 1558 2642 sed
1570 2616 1677 2650 quando
1692 2616 1772 2643 absti-

981 2675 1048 2694 nens
1057 2674 1070 2693 a
1088 2658 1186 2692 [ητιιίιῶ
1199 2663 1320 2689 virtutem
1335 2664 1470 2695 operatur.

1016 2714 1041 2741 5.
1058 2711 1151 2740 Vidisti
1167 2717 1234 2744 ques
1251 2708 1339 2735 divina
1355 2706 1490 2740 Scriptura
1505 2705 1626 2733 homines
1640 2707 1774 2740 appellare

981 2759 1069 2786 solet?
1083 2756 1211 2791 Quocirca
1234 2758 1260 2780 et
1282 2753 1314 2779 ab
1336 2751 1411 2779 initio
1425 2759 1485 2778 cum
1497 2752 1606 2780 vidisset
1626 2752 1696 2779 Deus
1711 2759 1773 2779 eum

981 2813 1025 2842 qtll
1041 2812 1055 2831 a
1066 2811 1095 2831 se
1107 2806 1192 2829 tactus
1205 2803 1275 2831 eral,
1289 2797 1394 2825 diccbat
1409 2805 1415 2823 :
1440 2795 1578 2824 Faciamus
1598 2797 1722 2825 hominem
1733 2805 1771 2824 ει-
