2058 3123
265 101 318 128 203

265 154 374 182 cundum
382 151 522 188 imngitum
538 157 648 179 nostrum
665 157 688 178 et
705 151 841 178 secundant
860 149 1048 176 similitudinem

267 200 342 234 (Gen.
359 198 453 232 1.28),
469 198 520 224 huc
532 203 584 230 est,
599 203 627 224 ut
638 198 749 232 imperet
767 200 794 222 et
806 195 950 222 visibilibus
963 193 1049 220 omni-

265 245 313 272 bus
327 249 354 270 et
371 243 507 270 all'ectibus
519 242 575 269 suis
588 251 594 268 :
610 242 732 275 imperet,
755 248 807 267 non
823 239 888 266 ferat
899 238 1049 272 itnperium.

265 289 340 322 Quod
368 289 389 315 si
413 295 487 314 suam
515 287 628 321 prodens
648 286 800 320 dignitatem
825 284 963 318 ituperittm
985 282 1051 308 ferat

266 334 365 368 potius,
380 341 458 368 quam
473 333 599 367 imperet,
621 331 700 357 homo
712 337 772 356 esse
784 328 881 356 desinit
892 349 899 361 ,
916 333 943 355 et
961 328 1051 353 bruto-

266 388 323 407 rum
340 380 365 406 in
379 387 409 405 se
425 385 520 405 nomen
536 376 670 403 transfert.
685 375 772 408 Atque
784 374 833 400 hac
846 373 880 400 de
889 379 968 400 causa
982 377 1052 398 nunc

265 426 352 452 divitia
374 424 509 456 Scriptura
533 423 657 448 virtutem
683 420 746 453 justi
769 419 840 445 illius
866 416 1053 444 commendare

269 471 371 501 volens,
385 470 451 496 dixit
468 478 474 495 :
492 468 539 494 tlte
553 472 608 494 sunt
622 466 790 502 generationes
805 463 862 490 Noe
877 470 886 490 :
903 461 960 489 Noe
978 463 1053 488 homo

263 517 350 551 justus
367 514 447 550 (Gen.
465 514 490 541 6.
505 512 551 547 9).
568 512 635 539 Ecce
648 516 673 538 et
685 510 762 537 aliam
775 510 914 536 maximam
927 507 1051 543 praeconii

269 560 382 594 speciem
394 579 401 590 .
419 558 508 585 Justus
524 566 532 584 :
547 557 596 583 hac
612 555 788 590 appellatione
808 561 913 580 onmem
930 553 1052 578 virtutem

270 604 462 638 complectitur.
479 602 534 629 Hoc
545 601 614 628 enim
630 608 743 631 nomen,
756 599 854 633 justus,
869 598 1053 624 consuevimus

270 650 359 677 dicere
376 649 409 675 de
429 649 461 675 iis
475 647 518 682 qui
541 646 708 679 omnigenum
726 648 851 671 exercent
866 643 988 669 virtutem
1002 641 1052 676 (α).

271 694 363 721 Postea
376 698 402 719 ut
413 692 499 719 discas
510 690 643 725 quomodo
658 688 690 716 ad
704 695 837 715 sumtnum
857 687 960 713 virtutis
983 685 1055 712 fasti-

269 740 340 774 gium
355 737 514 773 pervenerit,
530 736 555 763 id
568 735 637 770 quod
652 739 679 762 et
693 738 757 761 tunc
769 732 923 767 exigebatur
934 739 948 758 a
960 735 1052 757 natura

271 789 359 811 nostra
369 803 378 816 ,
391 783 475 817 inquit
490 791 497 808 :
516 781 606 808 Justus
619 784 642 806 et
655 781 778 814 perfectus
790 777 815 805 in
828 777 986 813 generatione
998 783 1053 801 anu.

268 829 372 861 Omnia,
386 828 486 863 inquit,
502 826 620 860 implevit
636 831 809 859 quamumque
820 824 906 850 facere
931 821 1055 849 convenit

269 883 329 902 eum
341 875 385 909 qui
401 875 523 901 virtutem
538 872 703 906 amplexatur
716 879 722 895 :
740 869 804 896 illud
818 869 888 896 enim
904 867 1034 902 signiﬁcat
1045 887 1054 900 ,

271 919 402 953 Perfectus
414 926 424 945 :
436 918 500 945 nihil
520 916 673 948 intermisit,
687 915 713 942 in
729 915 801 941 nullo
816 913 984 941 claudicavit.
996 911 1054 939 Non

270 966 297 992 in
308 966 359 993 hoc
372 969 443 992 recte
457 963 568 998 agebat,
593 962 619 988 in
638 961 684 988 illo
700 965 788 987 autem
803 959 947 994 peccabat,
968 957 1015 984 sed
1030 957 1055 983 in

269 1010 341 1037 omni
354 1009 451 1036 virtute
465 1007 595 1042 perfectus
607 1011 665 1033 erat
681 1015 687 1032 :
704 1005 766 1033 illud
778 1005 848 1032 enim
861 1004 986 1031 exhibere
999 1003 1056 1036 ejus

269 1054 349 1081 oflicii
369 1057 435 1081 erat.
452 1053 600 1084 Prwterea,
622 1056 650 1078 ut
668 1058 700 1078 ex
723 1055 842 1084 tempore
860 1057 964 1084 quoque
976 1052 1003 1075 et
1023 1055 1054 1074 cx

269 1099 468 1134 comparatione
491 1105 550 1126 cum
573 1098 632 1124 aliis
657 1096 828 1124 illuStriorem
856 1094 932 1121 nobis
956 1093 1055 1128 justum

269 1145 423 1177 exhiberet,
444 1143 529 1178 inquit
548 1151 555 1170 :
574 1142 707 1177 Perfectus
720 1142 746 1167 in
763 1140 921 1175 generatione
941 1146 1007 1170 sua;
1030 1138 1056 1165 in

272 1196 390 1225 tempore
403 1190 448 1216 illo
458 1209 465 1222 ,
481 1189 506 1215 in
521 1187 692 1223 generatione
705 1187 747 1213 illa
762 1192 885 1221 perversa
897 1205 904 1217 ,
919 1192 977 1218 qua:
990 1183 1056 1210 adeo

271 1236 297 1263 in
323 1235 420 1262 malum
443 1233 603 1265 declinavit,
626 1240 685 1267 qua:
699 1239 785 1266 neque
799 1230 937 1264 vestigium
952 1229 1057 1256 virtutis

272 1288 326 1315 prae
344 1288 374 1307 se
386 1279 456 1307 ferre
468 1279 560 1305 voluit.
575 1278 603 1305 In
625 1278 669 1304 illa
685 1277 763 1312 igitur
775 1275 956 1311 generatione,
970 1274 995 1300 in
1007 1274 1057 1300 illis

272 1325 436 1360 temporibus
446 1324 533 1358 justus
548 1323 651 1350 illenoii
665 1322 750 1350 solum
767 1322 889 1349 virtutem
903 1327 958 1354 pra:
971 1327 1000 1346 se
1014 1324 1056 1346 tu-

273 1370 303 1397 lit
315 1390 322 1402 ,
338 1369 385 1397 sed
397 1374 425 1396 et
441 1369 466 1396 in
481 1373 582 1396 tantum
596 1368 715 1402 pervenit
728 1365 832 1394 virtutis
849 1366 952 1393 culmen
965 1385 973 1398 ,
995 1372 1056 1399 per-

272 1415 372 1447 fectus,
388 1418 416 1441 et
436 1414 461 1440 in
476 1413 600 1440 omnibus
612 1413 758 1439 absolutus.
780 1411 845 1438 Nam
868 1410 893 1437 id
912 1409 982 1446 quod
995 1414 1056 1437 ante

270 1459 340 1489 dixi.
363 1459 432 1486 bene
444 1466 521 1493 agere
543 1454 611 1485 inter
624 1457 854 1489 virtutishostes,
877 1461 904 1483 et
928 1456 996 1482 inter
1010 1463 1057 1483 eos

271 1505 315 1539 qui
329 1505 453 1531 virtutem
477 1504 617 1538 prohibent
631 1503 751 1530 eamdem
765 1502 931 1529 sedulitatem
954 1509 1008 1536 pra:
1028 1509 1058 1528 se

272 1549 341 1576 ferre
351 1569 359 1582 ,
382 1549 466 1582 majus
479 1555 583 1582 semper
596 1548 701 1574 virttttis
716 1547 819 1582 pondus
839 1551 959 1574 testatur.
984 1547 1057 1574 Unde

273 1594 322 1621 hac
338 1594 440 1620 ratione
451 1593 537 1627 justus
553 1593 595 1619 ille
605 1592 718 1626 majores
733 1592 824 1619 laudes
837 1597 929 1619 nactus
941 1597 991 1619 est.
1005 1592 1057 1618 Nc-

272 1646 325 1673 que
338 1639 380 1666 hic
395 1634 473 1664 linem
495 1637 615 1664 laudandi
637 1638 710 1664 illum
731 1637 889 1664 lacitdivina
904 1638 1036 1672 Scriptura
1048 1658 1056 1671 ,

271 1684 318 1711 sed
333 1684 418 1710 adhuc
429 1683 533 1710 virtutis
549 1683 619 1709 illius
637 1682 823 1710 excellentiam
839 1683 1014 1714 demonstrat,
1032 1687 1059 1710 et

271 1729 340 1763 qttod
360 1728 449 1755 divino
463 1729 564 1755 calculo
579 1727 702 1762 probatus
717 1728 813 1760 fuerit,
838 1728 898 1762 quia
920 1733 1057 1762 postquam

271 1774 355 1806 dixit,
370 1773 500 1807 Perfectus
511 1774 534 1799 in
546 1774 705 1807 generatione
715 1781 760 1799 sua
772 1793 779 1805 ,
792 1773 878 1805 addit,
895 1773 949 1800 Deo
964 1774 1058 1808 placuit

275 1819 340 1846 Noe.
357 1818 440 1846 Tanta
453 1823 510 1846 erat
520 1819 604 1845 virtus
615 1819 694 1850 illius.
708 1824 736 1845 ut
748 1825 775 1846 et
785 1826 798 1845 a
813 1819 867 1846 Deo
881 1819 982 1846 laudari
995 1826 1056 1852 pro-

272 1865 409 1892 mcruerit.
423 1864 476 1891 Deo
492 1865 561 1891 enim
571 1884 577 1896 ,
593 1864 692 1899 inquit,
709 1864 802 1898 placuit
814 1863 870 1890 Noe
879 1872 888 1895 ;
901 1871 933 1891 ac
945 1865 967 1891 si
981 1864 1053 1891 dice-

271 1916 311 1938 ret
328 1919 334 1937 :
352 1911 512 1945 approbatus
528 1910 574 1936 fuit
587 1917 601 1936 a
615 1909 689 1942 Deo;
712 1917 758 1944 per
772 1909 841 1936 bona
861 1917 941 1944 opera
962 1909 1058 1944 placuit

273 1957 311 1984 illi
325 1957 404 1984 oculo
417 1957 461 1991 qui
476 1956 557 1995 sopiri
572 1964 624 1983 non
637 1960 732 1991 potest,
753 1959 780 1983 et
794 1955 864 1982 illius
878 1956 928 1983 sibi
941 1956 1056 1983 favorem

271 2007 372 2029 tantum
380 2002 530 2029 conciliavit
543 2009 589 2036 per
597 2001 692 2028 bonam
701 2001 792 2033 vitam,
802 2008 830 2028 ut
839 2009 899 2028 eum
909 2009 961 2028 non
970 2002 1055 2029 solum

270 2048 304 2074 ab
321 2047 500 2082 indignatione
515 2048 540 2074 in
556 2054 650 2074 omnes
663 2046 819 2074 cll'undenda
830 2046 958 2080 liberarit,
969 2048 1015 2074 sed
1030 2052 1058 2074 et

269 2092 381 2119 aliorum
396 2097 533 2126 patrottum
549 2092 650 2119 fecerit.
676 2092 730 2118 Deo
744 2092 829 2123 enim,
846 2092 946 2126 inquit,
963 2091 1057 2126 placuit

273 2137 339 2165 Noe.
354 2137 417 2171 Quis
428 2137 478 2164 ltoc
491 2137 593 2164 beatior
603 2136 692 2169 fuerit,
707 2138 752 2171 qui
766 2141 865 2163 tantam
878 2144 932 2170 pra:
945 2144 974 2164 se
987 2137 1056 2164 ferre

271 2182 356 2216 potuit
368 2182 501 2214 virtutem,
513 2187 541 2208 ιιι
553 2182 692 2208 Dominum
704 2182 818 2208 universi
830 2181 938 2208 haberet
950 2182 1055 2209 laudum

269 2235 377 2256 auarum
398 2228 566 2262 pra‘conent?

306 2273 416 2306 Quinam
428 2281 482 2299 vere
496 2277 615 2307 regnent;
628 2271 780 2307 genealogis:
792 2272 881 2298 modus
891 2272 1009 2306 optimus.
1020 2287 1055 2292 —

271 2318 334 2346 "100
345 2318 378 2344 ab
389 2325 421 2345 eo
434 2322 495 2344 sunt
510 2318 574 2344 facta
588 2336 596 2349 ,
620 2324 679 2350 quae
691 2316 826 2350 quibuSVis
838 2316 950 2349 divitiis,
964 2317 1055 2351 quavis

269 2363 441 2391 abundantia.
458 2363 548 2397 quavis
562 2362 644 2396 gloria
657 2366 682 2388 et
696 2361 822 2395 potentia,
837 2361 928 2396 quavis
942 2362 1053 2389 humana

269 2408 394 2435 ίιτιίιιίιιιιε
404 2409 506 2442 potiora
517 2407 621 2433 duxerit
631 2406 750 2440 quisquis
760 2411 874 2433 mentem
889 2406 968 2435 habet
979 2416 985 2433 :
999 2407 1055 2435 hare

269 2460 351 2488 regno
364 2453 445 2487 magis
458 2451 642 2478 desiderabilia
659 2451 757 2477 fuerint
770 2451 809 2484 ei,
833 2452 876 2485 qui
897 2452 978 2478 Deum
998 2453 1054 2479 sin-

268 2505 331 2524 cero
354 2504 444 2523 amore
462 2495 555 2530 diligit.
572 2495 670 2522 Verum
688 2496 757 2522 enim
779 2503 888 2530 regnum
905 2497 973 2524 istud
993 2502 1052 2530 est,

269 2549 347 2576 posse
360 2548 407 2568 nos
421 2541 520 2575 optima
535 2541 586 2567 vita
603 2541 743 2575 propitium
758 2545 785 2568 et
797 2541 954 2569 clementem
977 2543 1054 2570 nobis

268 2586 380 2613 reddere
396 2586 545 2612 Dominum.
567 2585 721 2613 Gehennani
736 2586 806 2613 enim
822 2587 915 2614 timere
935 2595 987 2615 non
1005 2588 1052 2615 de-

271 2631 366 2658 bemus
377 2635 488 2666 propter
501 2631 589 2668 ignem
602 2632 677 2660 illtttn
692 2633 984 2669 inexstingnibilem,et
998 2645 1055 2672 poe-

300 2708 337 2742 (a)
349 2708 396 2734 Hie
408 2710 480 2743 locus
498 2710 565 2735 hunc
583 2717 681 2735 versum
702 2712 855 2743 Empedoclis
871 2712 895 2737 in
915 2713 1053 2738 memoriam

269 2739 368 2776 revocat
381 2747 387 2764 z
402 2739 456 2776 ὲνβί
465 2745 567 2776 amat“
579 2746 682 2776 συλλίσῖήν
691 2739 798 2776 deﬁciens.
808 2750 863 2774 ἀτη,
874 2744 898 2769 in
904 2744 1000 2776 justitia
1011 2752 1055 2769 au-

269 2773 316 2797 tem
330 2771 518 2802 comprehensi»:
531 2771 752 2798 ini-tumtunamnis
759 2771 850 2799 'virlus.

631 94 660 122 S.
680 93 817 122 JO.\N‘NiS
835 90 1070 120 CHRYSOSTOMI
1090 91 1246 119 ARCHIEP.
1268 92 1530 121 CONSTANTINOP.

1833 95 1884 121 ’ΞΜ

1105 156 1153 175 uas
1167 150 1314 182 terribiles,
1330 155 1355 177 et
1376 156 1515 185 perpetuos
1528 151 1677 178 cruciatus:
1696 151 1741 177 sed
1762 152 1824 186 quia
1846 153 1885 177 of-

1103 194 1298 222 fendimuslatn
1315 197 1411 223 bottotn
1427 197 1590 228 Dominum,‘
1611 201 1639 224 et
1659 197 1693 223 ab
1711 198 1782 224 illius
1803 198 1886 231 gratia

1103 247 1194 266 sumus
1207 241 1285 268 alieni
1308 250 1314 268 ε
1336 242 1371 269 ita
1392 247 1418 269 et
1429 243 1461 269 ad
1481 250 1590 276 regnum
1610 243 1686 270 nobis
1711 244 1887 271 festinandum

1104 285 1209 313 nonnisi
1223 292 1330 321 propter
1344 294 1460 314 amorem
1473 288 1498 315 in
1513 288 1595 320 illum,
1611 293 1640 315 ut
1649 288 1706 322 ejus
1718 289 1802 324 gratia
1815 289 1888 315 frua-

1105 338 1174 358 mur.
1199 331 1264 357 Nam
1292 336 1319 358 ut
1330 339 1410 366 regno
1432 332 1633 360 desiderabilius
1656 337 1711 365 est.
1729 334 1889 361 clementem

1106 376 1244 402 Dominum
1268 382 1387 404 nostrum
1414 377 1570 404 benevolttm
1591 385 1650 405 esse
1671 379 1769 405 nobis:
1786 379 1822 405 ita
1844 386 1891 413 ge-

1105 421 1191 449 henna
1206 422 1320 456 gravius.
1336 423 1369 449 ab
1381 423 1451 450 illius
1464 423 1645 450 benevolentia
1660 424 1794 451 excidere.

1145 467 1251 494 Vidistis
1270 472 1374 502 quantae
1395 468 1471 495 nobis
1496 469 1615 495 utilitatis
1636 468 1685 496 fttit
1705 475 1890 503 argumentum

1105 513 1330 547 appellatiojusti,
1344 518 1371 540 et
1384 519 1510 548 quantum
1525 517 1715 541 sententiarum
1735 514 1890 542 thesaurum

1106 559 1209 592 peperit
1220 558 1382 586 admirabilis
1402 558 1481 592 hujus
1493 559 1541 585 viri
1554 559 1728 594 genealogia?
1742 559 1892 594 Sequamur

1106 603 1185 638 igitur
1197 607 1224 630 et
1236 611 1285 630 nos
1299 603 1394 630 divina:
1409 602 1551 638 Scriptura:
1566 604 1670 639 regulas
1680 625 1687 636 ,
1703 610 1731 632 et
1744 605 1766 632 si
1780 605 1893 632 velimus

1105 648 1254 683 aliquorum
1268 649 1435 683 genealogias
1446 656 1580 680 enarrare,
1597 657 1648 676 non
1664 654 1751 684 patres
1772 655 1798 677 et
1817 657 1891 682 avos,

1106 699 1133 720 et
1147 694 1243 721 abavos
1257 695 1283 720 in
1299 695 1414 721 medium
1427 694 1569 722 aderamus
1580 715 1588 727 ,
1603 695 1649 722 sed
1661 696 1719 730 ejus
1732 697 1817 724 Sttltllll
1829 717 1836 729 ,
1846 705 1894 722 cu-

1105 739 1149 774 jus
1162 746 1202 767 est
1215 741 1376 776 genealogia,
1393 742 1518 768 virtutem
1531 741 1695 777 delegamus.
1710 743 1757 770 llic
1774 744 1893 778 optimus

1106 786 1267 821 genealogis
1283 786 1377 813 modus
1387 792 1437 813 est.
1454 787 1518 820 Qua:
1533 788 1604 814 enim
1617 788 1717 814 utilitas
1729 796 1761 815 ex
1775 789 1855 816 claris
1865 794 1893 816 et

1108 831 1197 864 probis
1215 831 1369 864 parentibus
1389 831 1516 865 originem
1531 831 1630 859 ducere
1642 853 1650 865 ,
1667 837 1692 859 te
1713 837 1799 860 autetn
1816 834 1893 861 bona:

1108 875 1168 901 vita:
1178 882 1237 902 esse
1247 880 1382 910 expertem
1395 875 1406 901 ?
1419 879 1464 902 aut
1474 876 1543 910 quod
1558 876 1683 903 damnum
1697 877 1792 910 fuerit,
1811 878 1833 904 si
1847 887 1894 913 pa-

1109 925 1197 947 rentes
1215 923 1243 946 et
1264 921 1446 954 progenitores
1464 920 1562 948 fuerint
1585 921 1713 955 ignobiles
1724 927 1751 949 et
1762 923 1868 950 obscuri
1884 945 1892 957 ,

1108 965 1164 999 ipse
1178 971 1265 992 autem
1280 966 1420 992 virtutibus
1435 966 1550 993 ﬂoreas?
1563 967 1628 999 Quia
1641 967 1762 1002 etjustus
1775 969 1819 995 ille
1833 969 1894 996 talis

1109 1011 1166 1043 fuit,
1182 1015 1210 1038 et
1225 1011 1375 1038 cenciliavit
1391 1012 1441 1040 sibi
1453 1013 1564 1047 gratiam
1581 1013 1646 1046 Dei,
1658 1022 1711 1041 non
1724 1015 1794 1049 quod
1808 1023 1823 1041 a
1835 1016 1896 1042 tali-

1108 1056 1157 1083 bus
1171 1056 1249 1083 fuerit
1264 1057 1432 1090 parentibus:
1445 1065 1531 1091 neque
1541 1058 1611 1084 enirn
1626 1058 1662 1085 ita
1676 1066 1722 1086 eos
1735 1066 1896 1086 commemo-

1109 1107 1150 1128 rat
1169 1101 1306 1135 Seriptura
1328 1107 1357 1128 ut
1383 1102 1481 1130 virtute
1502 1103 1614 1130 nobiles.
1635 1103 1812 1131 Nihilominus
1832 1112 1895 1131 eum

1109 1152 1182 1173 tanta
1195 1152 1284 1174 essent
1296 1147 1432 1175 obstacula
1446 1153 1473 1175 et
1491 1153 1530 1175 tot
1552 1149 1749 1183 impedimenta,
1767 1151 1791 1177 in
1808 1150 1895 1184 ipstnn

1108 1194 1248 1226 pervenire
1268 1193 1352 1227 potuit
1372 1194 1500 1221 virtutis‘
1516 1195 1646 1230 fastigium
1658 1205 1664 1222 :
1678 1201 1705 1222 ut
1722 1196 1809 1223 discas
1832 1204 1894 1223 eunt

1108 1237 1152 1271 qui
1168 1237 1259 1272 vigilat
1272 1242 1299 1265 et
1310 1238 1415 1266 sobrius
1427 1244 1478 1272 est,
1493 1244 1519 1266 ct
1533 1247 1588 1266 suae
1605 1241 1696 1267 salutis
1710 1249 1800 1268 curam
1819 1242 1873 1276 agit
1885 1262 1893 1273 ,

1109 1283 1176 1310 nillil
1189 1291 1248 1311 esse
1261 1284 1332 1319 quod
1344 1285 1493 1320 prohibeat.
1508 1285 1574 1312 Nam
1589 1286 1658 1313 sicut
1673 1286 1715 1313 ubi
1731 1287 1897 1322 negligentes

1108 1329 1267 1364 coeperimus
1279 1337 1355 1364 esse,
1365 1331 1444 1357 etiam
1458 1339 1473 1357 a
1494 1331 1572 1358 rebus
1585 1331 1701 1359 minimis
1713 1332 1873 1360 offendimur
1887 1342 1895 1360 :

1110 1374 1146 1401 ita
1154 1374 1176 1401 si
1191 1374 1352 1402 voluerimus
1368 1376 1449 1402 sobrii
1464 1383 1523 1403 esse
1537 1397 1544 1408 ,
1561 1377 1683 1411 quamvis
1699 1377 1830 1405 innumeri
1843 1379 1898 1405 sint

1109 1422 1153 1456 qui
1166 1421 1199 1448 ad
1211 1421 1336 1448 malitiam
1351 1421 1467 1454 trahant,
1483 1423 1634 1457 neutiquam
1650 1427 1767 1450 nostrum
1779 1423 1897 1451 studium

1110 1471 1232 1501 poterunt
1245 1466 1419 1494 labefactare:
1430 1468 1500 1494 sicut
1512 1475 1598 1502 neque
1612 1468 1684 1495 illum
1694 1469 1809 1503 justum,
1827 1475 1896 1496 talit-

1109 1512 1159 1540 etsi
1175 1516 1213 1539 tot
1225 1517 1315 1540 essent
1329 1513 1355 1539 id
1367 1517 1490 1539 curantes
1503 1534 1510 1543 ,
1528 1514 1677 1547 segniorem
1695 1515 1720 1541 in
1739 1515 1892 1542 exercenda

1110 1558 1206 1585 virtute
1217 1557 1303 1585 facere
1315 1563 1468 1593 potuerunt.
1478 1559 1591 1586 Proinde
1603 1559 1691 1586 nullus
1705 1561 1784 1587 alium
1794 1566 1900 1595 arguat,

1109 1608 1136 1630 et
1152 1603 1178 1630 in
1192 1604 1257 1630 alios
1267 1604 1371 1638 culpam
1384 1604 1551 1636 transcribat,
1563 1605 1609 1631 sed
1623 1613 1677 1632 sua:
1688 1606 1797 1639 ignaviae
1812 1611 1897 1633 totum

1111 1648 1230 1682 imputet.
1247 1649 1281 1675 Et
1295 1649 1356 1684 quid
1370 1649 1429 1676 dico
1452 1650 1477 1676 itt
1501 1650 1590 1677 alios?
1605 1650 1695 1685 Neque
1708 1651 1842 1678 diabolum
1859 1653 1898 1686 ip-

1110 1702 1168 1721 sutn
1183 1695 1240 1729 quis
1253 1699 1305 1720 tam
1317 1699 1451 1729 potentem
1464 1700 1547 1730 putet,
1562 1701 1588 1723 ut
1599 1696 1898 1731 proliiberequempiam

1111 1740 1195 1774 possit
1209 1741 1349 1774 quominus
1365 1740 1390 1767 in
1407 1742 1474 1768 viam
1489 1749 1547 1776 qua:
1558 1741 1590 1768 ad
1606 1741 1730 1768 virttttetn
1744 1741 1826 1774 ducit,
1841 1748 1896 1768 eat.

1110 1785 1268 1819 Supplanlat
1277 1786 1383 1820 quidem
1399 1791 1424 1812 ct
1435 1786 1532 1821 decipit
1543 1787 1709 1814 socordiores
1722 1808 1730 1818 ,
1745 1796 1797 1814 non
1813 1789 1898 1823 impc-

1109 1830 1149 1857 dit
1158 1836 1257 1863 autem,
1270 1838 1319 1858 nec
1327 1832 1380 1858 vim
1396 1833 1473 1858 infert
1486 1841 1492 1856 :
1506 1832 1530 1859 id
1545 1833 1614 1866 quod
1630 1840 1719 1860 rerutn
1734 1834 1897 1867 experientia

1109 1876 1200 1903 docet:
1215 1884 1309 1911 nempe
1323 1877 1344 1903 si
1357 1877 1485 1904 vellemus
1498 1878 1607 1911 vigilare
1621 1899 1628 1910 ,
1645 1882 1723 1905 tanta:
1737 1880 1898 1906 constantia:

1110 1923 1245 1957 specimen
1260 1923 1446 1950 exhiberemus
1457 1943 1463 1953 .
1480 1928 1508 1950 ut
1526 1931 1612 1959 neque
1625 1924 1649 1951 si
1662 1925 1736 1951 multi
1753 1930 1843 1951 essent
1864 1925 1897 1951 ad

1110 1968 1217 1996 malitia}
1230 1969 1300 1996 viam
1314 1977 1362 1996 nos
1375 1970 1546 1996 cohortantes
1558 1990 1566 2002 ,
1580 1978 1671 1997 eorum
1686 1970 1817 1998 ferremus
1830 1979 1896 1997 con-

1109 2014 1207 2048 silium,
1224 2015 1270 2042 sed
1281 2015 1353 2042 otnni
1363 2015 1506 2042 adamante
1519 2015 1661 2048 ﬁrmiores,
1672 2023 1750 2042 aures
1759 2016 1898 2042 obturare—

1110 2067 1168 2086 mus
1181 2065 1233 2086 tam
1251 2068 1330 2094 prava
1339 2060 1550 2087 consulentibus.
1566 2061 1599 2086 At
1620 2061 1642 2087 si
1657 2061 1820 2095 negligentes
1840 2061 1897 2087 fne-

1109 2105 1202 2137 ritnus,
1215 2106 1319 2132 etiamsi
1334 2105 1421 2132 nullus
1434 2105 1519 2139 sitqui
1531 2105 1652 2132 consulat
1667 2105 1708 2132 vel
1719 2107 1872 2140 supplantat
1887 2126 1896 2138 ,

1109 2155 1200 2178 nostra
1219 2157 1313 2186 sponte
1331 2151 1364 2178 ad
1387 2151 1515 2179 malitiam
1539 2152 1715 2186 prosiliemus.
1731 2152 1796 2179 Nam
1811 2153 1832 2179 si
1847 2153 1898 2180 hoc

1109 2203 1160 2223 non
1170 2201 1240 2223 esset
1248 2196 1326 2223 situm
1338 2197 1363 2223 in
1372 2198 1505 2224 voluntate
1515 2202 1613 2228 nostra,
1624 2198 1681 2224 etin
1692 2198 1772 2224 auitni
1780 2202 1897 2231 potesta-

1110 2241 1218 2273 te,Deus
1227 2246 1348 2268 nalttram
1362 2246 1481 2268 nostram
1492 2243 1532 2268 sui
1544 2242 1611 2276 juris
1624 2249 1675 2269 non
1685 2242 1802 2274 fecisset,
1814 2249 1896 2277 opor-

1109 2287 1180 2314 tebat
1194 2294 1240 2314 eos
1253 2287 1297 2321 qui
1310 2292 1408 2314 natura:
1424 2293 1520 2315 nostraa
1532 2289 1682 2323 participes,
1698 2295 1724 2315 et
1740 2288 1832 2316 iisdem
1848 2289 1896 2315 ob.

1108 2333 1179 2360 noxii
1193 2338 1254 2360 sunt
1272 2334 1454 2361 aﬂ'ectionibus
1469 2355 1476 2368 ,
1491 2335 1532 2362 vel
1545 2345 1639 2364 omnes
1655 2336 1738 2363 malos
1751 2343 1810 2363 esse
1826 2356 1833 2369 ,
1855 2338 1894 2364 vel

1107 2385 1202 2405 omnes
1214 2379 1310 2406 virtute
1324 2379 1458 2414 praalitos.
1478 2379 1543 2407 Cum
1557 2385 1645 2407 autem
1661 2381 1780 2407 videmus
1794 2389 1894 2416 conge-

1108 2433 1184 2452 neres
1196 2429 1301 2452 nostros
1312 2446 1320 2459 ,
1336 2430 1362 2452 et
1376 2425 1475 2452 eisdem
1489 2426 1672 2453 all‘ectionibus
1686 2425 1824 2459 obnoxios,
1842 2435 1896 2454 non

1107 2470 1199 2497 eadem
1213 2478 1271 2504 qua:
1285 2478 1332 2497 nos
1348 2471 1400 2505 pati
1414 2479 1420 2497 :
1435 2470 1481 2497 sed
1494 2476 1521 2497 et
1535 2471 1619 2498 valida
1634 2472 1734 2498 ratione
1746 2472 1896 2506 gubernare

1107 2520 1227 2541 naturam
1244 2535 1251 2548 ,
1266 2521 1291 2542 et
1303 2516 1466 2542 inordinatos
1481 2520 1569 2543 motus
1585 2516 1703 2548 domare,
1719 2522 1745 2543 et
1761 2517 1896 2544 refrenare

1107 2561 1359 2596 concupiscentiam,
1375 2561 1505 2596 imperare
1519 2561 1600 2588 furori
1616 2565 1643 2589 ct
1658 2562 1712 2594 irzc,
1728 2561 1819 2596 fugare
1834 2563 1887 2589 invi

1106 2607 1175 2634 diam
1188 2627 1196 2639 ,
1219 2607 1355 2634 eliminare
1375 2607 1483 2634 livorem
1500 2628 1508 2640 ,
1531 2612 1701 2635 contemnere
1722 2609 1841 2635 rabidam
1870 2609 1896 2636 in

1106 2653 1294 2687 conquirendis
1312 2653 1433 2688 pecuniis
1450 2653 1619 2688 cupiditatem
1635 2674 1642 2686 ,
1659 2655 1788 2682 minorem
1803 2655 1893 2689 glorizt

1106 2705 1197 2725 curam
1212 2698 1319 2731 habere,
1335 2698 1422 2726 ridere
1436 2706 1542 2726 omnem
1555 2700 1694 2734 praesentis
1709 2700 1768 2727 vitae
1783 2700 1897 2727 felicita—

1137 2774 1145 2789 ι
1164 2772 1220 2802 Alii,
1231 2780 1331 2799 summm
1342 2774 1442 2800 mimis.
