2058 3123
169 165 219 193 205

169 229 231 255 tem,
247 223 366 258 aspirare
381 222 413 249 ad
427 229 516 249 veram
530 222 651 257 gloriam,
669 227 695 249 et
707 229 861 256 praeponere
873 221 949 248 visibi

169 269 235 295 libus
253 268 377 295 omnibus
395 267 500 294 laudem
519 275 578 301 qua:
591 275 606 294 a
623 267 676 294 Deo
692 272 732 294 est
750 276 756 294 :
771 275 858 293 nonne
873 266 959 293 mani-

169 315 263 342 festum
284 319 325 341 cst
342 322 388 341 eos
404 335 411 346 ,
430 318 489 349 post.
507 314 619 348 gratiam
636 314 682 341 Dei
700 335 706 344 .
722 321 770 341 suo
790 315 876 341 studio
892 314 961 341 bene

168 368 244 394 agere
261 367 356 394 posse.
372 367 474 394 nosque
487 363 575 387 nostra
590 359 692 394 ignavia
708 364 825 386 nostram
838 360 959 387 amittere

167 405 278 432 salutem
294 425 303 438 ,
317 410 344 432 et
358 405 415 440 ejus
428 404 512 440 gratia
526 413 574 432 nos
589 406 704 439 spoliare
717 405 728 431 ?

201 451 227 478 6.
244 449 353 477 Muralis
366 450 720 485 exhortatio—Quapropter
733 450 845 478 obsecro
862 456 890 478 ιιι
905 451 961 478 ha-e

167 497 312 531 cogitantes
325 518 332 530 ,
355 500 381 524 et
401 497 427 524 in
441 501 529 524 mente
553 502 640 524 nostra
663 497 789 524 continuo
802 503 937 525 versantes
952 518 959 529 .

168 550 308 577 numquam
322 541 458 569 diabolum
472 562 480 575 ,
495 542 541 569 sed
556 547 673 569 nostram
688 543 771 570 levem
787 543 960 578 ignavamque

167 593 281 616 mentem
296 595 448 623 arguamus.
461 588 494 615 Et
507 589 564 615 haec
576 588 635 615 dico
651 596 702 615 non
714 589 783 623 quod
797 589 931 616 diabolttm
945 596 959 614 a

165 641 214 660 suo
226 633 338 660 crimine
350 633 490 661 absolvere
503 633 582 660 velim
595 642 601 659 :
617 634 686 660 absit
707 641 713 660 ;
730 634 801 660 vadit
811 634 881 660 cnitn
893 634 961 661 sicut

166 678 208 706 leo
218 683 247 705 ιιι
259 680 354 714 rapiat,
368 684 395 706 et
408 681 523 714 rugiens,
535 684 561 707 et
572 687 693 714 quaerens
704 688 782 714 quem
796 680 903 707 devoret
922 680 957 716 (l.

167 723 223 750 Pet.
238 725 264 751 5.
279 724 296 751 8
310 723 319 760 )
337 733 343 751 :
359 724 405 752 sed
421 729 448 752 et
459 733 508 752 nos
518 726 650 752 cautiores
664 725 776 752 reddere
791 726 870 758 volui,
888 731 915 752 ιιι
927 734 960 753 ne

166 770 348 797 existimemus
359 779 450 797 carere
465 778 513 798 nos
526 771 614 805 culpa,
628 771 758 804 siqttidem
774 776 826 798 tam
840 771 916 799 facile
927 772 959 798 ad

167 816 295 843 malitiam
316 817 512 852 prorumpimus
529 837 535 848 ,
552 821 579 843 ct
601 825 634 844 ne
659 816 750 844 frivola
777 817 820 844 illa
841 817 960 844 dicamus

165 863 244 889 verba
258 872 265 890 :
279 863 367 896 Quare
384 863 452 890 Deus
465 863 565 890 dimisit
578 863 651 890 illum
666 868 718 890 tam
735 863 885 897 improbum
899 884 905 895 ,
931 868 960 890 ut

165 909 347 943 supplantarct
365 913 392 935 et
409 909 611 944 pro>tcrncrct?
633 909 701 936 Sunt
715 909 784 936 enitn
801 909 857 936 hzec
881 909 959 936 verba

165 956 259 990 ingrati
273 955 417 982 admodum
431 955 521 982 attinti.
540 955 635 982 Verum
653 959 680 982 tu
702 954 752 981 hoc
766 959 852 982 tecum
869 955 959 982 eonsi-

163 1001 239 1032 dera,
254 1000 328 1028 illutn
342 1005 452 1035 propter
465 1000 515 1027 hoc
530 1001 695 1035 potissimum
712 1001 832 1028 relictum
844 1008 913 1032 esse,
931 1005 959 1028 ιιι

164 1046 261 1073 timore
282 1046 413 1081 compulsi
429 1067 435 1076 ,
450 1051 476 1072 et
503 1046 586 1072 hostis
615 1046 724 1073 insidias
748 1051 933 1080 exspectantes
950 1067 956 1079 ,

162 1092 246 1119 simus
260 1097 388 1126 perpetuo
400 1093 481 1119 sobrii
497 1097 524 1119 et
539 1092 629 1126 vigiles
639 1113 647 1125 ,
662 1092 832 1127 laboremque
854 1093 958 1120 virtutis

163 1137 291 1165 leviorem
305 1137 433 1165 faciamus
446 1146 493 1172 spe
505 1138 708 1166 rctributionum
723 1144 750 1167 et
760 1139 957 1173 exspectatione

162 1187 325 1210 mternorum
341 1189 368 1211 et
382 1184 553 1211 ineil'abilium
568 1184 671 1210 illorum
692 1184 833 1210 bonorum.
849 1183 882 1210 Et
895 1185 956 1219 quid

162 1229 285 1262 miraris,
305 1230 326 1256 si
345 1229 381 1257 ob
395 1230 462 1257 hanc
477 1237 583 1256 cansam
599 1229 705 1263 reliquit
718 1229 853 1256 diabolum
868 1229 937 1256 Deus
948 1251 954 1261 ,

160 1275 203 1302 ctti
214 1280 285 1302 tanta
302 1279 400 1302 nostra:
414 1275 506 1302 salutis
517 1283 590 1306 cura,
605 1279 632 1301 et
646 1274 689 1309 qui
703 1274 736 1301 ita
753 1279 871 1302 nostram
883 1282 954 1301 som-

161 1321 308 1349 nolentiatn
329 1322 454 1354 excutit,
477 1321 670 1355 materiamque
692 1327 852 1348 coronarum
878 1321 956 1348 nobis

160 1372 294 1401 purpurat
308 1367 320 1393 ?
333 1367 419 1401 Ipsam
433 1367 512 1394 etiam
527 1367 676 1401 gehennam
691 1370 830 1401 propterea
844 1366 954 1400 paravit,

161 1418 188 1440 ut
204 1418 292 1440 metus
308 1421 392 1448 pmnze
406 1414 631 1448 intolerabilisqtte
644 1413 777 1440 cruciatus
798 1412 831 1440 ad
845 1420 954 1447 regnum

160 1467 208 1486 nos
220 1460 352 1494 impellat.
377 1459 468 1486 Vidisti
483 1461 609 1487 solertem
624 1459 725 1486 Domini
742 1459 930 1493 benignitatem
944 1459 955 1486 ?

159 1507 298 1541 quontodo
311 1508 399 1534 omnia
414 1507 493 1534 faciat
505 1511 532 1533 et
547 1510 642 1533 tractet
661 1526 669 1538 ,
687 1510 713 1532 ttt
735 1513 787 1532 non
806 1506 891 1532 solum
909 1513 955 1533 eos

158 1553 201 1588 qui
216 1553 251 1580 ah
264 1560 293 1580 se
305 1553 404 1580 conditi
418 1552 638 1585 suntservet,sed
654 1556 680 1579 et
693 1551 868 1579 incll‘abilibus
880 1551 955 1578 bonis

159 1599 246 1626 ditct‘?
262 1599 405 1634 Propterea
421 1600 532 1626 libermn
545 1598 682 1625 arbitrium
704 1606 719 1624 ιι
733 1598 780 1624 ibis
800 1597 895 1624 indidit
909 1618 916 1630 ,
928 1603 955 1625 ct

159 1647 185 1673 in
208 1651 304 1673 natura
326 1646 541 1680 conscientiaque
564 1650 653 1672 ttostra
679 1643 798 1678 reposuit
816 1644 953 1671 scientiam

159 1691 220 1718 boui
237 1696 264 1718 et
278 1691 356 1723 ntali,
373 1691 563 1725 diabulnmque
579 1698 637 1717 esse
652 1690 771 1724 permisit
787 1710 793 1721 ,
811 1697 841 1716 ac
853 1689 953 1724 gehen-

159 1745 219 1764 nam
236 1738 353 1764 minatus
367 1741 418 1768 est,
433 1741 462 1764 ut
476 1744 534 1764 eam
551 1744 603 1763 non
621 1736 805 1770 experiremur
820 1756 826 1767 ,
847 1735 894 1762 sed
913 1743 953 1762 rc-

159 1792 240 1818 gnunt
255 1783 472 1818 adipiscerentur.
487 1784 518 1810 Et
529 1783 591 1818 quid
607 1782 712 1809 miraris
726 1783 747 1809 si
763 1782 811 1809 ista
828 1782 916 1808 omnia
927 1786 954 1809 et

159 1831 300 1857 innumera
313 1829 362 1856 alia
380 1829 438 1856 ideo
451 1829 563 1856 fecerit?
576 1828 624 1861 Qui
641 1829 665 1854 itt
680 1828 738 1854 sinu
748 1827 834 1854 Patris
845 1832 886 1854 cst
900 1827 953 1854 for-

160 1885 231 1905 tnatn
246 1877 315 1904 servi
331 1877 468 1910 suscipere
482 1874 703 1910 voluit(Pliilipp.
719 1874 746 1900 2.
762 1873 788 1910 7)
803 1895 810 1907 ,
824 1879 851 1901 et
865 1875 953 1900 omnia

160 1923 209 1950 alia
225 1924 361 1950 sustinere
376 1930 435 1957 qua:
456 1922 488 1948 ad
507 1929 604 1956 corpus
620 1922 754 1955 pertinent
772 1941 778 1952 ,
795 1928 826 1947 ex
844 1921 955 1947 muliere

160 1974 250 1996 ortum
265 1969 373 2002 habere,
389 1976 421 1995 ex
434 1967 542 2002 Virgine
556 1967 645 1998 nasci,
662 1973 757 1993 novem
776 1965 913 1993 mensibus
928 1966 954 1992 in

161 2020 239 2042 tttero
259 2014 356 2049 gestari
372 2034 381 2047 ,
406 2014 499 2048 pannis
514 2013 610 2040 involvi
628 2033 635 2045 ,
660 2017 763 2047 patrem
778 2020 853 2039 sutnn
868 2013 955 2047 ptttari

160 2061 263 2097 Joseplt
272 2069 399 2096 sponsum
407 2061 506 2093 lliarim,
515 2059 640 2095 paulatim
651 2067 781 2091 crescere,
791 2059 954 2091 circumcidi,

161 2108 323 2136 sacriﬁcium
339 2107 444 2138 oﬂ'errc,
455 2106 568 2139 esurire,
583 2105 668 2137 sitire,
682 2105 794 2139 fatigari,
808 2110 835 2132 et
849 2105 954 2132 tandem

161 2155 243 2181 etiam
258 2158 371 2180 mortem
385 2153 517 2180 sustittere
536 2161 542 2178 :
559 2156 586 2179 et
601 2156 713 2178 mortettt
731 2158 783 2178 non
799 2151 933 2185 vulgarem
947 2172 953 2183 ,

162 2199 207 2226 sed
223 2207 254 2227 ea
260 2207 285 2225 ιιι
293 2207 352 2234 qu:r
364 2197 611 2233 ignominiosissima
624 2197 780 2229 habebatur,
788 2197 875 2224 crucis
885 2198 954 2230 dico;

163 2250 188 2272 et
199 2246 259 2272 lucc
271 2244 360 2271 omnia
372 2248 478 2278 propter
493 2250 542 2270 nos
552 2247 725 2277 nostramque
737 2242 849 2269 salutem
865 2250 954 2269 snsce.

163 2291 200 2325 pit
213 2290 336 2316 otnnitttn
350 2289 479 2316 Conditor
491 2309 498 2320 ,
514 2288 696 2321 immutabilis,
711 2288 755 2322 qtti
770 2288 858 2314 omnia
871 2295 903 2314 ex
915 2288 955 2314 ni-

163 2336 217 2363 hilo
234 2341 262 2362 ut
276 2340 364 2362 essent
382 2334 504 2369 produxit
517 2355 524 2366 ,
539 2334 583 2369 qui
597 2333 705 2368 respicit
720 2338 816 2360 terram
833 2355 840 2366 ,
854 2338 881 2360 ct
895 2333 958 2360 facit

163 2390 220 2409 eam
235 2387 350 2409 tremere
365 2381 450 2417 (Peril.
463 2382 524 2408 105.
535 2381 582 2415 32)
593 2389 600 2412 ς
612 2381 688 2415 cujus
701 2380 795 2415 gloria:
809 2379 897 2414 fulgur
911 2388 956 2407 ne-

163 2436 213 2462 que
220 2427 376 2459 Cherubint,
385 2427 546 2461 incorporea:
553 2427 605 2453 illae
611 2426 730 2458 virtutes,
738 2425 827 2453 videre
836 2431 956 2460 possunt,

163 2473 209 2499 sed
227 2472 354 2499 adversus
372 2472 451 2499 iacies
471 2477 563 2506 tegunt
584 2471 695 2506 objectis
714 2471 764 2498 alis
778 2491 784 2502 ,
800 2471 956 2498 miraculum

165 2519 242 2545 nobis
258 2519 429 2550 exhibentes;
447 2526 524 2553 quem
540 2526 646 2552 semper
659 2517 766 2544 laudattt
777 2518 861 2556 angeli
877 2523 902 2544 et
915 2526 957 2544 ar-

164 2565 285 2600 changeli
303 2586 309 2596 ,
333 2570 359 2592 et
382 2565 520 2592 innuntera
545 2564 644 2591 millia:
662 2564 704 2591 hic
728 2569 836 2598 propter
853 2571 900 2590 nos
914 2585 920 2596 ,
933 2569 961 2591 ct

165 2616 276 2645 propter
290 2615 409 2637 nostram
423 2611 536 2637 salutem
546 2631 552 2640 ,
566 2609 646 2636 ltomo
660 2610 716 2636 lieri
732 2610 812 2635 voluit
825 2629 832 2640 ,
849 2614 875 2636 et
889 2610 959 2643 opti-

165 2664 215 2683 mm.
230 2657 291 2683 vim:
305 2657 383 2683 nobis
397 2657 464 2683 viam
483 2656 584 2690 paravit
601 2677 606 2687 ,
624 2660 650 2682 et
673 2663 719 2689 per
738 2663 768 2682 ea
783 2655 959 2682 sufficientem

167 2703 244 2729 nobis
264 2702 415 2729 doctrinam
430 2702 597 2736 consignant
611 2721 618 2732 ,
636 2708 682 2735 per
702 2709 760 2735 quas
776 2700 824 2726 ltac
840 2701 896 2734 ipsa
911 2707 956 2728 ne-

167 2753 221 2774 stra
239 2753 331 2774 natttra
346 2751 482 2782 assumpta
507 2747 639 2774 transivit.
662 2746 727 2779 Qua:
750 2746 829 2780 igitur
851 2746 961 2781 posthac

167 2793 247 2820 nobis
261 2793 312 2819 erit
324 2793 461 2820 excusatio
472 2812 478 2823 ,
493 2793 513 2819 si
527 2799 587 2818 cum
603 2795 641 2817 tot
653 2795 776 2826 tantaque
790 2790 903 2818 salutem
915 2797 962 2818 no-

167 2842 252 2864 strant
263 2837 457 2872 pratcesseriut,
468 2837 493 2864 in
501 2837 580 2863 rebus
592 2836 727 2863 inutilibus
735 2843 783 2863 nos
791 2843 960 2870 occupenms,

171 2883 230 2912 sola
248 2883 318 2911 circa
343 2883 400 2911 hLI‘C
420 2882 578 2919 negligentia
594 2887 711 2909 nostram
724 2881 873 2909 amittentes
884 2880 958 2908 salu-

716 164 748 191 ΙΝ
766 163 841 192 CAP.
865 163 906 190 VI.
927 162 1047 192 GENES.
1069 164 1183 191 nouus
1201 164 1295 192 XXIV.

1752 167 1806 194 ἱζθύ

1018 226 1070 248 teni
1084 222 1096 248 ?
1111 222 1224 249 Proinde
1244 222 1356 249 obsecro
1371 227 1399 249 ιιι
1423 215 1560 258 vigilemus
1577 245 1584 257 ,
1599 229 1626 252 et
1640 233 1692 252 nou
1707 231 1807 254 temere

1014 267 1126 294 aliorum
1142 275 1283 302 sequamur
1296 270 1525 302 consuetudinem,
1541 270 1587 297 sed
1597 275 1714 298 nostram
1725 272 1805 299 vitam

1014 313 1131 347 quotidie
1152 313 1293 347 diligenter
1311 315 1477 341 excutiamus
1494 336 1501 348 ,
1527 315 1715 352 \idcatnttsquc
1743 317 1806 352 quid

1015 364 1151 392 peccatum
1164 379 1171 391 ,
1187 359 1284 393 quidve
1300 364 1371 386 recte
1386 367 1401 386 a
1424 360 1501 387 nobis
1523 366 1625 395 gestuin
1642 362 1694 388 sit:
1717 366 1745 389 ut
1767 363 1806 389 sie

1015 409 1119 438 peccata
1135 409 1225 431 nostra
1243 404 1416 432 cmendemus
1427 427 1433 438 ,
1449 413 1643 440 supernamque
1657 407 1734 434 nobis
1746 415 1804 442 gra-

1014 451 1076 476 tiam
1088 451 1259 478 conciliemus
1277 473 1283 482 ,
1302 458 1333 478 ac
1346 451 1400 478 Deo
1415 451 1566 486 plaeeanuts
1583 473 1590 484 ,
1605 452 1728 486 exemplo
1741 452 1806 485 juSIi

1014 495 1093 528 illius,
1107 501 1133 522 et
1147 496 1263 531 denique
1275 504 1386 531 regnum
1400 504 1573 531 assequamur
1585 497 1711 524 cariorem
1724 519 1730 529 ,
1746 505 1806 531 gra-

1014 542 1048 568 tia
1064 546 1091 568 et
1108 541 1290 569 misericordia
1307 543 1408 570 Domini
1425 543 1508 570 nostri
1527 543 1589 570 Jesu
1610 542 1709 571 Christi
1722 564 1729 576 ,
1744 551 1804 570 cum

1013 594 1066 621 quo
1081 587 1169 620 Patri,
1185 588 1264 615 simul
1275 593 1300 615 et
1314 588 1422 623 Spiritui
1437 595 1529 616 saneto
1544 590 1577 616 sit
1591 590 1692 624 gloria,
1708 589 1804 622 honor,

1014 633 1170 667 imperium,
1186 642 1255 661 nunc
1267 639 1292 660 et
1305 642 1425 669 semper,
1442 639 1468 661 et
1484 635 1508 662 in
1523 635 1619 663 sa‘cula
1633 636 1803 663 smenlorum.

1013 679 1108 706 Amen.

1282 737 1419 764 llUMil.“
1443 738 1535 765 XXIV.

1013 792 1103 819 (ienuit
1120 799 1204 819 autem
1219 793 1275 820 Noe
1289 799 1338 820 [res
1353 794 1420 828 ﬁlios
1435 816 1442 827 ,
1458 794 1518 821 Sent
1534 815 1541 827 ,
1562 794 1642 821 Citam
1656 817 1662 827 ,
1685 795 1780 829 Juphe!
1795 804 1802 821 .-

1049 843 1167 873 rorrupta
1186 843 1269 865 autem
1282 844 1335 866 erat
1353 845 1419 866 terra
1430 847 1514 866 coram
1530 840 1582 866 Deo
1594 861 1600 872 ,
1624 845 1647 867 et
1661 841 1755 875 repleta
1770 847 1804 867 est

1048 886 1245 920 Icrraiujustitia
1258 884 1335 919 (Gen.
1351 886 1376 913 G.
1393 886 1445 921 10).

1050 954 1073 979 Ι.
1095 953 1231 987 Scriptura
1244 962 1293 980 non
1306 954 1385 981 obiter
1399 955 1512 988 legenda.
1530 971 1564 975 —
1579 955 1653 982 llaud
1667 956 1802 990 vulgarem

1012 999 1150 1026 utilitatem
1164 999 1220 1026 lteri
1230 999 1306 1026 nobis
1316 1000 1403 1027 attulit
1414 1000 1476 1035 justi
1489 1001 1543 1028 Noe
1557 1001 1720 1037 genealogia.
1736 1001 1802 1028 Nam

1011 1050 1037 1070 et
1051 1045 1224 1079 cognovimus
1239 1046 1385 1073 mirabilem
1400 1047 1562 1081 genealogiae
1574 1047 1682 1074 ntodum
1698 1068 1704 1080 ,
1720 1052 1747 1075 et
1762 1047 1801 1074 vi-

1010 1089 1097 1117 dimus
1109 1090 1210 1124 justum
1227 1091 1338 1125 laudari,
1352 1100 1404 1119 non
1415 1099 1429 1118 a
1444 1097 1582 1127 parentum
1594 1093 1715 1120 claritate
1730 1114 1737 1126 ,
1754 1094 1800 1120 sed

1010 1143 1024 1161 a
1039 1143 1143 1162 mormn
1164 1136 1296 1170 probitate
1313 1158 1319 1167 ,
1343 1141 1450 1172 propter
1473 1146 1550 1172 qttatn
1574 1142 1675 1165 tantum
1699 1139 1802 1173 accepit

1011 1183 1188 1210 testimonium
1208 1191 1222 1210 a
1241 1184 1328 1210 divina
1342 1184 1478 1219 Scriptura
1500 1194 1505 1210 :
1522 1184 1580 1212 Noe
1591 1186 1677 1217 enim,
1696 1185 1799 1219 inquit.

1010 1229 1083 1255 homo
1103 1230 1189 1263 justus
1201 1250 1208 1261 ,
1226 1230 1350 1264 perfectus
1368 1230 1488 1257 exsistat:
1503 1231 1528 1256 in
1550 1231 1711 1265 gener-itione
1736 1239 1801 1258 sua:

1009 1274 1062 1301 Deo
1071 1275 1165 1309 placuit
1180 1274 1245 1301 Noe.
1256 1275 1350 1302 Totum
1360 1276 1430 1302 enim
1441 1283 1593 1303 sermonem
1609 1276 1634 1303 in
1649 1283 1730 1310 pauca
1743 1276 1801 1304 lucc

1010 1319 1089 1346 verba
1108 1320 1298 1355 insutnpsimus
1318 1320 1385 1348 heri.
1409 1320 1630 1356 Quandoquidem
1650 1321 1802 1348 divinorum

1008 1366 1174 1401 cloquiorum
1188 1371 1280 1394 natura
1295 1367 1321 1394 in
1336 1367 1426 1402 paucis
1439 1367 1528 1394 verbis
1543 1367 1640 1396 multas
1653 1368 1798 1395 sententia-

1009 1422 1065 1440 rum
1084 1412 1159 1441 at‘fert
1173 1413 1277 1440 divitias
1291 1433 1299 1446 ,
1315 1417 1342 1440 et
1362 1413 1519 1441 ineffabilem
1535 1413 1675 1449 diligenter
1689 1415 1800 1441 scrutari

1009 1460 1156 1487 volentibus
1169 1461 1322 1488 thesaurum
1335 1460 1453 1495 largitur.
1469 1460 1583 1488 Proinde
1595 1481 1602 1494 ,
1617 1461 1730 1488 obsecro
1741 1481 1749 1493 ,
1766 1468 1800 1488 ne

1008 1505 1070 1539 quid
1086 1505 1112 1532 in
1126 1505 1212 1533 sacris
1222 1504 1319 1533 Literis
1333 1505 1513 1540 perfunctorie
1526 1511 1570 1533 aut
1585 1507 1671 1534 obiter
1691 1511 1800 1541 prieter-

1007 1555 1092 1583 catur,
1107 1551 1154 1578 sed
1168 1550 1273 1578 etiatnsi
1285 1551 1391 1578 nomina
1405 1556 1610 1584 reccnseantur,
1625 1552 1665 1580 vel
1683 1552 1804 1580 historia:

1008 1601 1159 1629 narrentur,
1170 1597 1335 1624 reconditum
1350 1597 1539 1632 investigemus
1553 1597 1715 1624 thesaurum.
1733 1597 1798 1624 Nam

1008 1642 1067 1668 ideo
1089 1641 1210 1669 Christus
1234 1642 1355 1670 dicebat:
1373 1643 1529 1670 Scrutamini
1548 1643 1696 1677 Scriptura:
1709 1643 1800 1679 (Joan.

1007 1688 1033 1715 5.
1050 1687 1105 1723 59).
1117 1687 1184 1721 Quia
1198 1695 1250 1715 non
1265 1688 1361 1724 ubique
1375 1689 1401 1716 itt
1415 1689 1556 1724 superﬁcie
1568 1696 1644 1717 mens
1654 1689 1799 1724 Scriptura:

1007 1734 1140 1761 invenitur
1152 1754 1159 1764 ,
1182 1733 1229 1761 sed
1250 1741 1317 1768 opus
1329 1739 1369 1761 est
1388 1734 1515 1761 scrutinio
1529 1734 1612 1762 multo
1629 1756 1636 1767 ,
1653 1739 1681 1761 ut
1694 1735 1759 1761 nihil
1773 1735 1799 1760 in

1008 1779 1139 1814 profundo
1151 1779 1251 1812 latens,
1268 1780 1345 1807 ttobis
1361 1786 1498 1808 remaneat
1510 1779 1706 1808 absconditum.
1722 1780 1798 1814 Quod

1007 1826 1028 1852 si
1045 1825 1099 1852 sola
1114 1829 1215 1852 natura:
1227 1826 1379 1860 appellatio,
1389 1826 1449 1859 hoc,
1459 1826 1575 1860 inquam,
1589 1833 1697 1860 nomen,
1715 1824 1800 1852 Ilomu

1009 1870 1128 1905 (6211.6.
1140 1870 1176 1904 9)
1189 1891 1196 1904 ,
1213 1874 1293 1897 tanta:
1308 1870 1384 1897 nobis
1402 1871 1521 1898 utilitatis
1540 1875 1727 1906 argumentum
1740 1871 1798 1897 lteri

1008 1915 1071 1943 fuit:
1085 1920 1212 1950 quantunt
1228 1916 1330 1943 lucrutn
1345 1923 1396 1943 non
1409 1916 1583 1950 pereipiemus
1596 1937 1604 1949 ,
1620 1917 1642 1943 si
1656 1920 1754 1943 attenta
1768 1923 1799 1943 ac

1007 1961 1078 1996 vigili
1094 1966 1183 1989 mente
1197 1961 1309 1996 singula,
1325 1969 1384 1996 qua:
1398 1962 1423 1988 in
1434 1969 1509 1989 sacra
1523 1961 1657 1996 Scriptura
1668 1961 1797 1992 feruntur,

1008 2007 1170 2034 audierimus
1183 2008 1194 2033 ?
1210 2007 1312 2034 Etenim
1327 2007 1486 2034 clementem
1504 2007 1632 2034 ltabentus
1644 2007 1795 2037 hominum,

1008 2059 1035 2081 et
1047 2053 1152 2089 quando
1165 2053 1236 2081 videt
1248 2061 1296 2080 nos
1306 2054 1443 2086 sollicitos,
1460 2058 1485 2080 et
1500 2061 1621 2088 magnum
1636 2053 1798 2080 desiderium

1008 2100 1042 2128 ad
1052 2099 1234 2134 cognoscenda
1247 2099 1341 2126 divina
1355 2099 1459 2134 eloquia
1475 2099 1587 2131 ltabere,
1603 2108 1656 2126 non
1671 2100 1801 2134 permittit

1009 2154 1057 2174 nos
1073 2147 1124 2173 ulla
1138 2154 1167 2173 re
1180 2145 1308 2180 indigere,
1320 2145 1367 2173 sed
1382 2145 1471 2172 statim
1491 2145 1604 2173 illustrat
1620 2150 1736 2173 mentem
1752 2153 1803 2171 no-

1009 2197 1090 2219 stratn
1102 2213 1109 2225 ,
1123 2196 1149 2219 et
1162 2199 1238 2219 stium
1253 2191 1380 2226 fulgorem
1395 2191 1505 2226 largitur
1522 2212 1528 2223 ,
1551 2195 1579 2218 et
1591 2199 1640 2226 pro
1653 2190 1802 2226 perspicaci

1009 2238 1138 2272 sapientia
1153 2237 1196 2264 illa
1205 2245 1252 2264 sua
1267 2244 1372 2264 onmem
1384 2244 1474 2264 verant
1485 2237 1633 2265 doctrinam
1647 2237 1743 2265 anima:
1755 2245 1804 2264 no-

1010 2289 1072 2312 str-.e
1088 2285 1188 2311 inserit.
1213 2284 1361 2319 Eapropter
1375 2292 1435 2311 cum
1455 2293 1502 2312 tios
1517 2285 1550 2312 ad
1565 2285 1634 2312 istud
1649 2286 1736 2320 ipsum
1752 2286 1800 2312 ad-

1012 2331 1178 2362 hortaretur,
1193 2335 1219 2357 et
1230 2330 1373 2357 alacriores
1389 2330 1488 2358 faceret
1504 2352 1511 2362 ,
1529 2331 1690 2359 beatitudine
1705 2332 1801 2367 dignos

986 2378 990 2382 ‘
1010 2376 1155 2403 declaravit
1166 2383 1212 2403 eos
1227 2376 1270 2410 qui
1281 2376 1332 2402 tale
1346 2376 1506 2403 desiderium
1523 2385 1577 2411 pra:
1591 2385 1620 2404 se
1635 2377 1745 2410 ferrent,
1761 2378 1800 2404 di-

1010 2431 1074 2449 cens
1085 2432 1091 2450 :
1104 2422 1174 2449 Beati
1187 2424 1230 2456 qui
1244 2423 1357 2449 esuritmt
1372 2428 1395 2450 et
1411 2424 1636 2458 siliuutjustitiam
1651 2444 1656 2455 ,
1679 2425 1738 2459 quia
1753 2425 1802 2458 ipsi

1011 2468 1303 2503 saturabattlurﬂlalth.
1318 2469 1344 2495 5.
1360 2469 1399 2502 6).
1417 2469 1480 2496 Vide
1494 2469 1648 2504 sapientiam
1660 2470 1776 2496 doctoris
1793 2480 1801 2502 ;

1012 2522 1064 2542 non
1078 2515 1163 2541 solum
1177 2522 1225 2541 nos
1241 2522 1287 2548 per
1300 2514 1488 2541 beatitudinetn
1505 2514 1687 2546 hortatur,st
1701 2519 1727 2541 et
1741 2523 1801 2542 cum

1012 2561 1088 2592 dixit,
1106 2560 1155 2592 Qui
1166 2559 1278 2586 esuriuul
1287 2564 1308 2584 rt
1316 2559 1545 2593 aititmljuslilirtm,
1554 2559 1643 2586 docuit
1653 2559 1801 2591 audientes.

1012 2611 1108 2640 quanta
1132 2605 1267 2633 alacritate
1287 2604 1434 2639 spiritualia
1458 2604 1562 2638 eloquia
1583 2604 1741 2639 investigare
1756 2613 1803 2639 par

1013 2651 1100 2678 fuerit.
1114 2649 1341 2684 Quemadmodum
1358 2670 1364 2681 ,
1378 2649 1481 2684 inquit,
1497 2650 1513 2676 ii
1529 2658 1595 2684 qttos
1612 2649 1694 2677 fames
1709 2650 1781 2677 ducit
1794 2671 1803 2680 ,

1013 2694 1079 2720 mira
1091 2693 1227 2720 alacritate
1241 2692 1273 2719 :td
1287 2692 1360 2718 cibos
1383 2691 1516 2722 festinant.
1532 2696 1559 2719 et
1577 2693 1620 2727 qui
1641 2693 1683 2719 siti
1699 2693 1806 2724 ardent,

1013 2741 1045 2768 ad
1066 2746 1156 2776 petunt
1178 2747 1274 2774 magno
1294 2739 1427 2766 desiderio
1446 2739 1576 2766 accedunt
1589 2748 1595 2766 ε
1608 2739 1702 2767 eodeni
1728 2740 1806 2767 modo

1014 2791 1046 2817 ad
1060 2788 1224 2824 Spit‘ilttalelll
1239 2787 1398 2820 doctrinam,
1415 2792 1548 2822 tamquam
1563 2788 1711 2815 esurientes
1729 2792 1756 2815 et
1769 2788 1805 2814 si-

1014 2833 1113 2860 tientes
1122 2833 1249 2861 accedere
1262 2840 1308 2867 par
1320 2837 1369 2859 est.
1385 2832 1542 2867 I'lujusmodi
1551 2833 1621 2860 enini
1635 2833 1682 2860 viri
1699 2841 1750 2860 non
1764 2841 1807 2860 so-

1017 2879 1072 2906 lum
1084 2877 1292 2906 beatitudinihus
1312 2878 1382 2910 digni
1404 2882 1466 2905 sunt
1482 2885 1490 2911 ;
1511 2878 1558 2906 sed
1577 2883 1604 2906 et
1618 2887 1678 2914 qum
1694 2878 1807 2914 cupiunt
