2058 3123
228 143 287 169 ⁸⁸207

234 200 419 230 assequuntur.
434 194 547 225 Etenim,
561 193 727 220 Sotinbnntur
739 212 748 225 ,
763 191 844 225 inquit
862 213 870 224 ,
895 191 944 217 hoc
964 195 1005 217 est
1016 211 1023 221 ,

235 239 581 276 explebuntiir:explebuut
603 239 740 273 spirituale
760 245 836 264 simtu
853 236 1023 264 desiderium.

233 287 320 323 Igitur
329 287 392 321 quia
405 291 457 314 tant
472 286 572 318 bonus,
586 290 692 318 tamque
706 284 821 310 liberalis
835 282 961 309 Dominus
973 289 1023 308 uo-

235 334 274 361 bis
289 338 346 361 est:
361 339 409 366 age
423 336 449 358 et
460 339 508 358 nos
516 330 548 356 ad
563 330 647 364 ipsum
659 327 854 363 confugiamus,
865 332 893 355 et
904 327 962 362 ejus
977 333 1024 353 tio-

235 379 274 406 Iiis
287 379 398 413 gratiam
412 376 595 407 conciliemus,
611 379 675 402 utet
690 375 746 408 ipse
758 382 804 407 pro
816 381 861 400 sua
874 372 1025 400 misericor—

232 425 276 451 dia
291 424 403 450 illustrat
416 427 532 449 nostram
546 424 660 447 mentem
674 419 707 446 ad
720 418 858 446 videndam
873 418 1022 444 divin-trum

233 469 430 504 Scripturaruiu
447 468 569 494 virtutem
582 475 589 494 :
603 471 629 493 et
645 473 690 492 vos
702 472 809 500 quoque
827 463 909 490 multa
925 463 1021 489 alacri-

234 521 287 542 tate
302 514 463 549 spiritualein
478 512 624 539 doctrinam
639 510 713 545 quasi
729 509 875 536 esurientes
888 513 914 535 et
929 508 1021 535 sitien-

235 567 274 589 tes
287 561 422 596 sitseipite.
433 559 511 587 Forte
525 559 596 586 enim
609 579 615 590 ,
637 558 702 584 forte
714 557 798 584 bonus
817 561 844 582 et
854 555 1022 590 omnipotens

235 609 372 640 Dominus,
384 607 463 635 etiam
475 606 496 632 si
512 613 561 632 nos
572 604 685 631 humiles
698 603 781 631 simus
795 608 822 629 et
835 601 941 636 objecti,
958 608 1021 636 pro-

234 661 292 691 pter
315 663 361 683 vos
385 659 412 682 et
434 658 550 681 vestram
575 652 713 679 nti’itatem
743 649 920 684 suppeditabit
946 648 1022 675 nobis

233 709 383 729 sermotiem
408 701 432 727 itt
453 700 588 734 apertione
601 698 656 725 oris
671 698 696 724 in
711 696 822 731 gloriam
840 703 914 722 suam
932 715 939 726 ,
955 699 982 721 ct
997 695 1021 721 itt

234 747 435 775 a-diticationem
452 751 567 773 vestram
584 743 689 779 (Ep/tes.
701 743 728 770 6.
742 742 796 777 i9).
810 741 929 776 Projecta
945 741 1023 775 igitur

234 802 295 820 cura
312 799 402 820 n05tra
417 792 488 819 omni
511 793 536 818 iii
555 797 697 825 supernam
713 789 823 824 gratiam
838 809 844 818 ,
860 792 886 814 et
901 788 1022 814 invocato

235 847 267 866 eo
282 839 325 873 qui
341 844 367 866 ct
377 837 534 872 sapientiam
547 836 590 863 dat
603 835 729 871 parvulis,
745 839 771 861 et
785 834 915 860 illuminat
925 840 1021 864 arens,

233 892 259 912 et
272 885 408 920 expeditas
420 883 504 911 reddit
516 884 618 918 linguas
633 882 780 913 balborum,
794 881 870 915 paulo
881 886 941 907 ante
956 881 1023 907 lecta

233 935 392 958 tractemus:
407 935 435 957 ut
456 938 514 964 qua:
537 929 593 963 ipse
617 936 663 962 pro
684 935 731 954 sua
752 925 933 954 misericordia
947 925 1023 952 nobis

232 976 415 1011 suppeditarit,
426 975 526 1002 caritati
541 979 637 1002 vesmc
651 973 897 1008 proponamus.Sed
912 974 1022 1003 intenta,

232 1022 355 1053 obsecro,
367 1021 459 1048 adsitis
474 1026 574 1051 mente,
591 1024 617 1046 et
629 1019 769 1054 diligenter
784 1019 816 1045 iis
830 1026 888 1053 quie
899 1017 1023 1045 dicuntur

231 1069 377 1100 attendite,
393 1075 540 1102 omnesque
565 1067 644 1102 hujus
664 1067 724 1094 vitm
737 1073 815 1093 curas
828 1066 949 1100 seponite
965 1086 972 1097 ,
995 1070 1023 1093 ut

231 1115 368 1150 spiritnale
381 1122 484 1145 semen,
496 1114 570 1148 quasi
581 1114 607 1140 in
619 1113 742 1147 pinguem
753 1117 780 1139 et
794 1113 907 1140 feracem
918 1119 1021 1146 agrum,

231 1161 332 1189 evulsis
346 1160 434 1187 herbis
445 1165 468 1186 et
486 1159 580 1193 spinis,
597 1158 776 1194 projiciamus.
800 1157 848 1185 Hie
860 1162 941 1184 autent
957 1179 963 1189 ,
984 1157 1024 1184 in-

232 1207 298 1242 quit,
319 1207 491 1241 generationes
516 1204 590 1231 Noe:
605 1204 662 1231 Noe
681 1204 755 1231 homo
775 1205 860 1239 justus
874 1223 882 1235 ,
899 1203 1024 1237 pri-[cetus

231 1253 352 1280 animus
366 1253 392 1278 ιιι
405 1252 565 1287 generatione
581 1259 628 1278 sua
645 1258 652 1277 :
668 1250 721 1277 Deo
742 1250 835 1284 placuit
851 1249 916 1276 Noe.
942 1249 968 1275 In
992 1248 1024 1275 iis

232 1307 316 1334 nuper
331 1299 409 1325 liuent
424 1297 538 1325 docendi
559 1296 721 1324 faciebamus
736 1317 744 1328 ,
767 1295 827 1322 ideo
844 1295 980 1330 sequentia
996 1294 1022 1320 iii

232 1345 348 1373 medium
363 1345 534 1380 proponenda
548 1348 618 1371 sunt.
634 1343 676 1370 10.
694 1342 785 1370 Genuit
800 1347 884 1368 autem
895 1362 901 1374 ,
917 1342 1001 1376 inquit
1013 1362 1019 1373 ,

231 1391 290 1418 Noe
301 1396 350 1418 tre:
363 1391 444 1425 ﬁlios,
460 1390 521 1418 Sem
531 1411 538 1422 ,
554 1390 643 1422 Citam,
659 1389 763 1424 Jopliet.
778 1388 834 1415 Non
848 1388 948 1423 absque
961 1395 1018 1415 can-

230 1445 260 1465 sa
276 1437 364 1464 divina
384 1436 519 1471 Scriptura
533 1441 560 1463 et
575 1440 678 1470 tempus
693 1440 720 1463 et
735 1443 872 1462 numerum
888 1435 963 1462 nobis
975 1443 1019 1461 as-

231 1483 346 1518 signavit
368 1482 484 1510 liliorum
504 1482 589 1517 justi:
611 1481 657 1509 sed
679 1487 706 1509 et
729 1481 790 1508 hinc
811 1481 888 1508 nobis
910 1482 1022 1508 latenter

230 1529 364 1556 insinuare
373 1528 427 1555 vult
441 1528 574 1563 ingentem
585 1527 810 1561 multiplicemque
820 1527 877 1561 ejus
886 1527 1021 1554 virtutem.

229 1575 295 1602 Nam
309 1580 448 1610 postquam
463 1574 587 1608 superius
598 1573 665 1600 dixit
680 1583 686 1602 :
705 1573 761 1600 Noe
773 1573 1022 1608 eratqut‘ngeutorimi

229 1629 355 1649 annorum
369 1620 444 1655 (Gen.
457 1621 484 1648 5.
498 1620 556 1655 52),
571 1625 632 1648 tunc
645 1619 761 1647 subdidit
773 1629 779 1645 :
795 1618 828 1646 Et
838 1619 922 1654 genuit
936 1618 1023 1653 tresﬁ-

230 1667 277 1694 tios
289 1675 298 1693 :
312 1666 433 1694 docendo
447 1673 497 1693 nos
507 1673 638 1693 summam
651 1665 822 1693 continentia:
836 1665 907 1693 illius
923 1665 1021 1699 magni-

231 1713 348 1740 tudinem
364 1713 444 1740 l'uisse
455 1733 462 1745 ,
480 1720 540 1739 cum
557 1716 635 1739 tantm
655 1711 865 1746 intemperantia:
879 1711 961 1738 dediti
976 1718 1020 1738 es-

228 1764 288 1787 sent
295 1766 389 1787 omnes
400 1758 530 1790 homines,
539 1762 664 1793 tantaque
673 1757 807 1785 salacitate
814 1765 907 1785 omnes
917 1762 1019 1790 anates,

231 1810 258 1832 ut
269 1806 304 1832 ita
319 1805 406 1832 dicam
418 1826 426 1838 ,
437 1805 470 1832 ad
483 1804 580 1832 malum
597 1808 705 1831 ruerent
720 1812 726 1830 ε
743 1803 853 1830 attdistis
867 1803 937 1830 enim
950 1803 1019 1830 divi-

228 1859 289 1878 nam
304 1851 466 1886 Scripturam
483 1850 615 1878 dicentem
631 1859 638 1876 :
660 1849 694 1876 Ut
711 1854 796 1876 autem
816 1848 877 1875 uidit
897 1848 1020 1875 Dominus

227 1899 294 1933 quod
304 1897 414 1933 impleta
423 1901 481 1924 sunt
492 1897 597 1923 tttolt'tt'te
611 1904 686 1931 super
697 1901 787 1922 terram
801 1916 808 1927 ,
822 1900 845 1922 et
860 1895 963 1930 quilibet
977 1903 1019 1922 το-

227 1944 317 1979 gitaret
332 1943 400 1969 malo
424 1942 557 1978 diligenter
578 1943 603 1968 in
626 1942 702 1968 corde
719 1949 766 1968 suo
789 1941 961 1976 ajuvetttute:
974 1939 1019 1967 ubi

227 1989 367 2016 manifeste
387 1987 505 2016 declarat
521 2009 528 2021 ,
545 1992 571 2015 et
590 1987 704 2022 juvenes
725 1987 820 2014 vicisse
839 1986 1020 2021 provectiores

227 2039 305 2063 :etate
315 2056 322 2066 ,
344 2039 371 2062 et
385 2042 464 2062 senes
475 2042 528 2061 non
539 2034 625 2060 minus
639 2041 718 2068 quam
727 2033 839 2068 juvenes
853 2032 995 2059 iitsauiisse
1009 2052 1016 2064 ,

224 2086 251 2109 et
264 2081 297 2108 ad
311 2081 409 2108 malum
423 2080 506 2107 multa
526 2079 691 2114 proclivitate
708 2086 866 2114 propensam
883 2077 964 2106 fuisse
975 2077 1017 2112 ip-

226 2135 282 2154 sam
299 2127 377 2153 etiain
393 2131 498 2152 :etatem
509 2125 641 2152 malorum
655 2125 830 2159 inexpertam.

260 2173 286 2199 2.
302 2170 338 2199 Ut
359 2171 437 2205 igitur
451 2169 592 2201 discamus,
610 2177 662 2205 quo
675 2176 751 2204 paclo
772 2170 805 2196 iis
821 2169 944 2197 omnibus
958 2174 1018 2196 tau-

225 2224 281 2246 tam
302 2217 430 2244 insaniam
453 2224 484 2244 ac
508 2216 608 2243 rabiem
627 2224 680 2250 prie
703 2223 732 2243 se
756 2215 910 2249 ferentibus,
932 2216 1018 2250 justus

225 2265 271 2293 ille
286 2263 413 2291 manserit
427 2263 510 2296 solus,
524 2263 714 2290 continentiam
727 2269 786 2289 cum
806 2261 864 2288 aliis
877 2261 1019 2289 virtutibus

225 2314 335 2338 strenue
353 2315 471 2342 servans,
495 2309 580 2335 donec
603 2307 636 2335 ad
659 2307 898 2342 quingentesimum
920 2313 1018 2335 annum

225 2356 346 2391 pervenit
362 2365 369 2382 :
384 2363 444 2383 cum
463 2355 583 2385 dixisset,
599 2353 663 2380 Erat
683 2353 739 2380 Noe
759 2353 951 2389 quingentorum
969 2361 1018 2380 mi-

226 2411 326 2435 acrum,
343 2406 405 2429 tunc
419 2401 504 2435 inquit
518 2409 525 2427 :
541 2399 574 2426 Et
592 2400 678 2435 genuit
695 2399 751 2426 Noe
762 2404 811 2426 tres
830 2401 1018 2435 ﬁlios.Vidisti,

224 2448 332 2480 dilecte,
348 2447 524 2475 excellentem
535 2445 598 2480 justi
615 2445 840 2479 temperantiam?
860 2445 898 2472 Ne
918 2445 968 2473 hoc
980 2446 1018 2473 ita

226 2493 406 2529 perfunctorie
427 2498 603 2526 transeamus,
616 2490 663 2518 sed
677 2495 705 2518 et
723 2495 826 2525 tempus
838 2490 901 2518 illud
915 2498 1017 2526 expen-

224 2540 328 2572 damus,
342 2543 371 2566 et
383 2537 510 2565 malitiam
523 2544 582 2572 qum
595 2536 628 2564 ad
641 2543 720 2564 omne
733 2536 869 2563 hominum
886 2543 970 2571 genus
983 2537 1018 2563 ob

224 2595 316 2614 eorum
340 2585 471 2614 desidiam
503 2592 533 2612 se
561 2583 734 2614 extenderat,
762 2587 789 2610 et
819 2583 1018 2611 consideremus

221 2637 331 2668 quanta:
346 2632 382 2660 sit
401 2631 507 2659 virtutis
520 2636 548 2659 et
561 2631 666 2666 pietatis
684 2637 746 2665 erga
766 2630 860 2661 Deum,
877 2630 902 2657 in
919 2635 1017 2658 tantam

221 2679 352 2714 temporis
367 2677 556 2713 longitudinem
579 2677 799 2712 concupiscentia:
813 2676 913 2704 rabiem
931 2677 1014 2704 retre-

226 2731 300 2758 nare,
323 2724 447 2758 viamque
470 2723 548 2759 longe
565 2723 598 2750 ab
619 2723 677 2750 aliis
698 2723 830 2751 diversam
844 2730 966 2759 carpere.
987 2730 1014 2751 et

222 2777 279 2798 non
294 2770 379 2798 solum
391 2770 426 2797 ab
440 2770 530 2797 illicito
542 2771 613 2797 coitu
625 2777 656 2797 se
675 2769 811 2801 cohibere,
825 2769 872 2796 sed
887 2772 915 2797 et
925 2776 940 2796 a
954 2769 1019 2804 legi.

221 2817 291 2846 timo
302 2821 329 2844 et
344 2816 486 2851 inculpata.
504 2816 535 2843 Et
559 2816 653 2851 genuit,
680 2815 774 2850 inquit,
790 2813 906 2842 Noefrﬂ
925 2815 992 2848 [illos
1007 2823 1016 2841 :

221 2863 294 2897 Sent,
304 2863 395 2897 Client,
409 2862 529 2899 Japlieth.
545 2863 587 2890 11.
598 2862 722 2897 Corrupto
732 2866 814 2888 autent
825 2866 879 2889 erat
888 2866 954 2889 terra
965 2867 1010 2887 co—

599 138 627 166 S.
643 136 781 166 JOANNIS
799 133 1037 163 CIIRYSOSTOMI
1053 133 1211 164 ARCIIIEP.
1228 136 1492 164 CONSTANTINOP.

1817 137 1870 163 203

1079 201 1133 219 rion
1149 192 1243 223 θέλει
1254 194 1349 228 repleto
1364 198 1415 219 erat
1428 192 1634 227 terroinjitstitio.
1646 191 1708 219 Mihi
1719 192 1870 220 vidi-turdi-

1079 239 1137 264 vina
1148 237 1344 272 dispensatione
1356 238 1464 269 factum,
1478 242 1504 264 iit
1517 238 1603 272 justus
1619 237 1662 264 ilic
1677 245 1747 265 nunc
1763 238 1869 265 tandem

1077 283 1109 310 ad
1127 291 1235 310 uxorem
1250 283 1398 316 accederet,
1415 284 1526 317 illosque
1541 284 1609 310 lilios
1632 284 1789 317 susciperet.
1803 283 1871 316 Quia

1077 329 1148 356 enini
1163 329 1197 356 ob
1219 329 1325 356 malitite
1350 329 1557 364 magnitudinem
1574 335 1601 356 ct
1616 329 1747 364 iugentetn
1772 329 1873 364 impro-

1077 375 1184 402 bitatem
1199 375 1315 410 generali
1339 374 1454 409 pernicie
1469 380 1538 402 totus
1559 374 1631 402 orbis
1651 374 1780 402 delendas
1794 380 1850 402 erat
1863 395 1870 406 ,

1077 420 1228 448 misi-ricors
1242 421 1311 448 Deus
1323 421 1398 455 quasi
1414 421 1529 448 radicem
1542 420 1656 455 aliquam
1672 425 1698 447 et
1711 421 1871 447 fermentum

1076 465 1159 492 Voluit
1172 466 1272 499 justum
1288 466 1362 493 illum
1386 473 1536 500 superesse,
1553 471 1580 492 ut
1605 465 1710 492 abolitis
1734 466 1784 493 illis
1797 465 1873 499 origo

1075 517 1100 540 et
1115 513 1238 548 primitiae
1251 512 1372 547 qu‘cdani
1386 517 1456 539 eSset
1478 512 1636 539 futurorum.
1654 512 1737 546 Hujus
1757 512 1795 539 rei
1810 519 1873 546 grav

1077 559 1122 591 tia,
1137 566 1196 585 cnin
1208 559 1262 593 jam
1279 559 1482 593 quingentorum
1503 563 1575 586 esset
1589 566 1730 591 annorum,
1748 559 1870 586 haberet-

1075 612 1127 638 que
1150 609 1205 631 trcs
1226 604 1290 631 istos
1306 604 1389 634 lilios,
1405 604 1455 630 illis
1470 608 1611 630 contentus
1634 603 1691 634 fuit.
1708 612 1737 631 re
1752 604 1808 638 ipsa
1823 604 1873 631 dc-

1076 650 1179 679 clarans
1195 650 1246 677 hoc
1262 658 1292 676 se
1307 650 1411 681 l'ecisse,
1433 655 1461 676 ut
1481 650 1577 676 divina:
1590 649 1616 676 in
1631 649 1774 676 humanum
1787 657 1874 684 genus

1076 695 1172 723 futura:
1187 696 1341 731 benignitati
1352 696 1473 723 serviret.
1489 695 1522 722 Et
1535 704 1586 731 qito
1597 696 1667 723 scias
1682 695 1732 723 hoc
1747 703 1799 722 non
1813 703 1874 723 esse

1077 746 1218 773 temeraria
1243 746 1395 779 eniijectoi-a
1422 745 1540 777 diclttm,
1566 744 1703 772 considera
1728 744 1874 778 Scriptum

1078 792 1250 826 diligentiam.
1264 791 1328 818 Nam
1352 795 1489 825 postquam
1505 791 1586 821 dixit,
1601 790 1700 824 justum
1721 790 1794 817 illiiin
1820 796 1874 816 tres

1077 838 1201 866 habuisse
1213 838 1282 865 [Ilios
1293 859 1300 868 ,
1312 838 1400 865 statim
1421 837 1538 864 subdidit
1553 846 1558 863 :
1574 836 1700 870 Corrupto
1720 842 1772 863 erat
1788 842 1872 862 autem

1077 889 1143 912 terra
1158 893 1244 911 coram
1267 884 1331 915 Deo,
1346 890 1368 910 et
1394 884 1496 918 impleta
1511 889 1564 910 erat
1589 888 1655 909 terra
1675 883 1806 918 injusti'tt'o.
1827 882 1873 908 \‘i-

1076 931 1137 958 disli
1153 931 1178 957 in
1192 930 1285 958 cadent
1301 935 1394 957 natura
1409 937 1530 964 magnam
1542 934 1568 956 et
1583 929 1743 956 inelfabilezn
1757 929 1873 955 varieta-

1077 977 1152 1004 tem?
1168 977 1204 1003 De
1227 976 1300 1011 justo
1320 977 1390 1002 enim
1418 975 1522 1003 dicebat
1545 976 1702 1010 Scriptura:
1719 974 1777 1002 Noe
1797 975 1873 1001 homo

1073 1024 1166 1058 justus,
1180 1024 1303 1057 perfectus
1313 1024 1432 1050 exsistant
1446 1023 1471 1048 in
1482 1023 1642 1058 generatione
1651 1029 1698 1048 sua
1706 1022 1754 1048 :dc
1762 1021 1873 1056 reliquis

1079 1073 1166 1096 autem
1182 1069 1306 1096 omnibus
1321 1068 1405 1103 inquit
1421 1077 1426 1093 :
1442 1067 1567 1102 Corrupto
1578 1072 1659 1094 autem
1674 1071 1728 1094 erat
1749 1072 1815 1094 terra
1828 1075 1873 1093 to-

1077 1123 1131 1142 ram
1145 1114 1210 1146 Deo,
1228 1120 1250 1141 et
1261 1116 1362 1149 impleta
1374 1119 1428 1141 erat
1443 1119 1509 1141 terra
1524 1113 1658 1149 injustitio.
1674 1113 1787 1140 Nomine
1799 1113 1872 1140 enim

1078 1166 1166 1194 teme,
1182 1162 1317 1188 hominum
1334 1160 1530 1188 multitudinem
1542 1164 1629 1186 vocat.
1650 1159 1716 1193 Quia
1730 1159 1800 1185 enim
1815 1167 1873 1184 oni-

1077 1208 1120 1234 nia
1134 1215 1226 1235 eorum
1240 1214 1321 1242 opera
1346 1206 1480 1234 terrestria
1502 1211 1595 1238 erant,
1609 1205 1708 1233 idcirco
1730 1210 1808 1232 terra:
1824 1212 1873 1231 uo-

1077 1253 1149 1280 mine
1161 1258 1187 1280 et
1202 1260 1294 1280 eorum
1320 1252 1466 1286 vilitatem,
1482 1256 1509 1279 et
1531 1252 1636 1279 malitiae
1657 1250 1872 1286 exsuperantiam

1076 1299 1216 1334 significat.
1231 1298 1296 1326 Nam
1307 1298 1375 1325 sicut
1385 1298 1418 1326 de
1431 1297 1603 1333 protoplasto,
1618 1297 1662 1331 qui
1685 1297 1770 1331 legem
1785 1300 1872 1322 trans-

1076 1354 1182 1383 gressus
1196 1347 1306 1382 gloriam
1319 1353 1369 1381 qua
1385 1345 1597 1373 circumdabatur
1611 1344 1709 1377 amisit,
1724 1343 1872 1377 mortisque

1077 1401 1162 1429 poma:
1181 1393 1311 1420 obnoxius
1335 1392 1419 1419 factus
1435 1391 1492 1423 fuit,
1507 1391 1612 1418 dicebat
1630 1399 1637 1417 :
1654 1389 1731 1416 Terra
1751 1397 1786 1420 es,
1802 1394 1826 1415 et
1844 1389 1872 1414 in

1076 1446 1167 1467 terram
1182 1440 1260 1467 abibis
1274 1439 1349 1474 (Cen.
1363 1440 1389 1467 5.
1404 1439 1448 1474 19)
1465 1447 1470 1465 :
1487 1439 1522 1465 ita
1535 1442 1563 1465 et
1583 1437 1636 1468 hic,
1651 1436 1711 1471 quia
1726 1436 1871 1471 plurimum

1077 1487 1242 1514 invaliterattt
1256 1486 1328 1518 vitia,
1345 1485 1440 1520 inquit,
1465 1484 1588 1518 Corrupto
1610 1488 1694 1509 autem
1715 1486 1768 1508 erat
1791 1487 1869 1507 terra.

1075 1532 1165 1568 Neque
1179 1532 1336 1567 simpliciter
1350 1531 1413 1559 dicit
1430 1540 1435 1558 :
1451 1531 1576 1565 Corrupto
1597 1533 1679 1556 autem
1703 1533 1756 1554 erat
1777 1532 1844 1554 terra
1861 1535 1870 1553 :

1075 1579 1131 1611 sed,
1148 1578 1239 1606 Coram
1261 1578 1315 1604 Deo
1328 1585 1337 1604 .'
1351 1582 1374 1605 et
1394 1577 1497 1612 impleta
1511 1580 1564 1603 erat
1579 1580 1644 1602 terra
1665 1573 1799 1609 t'njtistitio.
1825 1572 1870 1599 Di-

1074 1623 1160 1652 cendo
1174 1624 1254 1656 enim,
1271 1623 1395 1658 Corrupto
1419 1626 1480 1655 erat,
1495 1621 1662 1655 omnigenam
1685 1619 1790 1646 illorum
1813 1624 1870 1644 ma-

1075 1670 1158 1696 litiam
1172 1669 1293 1704 emphasi
1309 1668 1421 1703 quadam
1436 1667 1512 1694 dixit.
1528 1667 1584 1694 Non
1608 1666 1678 1693 enim
1692 1665 1743 1692 dici
1761 1667 1868 1698 potest,

1074 1723 1120 1743 eos
1135 1715 1212 1742 unius
1225 1715 1267 1742 vel
1277 1715 1390 1742 duorum
1401 1718 1569 1749 peccatorum
1583 1716 1686 1740 tantum
1699 1718 1761 1737 reos
1774 1709 1868 1740 fuisse,

1073 1761 1119 1789 sed
1133 1768 1226 1788 omnes
1239 1761 1389 1796 iniquitates
1402 1760 1501 1794 absque
1524 1757 1603 1785 modo
1615 1756 1798 1785 commisisse:
1809 1754 1870 1782 idco

1073 1808 1182 1842 subdit,
1201 1808 1233 1834 Et
1255 1808 1356 1842 impleta
1371 1812 1424 1834 erat
1444 1812 1511 1832 terra
1532 1804 1664 1840 itijtiuitia.
1680 1802 1738 1830 Non
1761 1801 1867 1831 obiter,

1073 1862 1159 1890 neque
1172 1854 1315 1890 vulgaritcr
1329 1853 1435 1880 malitia:
1448 1852 1598 1884 studebant,
1614 1850 1661 1878 sed
1676 1853 1781 1884 peccata
1795 1856 1868 1883 qinr-

1073 1908 1125 1936 que
1139 1900 1251 1928 ferventi
1272 1898 1445 1927 contentione
1459 1898 1582 1933 agebant.
1604 1896 1637 1923 Et
1657 1895 1717 1922 vide
1732 1894 1868 1929 quomodo

1073 1948 1134 1975 illos
1159 1951 1250 1982 postea
1267 1953 1299 1973 ne
1314 1945 1384 1973 tenui
1395 1944 1502 1980 quidem
1518 1943 1647 1970 memoria
1671 1942 1804 1976 dignatur,
1819 1940 1867 1967 scd

1072 1994 1181 2021 nomine
1208 1997 1287 2020 terra:
1315 1996 1402 2024 vocat,
1417 1991 1495 2017 simul
1517 1989 1636 2016 indicans
1650 1993 1677 2015 et
1696 1993 1867 2022 peccaturum

1072 2039 1228 2076 gravitatem
1243 2041 1270 2065 et
1287 2037 1331 2064 Dei
1345 2036 1562 2071 indignationem.
1577 2034 1703 2068 Corrupto
1716 2038 1768 2060 rrot
1783 2036 1866 2058 autem

1072 2091 1148 2118 terra,
1166 2085 1258 2120 inquit,
1270 2091 1354 2110 coram
1371 2082 1434 2114 Deo,
1447 2081 1497 2108 hoc
1516 2085 1566 2113 est,
1581 2087 1658 2107 secus
1672 2086 1751 2114 quam
1766 2085 1864 2113 przeec-

1073 2135 1218 2166 ptumerat
1231 2137 1246 2156 a
1261 2129 1315 2157 Deo
1330 2129 1418 2155 omnia
1443 2127 1581 2157 faciebant.
1601 2125 1722 2153 mandata
1736 2125 1782 2151 Dei
1801 2131 1868 2151 cott-

1074 2178 1219 2208 culcantes.
1233 2182 1260 2205 ct
1274 2176 1428 2211 magistrum
1443 2178 1543 2201 natura:
1558 2173 1679 2199 humana:
1694 2171 1801 2198 iusitttm
1827 2170 1867 2205 (α)

1076 2234 1122 2262 per
1135 2224 1264 2253 desidiam
1280 2223 1441 2250 amittentes.
1456 2220 1489 2247 Et
1502 2219 1604 2254 impleta
1616 2222 1669 2244 erat
1682 2223 1758 2248 terra,
1769 2216 1865 2251 inquit.

1071 2268 1420 2305 iniustitia.Vidisti.dilecte,
1428 2269 1554 2302 quantum
1565 2264 1662 2292 malum
1671 2263 1704 2290 sit
1714 2266 1865 2297 peccatum,

1071 2317 1206 2354 quomodo
1226 2315 1250 2342 id
1274 2314 1379 2346 efﬁciat,
1397 2317 1426 2340 ut
1439 2312 1560 2339 homines
1583 2317 1631 2337 suo
1652 2309 1761 2336 nomine
1776 2308 1866 2335 vocari

1052 2353 1056 2357 ”
1071 2352 1124 2391 non
1140 2363 1194 2390 sint
1205 2361 1276 2396 digni
1290 2360 1302 2386 ?
1316 2359 1382 2386 Audi
1403 2365 1496 2385 rursus
1509 2363 1568 2391 qua:
1590 2358 1736 2389 sequuntur
1750 2362 1756 2378 :
1772 2352 1815 2380 i2.
1834 2352 1868 2378 lit

1071 2410 1132 2436 vidit
1148 2407 1271 2435 Dominus
1283 2405 1351 2432 Deus
1365 2409 1467 2434 (erraui,
1480 2407 1502 2429 et
1520 2405 1573 2428 erat
1592 2405 1720 2435 corrupta.
1732 2398 1800 2426 Vide
1815 2399 1866 2425 ite-

1071 2463 1130 2482 rum
1153 2452 1287 2489 quomodo
1311 2459 1358 2479 eos
1383 2455 1480 2478 terram
1503 2452 1588 2475 vocet.
1614 2447 1646 2474 Et
1668 2451 1780 2481 postea,
1805 2452 1866 2471 eum

1072 2501 1154 2528 srmel
1172 2504 1250 2535 atque
1266 2499 1360 2526 iterum
1375 2501 1401 2524 et
1415 2495 1494 2524 tertio
1507 2494 1652 2522 nominavit
1667 2499 1775 2526 terram,
1791 2496 1821 2519 ut
1834 2499 1869 2518 ue

1073 2548 1131 2582 quis
1146 2546 1180 2574 de
1194 2551 1262 2573 terra
1276 2543 1393 2572 sensibili
1407 2550 1467 2570 eum
1480 2542 1578 2570 dixisse
1591 2540 1748 2576 suspicetur,
1765 2539 1868 2573 inquit:

1076 2593 1143 2626 Quia
1155 2595 1299 2626 corruperat
1321 2589 1401 2617 omnis
1420 2596 1479 2616 caro
1499 2588 1563 2614 ciant
1582 2595 1652 2614 suam
1667 2594 1743 2621 super
1764 2590 1867 2611 terram.

1075 2639 1164 2674 Neque
1184 2644 1253 2664 nunc
1274 2635 1388 2663 hominis
1403 2633 1579 2670 appellatione
1600 2640 1648 2660 eos
1670 2632 1803 2666 dignatur,
1820 2631 1867 2658 sed
1888 2666 1892 2671 _

1072 2691 1178 2711 carnem
1192 2687 1268 2709 vocat
1283 2691 1290 2708 :
1304 2688 1356 2716 qtto
1368 2688 1416 2707 nos
1428 2679 1525 2707 docere
1538 2678 1630 2710 voluit,
1645 2685 1674 2705 se
1689 2685 1741 2704 non
1752 2677 1786 2704 de
1800 2683 1871 2705 terra
1889 2674 1898 2706 ἰ

1074 2731 1130 2758 haec
1143 2729 1243 2761 dicere,
1255 2727 1302 2755 sed
1322 2727 1356 2754 de
1376 2726 1528 2754 hominibus
1540 2731 1620 2752 carne
1633 2724 1747 2755 amictis.
1763 2728 1791 2750 et
1811 2727 1868 2748 ter<

1073 2775 1202 2804 rostribus
1215 2773 1329 2810 negotiis
1339 2779 1397 2800 sese
1410 2776 1480 2800 totos
1492 2770 1715 2807 impendentibus.
1732 2772 1787 2796 Mos
1796 2769 1866 2795 enim

1105 2869 1142 2899 (ai
1158 2866 1332 2892 conscientiam
1343 2865 1378 2890 sic
1390 2864 1519 2896 eleganter
1530 2864 1643 2896 designat
1656 2861 1854 2892 Chrysostomus.
