2058 3123
201 149 256 177 209

202 206 346 240 Scriptura:
369 209 418 236 est,
435 207 463 230 ttt
483 211 553 238 sa-pc
567 203 668 230 caritati
687 207 781 229 vestra:
793 202 858 232 dixi,
878 201 993 228 carnalia

202 252 348 286 sapientes,
364 256 390 277 et
406 249 469 276 nihil
491 249 602 276 sublime
615 249 771 283 cogitantes,
786 249 873 274 carnis
888 248 994 274 nomine

201 297 347 331 appellare,
365 296 432 322 sicut
454 299 481 321 et
503 295 594 321 beatus
608 294 705 321 Paulus
726 293 809 328 inquit
825 301 832 320 :
851 293 900 326 Qui
912 298 993 319 tmtth

201 343 227 368 in
250 350 325 368 cavare
339 346 405 372 sum,
424 341 476 367 Deo
498 341 595 375 placere
618 349 668 366 non
690 344 793 374 possunt
813 339 898 372 (Rom.
913 339 938 366 8.
954 338 992 374 8).

203 388 270 421 Quid
285 387 382 422 igitur?
402 395 453 413 ttutt
467 386 513 413 fuit
527 386 552 412 itt
568 393 647 412 carne
659 391 686 412 et
701 386 722 412 is
735 385 779 419 qtti
801 386 857 412 hate
870 385 994 412 dicebat?

202 434 259 461 Non
275 434 326 460 hoc
348 433 424 464 dixit,
441 432 510 466 quod
533 432 576 466 qui
600 438 680 458 carne
701 431 855 458 circumdati
875 430 927 457 sint
940 430 994 457 Deo

203 480 306 515 placere
329 487 381 506 non
396 479 508 514 possint,
531 478 577 505 sed
593 478 626 504 de
649 477 680 504 iis
697 477 812 511 loqttitur
836 477 880 512 qui
895 476 994 503 ttullattt

202 525 305 554 virtutis
319 525 447 552 rationem
465 524 574 556 habent,
591 528 618 550 et
634 522 698 550 nihil
710 523 759 550 nisi
773 523 878 549 carnale
891 523 995 557 sapien-

203 577 257 602 tes,
272 571 359 598 carnis
388 570 536 604 voluptates
560 574 704 601 sectantur,
729 569 878 602 nullamque
900 568 995 595 anima:

203 617 366 651 ineorporcat
381 620 408 643 et
430 615 573 650 spiritualis
594 623 684 641 cttrattt
705 620 808 650 gerunt.
830 613 919 649 Itaque
934 614 993 648 quia

203 662 281 689 dictis
302 662 359 689 istis
380 661 467 688 ditina
489 661 625 695 Scriptura
645 661 734 688 docuit
754 668 803 687 nos
827 664 994 694 peccatorum

203 708 409 740 multitudinem,
423 707 531 733 malitia:
542 713 691 736 exceSsunt,
702 705 889 740 indignationis
899 705 994 732 divina:

204 754 423 789 magnitudinem,
438 759 465 780 et
478 753 547 787 quod
561 753 595 779 ob
609 752 725 779 studium
742 752 870 779 malorum
884 759 993 786 operum

203 800 285 828 semel
300 805 379 834 atque
395 799 489 826 iterum
512 806 543 825 ac
567 799 646 826 tertio
672 803 768 825 terram
795 805 841 825 cos
863 798 907 832 qui
933 802 995 824 tunc

205 845 328 872 vivebant
351 845 543 876 nominaverit,
570 843 710 878 carnisque
731 844 838 870 nomine
863 843 995 870 vocaverit

203 891 329 926 spoliatos
353 890 501 916 communis
523 895 624 916 natura:
646 888 793 916 vocabulo:
812 896 880 915 nunc
896 896 942 921 per
964 896 994 915 ea

203 945 263 972 qua:
276 937 374 969 subdit,
392 936 550 963 iueﬂ‘alulcnt
576 936 620 963 [lci
635 935 854 967 miscricordiam,
869 940 895 961 et
911 935 996 961 indul-

203 982 298 1017 gentia:
312 982 369 1016 ejus
384 981 590 1016 magnitudinem
606 979 722 1006 ostendit
734 979 820 1007 nobis.
835 979 903 1013 Quid
924 980 995 1007 enim

204 1028 262 1055 ait?
277 1027 310 1054 Ει
324 1028 387 1054 dixit
402 1027 521 1053 Dominus
536 1027 569 1052 ad
593 1026 656 1052 Noe.

240 1074 266 1101 3.
282 1073 348 1100 Vide
361 1080 490 1099 stnmnant
505 1072 661 1099 bonitatem.
682 1071 816 1106 Siquidem
829 1072 901 1105 justo
915 1071 975 1098 huic
987 1092 994 1104 ,

205 1119 272 1146 sicut
287 1118 388 1146 amicus
402 1118 498 1149 atuico,
519 1117 696 1144 communicat
710 1124 767 1144 cattt
790 1124 894 1151 poenam
916 1124 994 1151 quam

206 1165 320 1191 humano
333 1163 422 1198 generi
437 1168 476 1189 est
489 1163 675 1195 intettlaturus,
691 1166 717 1188 et
731 1162 794 1189 dicit
807 1171 812 1188 ε
829 1162 870 1189 15.
886 1161 995 1196 Tempus

207 1209 286 1236 onmis
301 1209 408 1235 hominis
422 1209 487 1235 venit
506 1216 589 1234 coram
609 1216 656 1234 me.
673 1208 739 1241 Quia
752 1208 855 1242 impleta
875 1212 910 1234 est
931 1212 996 1234 terra

206 1255 329 1290 injustitiu
348 1263 379 1281 to:
390 1255 450 1281 illis.
469 1254 501 1280 Et
524 1263 578 1281 erce
592 1263 636 1289 ego
649 1254 766 1288 disperde
781 1254 838 1281 illos
858 1259 879 1281 et
893 1259 993 1280 terrain.

206 1301 273 1334 Quid
287 1305 326 1327 est
339 1322 346 1331 ,
360 1299 469 1334 Tempus
483 1300 563 1326 onmis
575 1300 682 1326 hominis
695 1300 759 1326 venit
773 1308 857 1326 coram
870 1300 930 1326 me?
945 1299 997 1326 Ma-

206 1356 295 1382 gnam,
314 1347 407 1381 inquit,
428 1347 530 1373 ostendi
557 1346 719 1380 patientiam,
736 1354 857 1381 magnam
882 1346 996 1373 toleran-

208 1394 278 1425 tiam,
306 1393 399 1419 uoletts
424 1392 492 1419 hanc
516 1392 614 1419 inferre
638 1400 753 1426 pinnam,
777 1399 853 1427 quant
877 1392 997 1419 illaturus

207 1447 265 1466 sunt
281 1447 287 1464 :
304 1438 349 1464 sed
365 1437 425 1471 quia
443 1437 582 1464 immodica
600 1443 767 1471 peccatontm
791 1439 892 1464 illorttttt
908 1439 998 1465 mulli-

208 1483 272 1510 tudo
284 1483 308 1509 in
325 1483 374 1510 ltce
397 1487 501 1517 tentpus
515 1491 561 1509 eos
576 1483 695 1515 adduxit,
720 1483 798 1510 linem
815 1483 846 1510 iis
861 1484 998 1518 imponi-re

207 1533 327 1563 oportet,
352 1527 523 1562 exscittdiqtte
542 1528 647 1554 illorutn
674 1528 812 1561 malitiam,
832 1536 865 1556 ne
886 1529 998 1556 ulterius

208 1572 533 1610 progrediaturzTempus
560 1573 650 1604 enim,
675 1573 769 1607 inquit,
792 1574 871 1600 omnis
892 1574 998 1601 hominis

209 1621 274 1648 venit
284 1629 368 1646 eorum
389 1628 428 1646 mc
448 1618 522 1655 (Gen.
536 1619 563 1646 6.
587 1618 623 1654 5).
640 1619 706 1646 Vide
721 1624 746 1646 et
759 1619 811 1652 hic,
826 1619 958 1654 quontodo
972 1625 999 1646 ut

208 1666 330 1700 superius
352 1665 466 1696 dicebat,
483 1663 657 1699 Unusquisque
681 1665 784 1700 cogitat,
810 1665 843 1691 ita
860 1670 885 1692 et
909 1673 997 1698 nunc,

210 1711 298 1738 Omnis
309 1711 426 1738 honunis.
440 1710 538 1737 Omnes
551 1710 621 1736 enim
637 1711 816 1742 consentiuttt,
830 1711 861 1738 ad
874 1711 999 1745 iniquita-

209 1762 262 1784 tem
276 1757 484 1791 transfugerunt,
499 1756 592 1790 inquit,
606 1760 632 1782 ct
645 1756 670 1782 itt
685 1760 753 1782 tattta
766 1756 932 1783 tnultitudittc
947 1765 998 1783 ttott

210 1803 321 1830 inveniri
343 1807 430 1837 potest
449 1803 561 1837 aliquis,
576 1802 618 1830 cui
634 1803 738 1829 virtutis
753 1803 784 1829 sit
801 1810 872 1830 cura.
893 1802 1000 1838 Tempus

210 1851 291 1882 enim,
306 1849 399 1883 inquit,
416 1849 496 1876 omnis
515 1849 622 1875 hominis
636 1849 700 1875 venit
720 1857 804 1876 eorum
818 1857 866 1876 me.
882 1849 999 1884 Tempus,

212 1895 262 1922 hoc
271 1899 322 1928 est,
337 1894 443 1922 advenit
457 1899 559 1929 tctttpus
570 1902 622 1929 quo
636 1894 778 1922 secandum
793 1895 852 1927 erit,
868 1899 894 1922 et
907 1895 1001 1922 ulceris

212 1942 329 1976 repentis
341 1941 380 1968 vis
392 1940 594 1976 compescenda.
604 1940 712 1975 Tempus
724 1941 804 1967 omnis
818 1941 925 1968 hominis
937 1941 1002 1967 venit

212 1995 298 2014 coram
313 1995 350 2013 me
365 1994 374 2013 .'
389 1987 462 2022 quasi
477 1993 555 2013 nemo
570 1985 680 2019 videret,
695 1986 878 2020 rationemque
891 1986 1002 2013 delicto-

213 2040 272 2059 runt
287 2032 320 2059 ab
333 2031 397 2065 ipsis
410 2035 553 2058 exacturus
567 2035 647 2064 esset,
663 2031 701 2058 sic
714 2038 772 2058 sese
786 2031 862 2057 malis
880 2031 1002 2065 operibus

213 2079 416 2113 manciparttnt,
440 2086 492 2106 non
515 2078 660 2112 cogitantes
681 2078 751 2112 qttod
771 2085 812 2104 me
833 2077 898 2105 nihil
921 2078 1003 2105 latere

215 2129 304 2160 queat,
327 2124 371 2158 qui
383 2124 464 2150 vitam
486 2123 653 2158 animamque
675 2127 701 2150 et
714 2130 810 2157 corpus
823 2123 893 2154 dedi,
916 2127 1004 2157 totque

215 2171 283 2198 bona
299 2169 471 2204 suppeditavi.
488 2169 597 2204 Tempus
620 2169 698 2204 igitur
715 2170 794 2196 omnis
816 2169 922 2196 hominis
941 2170 1005 2196 venit

215 2224 298 2242 (oram
313 2223 360 2241 me.
380 2215 444 2242 Dein
458 2214 531 2249 quasi
546 2214 738 2247 satisfacturos,
753 2214 934 2249 rationemque
947 2215 1007 2241 red—

216 2262 320 2289 diturus
337 2261 419 2295 justo,
440 2260 574 2296 quomodo
593 2261 674 2287 nimia
700 2264 867 2294 peccatorum
880 2261 1007 2295 gravitate

217 2316 249 2335 ac
263 2307 432 2335 multitudine
454 2314 482 2334 se
497 2306 530 2333 ad
545 2311 643 2333 tantam
657 2306 862 2340 indignationem
878 2314 1007 2341 provoca-

218 2355 281 2386 rittt,
295 2354 331 2381 ait
347 2362 353 2380 :
371 2353 435 2386 Quia
448 2353 552 2388 impleta
564 2358 599 2380 est
613 2358 677 2380 terra
689 2353 811 2388 injustitia
825 2361 856 2379 ex
865 2352 925 2380 illis.
941 2353 1007 2380 Num

219 2399 423 2434 prmtcrtttissutn
438 2403 478 2426 est
487 2398 596 2433 aliquid,
610 2398 703 2433 inquit,
716 2398 748 2424 ab
760 2399 807 2428 eis,
821 2397 890 2432 quod
903 2398 935 2425 ad
947 2405 1008 2433 pec-

218 2450 305 2473 catum
320 2445 457 2472 tenderet?
468 2444 577 2471 Tantam
589 2444 695 2470 malitia:
706 2443 910 2478 magnitudinem
920 2444 1010 2472 videre

220 2491 293 2524 licet,
307 2495 335 2517 ut
347 2495 373 2517 ct
386 2490 555 2524 superel'lluat
575 2495 601 2517 ct
615 2490 740 2522 exundet,
757 2495 890 2524 totamque
913 2495 1009 2519 terram

221 2536 329 2571 impleat
341 2544 347 2561 :
361 2539 498 2570 propterea
509 2540 535 2562 et
547 2535 605 2562 illos
617 2534 751 2569 disperdo,
765 2539 792 2561 et
806 2540 901 2561 terram
915 2535 997 2569 ipsam

222 2582 298 2615 Ecce,
312 2583 406 2616 inquit,
423 2589 467 2616 ego
479 2581 597 2615 disperde
611 2581 670 2608 illos
681 2585 703 2607 et
718 2585 819 2607 terram.
834 2581 890 2614 Qua
910 2581 1011 2615 priores

222 2628 271 2662 ipsi
288 2627 364 2654 malis
378 2626 432 2653 suis
445 2626 569 2661 operibus
583 2626 684 2660 seipsos
698 2630 876 2660 corruperunt
890 2635 896 2652 :
913 2626 1013 2653 idcirco

223 2672 372 2708 generalem
395 2671 531 2698 interitum
557 2671 688 2701 inducam,
711 2670 856 2705 dcleboque
874 2671 945 2704 ipsos
966 2678 1011 2705 pa-

224 2718 288 2745 riter
301 2722 381 2752 atque
393 2722 501 2749 terram,
513 2721 540 2743 ut
553 2715 733 2751 purgationem
749 2716 858 2750 accipiat
870 2719 949 2748 terra,
961 2720 988 2742 et
998 2722 1012 2742 a

225 2768 261 2790 tot
277 2768 444 2797 peccatorum
469 2762 578 2789 maculis
596 2761 763 2789 emundctur.
786 2760 887 2796 Cogita,
902 2768 992 2796 quatsu
1005 2781 1012 2793 ,

226 2808 295 2841 quali
313 2812 376 2835 tunc
390 2807 472 2835 fuisse
494 2807 583 2834 animo
595 2806 692 2841 justum
708 2806 785 2834 istutn
808 2805 949 2832 verisimile
962 2810 1012 2836 est,

225 2847 287 2878 cum
301 2853 356 2880 lucc
369 2861 382 2880 ιι
399 2852 510 2880 Domino
528 2851 646 2879 audiret?
660 2851 726 2878 Nam
747 2851 807 2880 licet
820 2851 909 2879 multa:
930 2851 1013 2878 virtu—

752 145 785 174 ῐΝ
804 145 880 173 CAP.
902 143 944 171 Vl.
966 145 1088 172 GENES.
1111 145 1225 172 HQMIL.
1247 146 1342 174 XXIV.

1160 153 1225 172 “ll...
1248 153 1342 174 λιιι.
1790 153 1840 180 Eltl

1052 201 1084 228 tis
1100 201 1148 228 sibi
1164 202 1284 229 riouscius
1297 208 1383 236 esset,
1401 211 1452 231 nott
1463 211 1551 233 tamen
1568 206 1669 242 absque
1680 208 1772 238 dolore
1783 221 1840 247 qua:

1045 247 1199 274 dicebantur
1218 249 1327 283 accepit.
1353 249 1392 276 Ad
1406 250 1572 279 dilectionem
1595 255 1664 280 enim
1681 264 1840 291 propensum

1045 297 1085 318 est
1108 294 1237 326 justorum
1253 302 1335 328 genus
1347 315 1354 327 ,
1368 301 1394 322 et
1408 303 1454 330 pro
1467 295 1578 324 aliorum
1597 300 1751 335 salutejnsti
1766 312 1839 338 quiu-

1045 337 1220 370 quelibcnlcr
1244 339 1350 366 terenda
1364 340 1540 375 susciperent.
1566 344 1623 376 Qtto
1655 346 1732 380 igitur
1746 336 1840 376 aliectu

1047 382 1126 410 fuisse
1148 385 1291 412 verisimile
1315 391 1354 412 est
1371 387 1499 414 eximium
1523 389 1594 416 illuni
1616 391 1699 418 virum
1713 413 1719 424 ,
1744 396 1840 422 cumin

1055 436 1143 457 uten'e
1157 437 1203 457 sua
1217 432 1333 458 ontttiunt
1349 432 1482 460 interitum
1505 440 1530 461 et
1548 436 1628 462 totius
1641 441 1742 464 natura:
1753 442 1838 473 perni-

1046 475 1112 502 cicnt
1136 481 1268 509 versaret,
1292 482 1318 504 et
1338 478 1455 505 fortassis
1476 487 1524 506 nec
1548 481 1597 507 sibi
1625 481 1674 516 ipsi
1696 483 1840 516 jucundum

1046 521 1178 555 quidpiam
1194 521 1379 556 pollieeretur?
1390 524 1510 552 Nondum
1526 526 1595 552 cttint
1609 527 1733 561 quiddam
1748 529 1780 555 de
1791 529 1843 557 hac

1046 575 1074 593 re
1085 572 1247 602 compertunt
1260 569 1384 596 habebat.
1392 569 1422 597 Ut
1431 571 1509 605 igitur
1520 577 1607 599 mente
1616 581 1667 599 non
1681 574 1841 607 turbaretur.

1046 613 1090 640 sed
1105 622 1209 648 parvam
1222 615 1361 649 quamdam
1375 617 1580 644 consolationem
1592 618 1617 645 in
1633 623 1702 646 tanta
1720 621 1842 648 ntmroris

1046 660 1225 693 magnitudine
1246 661 1367 695 accipere
1390 667 1496 695 posset,
1518 668 1655 698 postquam
1680 665 1841 693 docuit'enm

1046 705 1151 731 malitias
1167 706 1269 733 illorttttt
1283 707 1448 741 gravitatem,
1459 716 1489 735 ac
1505 713 1607 743 tempus
1626 718 1731 744 urgere,
1745 717 1772 738 ιιι
1782 720 1839 746 pro.

1047 750 1125 777 fnitda
1142 751 1178 778 illi
1199 753 1317 780 sectione
1330 753 1494 787 incidantur,
1508 755 1569 782 dicit
1590 756 1613 782 ei
1632 765 1637 782 τ
1653 756 1714 784 illos
1735 757 1841 792 quidem

1046 798 1193 824 comntnnis
1208 798 1337 832 pernicies
1348 799 1460 834 excipiet
1476 809 1481 826 :
1500 801 1540 828 l4.
1555 801 1591 828 Tu
1611 810 1667 829 vero
1679 803 1721 837 [ac
1731 804 1774 830 tibi
1794 804 1844 838 ipsi

1046 851 1140 868 tn'cttm.
1154 843 1220 876 Quid
1240 848 1290 876 est,
1305 843 1341 870 Tu
1353 846 1429 872 vero?
1439 846 1503 878 Quia
1517 855 1566 873 non
1580 849 1779 876 contmnnit-asti
1794 859 1841 876 co-

1046 895 1103 913 rtntt
1113 888 1246 922 nequitiae,
1258 889 1303 915 scd
1312 897 1417 916 ontncnt
1430 891 1455 917 itt
1464 891 1601 919 virlnlibus
1612 893 1690 920 vitam
1701 902 1723 927 p2
1734 895 1822 929 registi
1834 903 1840 920 :

1047 933 1106 960 ideo
1129 933 1174 960 tibi
1194 933 1312 968 impero,
1325 940 1353 962 ιιι
1374 940 1494 963 cxstruas
1514 945 1601 964 arcam
1627 937 1666 964 Ea:
1685 939 1759 974 lignis
1777 948 1839 974 qutt-

1047 979 1125 1005 tlrntis
1148 979 1308 1015 incorruptis.
1332 980 1524 1009 Manu‘ttnculas
1541 991 1584 1018 per
1611 992 1695 1009 arcum
1717 984 1806 1019 facies,
1820 989 1840 1012 et

1046 1024 1182 1060 glutinubis
1203 1026 1352 1052 intrinsecus
1377 1031 1400 1053 et
1419 1027 1570 1055 extrinsecus
1592 1037 1646 1056 eum
1665 1030 1840 1058 bitumineJEj.

1048 1071 1088 1098 Sit
1098 1076 1181 1098 nutent
1194 1077 1357 1099 trecentorum
1369 1073 1507 1100 cubitorum
1520 1074 1649 1110 longitudo
1660 1096 1666 1108 ,
1686 1082 1707 1102 et
1719 1077 1841 1111 quinqua-

1047 1117 1116 1152 ginta
1136 1117 1242 1144 latitudo
1252 1138 1258 1150 ,
1274 1123 1295 1144 ct
1310 1119 1412 1153 triginta
1424 1119 1561 1146 cubitorum
1576 1121 1692 1147 altitudo.
1710 1123 1751 1149 16.
1762 1122 1840 1148 Colli-

1047 1171 1107 1198 gens
1125 1163 1201 1198 facies
1213 1169 1338 1196 tu'cant,et
1348 1165 1373 1191 in
1391 1166 1499 1191 cubitant
1512 1168 1694 1194 consummttbis
1705 1168 1759 1203 ejus
1769 1177 1838 1195 simt-

1049 1209 1157 1235 mitutem
1170 1218 1179 1241 ;
1192 1210 1299 1245 januam
1310 1216 1392 1237 autem
1403 1211 1480 1245 fucirs
1498 1221 1512 1238 a
1527 1213 1601 1239 luttro
1613 1234 1620 1245 ,
1635 1213 1755 1240 cubiculis
1774 1214 1843 1240 bicu-

1048 1255 1158 1286 merulis,
1176 1260 1198 1282 et
1216 1257 1380 1283 tricumeratis
1401 1257 1478 1291 facies
1501 1266 1565 1284 ιναιιι.
1589 1258 1731 1286 Considera
1757 1259 1842 1286 indul-

1047 1301 1163 1336 gentiam
1180 1301 1241 1335 Dei,
1257 1305 1284 1329 et
1307 1302 1466 1330 ineiiabilent
1488 1303 1609 1331 vittuiem
1623 1304 1845 1332 misetieordiatn-

1048 1355 1100 1382 que
1114 1354 1219 1374 onmem
1234 1347 1360 1374 rationem
1375 1351 1468 1375 trausc.
1480 1348 1514 1375 ttd
1533 1353 1615 1376 nlcm.
1630 1348 1713 1376 Simul
1727 1349 1844 1376 declarat

1048 1397 1075 1420 et
1090 1401 1164 1419 suam
1184 1400 1245 1427 erga
1258 1393 1357 1427 justum
1368 1395 1442 1428 βιοιὶ
1453 1394 1573 1426 lentiam,
1588 1399 1616 1421 ut
1631 1395 1739 1422 lalnicet
1755 1404 1843 1422 arcam

1050 1438 1085 1465 illi
1100 1439 1231 1473 imperans
1247 1447 1255 1465 :
1272 1439 1398 1466 ordinans
1409 1447 1450 1472 ,ue
1473 1439 1576 1466 inn-tim
1598 1441 1704 1467 tttodntn
1717 1441 1742 1468 in
1764 1449 1843 1475 quem

1049 1485 1224 1511 construenda
1236 1505 1242 1515 ,
1253 1493 1347 1519 nempe
1363 1486 1388 1512 iu
1403 1494 1481 1519 quam
1505 1487 1537 1512 lo:
1549 1486 1692 1521 gitudinem
1704 1508 1710 1517 ,
1727 1487 1844 1515 laIitudi-

1050 1537 1109 1556 nem
1130 1534 1155 1555 rt
1170 1529 1374 1563 sublimitatem,
1389 1536 1414 1557 et
1428 1531 1568 1557 maximam
1589 1532 1611 1558 ei
1636 1532 1844 1560 consolationem

1049 1574 1125 1602 aliert
1134 1596 1139 1607 ,
1149 1583 1222 1609 spent
1229 1575 1321 1603 salttlis
1333 1583 1378 1610 per
1385 1584 1452 1602 arca‘
1461 1584 1519 1602 run-
1527 1577 1682 1603 tractionem
1691 1577 1844 1609 ostendens,

1051 1619 1109 1646 illos
1123 1628 1227 1654 qttoque
1239 1621 1282 1654 qui
1297 1621 1473 1655 tantgratitcr
1491 1622 1657 1655 portaverint
1676 1621 1846 1649 fabricatione

1050 1673 1118 1693 arca:
1137 1665 1273 1693 admoneri
1300 1667 1407 1698 volens,
1424 1671 1450 1693 tit
1470 1675 1560 1694 secum
1581 1669 1725 1702 cogitarent
1739 1676 1796 1702 qua:
1810 1668 1846 1696 l'e-

1051 1712 1166 1742 cissent,
1187 1711 1419 1746 rcsipiscendoquc
1441 1713 1646 1747 indignationem
1667 1721 1719 1740 non
1738 1715 1846 1749 experi-

1051 1761 1151 1784 rentur.
1167 1757 1256 1791 Neque
1271 1759 1340 1784 enitn
1354 1766 1461 1792 parvmn
1477 1758 1528 1785 ill.s
1548 1763 1651 1793 tempus
1662 1759 1749 1786 dettuo
1757 1759 1788 1786 ad
1802 1767 1845 1787 re-

1052 1802 1228 1836 sipisccntiant
1243 1810 1397 1830 concessum
1410 1808 1452 1830 est.
1465 1811 1511 1837 per
1522 1811 1590 1831 arca:
1603 1805 1824 1832 constructionem
1839 1815 1845 1831 :

1052 1848 1098 1875 sed
1119 1848 1195 1883 plane
1212 1849 1323 1876 multttttt
1341 1855 1367 1876 et
1389 1849 1523 1877 sufliciens
1542 1849 1647 1883 fuisset,
1662 1850 1710 1877 nisi
1725 1851 1791 1878 adeo
1806 1851 1846 1877 itt-

1051 1895 1117 1929 grati
1134 1894 1243 1921 fuissent
1257 1900 1283 1921 et
1303 1895 1400 1929 stupidi
1412 1895 1444 1922 ad
1459 1900 1606 1922 erratorum
1625 1896 1844 1923 emendationem.

1053 1939 1181 1967 Parenint
1195 1944 1265 1971 erat,
1276 1940 1393 1974 singulos
1407 1948 1498 1967 eorum
1521 1948 1580 1967 cum
1597 1940 1715 1967 viderent
1732 1941 1843 1974 jllrlllnl'

1053 1985 1097 2019 qui
1118 1984 1388 2011 fabricabatnrarcatn
1402 2005 1409 2016 ,
1424 1993 1530 2012 causam
1539 1986 1742 2012 construtt'ouis
1755 1985 1848 2012 scisci-

1055 2035 1122 2057 tatos
1145 2038 1220 2062 esse,
1236 2035 1263 2058 et
1279 2031 1382 2065 cognita
1409 2031 1496 2057 divina
1519 2031 1714 2066 indignatione.
1731 2031 1790 2058 inde
1815 2031 1847 2058 ad

1055 2083 1161 2103 sensum
1180 2080 1346 2110 peccatorum
1366 2084 1473 2102 suorum
1486 2076 1590 2108 venire,
1605 2076 1627 2102 si
1638 2076 1849 2110 quidemviiluis«

1055 2127 1123 2150 sent.
1144 2122 1241 2149 Verum
1264 2121 1321 2148 inec
1342 2121 1394 2148 illis
1414 2121 1512 2148 nullam
1528 2121 1668 2148 utilitatem
1692 2122 1848 2154 attulerunt,

1057 2176 1108 2195 ttott
1122 2168 1182 2202 quia
1198 2175 1248 2194 tton
1265 2172 1417 2202 potuerunt,
1431 2166 1478 2193 sed
1489 2167 1549 2201 quia
1563 2167 1713 2193 noluerunt.

1092 2210 1119 2237 4.
1134 2209 1201 2237 Deus
1210 2209 1342 2236 consilium
1353 2217 1424 2235 suum
1443 2208 1497 2235 Noe
1507 2209 1684 2234 communicat.
1701 2208 1752 2235 Cur
1761 2207 1849 2234 Enoch

1058 2256 1194 2283 translatus
1207 2256 1290 2291 fuerit.
1303 2255 1374 2282 Solet
1386 2254 1453 2281 Deus
1468 2259 1568 2289 propter
1573 2255 1657 2290 justos
1668 2262 1766 2281 servare
1776 2253 1848 2281 alios.

1057 2317 1093 2322 —
1108 2302 1188 2337 Igitur
1200 2306 1337 2336 postquam
1351 2301 1383 2328 de
1399 2300 1574 2327 construenda
1587 2308 1647 2327 area
1665 2300 1737 2334 ju~to
1751 2308 1852 2334 prince-

1059 2349 1115 2383 pit,
1135 2347 1310 2374 communicat
1324 2351 1349 2373 et
1364 2350 1453 2373 narrat
1467 2346 1490 2372 ei
1511 2346 1589 2372 ctiattt
1617 2353 1701 2379 ptume
1721 2346 1837 2379 speciem

1059 2401 1137 2428 quant
1153 2393 1272 2419 illaturus
1283 2396 1340 2419 erat
1352 2411 1359 2424 ,
1373 2396 1399 2418 et
1421 2391 1484 2417 dicit
1500 2400 1506 2417 :
1521 2390 1560 2417 Tu
1575 2391 1679 2425 quidem
1693 2389 1760 2417 ltauc
1771 2397 1833 2424 para
1845 2410 1852 2421 ,

1060 2439 1128 2465 sicut
1144 2438 1254 2472 prwcepi
1268 2446 1274 2463 :
1289 2444 1338 2471 ego
1353 2441 1441 2463 autem
1452 2457 1460 2468 ,
1482 2436 1524 2462 tibi
1541 2441 1567 2462 tu
1581 2435 1720 2462 :rdiﬁcitmt
1736 2436 1852 2470 comple-

1061 2484 1130 2510 veris
1142 2503 1150 2516 ,
1165 2484 1244 2510 etiam
1260 2491 1290 2509 ea
1305 2490 1363 2516 quae
1376 2482 1409 2509 ad
1425 2486 1450 2509 te
1464 2481 1576 2508 attinent
1590 2482 1615 2508 itt
1636 2485 1692 2507 tttto
1704 2481 1850 2508 collocabo.

1063 2530 1106 2557 l7.
1120 2529 1173 2564 Ego
1186 2534 1268 2555 autent
1280 2549 1286 2560 ,
1301 2528 1398 2562 inquit,
1411 2527 1529 2554 inducant
1544 2527 1667 2553 diluviunt
1679 2548 1686 2559 ,
1699 2535 1789 2561 aquam
1809 2535 1851 2553 su.

1063 2584 1106 2610 per
1114 2581 1215 2606 terram,
1225 2579 1250 2600 ut
1259 2578 1401 2607 corrumpat
1410 2580 1507 2599 attinent
1517 2579 1627 2603 carnem,
1636 2572 1662 2598 in
1673 2580 1721 2606 qua
1732 2576 1768 2598 est
1776 2572 1853 2606 spiri-

1064 2626 1103 2648 tus
1111 2621 1167 2647 vita:
1176 2619 1259 2646 subter
1269 2618 1367 2650 uelum,
1377 2623 1400 2644 et
1410 2625 1570 2652 (laterumque
1580 2617 1673 2652 fuerint
1681 2625 1756 2651 super
1764 2622 1856 2644 terram

1063 2666 1210 2693 morientur.
1226 2663 1291 2691 Vide
1299 2662 1432 2698 quontodo
1446 2666 1473 2689 et
1487 2669 1532 2696 per
1553 2662 1637 2688 utittas
1651 2661 1765 2688 ostendit
1778 2669 1856 2696 quam

1063 2711 1153 2747 gravia
1164 2710 1200 2736 illi
1214 2709 1388 2744 peccaverint,
1399 2712 1426 2735 et
1436 2707 1521 2742 inquit
1535 2716 1540 2734 :
1553 2707 1656 2734 Etenim
1668 2707 1787 2734 eamdem
1803 2715 1858 2742 pat-

1066 2765 1126 2785 nam
1148 2756 1268 2783 inducam
1286 2759 1337 2781 tant
1359 2753 1551 2785 rationalibus,
1574 2761 1653 2787 quam
1675 2753 1785 2780 rationis
1812 2761 1856 2779 ex-

1067 2801 1193 2837 pertibus.
1207 2800 1272 2834 Quia
1286 2800 1358 2826 enim
1380 2799 1554 2834 principatum
1570 2806 1648 2826 suum
1670 2800 1839 2833 prodiderunt
1850 2819 1857 2829 ,

1068 2854 1094 2877 ct
1106 2849 1132 2876 in
1149 2847 1285 2875 brutorunt
1307 2846 1430 2874 ferociam
1450 2845 1632 2879 declinarunt,
1646 2846 1715 2874 nulla
1739 2846 1789 2874 erit
1804 2853 1858 2880 puu—
