2058 3123
204 101 250 129 BH

196 164 289 185 narum
304 156 460 185 dill'erentia.
481 156 604 184 Iudaeam
625 157 694 184 enim
707 157 829 184 diluvium
848 164 937 190 aqua,
957 159 983 182 ut

197 206 340 234 corrumpat
349 209 448 228 omnem
461 209 578 234 carnem,
589 201 615 228 in
625 210 674 236 qua
687 206 722 229 est
732 202 835 236 spiritus
846 202 901 228 vitae
911 208 986 235 super

194 247 292 273 calum.
308 246 339 273 Et
355 245 473 281 jumenta
486 267 493 279 ,
511 246 612 280 inquit,
630 251 657 273 et
677 247 791 274 volatilia
803 267 810 277 .
825 251 851 274 et
866 246 927 273 fera:
939 266 945 278 ,
959 249 985 272 et

194 291 386 327 quadrupedia,
403 297 430 319 ct
451 299 622 327 quotcumque
643 292 692 319 sub
706 293 774 320 ctelo
794 297 871 324 sunt,
891 299 986 319 consu—

196 342 310 365 tnentur.
327 337 360 364 Et
378 342 406 364 ut
425 337 511 365 discas
527 337 591 364 nihil
615 338 734 364 relictum
759 337 809 370 iri,
834 337 937 371 inquit:
952 335 985 362 Et

194 391 355 418 quacumque
367 388 424 410 sunt
434 391 510 418 super
523 388 614 410 terram
626 405 632 414 ,
649 384 795 410 morientur.
811 382 876 409 Nam
893 381 985 416 puriﬁ-

193 428 296 457 catione
311 429 382 456 orbis
395 436 460 464 opus
476 429 574 462 habet,
594 428 639 456 sed
663 428 713 456 hoc
729 433 753 455 te
765 436 816 455 non
827 427 985 459 conturbet,

195 481 282 508 neque
295 479 409 502 mentem
425 479 495 502 tuam
508 474 660 502 confundat.
673 473 738 500 Nam
750 473 809 508 quia
823 472 900 499 video
916 472 986 499 ulce-

197 526 223 544 ra
239 527 330 546 eoruut
355 519 506 548 incurabilia
520 541 528 552 ,
551 519 645 547 sistere
659 519 719 546 volo
741 518 848 546 malitia:
871 517 985 551 ﬂuenta,

195 567 224 591 ut
237 572 270 592 ne
281 565 445 599 gravioribus
457 565 542 600 poenis
562 564 691 592 obnoxios
705 571 734 592 se
759 563 863 591 l‘aciant.
889 563 986 590 Idcirco

193 611 274 638 etiam
297 619 367 639 nunc
381 619 427 647 pro
449 612 525 639 solita
545 619 603 638 mea
622 611 760 639 clementia
781 610 985 645 indignationem

196 656 311 683 bonitate
322 662 470 692 temperans
479 678 486 688 ,
503 657 580 684 talem
592 664 696 691 potnam
708 656 791 684 inl'ero
801 664 859 690 qua:
870 656 927 683 sine
937 655 986 682 do-

196 702 252 729 lore
267 702 317 734 sit,
333 706 360 729 et
375 710 426 730 non
442 703 581 730 sentiatur.
595 702 685 736 Neque
699 702 768 729 ettim
785 701 816 729 ad
832 701 987 736 magnitudi-

196 754 256 772 nem
272 751 437 780 peccatorum
452 747 491 774 vel
507 746 538 773 ad
555 747 646 773 nterita
661 754 752 774 eorum
767 747 928 782 respiciens,
940 746 986 774 sed

196 791 342 824 pra-videns
361 791 447 818 futura
458 813 465 823 ,
479 797 505 819 et
525 792 572 818 hos
591 792 744 827 congruenti
761 800 838 826 poena
853 792 966 827 plectere
978 813 985 824 ,

195 841 222 863 et
231 841 352 871 posteros
375 837 408 864 ab
430 837 577 871 lutjnsmodi
604 837 718 871 pernicie
739 838 850 864 liberare
866 837 934 865 rolo.
949 837 988 865 Ne

196 882 274 916 igitur
295 888 405 910 mmstus
421 883 475 916 sis,
492 891 558 910 neve
580 883 692 910 turberis
710 883 767 911 lucc
788 884 906 911 audiens.
922 884 987 911 Nant

195 927 245 954 etsi
265 928 302 955 illi
322 928 427 963 dignam
455 929 569 963 peccatis
583 929 638 956 suis
657 937 759 963 pmnant
777 929 865 962 luent,
880 929 925 956 sed
944 929 985 956 18.

196 972 312 1000 Statuunt
332 978 503 1001 testamentum
519 983 601 1001 meum
624 981 715 1003 (count.
741 975 870 1008 Quoniam
896 983 988 1003 omnes

198 1019 298 1052 priores
314 1019 434 1054 indignos
452 1027 511 1047 sese
525 1021 703 1054 pratstitemut
714 1042 720 1053 ,
735 1029 819 1054 tteque
833 1020 866 1048 dc
881 1020 989 1048 manda-

198 1065 229 1092 tis
245 1065 311 1092 meis
333 1065 400 1093 bene
414 1071 576 1100 senserunt,
597 1071 682 1093 tecum
699 1067 806 1101 posthac
819 1071 930 1093 statuam
949 1071 988 1093 te-

199 1115 462 1139 stamentummeum.
475 1112 577 1138 Etenim
586 1112 772 1147 protoplastus,
786 1117 845 1147 post
857 1117 892 1140 tot
905 1113 989 1140 bette-

199 1155 257 1183 licia
278 1156 459 1190 deceptionetn
476 1164 567 1191 passus
580 1177 585 1188 ,
600 1157 722 1184 ntandata
735 1165 793 1184 mea
809 1161 990 1192 transgressus

197 1206 238 1229 est
252 1210 258 1228 :
274 1207 300 1229 et
310 1203 353 1237 qtti
364 1210 397 1230 ex
409 1202 455 1229 illo
470 1207 545 1229 natus
555 1207 605 1235 est,
621 1203 677 1237 ipse
688 1203 714 1229 in
728 1203 796 1230 idem
810 1203 915 1230 ntalitim
930 1211 989 1237 pro-

199 1247 307 1275 l‘ttndnm
323 1248 428 1281 incidit;
445 1248 514 1275 unde
527 1253 553 1275 et
566 1248 717 1275 continuam
732 1256 792 1275 cttm
804 1249 990 1277 maledictionc

200 1300 304 1325 umnam
321 1292 432 1328 accepit.
458 1293 553 1320 Verum
579 1300 664 1328 neque
688 1293 758 1320 illius
781 1295 867 1329 pontis
892 1295 988 1329 posteri

197 1339 390 1366 emendatiores
412 1339 472 1366 facti
493 1343 570 1372 sunt,
584 1339 630 1366 sed
650 1339 717 1366 mala
732 1347 779 1367 sua
802 1340 836 1367 ita
851 1347 990 1368 euacerra-

201 1388 258 1410 runt
288 1404 295 1416 ,
311 1388 340 1410 ut
364 1387 391 1411 et
409 1383 576 1418 genealogias
594 1384 709 1418 ipsorum
724 1385 906 1419 reprobarem.
923 1385 992 1413 Sane

199 1433 255 1462 post
269 1429 325 1456 ltatc
340 1433 368 1456 ut
381 1429 468 1456 inveni
487 1429 577 1456 Enoch
589 1451 595 1462 ,
610 1430 654 1464 qui
670 1429 772 1457 virtutis
784 1430 923 1465 imaginem
933 1438 991 1458 ser-

198 1475 282 1508 vavit,
307 1475 366 1510 quia
386 1475 461 1502 valde
479 1475 543 1502 ntihi
564 1483 640 1502 carus
651 1474 787 1508 fuit,eum
805 1476 890 1503 vivutn
908 1479 992 1502 trans-

200 1522 246 1549 tttli
259 1542 267 1554 ,
291 1525 440 1548 monstrans
451 1521 573 1548 otttnibus
596 1521 701 1548 virtutis
714 1521 859 1548 cultoribus
880 1526 991 1555 quantas

201 1566 337 1594 mercedes
349 1571 375 1593 et
386 1566 571 1593 retributiones
590 1566 778 1600 adipiscantur,
800 1571 826 1593 et
840 1567 949 1600 cupiens
964 1571 992 1594 ut

198 1611 285 1639 caeteri
311 1611 381 1638 illitts
395 1611 541 1638 imitatores
555 1612 646 1638 lierettt
656 1631 664 1644 ,
680 1612 852 1646 eamdemque
865 1612 932 1638 viant
954 1611 992 1638 in.

198 1657 379 1692 gredercntur.
394 1655 524 1683 Cancrum
535 1657 596 1691 quia
607 1677 613 1688 ,
628 1657 687 1683 aliis
702 1657 824 1684 omnibus
835 1661 924 1691 postea
938 1664 993 1683 ma-

201 1703 282 1730 litiam
305 1703 484 1736 sectantibus,
499 1708 524 1729 te
536 1703 620 1730 solutn
639 1703 728 1729 inveni
745 1703 769 1730 itt
786 1707 855 1729 tanta
879 1703 996 1730 multitu-

201 1750 280 1780 dine.
310 1749 352 1784 qui
366 1749 441 1784 primi
469 1748 584 1783 parentis
605 1749 839 1783 transgressionem
867 1755 992 1775 revocare

199 1794 304 1828 possis,
335 1799 419 1822 tecum
445 1798 556 1820 statuam
587 1797 772 1820 testamentum
799 1801 896 1820 nteutn.
927 1792 991 1819 Nam

203 1842 277 1868 bona:
291 1845 342 1867 tua:
352 1841 411 1867 vita:
421 1847 500 1874 opt-ra
512 1839 649 1867 declarant
660 1839 763 1866 ﬁdelem
776 1844 800 1865 te
810 1839 835 1865 in
847 1838 992 1873 suscipien-

199 1888 239 1914 dis
262 1887 391 1914 mandatis
405 1887 480 1915 uteis.
498 1887 613 1920 Denique
629 1893 661 1913 tte
680 1886 766 1912 adhuc
778 1885 864 1919 justus
879 1885 935 1911 lucc
947 1893 994 1911 au-

201 1934 276 1960 dietts
291 1937 400 1960 maereat
410 1953 417 1966 ,
433 1933 505 1966 quasi
519 1931 815 1966 solusipscltberandus
828 1930 882 1963 sit,
898 1930 991 1957 iterum

200 1979 379 2006 consolatione
404 1985 463 2004 eunt
475 1998 481 2010 ,
497 1982 526 2004 ut
539 1977 641 2008 dicant,
666 1976 819 2003 demulccns
829 1995 836 2006 ,
851 1974 933 2002 dicit:
948 1973 994 2000 Iu-

200 2026 318 2060 gredieris
332 2030 415 2051 autent
426 2025 452 2051 in
471 2032 555 2050 arcam
570 2028 610 2056 tu,
627 2028 649 2050 et
660 2022 707 2058 ﬁlii
727 2022 762 2048 tui
775 2041 781 2053 ,
794 2026 816 2047 et
831 2029 895 2047 uxor
907 2025 959 2052 tua,
972 2024 993 2045 et

200 2080 291 2101 uxores
304 2071 413 2105 ﬁliorum
433 2075 542 2097 tuorum.
558 2069 623 2096 Nam
650 2069 710 2096 licet
733 2067 843 2094 multum
857 2073 870 2092 a
898 2066 994 2092 virtute

200 2118 263 2151 justi
278 2117 346 2144 illius
359 2116 505 2147 ablueriut,
519 2114 597 2142 alieni
611 2119 697 2141 tamen
711 2117 786 2140 erant
801 2121 814 2138 a
830 2110 994 2146 gravioribus

201 2163 306 2190 illorum
331 2161 455 2196 peccatis.
475 2160 548 2188 Alias
559 2166 664 2194 quoque
676 2158 709 2185 ob
723 2157 790 2185 duas
807 2157 886 2183 hasce
901 2163 995 2183 causas

201 2208 287 2236 salute
307 2207 381 2242 potiti
395 2211 465 2234 sunt.
481 2205 555 2238 Una,
568 2205 593 2232 in
608 2204 735 2231 honorem
748 2203 821 2237 justi.
838 2201 910 2229 Solet
923 2201 993 2228 enim

201 2255 318 2282 clemens
337 2253 406 2280 Deus
420 2252 547 2278 honorem
562 2250 632 2277 hunc
652 2249 715 2276 dare
728 2249 811 2275 servis
823 2247 878 2274 suis
888 2268 894 2279 ,
908 2251 936 2274 ut
946 2254 992 2274 co-

203 2306 260 2325 rum
275 2297 358 2333 gratia
372 2301 399 2324 et
418 2296 462 2324 alii
476 2296 586 2323 salutem
611 2293 806 2320 nauciscantur.
824 2291 851 2318 ld
874 2291 942 2326 quod
969 2297 996 2318 et

204 2345 280 2372 beato
302 2342 382 2370 Paulo
402 2348 558 2369 concessum
571 2343 626 2372 est,
648 2338 774 2372 magistro
788 2337 826 2364 illi
850 2337 935 2369 orbis,
952 2337 995 2371 qui

204 2390 300 2425 ubique
313 2396 367 2416 sua:
380 2387 506 2415 doctrina:
519 2385 605 2412 radios
620 2384 769 2414 emittebat.
779 2384 999 2419 Quandoquidem

203 2443 263 2464 cum
286 2434 330 2463 ille
343 2434 452 2461 Romam
468 2431 622 2465 navigaret,
637 2435 693 2456 orta
716 2430 740 2455 in
761 2429 825 2455 mari
841 2433 997 2463 tempcsmte

205 2487 298 2515 magna
309 2500 315 2512 ,
331 2479 366 2505 ita
379 2483 406 2505 ut
417 2483 511 2504 omnes
529 2475 607 2502 saluti
621 2481 676 2500 sua:
690 2474 825 2505 timerent,
847 2474 997 2508 nullamque

205 2527 300 2554 bonam
310 2531 383 2559 spem
395 2526 502 2556 propter
516 2519 637 2554 procellae
647 2518 839 2546 vehementiam
850 2517 977 2545 haberent
990 2540 996 2552 ,

205 2571 306 2601 vocatis
319 2569 441 2597 omnibus
457 2567 520 2594 dicit
532 2575 538 2593 :
554 2565 624 2592 Bono
637 2566 720 2591 animo
735 2569 811 2591 estote
822 2586 829 2598 ,
844 2565 900 2591 viri.
913 2565 997 2591 Amis-

205 2617 243 2645 εῑο
259 2616 325 2644 enim
337 2614 427 2641 anian
436 2612 529 2639 nullius
542 2612 587 2638 erit
597 2619 628 2638 ex
640 2611 710 2637 nobis
719 2631 726 2642 ,
744 2615 907 2644 prwterquant
918 2610 996 2637 navis.

208 2662 309 2690 Adstitit
320 2662 384 2687 enim
397 2658 457 2685 nti/ti
476 2658 523 2686 hac
537 2661 606 2684 nocte
618 2656 667 2683 Dei
678 2676 684 2687 ,
700 2655 772 2690 cujus
786 2663 841 2682 sum
862 2660 885 2682 et
900 2655 940 2681 cui
955 2654 998 2681 tle-

207 2708 286 2735 scrvio
298 2726 306 2737 ,
319 2704 422 2740 angelus
436 2703 520 2730 dicens
537 2710 546 2729 :
559 2701 600 2729 Ne
619 2702 717 2733 timeas,
738 2700 819 2727 Paule
834 2708 843 2727 :
857 2701 924 2727 dedit
937 2700 1000 2726 enim

210 2753 255 2780 tibi
270 2751 336 2778 Deus
352 2758 436 2780 omnes
451 2750 493 2784 qui
513 2753 593 2776 tecum
612 2748 729 2781 navigant
745 2746 811 2781 (Act.
826 2746 871 2776 27.
886 2746 999 2781 23—24).

214 2795 306 2826 Vidisti
319 2795 452 2831 quomodo
466 2795 547 2821 virtus
561 2793 608 2820 viri
631 2793 744 2820 salutem
767 2791 819 2819 illis
830 2790 1000 2819 conciliavit?

555 99 582 128 S.
603 98 741 127 JOANNIS
759 96 995 128 CHRYSOSTOMI
1018 97 1174 126 ARCHIEP.
1196 98 1461 128 CONSTANTINOP.

1774 101 1826 128 2i!

1043 155 1096 181 imo
1123 162 1176 181 non
1202 155 1286 183 virtus
1301 161 1418 189 tantum,
1437 155 1484 183 sed
1509 159 1535 182 et
1557 156 1695 183 clementia
1710 156 1825 185 Domini.

1039 200 1123 227 Simili
1149 201 1228 228 modo
1248 206 1274 228 et
1296 202 1346 229 hoc
1369 201 1426 228 loco
1442 201 1538 228 factum
1551 206 1609 234 est,
1626 205 1651 228 et
1666 200 1722 228 haec
1742 202 1824 236 prima

1039 253 1117 273 causa
1134 246 1182 274 luit
1196 256 1201 273 :
1216 247 1297 275 altera
1311 255 1375 275 vero
1401 248 1449 275 ista
1465 257 1471 274 :
1486 247 1591 275 volebat
1612 247 1767 276 fermentum
1778 249 1827 274 ali-

1039 291 1109 325 quod
1125 296 1151 318 et
1162 292 1275 320 radicetn
1290 294 1322 319 ad
1337 292 1498 327 posteritatis
1509 292 1722 320 constitutionem
1743 293 1825 320 relin-

1039 346 1122 372 quere
1137 347 1142 364 :
1160 346 1211 366 non
1221 339 1290 374 quod
1301 339 1462 373 impossibile
1474 344 1544 366 esset
1554 338 1608 365 Deo
1619 338 1714 365 iterum
1730 338 1827 366 lortna-

1039 391 1068 411 re
1079 383 1223 415 hominem.
1237 389 1264 412 ct
1273 393 1305 412 ex
1321 393 1373 412 uno
1383 385 1486 419 generis
1501 384 1594 411 iterum
1603 389 1771 419 augmentum
1787 384 1825 411 la-

1039 437 1109 461 cere;
1119 430 1164 456 sed
1178 429 1238 464 quia
1251 430 1290 457 sic
1303 430 1350 464 ipsi
1366 430 1449 456 visum
1459 435 1498 456 est.
1507 437 1553 463 pro
1565 429 1641 456 solita
1655 429 1825 463 benignitate.

1074 474 1101 502 5.
1123 474 1236 502 Attende
1251 474 1330 509 igitur
1348 474 1392 501 Dei
1407 474 1549 501 bonitatem
1564 474 1643 501 etiam
1662 482 1708 508 per
1720 482 1750 501 ea
1766 482 1825 508 quae

1039 523 1195 553 sequuntur.
1224 519 1288 546 Nant
1316 520 1383 546 sicut
1407 519 1602 546 interminando
1625 526 1740 553 poenam,
1765 526 1825 546 cum

1040 563 1176 591 hominum
1192 572 1289 599 genere
1303 569 1331 592 et
1343 565 1473 599 jutnenta,
1489 568 1516 592 ct
1529 564 1644 598 reptilia,
1658 569 1685 592 et
1698 564 1824 596 volatilia,

1039 614 1067 637 et
1080 610 1148 637 feras
1166 611 1280 644 peritura
1297 611 1380 638 dixit:
1396 612 1430 637 ita
1446 615 1473 637 et
1486 611 1528 637 hic
1543 611 1759 645 propterjustttm
1775 611 1825 638 imo

1040 660 1124 690 perat,
1139 661 1167 682 ιιι
1182 656 1362 683 ἰιιιτοίιιιςςιιιιι·
1381 656 1406 683 in
1421 664 1508 683 arcani
1528 664 1560 683 et.
1583 663 1742 690 unoquoque
1766 656 1826 683 illo-

1040 710 1097 728 rutn
1112 710 1209 736 genere
1221 710 1267 736 par
1278 710 1370 735 unum,
1383 707 1410 728 ιιι
1422 702 1457 729 sit
1469 709 1560 729 semen
1571 706 1596 729 et
1605 702 1727 736 primitiae
1736 702 1825 729 tnulti-

1041 747 1139 773 tudinis
1154 751 1243 781 postea
1258 747 1361 774 futurte.
1381 746 1423 774 19Δ
1442 746 1474 773 Et
1487 755 1519 774 ea:
1531 747 1655 779 omnibus,
1676 747 1770 781 inquit.
1782 747 1827 782 ju-

1041 793 1138 825 mentis,
1159 797 1182 819 et
1196 801 1228 819 ea:
1244 793 1358 819 euntibus
1376 793 1446 827 feris,
1463 797 1485 819 et
1498 800 1529 818 ea:
1543 793 1611 819 omni
1625 800 1709 825 carne,
1724 792 1782 819 bina
1796 801 1827 820 ex

1040 839 1154 867 omnibus
1165 839 1266 866 induces
1280 839 1305 865 in
1315 847 1410 870 arcam,
1425 844 1451 865 ut
1465 847 1553 874 pascas
1566 839 1635 874 apud
1644 843 1667 865 te
1679 846 1687 870 ,'
1702 839 1828 866 masculus

1040 889 1062 910 et
1073 885 1165 920 femina
1176 889 1256 910 erunt.
1266 883 1310 911 20,
1317 883 1356 911 Ea;
1366 884 1480 910 omnibus
1490 884 1576 911 auibus
1586 884 1727 912 volatilibus
1741 892 1827 911 secun-

1041 930 1100 957 dum
1115 939 1201 965 genus,
1214 935 1236 957 et
1252 938 1282 956 ea;
1295 930 1407 956 omnibus
1417 931 1540 964 jumentis
1553 929 1690 958 secundum
1705 939 1792 965 genus.
1804 935 1827 957 et

1040 984 1071 1002 ex
1085 976 1199 1003 onmibus
1211 975 1339 1010 reptilibus
1351 976 1492 1010 repentibus
1501 984 1575 1010 super
1584 981 1674 1003 terram
1689 977 1826 1005 secundum

1041 1031 1128 1057 genus,
1150 1022 1207 1049 bina
1226 1030 1256 1049 ex
1277 1022 1391 1050 omnibus
1409 1022 1537 1049 intrabunt
1554 1021 1588 1048 ad
1602 1026 1635 1053 te,
1651 1026 1678 1048 ut
1693 1026 1828 1055 pascantur

1042 1067 1111 1103 apud
1131 1068 1296 1101 temetipsum,
1319 1066 1445 1094 ntasculus
1464 1071 1486 1094 et
1501 1067 1604 1101 femina.
1620 1066 1657 1094 Ne
1670 1066 1755 1093 obiter
1770 1066 1828 1093 lucc

1043 1113 1212 1147 prmterieris,
1225 1112 1338 1144 dilecte;
1353 1112 1440 1146 cogita
1455 1116 1580 1146 quantum
1594 1111 1745 1146 pepererinl
1757 1111 1829 1143 justo

1042 1166 1164 1186 curarunt
1185 1158 1337 1190 tumultum,
1358 1158 1481 1193 cogitanti
1499 1157 1568 1192 apud
1588 1165 1616 1184 se
1634 1163 1757 1192 quantant
1771 1156 1829 1183 ltmc

1042 1205 1130 1232 omnia
1142 1212 1231 1231 curam
1246 1204 1392 1238 exigerent.
1407 1203 1466 1230 Non
1481 1203 1551 1231 enim
1569 1202 1718 1230 sufficiebat
1730 1202 1754 1229 ei
1765 1209 1828 1229 cura

1043 1250 1163 1277 mulieris
1182 1254 1208 1277 et
1228 1249 1351 1281 liliorum,
1375 1253 1402 1276 et
1420 1257 1545 1281 nuruum,
1567 1249 1612 1276 sed
1630 1253 1657 1277 et
1679 1248 1828 1276 sollicitudo

1043 1300 1082 1325 tot
1095 1295 1229 1323 brtttorunt
1243 1300 1270 1322 et
1284 1295 1405 1322 educatio
1418 1294 1573 1322 addebatur.
1586 1294 1681 1322 Verum
1695 1294 1828 1328 paulisper

1043 1345 1177 1374 exspecta,
1203 1339 1356 1374 videbisqnc
1380 1339 1426 1366 Dei
1453 1338 1608 1371 bonitatem,
1631 1338 1763 1373 quomodo
1786 1339 1829 1365 itt-

1043 1386 1210 1413 cumbentem
1225 1385 1295 1420 justo
1310 1392 1401 1412 curam
1416 1385 1493 1412 levet.
1507 1384 1552 1412 21.
1567 1383 1605 1410 Tu
1617 1389 1698 1410 autem
1711 1383 1827 1418 accipies,

1044 1432 1137 1467 inqttit,
1162 1431 1204 1458 tibi
1217 1431 1265 1465 ipsi
1279 1431 1311 1457 de
1326 1430 1439 1457 onntibus
1454 1430 1524 1462 cibis,
1538 1430 1568 1456 de
1580 1429 1667 1464 quibus
1683 1429 1828 1460 comeditis,

1044 1483 1066 1504 rt
1082 1477 1245 1513 cangregabis
1257 1479 1326 1510 apud
1341 1476 1459 1510 teipsum,
1475 1480 1497 1502 et
1507 1480 1580 1502 erunt
1598 1475 1641 1502 tibi
1656 1479 1679 1502 et
1692 1475 1742 1501 illis
1755 1474 1780 1501 in
1790 1474 1828 1501 ci-

1045 1525 1112 1551 bum.
1127 1523 1165 1551 Ne
1180 1523 1326 1555 existimes,
1345 1521 1440 1556 inquit,
1455 1521 1609 1549 destitutum
1629 1525 1654 1547 te
1669 1528 1726 1547 mra
1743 1520 1830 1554 provi-

1044 1569 1131 1596 drntia
1149 1568 1273 1602 relinqui.
1297 1567 1363 1594 Ecce
1383 1567 1453 1593 enint
1468 1566 1602 1601 principio,
1617 1570 1645 1592 ut
1659 1573 1718 1599 qua:
1733 1569 1830 1592 vestra:

1045 1615 1175 1642 alimonia:
1190 1614 1334 1646 sufficiunt,
1348 1617 1374 1640 et
1387 1620 1446 1648 qua:
1459 1612 1491 1639 ad
1505 1611 1597 1640 alenda
1608 1611 1682 1639 bruta
1699 1614 1827 1646 spectattt,

1045 1661 1132 1688 omnia
1148 1660 1173 1686 in
1189 1666 1277 1686 arcam
1293 1658 1454 1686 inferantur:
1471 1658 1506 1684 ita
1519 1662 1545 1684 ut
1559 1657 1656 1684 ttullant
1667 1656 1710 1683 vel
1721 1656 1829 1688 fantem,

1045 1706 1085 1733 rel
1108 1705 1245 1740 penuriam
1272 1703 1453 1738 experiamini,
1480 1707 1506 1730 et
1535 1709 1583 1730 nec
1608 1701 1683 1729 bruta
1708 1705 1828 1736 pereant,

1045 1756 1136 1787 utpote
1149 1750 1237 1777 cibum
1250 1757 1300 1776 non
1314 1748 1439 1776 habentia
1451 1748 1500 1774 sibi
1512 1747 1722 1774 convenientem.
1735 1746 1779 1774 2‘2.
1797 1745 1828 1772 Et

1045 1798 1112 1832 fecit,
1129 1796 1222 1831 inquit,
1239 1794 1296 1822 Nae
1312 1795 1396 1822 omnia
1409 1802 1567 1828 quiverunt/uc
1583 1793 1630 1823 sibi
1642 1793 1758 1828 prwcepit
1774 1792 1828 1819 Do-

1045 1843 1128 1869 minus
1140 1840 1261 1875 Deus,sic
1272 1839 1439 1875 ferit.Videas
1452 1843 1477 1866 ct
1489 1838 1531 1865 ltic
1540 1839 1688 1866 euroadutn
1700 1837 1827 1872 amplum.

1047 1887 1128 1920 Fecit,
1144 1887 1237 1922 inquit,
1258 1886 1343 1913 omnia
1359 1892 1519 1919 quwcumque
1533 1884 1650 1919 pra‘cepit
1667 1884 1688 1910 ei
1704 1882 1830 1910 Dominus

1047 1933 1124 1960 Deus.
1143 1932 1201 1960 Non
1221 1931 1291 1959 aliud
1313 1931 1419 1966 quidem
1434 1937 1513 1967 opere
1531 1929 1735 1963 exsequebatur,
1758 1927 1829 1955 aliud

1045 1982 1132 2006 autem
1144 1977 1301 2012 negligebat,
1320 1975 1366 2002 sed
1383 1975 1470 2002 omnia
1485 1983 1543 2010 quae
1558 1979 1687 2010 praecepta
1702 1979 1775 2001 erant
1791 1973 1830 2000 l'c-

1045 2023 1091 2056 cit,
1111 2027 1137 2050 et
1156 2022 1199 2049 Sic
1215 2022 1284 2057 fecit,
1299 2025 1327 2048 ut
1341 2024 1472 2056 praecepta
1485 2025 1561 2047 erant
1572 2021 1595 2048 ei
1609 2028 1616 2051 ς
1631 2020 1695 2046 nihil
1710 2020 1828 2046 intermi-

1046 2069 1091 2101 sit,
1110 2067 1156 2095 sed
1170 2067 1258 2094 omnia
1274 2066 1402 2101 implevit,
1413 2071 1438 2092 et
1452 2065 1576 2100 operibus
1589 2065 1644 2092 suis
1660 2064 1789 2099 probavit,
1802 2071 1831 2090 se

1044 2113 1115 2148 juste
1128 2111 1311 2139 benevolentia
1329 2111 1376 2138 Dei
1390 2110 1524 2145 dignatum
1547 2109 1636 2137 fuisse.
1653 2109 1764 2143 Quantis
1778 2116 1830 2136 non

1047 2158 1153 2185 coronis
1163 2157 1270 2191 dignum
1288 2155 1368 2183 fuerit
1382 2156 1433 2182 hoc
1446 2156 1637 2188 testimonium,
1651 2163 1703 2190 quo
1715 2162 1730 2181 a
1743 2155 1831 2182 divina

1046 2203 1181 2237 Scriptura
1203 2202 1297 2228 fruitur
1309 2201 1396 2236 justus
1410 2201 1473 2227 ille?
1486 2200 1549 2233 Quis
1565 2200 1615 2227 ltoc
1627 2200 1704 2227 luerit
1719 2201 1830 2230 beatior,

1048 2248 1092 2283 qui
1108 2247 1198 2275 omnia
1212 2254 1291 2281 opera
1307 2246 1459 2280 complevit,
1473 2254 1530 2280 quae
1545 2245 1594 2272 sibi
1605 2253 1618 2271 a
1632 2245 1685 2272 Deo
1700 2249 1832 2279 prmcepta

1049 2294 1161 2325 fuerant,
1190 2298 1215 2319 et
1245 2297 1342 2318 tantam
1363 2291 1388 2318 in
1415 2291 1447 2317 iis
1466 2298 1524 2326 quae
1544 2290 1593 2317 sibi
1611 2290 1738 2324 imperata
1757 2294 1830 2317 erant

1048 2338 1225 2366 obedientiam
1241 2336 1406 2364 declaravit?
1423 2336 1455 2362 Et
1470 2339 1497 2362 ut
1520 2336 1588 2362 scias
1604 2339 1700 2369 quanta
1713 2335 1831 2361 omnium

1049 2383 1175 2411 Conditor
1193 2382 1241 2416 ipsi
1260 2380 1364 2416 praefari
1378 2381 1500 2416 dignatus
1512 2381 1556 2412 sit,
1571 2380 1631 2407 audi
1644 2387 1703 2414 qum
1718 2387 1833 2414 sequun-

1050 2433 1102 2456 tur.
1116 2428 1142 2455 1.
1155 2427 1187 2453 ΕΙ
1200 2427 1275 2460 dixit,
1286 2426 1379 2461 inquit,
1392 2425 1516 2452 Dominus
1531 2424 1599 2451 Deus
1608 2425 1641 2450 ad
1657 2423 1729 2451 Noe:
1743 2424 1835 2460 Ingre-

1050 2473 1108 2499 dere
1120 2477 1147 2499 tu
1159 2477 1181 2499 et
1196 2472 1276 2498 omnis
1289 2471 1378 2497 domus
1391 2476 1433 2497 tua
1448 2471 1473 2496 in
1484 2478 1570 2496 arcam
1582 2469 1663 2506 (Cap.
1676 2469 1718 2504 ’1).
1735 2469 1835 2497 Deinde

1052 2524 1080 2545 ttt
1089 2519 1202 2545 sciamus
1213 2517 1298 2551 ipsum
1309 2524 1360 2543 non
1371 2516 1454 2551 gratia
1465 2516 1599 2543 dumtaxat
1608 2515 1707 2550 justutn
1717 2522 1834 2546 servare,

1052 2563 1098 2590 sed
1122 2566 1149 2589 et
1170 2562 1289 2589 laborum
1316 2560 1453 2588 mercedes
1473 2560 1533 2595 ipsi,
1554 2564 1581 2586 et
1603 2559 1708 2586 virtutis
1728 2560 1836 2594 praemia

1053 2609 1177 2640 tribucre,
1200 2608 1273 2635 dicit:
1295 2606 1358 2636 Ideo
1378 2607 1422 2633 tibi
1438 2607 1548 2640 impero,
1563 2611 1590 2632 ut
1607 2610 1633 2632 tu
1648 2610 1674 2632 et
1688 2605 1782 2632 domus
1794 2610 1838 2632 tua

1052 2654 1140 2680 omnis
1154 2653 1180 2679 itt
1195 2659 1282 2679 arcam
1297 2651 1491 2686 ingrediamini,
1510 2650 1575 2684 Quia
1588 2655 1610 2676 te
1620 2650 1670 2676 vidi
1682 2650 1780 2683 justum
1793 2658 1839 2676 co-

1053 2707 1108 2726 ram
1121 2706 1159 2724 me
1172 2697 1198 2724 in
1214 2697 1372 2733 generatione
1390 2696 1448 2722 ista.
1469 2695 1590 2730 Magnum
1612 2699 1639 2722 et
1661 2694 1712 2721 fide
1730 2694 1838 2728 dignum

1055 2744 1245 2773 testimonium.
1260 2742 1327 2777 Quid
1349 2742 1418 2770 enim
1440 2742 1490 2770 ltoc
1508 2742 1592 2775 majus
1612 2746 1692 2773 esset,
1706 2748 1766 2767 cum
1783 2741 1839 2775 ipse

1056 2790 1192 2824 Conditor,
1207 2794 1234 2817 et
1245 2789 1290 2824 qui
1303 2796 1363 2816 cum
1378 2793 1406 2817 ut
1416 2793 1486 2816 esset
1503 2787 1635 2824 produxit,
1650 2786 1711 2813 talia
1724 2784 1841 2819 dcjl'stu
