2058 3123
151 166 205 194 “MS

152 221 325 256 pronuntiat?
342 221 407 253 Quia
425 225 448 246 te
466 218 515 244 vidi
532 219 640 253 justum,
666 217 759 251 inquit,
781 224 865 242 coram
888 223 935 241 me.

155 269 220 294 Vera
247 266 306 294 lucc
328 266 410 292 virtus
429 270 479 296 est,
496 263 601 298 quando
621 270 710 290 coram
727 262 782 289 Deo
796 262 854 296 quis
869 261 938 288 illam

152 311 272 340 exhibet,
288 310 394 345 quando
415 309 506 336 oculus
525 308 569 334 ille
583 308 627 342 qni
644 307 729 341 decipi
746 307 845 340 nequit,
863 313 939 332 suum

152 358 203 384 fert
218 356 361 382 calculutn.
378 355 443 381 Exin
457 353 555 380 docens
574 360 620 379 nos
638 352 764 386 benignus
781 352 848 378 Deus
863 359 937 377 inen~

151 409 241 429 Suram
262 401 377 432 virtutis,
391 405 485 434 quanta
501 404 562 425 tunc
574 399 607 425 ab
619 398 690 432 justo
705 397 857 431 exigebatur
868 396 878 428 (
888 404 940 423 non

152 448 224 474 cuitu
244 446 366 473 eamdem
386 445 489 471 virtutis
508 451 657 471 mensuram
673 443 706 470 ab
719 443 840 470 omnibus
853 441 940 468 aﬁ‘crri

155 493 219 525 vult,
234 493 281 519 sed
296 500 343 526 pro
366 491 492 517 varietate
517 495 665 524 temporum
687 488 791 515 virtutis
814 487 941 514 dillcrcu-

153 539 216 564 tiain
229 537 361 571 requirit),
376 536 439 562 dicit
452 545 457 561 :
476 535 541 567 Qui:
556 539 578 560 te
589 534 638 560 vidi
648 538 748 568 justum
765 541 850 559 coram
865 540 904 558 me
915 532 941 558 in

153 582 316 617 generatione
330 582 387 612 ista,
404 589 462 615 qua:
477 585 528 606 tam
544 579 623 610 mala,
640 587 697 613 qua:
713 579 738 605 in
756 582 853 604 lautam
869 577 942 604 mali-

155 630 217 654 tiam
242 626 394 658 declinsivit,
412 634 472 660 qua:
492 630 543 651 tam
566 625 696 658 ingratum
711 623 827 650 animum
843 630 897 657 prae
915 629 942 648 se

156 673 214 700 fert.
229 672 265 699 Te
279 672 330 698 vidi
340 672 449 707 justum,
466 675 490 697 te
504 671 589 697 solatii
611 670 697 696 inveni
717 673 832 703 gratum,
852 672 877 694 te
890 667 942 694 vidi

156 719 259 745 virtutis
282 718 410 744 rationein
427 716 541 742 habere:
558 720 585 741 tu
601 714 674 740 solus
693 721 783 740 coram
804 721 845 739 inc
855 713 943 747 justus

155 763 309 799 apparuisti,
333 762 456 789 oamibus
477 761 535 788 aliis
558 760 745 795 pereuntibus,
761 759 879 793 ιθ]ιώεο
901 758 942 784 iii-

156 810 229 845 gredi
245 817 305 837 cum
319 809 390 835 omni
409 807 487 834 domo
507 812 548 833 tua
570 807 594 832 in
610 814 719 835 arcani;
737 813 768 832 ex
786 805 943 831 animalibus

157 855 228 889 puris
239 854 320 888 jiibco
337 859 361 880 te
376 852 543 879 introducere
565 856 683 885 septena.
699 850 764 884 Quia
781 850 852 883 prius
867 849 942 876 iude-

158 900 229 927 linite
247 902 408 934 praeceperat
425 905 457 924 ex
485 897 608 923 omnibus
624 903 670 930 par
691 903 772 922 unum
793 894 942 921 introduci:

159 951 267 981 propter
283 946 332 972 hoc
348 952 416 971 nunc
428 944 505 970 dicit:
521 943 547 969 2.
614 942 682 976 puris
695 946 776 967 autem
788 946 899 976 septena,
914 949 944 967 ex

157 991 262 1026 impuris
276 999 333 1017 vero
353 990 421 1022 bina,
448 989 586 1015 masculum
607 992 629 1014 et
646 988 775 1022 feniinam.
792 987 885 1014 Postea
897 994 945 1013 au-

159 1045 211 1064 tem
232 1044 338 1063 causam
361 1035 469 1065 docens,
486 1034 588 1060 subdit:
605 1033 630 1060 5.
648 1032 680 1059 Ut
696 1034 791 1059 nutrias
804 1040 886 1058 semen
901 1040 944 1058 su-

159 1093 202 1118 per
216 1091 312 1110 onmem
328 1088 429 1108 terram.
455 1080 548 1115 Opera:
575 1079 685 1113 pretium
708 1083 796 1105 anteiit
817 1077 867 1104 hoc
885 1077 944 1104 loco

159 1130 238 1158 fuerit
260 1129 393 1164 inquirere
414 1133 440 1155 et
462 1127 551 1153 videre
569 1125 638 1152 unde
652 1124 860 1158 sciebatjustiis,
873 1132 945 1158 qua:-

160 1185 219 1203 nain
237 1184 311 1210 pura,
329 1182 449 1210 quietiam
464 1173 577 1207 impura.
593 1171 713 1198 Nondum
735 1170 806 1197 enim
827 1174 886 1197 erat
900 1169 943 1195 di-

159 1222 265 1249 stinctio
281 1222 336 1248 lucc
352 1220 429 1250 facta,
446 1226 523 1253 quain
540 1222 630 1252 postea
646 1217 732 1243 Moses
748 1215 847 1242 .ludaeis
864 1215 890 1241 in
904 1214 943 1242 le-

159 1268 235 1302 gibus
252 1266 306 1293 suis
320 1266 420 1292 statuit.
435 1264 508 1292 Unde
521 1271 584 1297 eigo
600 1262 715 1289 sciebat?
727 1261 747 1288 Α
759 1261 858 1295 scipso,
876 1265 901 1287 et
913 1259 945 1286 ab

161 1313 238 1339 insita
258 1318 358 1338 natura:
382 1318 436 1337 sua:
459 1309 588 1340 doctrina,
604 1315 682 1342 quam
699 1311 725 1333 et
744 1306 811 1333 ratio
826 1306 943 1332 dictavit.

161 1358 228 1386 Nihil
243 1358 313 1385 enim
327 1356 489 1383 immundum
499 1363 531 1382 ex
548 1354 579 1381 iis
594 1361 652 1387 qua:
666 1353 734 1379 Deus
748 1351 818 1379 fecit.
831 1352 888 1384 Quo
899 1359 945 1386 pa-

161 1410 203 1432 cto
220 1404 290 1431 enim
317 1401 478 1429 immundam
505 1406 661 1426 vocaremus
684 1398 763 1424 ullam
786 1404 944 1429 creaturam,

161 1458 220 1485 qua:
233 1449 316 1476 semel
331 1455 445 1481 superne
460 1454 473 1472 a
487 1445 629 1473 Conditore
643 1444 786 1478 approbata
798 1442 864 1469 fuit?
878 1442 947 1468 Dixit

161 1495 232 1523 enim
247 1494 335 1521 ιΙί-ἰιιςι
349 1493 500 1528 Scripliiia:
523 1490 587 1516 Vidit
605 1489 670 1515 Deus
688 1488 773 1514 omnia
787 1495 948 1522 (Ῑαιυειιιιιίμιε

163 1542 236 1576 fecit,
255 1545 276 1566 et
301 1547 355 1566 cm:
377 1539 441 1564 bona
463 1537 535 1563 milite
553 1535 628 1569 (Ceu.
651 1535 676 1561 1.
703 1534 758 1567 51).
780 1533 831 1560 Sed
857 1536 946 1567 postea

163 1593 254 1614 natura
270 1594 284 1611 a
298 1585 384 1619 seipsa
404 1584 472 1610 hanc
490 1582 664 1609 diti‘ereotiam
679 1579 806 1608 exhibuit.
823 1579 855 1605 Et
871 1582 897 1604 ut
909 1578 946 1603 vi-

163 1633 226 1660 deas
246 1632 297 1658 lior.
323 1638 382 1657 esse
403 1637 506 1659 verum,
524 1628 660 1655 considera
679 1625 811 1661 quomodo
834 1624 859 1650 iii
880 1632 947 1650 noii-

164 1679 242 1705 nullis
256 1678 322 1704 locis
332 1677 364 1703 ab
376 1675 506 1710 aliquibus
522 1674 655 1700 abstinent
670 1672 750 1706 aliqui
764 1675 791 1697 ut
805 1669 948 1697 immundis

163 1730 191 1752 et
206 1733 258 1751 noti
277 1722 405 1758 probatis,
422 1720 499 1755 aliqui
521 1720 571 1746 illis
593 1718 656 1753 ipsis
671 1721 821 1747 vocantur,
836 1722 948 1742 consue-

165 1770 255 1797 tudine
272 1769 341 1803 ipsos
357 1768 388 1794 ad
406 1767 455 1793 hoc
471 1765 621 1792 inducente.
644 1764 688 1791 Sic
711 1767 738 1790 et
763 1767 825 1789 tune
845 1768 949 1796 quoque

165 1817 220 1851 ipSa
235 1815 344 1842 scientia
358 1813 428 1848 iusto
441 1813 528 1843 insita,
543 1810 653 1837 docebat
665 1817 682 1844 q
694 1816 785 1835 uenatu
804 1806 837 1834 ad
858 1805 948 1833 cibum

163 1860 344 1891 accommoda,
360 1863 386 1885 et
403 1865 462 1893 qua:
475 1855 620 1888 immunda,
637 1862 688 1881 ll0.t
704 1853 774 1888 quod
795 1853 831 1879 ita
845 1855 947 1883 essent,

167 1908 213 1934 sed
224 1905 295 1940 quod
304 1912 351 1938 pio
362 1903 687 1930 immundishaberentur.
702 1900 760 1933 Qua
768 1897 878 1925 cnimde
890 1904 951 1923 cau-

168 1960 206 1983 sa,
223 1951 274 1982 dic,
292 1958 350 1980 oro,
366 1950 468 1975 asinum
489 1946 652 1974 immundum
666 1952 814 1975 censemus,
831 1942 951 1977 quamvis

165 1997 312 2024 seminibus
328 1999 425 2021 tantum
447 1997 578 2028 pascatur,
593 1992 642 2018 alia
664 1994 751 2017 autem
771 1987 948 2024 quadriipcdia

165 2043 226 2070 cibo
249 2039 432 2068 convenientia
458 2043 590 2072 putamus,
616 2035 720 2063 etiamsi
742 2033 878 2061 immundo
901 2032 949 2058 ali-

166 2091 257 2114 mento
270 2084 428 2120 pascantur?
440 2084 474 2110 lta
490 2082 600 2109 scicntia
615 2089 628 2107 a
648 2082 701 2108 Deo
715 2084 816 2106 natura:
825 2077 951 2113 suppedi-

167 2137 221 2160 tata
233 2131 291 2158 hate
304 2131 425 2158 docebat.
445 2129 536 2156 Posset
556 2132 642 2154 autem
664 2131 689 2153 et
709 2126 786 2152 aliter
801 2124 851 2151 dici
866 2133 871 2150 ί
885 2123 951 2156 Quia

167 2178 237 2204 Deus
251 2176 293 2211 qui
308 2173 554 2209 prmeepcrat,idein
567 2172 645 2198 etiam
658 2171 761 2197 illorum
775 2169 951 2203 cognitionem

165 2224 189 2250 ci
203 2222 307 2249 indidit.
323 2221 453 2248 therum
469 2219 501 2246 de
515 2218 620 2245 mundis
634 2226 665 2244 ac
679 2215 822 2243 immundis
837 2215 901 2242 satis
914 2213 947 2240 di-

166 2273 239 2295 t'tum
255 2271 304 2294 est.

202 2314 229 2341 6.
252 2313 338 2346 Quare
347 2319 377 2338 ea:
387 2310 522 2337 immundis
532 2309 599 2340 bina,
609 2316 640 2335 ex
646 2307 745 2333 mundis
753 2310 832 2332 autent
842 2309 952 2340 septena.

167 2361 310 2389 —-\’erum
326 2359 430 2385 interim
446 2358 495 2384 alia
513 2364 572 2384 sese
592 2353 669 2381 oli‘ert
687 2354 798 2388 quaestio
811 2362 817 2379 :
829 2359 911 2386 quare
922 2359 953 2378 ex

168 2406 313 2434 immundis
328 2405 399 2437 bina,
425 2411 456 2430 cx
472 2401 575 2428 mundis
585 2405 671 2427 autem
684 2403 806 2433 septena;
819 2398 875 2424 lizec
890 2404 954 2431 quo-

168 2460 220 2487 que
234 2461 240 2479 :
258 2458 341 2485 quare
356 2457 407 2476 non
423 2448 465 2475 vel
479 2455 539 2478 sex,
557 2446 597 2473 vel
613 2444 736 2476 octo,sed
752 2448 853 2477 septem
867 2442 955 2476 paria?

169 2497 299 2526 Fortassis
314 2495 415 2530 longius
426 2492 636 2522 excurritoratio
648 2501 654 2518 :
666 2491 711 2518 sed
727 2491 748 2516 si
767 2498 817 2516 non
833 2490 912 2524 piget,
928 2492 956 2515 et

169 2546 189 2571 si
202 2543 293 2574 vultis,
311 2540 400 2575 paucis
422 2540 479 2566 htcc
502 2538 637 2565 caritatem
654 2539 766 2562 vestram
781 2534 935 2561 docebimus
949 2553 954 2564 ,

170 2598 200 2616 ea
216 2589 319 2615 scilicet
335 2594 393 2620 quae
409 2585 484 2612 nobis
498 2583 585 2611 divina
601 2581 684 2617 gratia
698 2580 868 2608 concesserit.
883 2579 955 2606 Multi

171 2635 240 2661 enim
255 2633 342 2659 varias
353 2631 386 2658 dc
398 2630 429 2656 iis
444 2629 545 2656 fabulas
557 2632 674 2658 narrant,
688 2631 714 2652 et
730 2625 791 2652 hinc
817 2624 957 2652 occasione

171 2684 285 2712 sumpta,
300 2675 498 2704 observationes
510 2680 677 2700 numerorum
693 2674 836 2697 ostentant.
852 2671 884 2696 At
905 2677 956 2695 lion

172 2723 335 2754 observatio,
353 2720 399 2747 sed
413 2720 599 2753 intempestiva
614 2717 750 2743 hominum
763 2715 903 2742 curiositas
917 2719 942 2740 ta

172 2772 204 2797 lia
219 2770 320 2804 tingere
343 2767 460 2799 molitur,
477 2765 545 2791 unde
566 2769 592 2791 et
616 2763 704 2790 inuitae
727 2762 843 2788 litereses
866 2766 932 2788 orla:
948 2781 956 2794 ,

171 2816 241 2852 quod
255 2815 345 2842 statim
360 2811 458 2840 scietis.
477 2809 582 2837 Etenim
596 2809 747 2843 frequenter
762 2807 809 2840 (ut
822 2807 958 2834 videamur

170 2859 250 2898 quasi
260 2868 294 2888 ex
302 2858 464 2888 abundantia
477 2863 532 2890 eos,
547 2856 588 2891 qui
601 2863 634 2884 ex.
645 2855 699 2883 suis
710 2855 882 2890 Opinionibus
891 2862 956 2882 nova

667 161 697 187 IN
716 160 792 187 CAP.
810 159 852 185 VI.
867 156 987 185 GENES.
1007 157 1120 184 ll0.\llL.
1138 158 1231 185 XXIV.

1728 166 1779 193 ἳιι

998 216 1119 249 atterunt,
1130 218 1319 254 compescere)
1331 220 1476 248 invenimus
1488 220 1513 247 in
1525 222 1668 257 Scripturis
1679 227 1780 260 copulae

995 270 1132 289 numerum
1147 269 1290 290 servatum.
1303 265 1404 300 Quippe
1417 267 1522 300 quando
1535 269 1604 296 misit
1617 270 1761 305 discipulos
1771 293 1777 302 .

996 308 1070 335 bino:
1081 316 1126 335 eos
1138 310 1219 342 misit,
1234 311 1281 345 ipsi
1295 317 1381 338 autem
1396 319 1488 339 omnes
1499 313 1637 341 duodecim
1651 321 1738 348 erant,
1752 322 1777 342 et

995 353 1136 390 Evangelia
1153 361 1265 390 quatuor
1278 364 1397 383 numero.
1417 359 1450 384 At
1465 365 1688 391 supervacaneum
1702 362 1779 388 fuerit

996 399 1051 426 lia-.c
1062 400 1129 434 apud
1141 403 1276 427 caritatem
1290 406 1402 429 vestram
1416 410 1633 436 commemorare,
1645 413 1702 438 qua:
1713 407 1778 433 satis

994 444 1084 472 didicit
1100 446 1248 480 hujus-modi
1262 447 1339 474 dictis
1353 449 1476 475 oblurare
1487 457 1563 477 aures
1588 451 1636 486 (a).
1653 451 1780 478 Necessa-

996 492 1062 518 rium
1074 497 1161 519 antcin
1179 499 1204 518 ut
1217 494 1325 526 posthac
1338 494 1489 526 doceamus.
1512 503 1594 530 quare
1620 502 1727 531 septena
1746 505 1777 524 ex

996 537 1069 570 puris
1084 538 1214 565 introduci
1231 539 1255 564 in
1272 547 1358 566 arcam
1374 542 1539 575 prteccperit.
1567 542 1643 568 l’liira
1670 542 1776 576 quidem

995 583 1162 616 prtcccpitex
1179 583 1475 617 miindisiotrodiici,iit
1497 586 1582 621 justus
1606 587 1659 619 ille,
1687 592 1714 614 et
1735 587 1778 621 qui

994 635 1054 654 cum
1071 628 1115 654 illo
1125 633 1210 660 erant,
1222 637 1254 656 ex
1266 629 1370 657 illorutn
1386 639 1432 657 usu
1444 631 1556 666 aliquam
1571 632 1778 659 consolationem

994 674 1144 708 acciperent
1161 675 1250 709 :quod
1273 680 1360 703 autem
1376 682 1482 711 septena
1503 683 1529 704 ct
1543 683 1660 712 septena,
1682 683 1708 705 ct
1729 679 1779 706 hoc

995 729 1099 755 quoque
1114 721 1135 748 si
1157 729 1262 748 causam
1280 723 1432 755 disccrciis,
1447 731 1578 751 smnmum
1595 724 1718 750 indicium
1739 729 1780 751 est

996 767 1044 800 pia‘.
1064 768 1159 794 mentis
1174 768 1238 802 justi
1258 769 1317 795 viri.
1343 769 1406 795 Nam
1428 770 1487 804 quia
1509 770 1629 804 cognovit
1651 770 1779 805 benignus

997 812 1065 839 Deus
1080 813 1127 839 viri
1141 813 1273 845 virtutem,
1285 819 1311 841 ct
1324 814 1392 848 Quod
1402 819 1430 842 ut
1441 815 1539 850 justus,
1550 820 1576 842 et
1590 820 1659 842 tanta
1675 816 1777 843 Domini

996 858 1077 886 fretus
1097 859 1293 892 misericordia,
1315 861 1356 887 tibi
1374 866 1450 887 tanta:
1470 862 1633 895 tempestatis
1647 862 1779 896 etl'ugissct

997 905 1150 938 periculum,
1166 906 1343 940 liberatusque
1358 906 1449 934 fuisset
1463 915 1477 933 a
1489 907 1615 941 periculo,
1628 912 1653 934 et
1666 908 1699 934 ab
1707 916 1775 935 arca:

995 951 1170 977 incommodis
1183 951 1293 984 solutus,
1307 957 1408 986 gratum
1421 953 1536 979 animum
1551 953 1741 984 declaraturus,
1752 958 1779 979 et

997 1003 1044 1030 pro
1058 996 1201 1030 gratiarum
1213 997 1314 1023 actione
1326 997 1423 1024 hostias
1446 1002 1472 1024 et
1494 998 1622 1025 sacrificia
1643 998 1778 1025 oblaturus

997 1047 1077 1074 esset,
1094 1049 1119 1068 ιιι
1135 1050 1168 1069 ne
1183 1043 1232 1069 hoc
1249 1043 1368 1069 faciendo
1384 1043 1515 1070 mutilaret
1531 1043 1601 1077 paiia
1615 1052 1620 1068 :
1638 1043 1696 1070 ideo
1724 1043 1776 1070 Do-

997 1088 1082 1114 minus
1104 1090 1228 1122 pra-sciiis
1252 1089 1327 1122 hujus
1351 1093 1431 1122 graue
1453 1089 1556 1120 metuis,
1576 1089 1651 1123 jubet
1671 1093 1778 1121 septena

997 1139 1024 1159 et
1045 1138 1154 1168 septena
1175 1134 1303 1160 introduci
1328 1141 1359 1160 ex
1384 1134 1493 1168 singulis
1514 1135 1598 1160 avium
1618 1135 1777 1168 generibus,

998 1185 1043 1210 ut.
1073 1188 1132 1207 cum
1159 1184 1277 1206 cessaret
1304 1180 1459 1206 universalis
1485 1179 1624 1212 interitus,
1653 1183 1679 1206 et
1704 1186 1777 1205 suam

996 1230 1112 1252 mentem
1129 1226 1288 1255 declararet,
1305 1226 1376 1259 paria
1394 1225 1555 1256 volatilium,
1572 1230 1780 1258 tui-Ieroruinqiie

996 1272 1149 1298 animalium
1172 1279 1223 1298 non
1250 1271 1408 1297 ltudtil'Cllllll‘
1429 1279 1435 1297 :
1459 1271 1483 1298 id
1506 1270 1575 1305 quod
1602 1270 1626 1296 iii
1651 1270 1780 1296 sermonis

998 1325 1138 1352 progressu
1164 1317 1286 1350 discetis,
1313 1317 1356 1343 tibi
1382 1317 1407 1344 in
1429 1325 1488 1343 cum
1514 1317 1600 1343 locutu
1629 1315 1780 1350 perveneri-

998 1372 1065 1391 mus.
1081 1363 1206 1390 Videbitis
1219 1364 1288 1390 enim
1298 1363 1396 1398 justum
1411 1363 1483 1389 illmn
1497 1362 1554 1388 hate
1568 1361 1668 1389 fecisse.
1683 1360 1779 1388 Didici-

998 1411 1045 1437 slis
1068 1418 1173 1437 causam
1197 1411 1230 1437 ob
1251 1418 1328 1444 quam
1351 1415 1458 1444 septena
1481 1413 1589 1443 septena
1615 1407 1781 1434 introducere

998 1462 1158 1492 prarceptinn
1175 1456 1231 1484 fuit.
1248 1457 1285 1484 Nc
1299 1456 1408 1491 posthac
1421 1455 1537 1482 tolcreiis
1545 1455 1642 1490 eosqiii
1657 1454 1776 1484 fabulari.

998 1503 1304 1538 adversusquedivinam
1318 1502 1480 1537 Scripturam
1505 1502 1648 1536 insurgere,
1671 1505 1698 1527 et
1723 1508 1781 1535 qua:

999 1557 1029 1577 ex
1041 1557 1088 1576 suo
1096 1550 1180 1583 capite
1192 1549 1332 1580 tinxerunt,
1347 1552 1374 1574 ut
1385 1555 1459 1574 sacra
1472 1547 1603 1581 dogmata,
1616 1545 1781 1572 introducere

1000 1596 1126 1622 nituntur.
1141 1595 1220 1629 Igitur
1234 1599 1369 1629 postquam
1386 1593 1474 1620 omnia
1488 1593 1558 1619 clare
1582 1591 1703 1618 mandata
1728 1591 1782 1617 fue-

1000 1647 1071 1674 runt,
1086 1646 1112 1668 et
1124 1642 1156 1669 de
1171 1642 1272 1672 avibus,
1289 1640 1358 1668 etde
1373 1639 1487 1671 mundis,
1500 1643 1526 1665 et
1540 1638 1573 1665 de
1586 1636 1738 1669 immundis,
1754 1641 1780 1663 et

1000 1690 1032 1717 de
1043 1689 1185 1721 alimentis,
1201 1688 1343 1722 diciijiisto
1361 1696 1367 1713 :
1383 1687 1408 1713 Δ.
1425 1686 1513 1713 Adhuc
1531 1685 1595 1711 enim
1617 1689 1709 1718 septem
1732 1683 1783 1708 dies

1000 1741 1067 1768 sunt,
1082 1741 1105 1762 et
1116 1744 1160 1770 ego
1175 1735 1265 1762 induco
1280 1734 1389 1768 pluviam
1410 1741 1485 1765 super
1504 1737 1595 1757 (eri-imi
1617 1729 1784 1764 quadraginta

1001 1783 1085 1809 diebus
1100 1787 1121 1808 et
1135 1781 1302 1815 quadraginta
1322 1778 1433 1805 noctibus
1443 1798 1450 1809 ,
1466 1782 1487 1804 et
1501 1777 1585 1803 delebo
1601 1783 1697 1802 onmem
1723 1774 1782 1800 sub-

1001 1828 1118 1854 stantiam
1135 1835 1208 1859 quam
1222 1826 1278 1861 feci,
1294 1833 1308 1850 α
1319 1824 1383 1860 facit:
1396 1828 1479 1855 teri-ce,
1493 1822 1522 1847 ab
1542 1821 1640 1848 homine
1662 1827 1738 1852 usque
1751 1820 1784 1844 ad

997 1874 1149 1908 jumenium.
1177 1871 1301 1902 Attende,
1316 1870 1437 1899 obsecro,
1453 1868 1532 1894 etiam
1548 1875 1579 1893 ex
1596 1866 1628 1893 iis
1640 1873 1698 1900 qua:
1715 1871 1784 1891 nunc

1001 1920 1070 1947 dicta
1088 1923 1148 1947 sunt
1170 1918 1295 1945 bonitatis
1318 1917 1413 1944 divina:
1436 1915 1629 1946 excellentiam,
1652 1911 1784 1947 quomodo

1003 1970 1061 2000 post
1077 1969 1175 1992 tantam
1191 1962 1356 1990 tolerantiam
1368 1962 1446 1987 etiam
1462 1967 1531 1986 nunc
1543 1963 1604 1985 ante
1615 1962 1715 1991 septem
1730 1956 1785 1982 dies

1004 2010 1122 2045 prmdicit
1137 2018 1143 2035 :
1161 2009 1251 2035 volens
1267 2011 1336 2034 metu
1348 2005 1542 2033 emeiidatiores
1558 2004 1615 2030 illos
1634 2001 1745 2029 reddere
1759 2005 1786 2027 et

1003 2057 1035 2084 ad
1052 2055 1231 2091 paenitentiam
1246 2053 1379 2080 reducere.
1396 2051 1459 2078 Nam
1476 2049 1544 2084 quod
1560 2048 1618 2075 ideo
1641 2046 1766 2081 pra-dicat
1777 2066 1784 2078 ,

1004 2110 1036 2129 ne
1047 2109 1076 2129 ea
1089 2108 1148 2136 quie
1159 2100 1231 2130 dicit,
1243 2106 1323 2132 super
1336 2105 1381 2123 eos
1403 2097 1518 2127 inducat,
1534 2093 1669 2121 considera
1684 2091 1784 2118 Ninivi-

1005 2153 1054 2179 tas,
1069 2152 1095 2173 ct
1108 2145 1214 2173 attende
1229 2148 1324 2179 quanta
1340 2143 1433 2170 horum
1455 2148 1481 2168 ci
1495 2141 1597 2167 illorum
1613 2139 1647 2165 sit
1660 2137 1785 2165 dill'cren-

1006 2194 1049 2220 tia.
1065 2192 1129 2226 Quia
1143 2199 1202 2218 cntn
1216 2195 1253 2216 tot
1266 2189 1342 2216 anuis
1353 2188 1499 2219 audissent,
1514 2190 1575 2213 autc
1589 2184 1658 2211 fores
1670 2190 1731 2210 esse
1743 2188 1783 2208 ca-

1006 2238 1145 2269 lamitates,
1161 2243 1245 2271 neque
1255 2235 1292 2261 sic
1303 2242 1315 2260 a
1329 2234 1428 2260 malitia
1442 2240 1488 2259 sua
1508 2234 1654 2258 cessarunt.
1683 2227 1789 2254 Etenim

1006 2283 1191 2312 consuevimus
1201 2280 1404 2316 negligentiores
1418 2286 1487 2309 esse,
1501 2276 1607 2311 quando
1631 2273 1749 2301 tlill‘ertiir
1763 2277 1789 2298 ct

1007 2329 1167 2365 protrahitur
1174 2328 1273 2363 punitio
1285 2336 1292 2359 ;
1304 2335 1334 2353 ac
1344 2334 1402 2352 cum
1415 2325 1533 2359 proxime
1543 2323 1641 2350 instant
1651 2326 1791 2350 mrumuae.

1007 2381 1069 2402 tunc
1082 2374 1261 2404 humiliantur,
1277 2377 1303 2399 et
1319 2371 1459 2406 plurimam
1486 2374 1649 2395 ostentamus
1674 2373 1788 2393 convcr-

1007 2422 1107 2448 sionctn
1124 2430 1130 2448 :
1145 2420 1170 2447 id
1185 2419 1253 2454 qtiod
1269 2423 1296 2445 ct
1310 2416 1464 2444 iuNiniviiis
1479 2414 1597 2448 contigit.
1619 2412 1790 2446 Quandoqui-

1007 2467 1066 2494 dem
1082 2467 1124 2493 tibi
1133 2466 1281 2496 audierunt,
1293 2464 1381 2490 Adhuc
1393 2468 1440 2489 (res
1453 2462 1514 2493 dies,
1528 2465 1550 2486 et
1567 2459 1657 2485 Ninivc
1667 2458 1790 2484 subverte-

1009 2520 1048 2540 tur
1063 2513 1148 2548 (Jouw
1159 2513 1184 2539 5.
1193 2512 1219 2545 4)
1230 2511 1278 2547 (1)),
1291 2517 1343 2536 non
1354 2509 1439 2537 soluat
1452 2515 1502 2533 non
1514 2506 1729 2539 desperaverunt,
1742 2502 1789 2529 sed

1009 2564 1035 2586 et
1045 2559 1076 2586 ad
1088 2559 1187 2585 dictum
1207 2557 1256 2583 hoc
1278 2560 1462 2584 cxsurrexcre,
1490 2556 1641 2584 tantamque
1669 2546 1790 2574 vitiorum

1041 2689 1076 2719 (.i)
1093 2693 1140 2712 Non
1153 2687 1196 2719 abs
1205 2692 1234 2719 re
1244 2683 1467 2719 liicttliry51islomus
1478 2681 1500 2703 in
1512 2679 1565 2703 illos
1577 2676 1757 2712 ilthélt-llul‘,'qlli
1770 2675 1794 2700 in

1011 2708 1197 2745 exiiiicdiidhdlii
1204 2708 1369 2744 ιιιιιδαιήμιιῖπίι
1387 2715 1664 2745 magnamnumerorum
1675 2708 1791 2745 rationein

1247 2737 1317 2778 erant
1327 2750 1373 2778 non
1383 2737 1527 2778 modol‘hilo
1535 2743 1560 2764 et
1567 2737 1791 2778 metuens-Alt}

1011 2768 1237 2805 iiiiiiiisi'éé‘iiﬁiiith}
1250 2768 1365 2799 Eusebius
1377 2773 1466 2803 aliquot
1475 2775 1583 2805 i_n_locis:
1596 2770 1643 2805 imo
1662 2774 1688 2793 et
1703 2768 1742 2792 alii
1754 2771 1790 2791 ινδ·

1012 2802 1133 2839 ἶιίέξίῖᾇιιει
1144 2809 1175 2833 de
1187 2815 1215 2832 re
1227 2811 1339 2836 magnum
1351 2802 1438 2828 librum
1450 2802 1524 2827 edidit
1535 2805 1619 2826 Petrus
1631 2803 1732 2830 Bougus.

1043 2853 1079 2883 (ἀ)
1096 2853 1168 2876 vetus
1184 2849 1258 2873 lectio
1270 2847 1505 2877 LXXlntcrprctiim
1519 2847 1568 2870 tres
1579 2848 1672 2870 tantum
1695 2844 1748 2868 dies
1761 2845 1790 2868 ad
