2058 3123
273 155 323 183 215

273 214 392 239 fecerunt
404 210 608 243 abstinentiam,
629 215 656 237 et
671 215 723 237 tant
746 209 898 245 diligentem
913 209 1059 237 confessio-

273 265 333 283 nent
353 255 544 286 exhibuernnt,
561 259 589 281 ut
603 260 629 282 et
642 255 675 282 ad
691 255 767 282 bruta
786 263 870 290 usque
886 261 1061 283 extenuet-ent

272 310 302 329 ea
316 309 375 336 quas
388 300 575 328 attinebantad
586 300 797 332 confessionem;
812 309 864 328 non
888 301 958 336 quod
986 301 1060 327 bruta

273 348 417 374 animantia
444 347 639 373 confessionem
660 347 810 373 ediderint:
834 347 966 381 quotnodo
989 347 1060 373 enim

272 397 390 428 plisSL‘nl.
407 400 466 419 cum
482 399 605 418 sermone
615 391 741 418 careant?
756 391 801 418 sed
818 397 845 418 ut
860 399 907 426 per
919 392 970 419 hoc
982 391 1062 418 mise-

274 438 412 466 ricordiam
429 438 490 464 boni
507 437 610 464 Domini
634 437 683 464 sibi
705 437 888 464 conciliarent.
915 437 1061 464 Prmdieato

272 485 342 512 enim
356 484 467 519 jejunio,
484 484 579 519 inquit,
603 491 648 510 rex
675 484 731 517 ipse
753 483 897 514 mandavit,
925 487 951 509 ιιι
976 490 1061 516 neque

275 538 348 562 oves,
362 538 446 564 neque
469 531 560 563 boves,
586 538 671 564 neque
697 529 747 556 alia
772 529 847 555 brttta
874 529 997 563 pabulttm
1020 529 1061 556 vel

272 584 368 611 aquam
387 577 537 611 acciperent
564 576 686 612 (Jaitte3.
703 575 729 610 7)
742 584 749 608 ;
764 574 810 602 sed
825 583 904 602 omne
925 575 1060 602 ltontintttn

274 630 356 657 genus
366 627 427 650 tunc
438 623 522 650 saccis
534 622 671 654 amictum,
683 626 709 648 et
720 622 775 656 ipse
785 629 890 656 qttoqne
901 629 945 648 rex
956 621 1061 648 sublimi

271 668 338 695 salio
351 669 458 700 sedens,
475 676 595 703 magnam
607 673 633 695 et
649 676 737 702 parem
763 676 823 695 cum
838 668 897 694 aliis
911 676 990 702 egere
1004 675 1061 703 p03-

274 714 410 740 uiteutiam
427 723 431 740 :
448 713 622 748 feceruntque
636 713 703 744 lure,
719 714 780 740 licet
794 714 945 748 ignorarent
956 722 988 741 an
1003 721 1060 748 pm—

274 767 333 786 nam
345 760 448 787 evasuri
463 764 563 787 essent.
577 760 784 787 Dicebantenim
796 770 802 788 :
817 760 879 793 Qui:
892 761 948 793 scit,
963 760 985 787 εἰ
996 762 1061 796 forte

273 807 390 839 parniteat
405 805 471 832 Deus
484 814 561 839 super
576 806 682 838 malitia,
694 815 769 840 quant
785 811 810 833 ut
824 807 895 834 nobis
909 807 997 841 faciat,
1023 808 1060 835 lo-

271 855 363 885 quutus
374 856 410 878 est
422 850 502 886 (Ibid.
517 859 540 877 υ.
551 852 601 882 9)?

309 896 334 922 7.
356 895 477 922 Pru'dia't
494 895 571 928 Deus,
588 897 731 923 neiuducat
747 898 824 924 mala.
836 913 870 917 --
881 897 976 925 Vidisti
1000 898 1060 926 bar—

275 943 397 969 barorum
417 947 519 976 gratum
544 943 680 970 animum?
706 944 792 971 vidisti
818 945 952 979 quomodo
977 953 1061 980 neque

273 987 375 1014 dierum
390 989 508 1021 angustia
524 988 659 1021 segniores
673 988 749 1020 fecit,
767 997 853 1024 neque
878 989 910 1016 ad
934 989 1060 1024 despera-

274 1033 372 1059 tioneut
387 1032 504 1060 induxit?
516 1032 578 1060 Vide
592 1038 618 1060 et
631 1033 690 1060 illos
701 1039 760 1068 post
770 1042 910 1062 numerum
926 1039 965 1062 tot
978 1043 1061 1063 anuo-

273 1085 341 1109 rum,
357 1078 399 1105 ubi
408 1078 565 1106 audiverunt
579 1088 585 1105 :
598 1079 692 1106 Adhuc
700 1084 802 1114 Septem
813 1080 879 1112 dies,
895 1085 921 1107 et
935 1081 1061 1108 diluvium

273 1122 420 1154 inducetur,
436 1131 521 1158 neque
534 1125 572 1151 sic
584 1131 738 1157 conversos,
753 1125 799 1152 sed
810 1126 930 1160 stupidus
954 1131 981 1154 et
1003 1127 1060 1154 sine

272 1168 365 1196 dolore
378 1170 522 1198 mansisse:
536 1170 606 1198 unde
619 1171 777 1198 ineonfcsso
791 1172 880 1206 fuerit,
896 1173 1060 1201 voluntatem

272 1217 389 1240 nostram
403 1214 532 1241 malorum
547 1217 666 1242 omnium
681 1224 788 1243 causam
804 1225 873 1245 esse.
900 1219 969 1246 Ecce
990 1219 1060 1246 enim

273 1263 297 1285 et
311 1259 348 1292 hi,
360 1265 386 1286 et
402 1260 443 1286 isti
453 1260 558 1288 fuerunt
572 1261 702 1294 homines,
725 1268 751 1290 et
776 1263 894 1298 ejusdem
917 1265 992 1300 cujus
1017 1266 1060 1293 alii

274 1310 385 1338 natnrzr,
409 1306 455 1333 sed
475 1314 526 1334 non
541 1308 660 1342 ejusdem
676 1309 830 1336 voluntatis.
846 1310 988 1345 Propterea
1014 1320 1062 1339 nec

273 1349 366 1377 eadctn
381 1359 472 1378 eortun
488 1359 546 1379 sors
559 1353 617 1386 fuit,
645 1353 692 1381 sed
715 1354 838 1382 Ninivita:
860 1356 1060 1384 subversiom-m

273 1395 498 1431 subterfugerant,
511 1406 571 1425 cum
588 1399 672 1426 bonus
687 1399 757 1427 Deus
772 1405 879 1434 propter
905 1409 979 1429 suam
1006 1403 1060 1429 cie-

273 1443 398 1468 ntentiant
410 1450 502 1470 eorum
514 1449 653 1471 contentus
664 1451 733 1472 esset
758 1447 910 1479 pwnitcntia
926 1456 932 1473 :
947 1448 997 1475 sed
1019 1450 1059 1476 isti

271 1487 412 1519 submersi,
422 1488 447 1515 iit
459 1490 592 1516 communi
606 1490 714 1517 interitu
727 1491 872 1525 perierunt.
883 1492 971 1519 Adhuc
982 1494 1059 1526 enim,

272 1531 366 1566 inquit,
375 1538 468 1568 septem
480 1535 544 1566 dies,
559 1540 582 1561 et
593 1543 637 1570 ego
651 1536 742 1562 induco
751 1537 859 1570 pluvium
870 1547 946 1572 super
957 1544 1059 1566 terram.

274 1577 373 1604 Deinde
388 1582 416 1605 ut
439 1579 523 1613 magis
545 1585 638 1614 augeat
660 1585 798 1614 terrorem,
827 1583 928 1617 inquit:
945 1583 1061 1616 Quadra-

271 1624 341 1658 ginta
352 1624 437 1652 diebus
451 1630 474 1652 et
490 1625 659 1662 quadraginta
674 1629 798 1655 noctibus.
813 1629 881 1663 Quid
901 1630 991 1657 enim?
1011 1639 1060 1658 an-

272 1677 323 1696 ttou
336 1675 447 1704 poterat,
464 1672 485 1698 si
501 1672 636 1704 voluisset,
654 1682 706 1700 tino
721 1674 763 1701 die
775 1680 855 1701 totam
878 1676 992 1710 pluviam
1019 1677 1060 1704 itt-

273 1715 389 1743 durere?
402 1716 469 1750 Quid
483 1717 542 1745 dico
559 1726 610 1745 uno
623 1719 687 1746 die?
713 1719 770 1747 Uno
793 1726 928 1748 momento
952 1727 1058 1757 posset:

271 1761 318 1788 sed
334 1761 384 1789 hoc
395 1762 483 1789 dedita
498 1770 578 1798 opera
590 1763 661 1797 facit,
677 1765 768 1792 volens
790 1766 868 1795 simul
891 1771 916 1794 ct
937 1767 1059 1795 timorem

272 1807 399 1839 incutere,
415 1809 620 1836 etoceasionem
634 1815 770 1844 pratstare.
795 1819 846 1846 qua
872 1818 979 1846 possent
1005 1821 1061 1848 pue-

272 1861 344 1885 nam,
356 1861 415 1888 qua:
427 1854 482 1888 jam
497 1855 524 1881 in
540 1855 641 1883 foribus
658 1862 740 1890 esset,
757 1857 883 1892 ellugere.
902 1858 933 1885 Et
953 1859 1039 1886 delebo
1051 1881 1059 1893 ,

272 1899 366 1933 inquit,
381 1908 479 1926 onmem
491 1901 667 1934 substantiam,
682 1911 757 1935 quam
772 1904 831 1937 feci,
846 1911 862 1929 α
877 1903 942 1938 facie
962 1909 1035 1931 terra:
1051 1926 1058 1937 ,

271 1946 302 1970 ab
314 1945 413 1971 homine
426 1953 503 1979 usque
513 1946 546 1973 ad
560 1954 645 1980 pecus.
661 1947 727 1974 \‘ide
741 1949 874 1982 quomodo
890 1956 915 1975 et
931 1950 1012 1977 setnel
1035 1955 1061 1977 et

273 1989 367 2016 iterum
383 1991 516 2024 pnedicit,
529 1996 555 2019 et
568 2000 654 2026 neque
665 1993 702 2019 sic
714 1993 773 2020 illos
788 1994 870 2028 tangit
895 1995 988 2022 Omnia
1012 2003 1060 2022 au-

272 2040 324 2062 tetn
341 2036 398 2063 haec
413 2037 536 2070 faciebat,
552 2042 579 2065 ut
591 2046 638 2065 nOs
649 2039 767 2072 doceret,
783 2048 812 2067 se
822 2042 894 2074 jnste
909 2041 946 2068 eis
961 2046 1059 2068 tantam

272 2083 533 2116 pmnatninllixisse;
549 2089 575 2111 et
589 2089 616 2111 ιιι
637 2085 723 2112 nttllus
747 2086 923 2120 insipientiam
949 2095 1060 2122 arguere

271 2132 298 2154 et
309 2128 398 2156 dicere
421 2133 530 2162 posset:
547 2130 574 2157 Si
605 2132 860 2165 procrastinavisset.
884 2131 951 2159 forte
978 2133 1062 2166 pieni~

273 2173 381 2200 tentiam
396 2174 522 2207 egissent,
536 2175 603 2202 forte
616 2182 631 2202 a
645 2176 714 2202 vitiis
728 2177 901 2208 abstitissent,
922 2182 948 2204 et
958 2178 992 2205 ad
1005 2178 1060 2205 vir-

274 2223 355 2245 tutem
372 2219 525 2246 rediissettt.
543 2220 632 2254 anue
655 2220 688 2247 de
715 2229 793 2248 causa
809 2229 939 2249 annorum
955 2230 1060 2260 quoque

272 2271 411 2290 numerum
428 2263 572 2291 declaravit
583 2265 669 2297 nobis,
685 2270 709 2292 et
725 2273 812 2293 aream
830 2266 951 2294 fabricari
970 2268 1059 2302 jussit.

272 2309 307 2336 Et.
322 2313 381 2344 post
395 2309 451 2337 haec
463 2311 551 2337 omnia
567 2311 646 2338 etiam
661 2316 722 2338 ante
737 2311 794 2338 dies
810 2317 912 2346 septem
929 2314 1058 2348 puedicit,

272 2361 300 2382 ιιι
323 2357 441 2382 ontuiutu
469 2361 567 2383 temere
586 2356 748 2391 loquentiqu
769 2357 935 2392 impudentes
959 2359 1060 2394 linguas

270 2406 432 2435 compescat.
449 2402 474 2428 5.
492 2402 523 2428 Et
536 2403 606 2437 fecit,
620 2402 715 2436 inquit,
731 2401 788 2430 Nec
799 2403 883 2430 omnia
901 2412 1060 2440 umerumque

273 2447 399 2474 mandavit
410 2448 430 2473 ei
441 2447 564 2474 Dominus
578 2447 656 2474 Deus.
675 2447 740 2475 Vide
754 2449 886 2482 quomodo
901 2455 926 2476 ct
940 2451 1060 2484 nuncju-

271 2494 303 2519 sti
314 2498 417 2528 gratum
434 2493 551 2520 anitnum
567 2497 593 2520 et
612 2492 789 2520 obedientiam
813 2494 900 2521 divina
925 2494 1060 2530 Scriptura

271 2538 409 2574 praedicat,
425 2538 524 2565 docens
539 2546 587 2565 nos
600 2546 661 2566 eum
676 2540 738 2566 nihil
753 2540 821 2574 quod
833 2541 990 2575 imperatum
1004 2547 1061 2569 erat

273 2584 492 2618 praetermisisse;
509 2584 555 2611 scd
571 2584 694 2612 omnibus
708 2585 832 2620 impletis,
843 2587 922 2613 etiam
939 2595 983 2621 per
998 2587 1057 2620 hoc,

271 2703 464 2734 resipiscendurn
483 2703 589 2728 Ninivitis
599 2703 667 2728 datos
687 2709 857 2729 commemorat
874 2712 879 2729 :
899 2706 922 2729 in
944 2705 1060 2731 ltebraicn

272 2738 342 2760 textu
354 2738 427 2789 atque
448 2735 472 2758 in
484 2734 583 2765 Vulgata
605 2736 761 2766 quadraginta
772 2736 826 2761 dies
845 2735 967 2766 leguntur.
982 2738 1061 2761 Libra-

272 2767 362 2789 riorum
393 2771 465 2789 ausus
484 2772 508 2789 tn
530 2769 582 2789 LXX
603 2767 778 2789 tuternretibus
795 2766 851 2789 iulle
871 2771 939 2789 ortus
955 2771 1060 2789 natatur.

272 2767 362 2798 riorum
385 2767 465 2798 lapsus
484 2772 508 2790 tn
530 2769 582 2798 LXX
603 2767 778 2792 interpretibus
795 2767 851 2791 inde
871 2771 939 2792 ortus
955 2771 1060 2798 puwtur,

272 2796 335 2829 quod
348 2800 399 2820 tres
408 2797 461 2829 dies
482 2799 552 2829 Jonas
563 2797 586 2820 in
597 2800 686 2821 ventre
703 2798 751 2829 ceti
769 2798 858 2828 egerit,
876 2796 977 2829 quorum
989 2799 1067 2826 trium~

273 2828 368 2853 dierum
377 2827 505 2854 occasione
516 2827 554 2851 hic
564 2831 614 2852 tres
628 2828 697 2852 etiam
708 2828 761 2852 dies
771 2829 840 2861 pesiti
854 2827 952 2855 fuerint.

622 150 648 178 S.
667 149 806 179 JUANNIS
824 150 1058 180 cumsost‘om
1079 151 1237 180 AllCHlEP.
1257 153 1522 184 CONSTANTINDP.

1851 159 1905 185 ile

1117 221 1221 248 virtutis
1232 229 1287 249 sum
1298 224 1432 258 speciutcu
1445 226 1599 259 przehuisse.

1152 267 1178 294 8.
1201 267 1306 295 Moralit
1317 270 1466 297 exhortatio.
1481 286 1515 290 --
1531 271 1604 298 Illum
1620 271 1698 306 igitur
1709 277 1734 299 ct
1748 281 1798 301 nos
1815 274 1905 302 imite-

1117 321 1176 340 mur
1188 314 1299 348 justum,
1326 321 1353 342 et
1366 317 1490 344 mandata
1503 325 1517 344 a
1533 318 1587 344 Deo
1604 318 1698 346 tradita
1714 319 1825 354 implere
1847 327 1906 347 stu-

1115 359 1235 392 deamus,
1251 368 1282 388 ac
1300 362 1371 396 leges
1388 369 1403 389 a
1420 362 1525 390 Christo
1539 364 1614 390 nobis
1628 364 1693 392 latas
1708 372 1760 392 non
1775 365 1904 399 despiciao

1116 412 1174 433 mns
1184 414 1191 438 ;
1203 406 1249 434 sed
1262 414 1352 434 earmn
1368 413 1525 442 praesentem
1536 414 1673 436 servantes
1688 411 1854 441 tnemoriam,
1866 411 1905 438 fe-

1115 452 1244 481 stinemus
1268 453 1300 480 ad
1319 453 1386 480 bona
1402 462 1492 489 opera,
1521 462 1569 482 nec
1596 463 1690 490 segnes
1714 456 1797 483 simus
1824 457 1850 482 in
1875 457 1907 483 iis

1118 498 1262 525 tractandis
1274 507 1333 534 qua:
1346 500 1378 526 ad
1387 500 1498 527 salutem
1511 506 1627 528 nostram
1637 502 1780 536 pertinent,
1790 510 1904 536 prmer-

1117 543 1163 570 tim
1177 552 1238 582 cum
1254 553 1323 571 nune
1338 545 1414 580 longe
1438 546 1523 581 major
1538 547 1640 574 virtutis
1649 555 1770 575 mensura
1794 556 1808 575 a
1829 549 1905 577 nobis

1117 590 1246 623 exigatur.
1263 596 1362 624 quanto
1375 595 1402 617 et
1415 592 1523 618 meliora
1541 592 1608 619 bona
1624 593 1708 620 sortiti
1723 601 1824 620 sumus.
1843 594 1906 622 Ideo

1115 640 1142 663 et
1153 636 1274 664 Christus
1296 637 1397 664 dicebat
1414 647 1420 664 :
1439 638 1496 666 Nisi
1519 639 1800 675 abundaveriLjuslitia
1824 647 1905 667 rastra

1116 681 1173 716 plus
1187 691 1261 717 quant
1270 682 1408 710 scribarum
1421 689 1443 710 et
1459 683 1658 717 l'harisworunt,
1672 693 1721 711 non
1731 686 1855 712 iniri/bilis
1880 687 1906 713 in

1115 735 1218 762 regnum
1231 729 1349 755 calorum
1365 728 1468 764 (Matth.
1483 729 1510 756 5.
1526 729 1582 764 20).
1601 729 1807 757 Cmtsideretnns
1829 732 1905 765 igitur

1115 774 1165 799 hoc
1185 773 1283 800 dictum
1297 794 1304 804 ,
1325 778 1352 801 et
1375 782 1427 800 non
1454 775 1631 809 perfunctorie
1654 781 1830 807 transeamus,
1859 777 1906 804 sed

1115 819 1261 853 Cogitemus
1282 824 1379 854 quanta
1392 828 1468 855 ptena
1495 821 1582 848 futura
1609 822 1639 848 sit
1665 830 1756 849 eorum
1782 824 1825 857 qui
1853 831 1904 850 non

1114 865 1199 892 solutn
1226 873 1278 892 non
1300 873 1407 900 operam
1423 866 1487 894 dant
1500 873 1527 894 ut
1538 867 1597 895 illos
1613 873 1749 903 superent,
1765 870 1810 895 sed
1824 871 1905 897 etiarn

1115 911 1201 938 minus
1209 919 1287 946 quant
1301 911 1337 939 illi
1352 917 1477 947 pratstant
1491 921 1497 945 ;
1512 921 1597 948 neque
1607 919 1702 941 cavent
1724 919 1752 941 ut
1775 915 1840 941 iram
1867 924 1904 943 re-

1115 957 1220 984 mittant
1243 959 1375 993 proximo,
1400 959 1438 985 vel
1452 959 1566 994 linguam
1582 967 1595 986 a
1618 960 1775 994 iuramentis
1800 967 1906 989 servent

1116 1011 1217 1037 puram,
1234 1004 1273 1030 vel
1284 1004 1389 1030 otulum
1402 1005 1520 1032 muniant
1531 1015 1545 1032 a
1561 1007 1709 1040 pernicioso
1735 1009 1906 1041 spectaculo:

1115 1053 1142 1075 et
1154 1057 1214 1075 etnn
1230 1049 1356 1076 Dominus
1369 1051 1516 1086 prrecipiat,
1531 1060 1583 1079 nou
1607 1053 1695 1080 solutn
1708 1053 1812 1081 fortiter
1837 1053 1908 1082 ferre

1114 1095 1135 1121 si
1159 1102 1209 1130 qua
1234 1094 1328 1129 injuria
1351 1096 1480 1125 fuerimus
1499 1098 1596 1131 allecti,
1615 1099 1836 1127 sedetbenelicia
1859 1101 1908 1127 ini-

1115 1142 1190 1168 micis
1203 1142 1311 1176 largiter
1322 1143 1455 1177 pra-bere;
1472 1144 1598 1177 aitenim,
1617 1144 1650 1172 Et
1665 1146 1707 1180 qui
1734 1151 1814 1173 tecum
1838 1147 1908 1179 ,udt‘.

1115 1188 1153 1214 cio
1169 1188 1318 1215 contendere
1328 1194 1351 1215 et
1366 1190 1475 1216 tunicam
1486 1191 1572 1217 tollere
1580 1192 1642 1223 vult,
1652 1192 1749 1219 dimitte
1757 1197 1778 1218 ct
1801 1193 1908 1228 pallium

1115 1234 1219 1269 (Matth.
1232 1235 1323 1270 5.40).
1336 1236 1389 1263 Nos
1403 1241 1491 1263 autetn
1506 1244 1576 1272 swpc
1589 1238 1711 1272 proximo
1725 1239 1848 1274 injuriaut
1864 1240 1905 1266 in-

1117 1281 1185 1309 fcrre
1209 1282 1326 1315 nitimur,
1344 1288 1388 1309 aut
1403 1282 1541 1310 laedentem
1565 1283 1666 1317 ulcisci,
1691 1285 1810 1319 quamvis
1830 1285 1908 1312 nobis

1117 1327 1277 1361 inqeratum
1297 1328 1332 1354 sit
1348 1335 1400 1355 non
1416 1328 1501 1354 solum
1516 1329 1658 1363 diligentes
1684 1329 1795 1364 diligere
1815 1329 1824 1366 [
1839 1330 1906 1357 Nam

1114 1373 1171 1405 hoc,
1186 1373 1282 1407 inquit,
1297 1378 1320 1399 et
1335 1374 1463 1408 publicani
1476 1375 1570 1408 faciunt
1585 1374 1690 1410 (Matth.
1700 1376 1727 1403 5.
1737 1375 1806 1412 ισ)],
1821 1377 1868 1404 sed
1881 1383 1907 1404 rt

1114 1420 1182 1446 bene
1197 1423 1224 1446 et
1237 1419 1321 1446 amice
1332 1419 1442 1446 allectos
1456 1428 1515 1447 esse
1531 1420 1556 1447 in
1571 1428 1617 1447 eos
1633 1421 1676 1455 qni
1702 1429 1750 1449 nos
1774 1422 1906 1450 hostiliter

1115 1466 1240 1492 infestant
1255 1475 1260 1492 :
1279 1474 1327 1493 nos
1343 1471 1430 1493 tamen
1445 1474 1478 1493 ne
1491 1467 1584 1494 amicis
1599 1467 1705 1502 quidem
1721 1476 1810 1502 parem
1834 1471 1906 1496 eari-

1115 1517 1194 1539 tatem
1209 1513 1376 1540 exhibemus.
1391 1513 1538 1548 Eapropter
1548 1513 1626 1540 doleo
1637 1518 1664 1540 et
1679 1514 1766 1548 lugeo,
1781 1516 1843 1549 quia
1860 1516 1900 1542 vi-

1114 1559 1164 1586 deo
1180 1559 1206 1586 in
1217 1559 1294 1586 nobis
1303 1563 1402 1587 tantam
1412 1559 1518 1586 virtutis
1534 1562 1689 1593 raritatem;
1705 1561 1832 1588 malitiam
1857 1570 1904 1588 au—

1114 1611 1167 1633 tem
1191 1606 1310 1641 quotidie
1333 1603 1496 1634 invalescere
1511 1615 1518 1633 :
1535 1614 1622 1641 neque
1643 1613 1762 1634 moratur
1775 1608 1907 1642 gehennae

1115 1652 1194 1679 timor
1208 1656 1328 1679 nostrum
1344 1652 1368 1679 in
1382 1652 1452 1679 mala
1462 1660 1578 1684 cursum,
1594 1660 1680 1687 neque
1702 1653 1774 1688 regni
1799 1653 1906 1681 deside-

1114 1699 1181 1724 rium
1191 1698 1292 1730 ineitat,
1304 1702 1330 1724 ut
1344 1698 1369 1725 in
1378 1698 1417 1724 via
1429 1698 1533 1725 virtutis
1541 1697 1709 1725 ambulemus
1722 1707 1728 1725 :
1744 1698 1790 1725 sed
1800 1707 1905 1730 omnes,

1115 1748 1142 1770 ut
1157 1744 1190 1770 ita
1207 1743 1305 1776 dicam,
1316 1751 1380 1778 quas
1406 1744 1520 1778 pecudes
1534 1743 1690 1770 abducimur
1704 1753 1709 1770 :
1726 1749 1752 1771 ct
1765 1753 1852 1779 neque
1862 1753 1906 1772 co-

1114 1789 1229 1824 gitamus
1240 1789 1385 1816 terribilem
1399 1789 1469 1816 illam
1485 1789 1587 1821 horam,
1604 1790 1646 1817 vel
1675 1790 1746 1824 leges
1761 1798 1775 1817 a
1792 1791 1905 1818 Domino

1116 1835 1193 1862 ttobis
1208 1835 1284 1862 datas
1301 1845 1306 1862 :
1323 1835 1369 1862 sed
1383 1843 1477 1862 omnes
1491 1835 1522 1861 ad
1539 1835 1676 1862 hominum
1690 1837 1831 1870 opiniones
1842 1845 1904 1870 spe-

1115 1886 1228 1913 ctamus,
1243 1885 1269 1907 et
1284 1881 1421 1916 gloriolam
1433 1881 1467 1907 ab
1483 1880 1533 1907 illis
1546 1889 1683 1913 venamur,
1700 1889 1786 1916 neque
1811 1882 1905 1909 audire

1115 1927 1235 1954 volumus
1251 1925 1426 1961 Evangelium
1443 1926 1535 1953 dicens
1555 1936 1561 1953 :
1585 1926 1716 1959 Quomodo
1740 1935 1782 1954 vos
1805 1929 1907 1962 potestis

1116 1973 1216 2000 credere
1229 1973 1334 2007 gloriam
1347 1972 1377 1998 ub
1393 1972 1534 2000 hominibus
1542 1973 1699 2007 accipientes,
1727 1979 1749 1999 et
1776 1973 1883 2008 gloriam
1897 1995 1904 2006 ,

1113 2029 1169 2056 qtae
1180 2029 1195 2046 ιι
1205 2019 1259 2046 solo
1276 2019 1328 2046 Deo
1336 2024 1383 2050 est,
1394 2028 1442 2046 non
1452 2018 1684 2054 qua'rettteonan.
1694 2019 1720 2046 5.
1730 2020 1776 2055 41)
1787 2021 1797 2045 ‘3
1807 2019 1906 2053 Quent-

1114 2065 1256 2093 admodmu
1272 2066 1342 2093 enim
1358 2065 1402 2100 qui
1417 2065 1488 2092 illam
1511 2065 1652 2092 humanam
1675 2065 1838 2097 desiderant,
1865 2065 1906 2092 di-

1116 2112 1178 2138 vina
1193 2118 1302 2146 prorsus
1314 2111 1437 2137 excidunt
1453 2119 1459 2136 :
1477 2110 1511 2136 ita
1525 2110 1570 2144 qui
1582 2110 1698 2137 divinam
1709 2111 1836 2137 continuo
1860 2119 1905 2138 sc-

1117 2162 1233 2189 ctantur,
1245 2164 1330 2190 neque
1344 2157 1391 2183 bac
1401 2156 1548 2190 primulut'.
1561 2156 1586 2182 ld
1601 2156 1670 2190 quod
1684 2157 1739 2190 ipse
1753 2156 1826 2190 prius
1842 2165 1905 2191 pro-

1114 2203 1185 2230 misit
1199 2212 1204 2228 :
1220 2203 1328 2236 Quwrit:
1339 2202 1463 2236 primunt‘
1478 2210 1582 2236 regnum
1594 2201 1650 2234 Dei,
1666 2207 1688 2228 ct
1703 2203 1757 2229 lucc
1770 2203 1855 2228 omnia
1863 2211 1905 2229 ro-

1113 2249 1150 2275 bis
1159 2249 1309 2284 adjicieutur
1324 2247 1435 2282 (Matth.
1450 2248 1475 2274 6.
1492 2247 1538 2283 55)
1552 2255 1560 2274 ;
1575 2248 1672 2274 ctenim
1685 2256 1744 2274 eum
1761 2249 1806 2282 qui
1826 2248 1906 2284 hujus

1113 2295 1247 2323 desiderio
1264 2299 1378 2327 tenetur,
1395 2299 1541 2328 sequuntur
1563 2294 1620 2321 h:ec
1645 2295 1743 2320 otmtia.
1772 2294 1839 2321 Nam
1860 2295 1904 2329 qui

1114 2342 1176 2369 illttc
1186 2342 1280 2369 mentis
1292 2348 1347 2368 Sua:
1360 2340 1409 2367 alis
1419 2341 1563 2367 instructus
1576 2341 1655 2371 volat,
1667 2348 1772 2367 omnem
1785 2349 1905 2374 pt‘msen-

1114 2392 1167 2414 tem
1182 2387 1385 2422 prosperitatem
1397 2386 1471 2421 quasi
1484 2394 1535 2413 non
1551 2391 1633 2417 esset.
1648 2387 1803 2413 contemnit.
1827 2386 1903 2414 Oculi

1113 2433 1183 2460 enim
1200 2432 1272 2464 ﬁdei,
1288 2432 1394 2466 quando
1411 2431 1498 2458 rident
1527 2431 1667 2458 inell'abilia
1685 2432 1726 2458 illa
1756 2432 1824 2459 bona
1837 2453 1844 2464 .
1872 2439 1908 2459 ne

1113 2483 1230 2505 Sent-unt
1240 2478 1346 2512 quidem
1362 2477 1419 2504 hanc
1433 2477 1545 2504 visibilia
1560 2486 1565 2503 :
1582 2482 1683 2504 tantum
1706 2478 1776 2504 ittter
1800 2478 1858 2506 bttc
1879 2483 1906 2505 et

1115 2523 1157 2550 illa
1168 2524 1289 2550 interest.
1303 2523 1354 2550 Sed
1366 2523 1498 2550 netniucnt
1513 2523 1590 2550 video
1603 2523 1647 2557 qtti
1660 2523 1800 2550 invisibilia
1815 2524 1902 2551 visibi-

1115 2568 1181 2595 Iibus
1196 2569 1327 2603 praeferat.
1342 2568 1441 2595 Idcirco
1455 2568 1520 2595 mihi
1535 2577 1634 2596 maeror
1646 2573 1696 2600 est,
1707 2573 1734 2596 et
1747 2569 1903 2597 indesinens

1114 2615 1189 2642 dolor
1205 2615 1277 2642 cordi
1292 2622 1370 2642 meo:
1387 2615 1448 2649 quia
1472 2622 1523 2641 non
1539 2622 1629 2641 rerum
1650 2615 1813 2649 experientia
1834 2616 1904 2642 docti

1113 2668 1215 2693 smnus,
1242 2668 1328 2696 tteqne
1351 2661 1398 2688 Dei
1425 2660 1627 2695 promissiones,
1652 2667 1738 2694 neque
1762 2668 1904 2688 munerum

1114 2707 1277 2742 magnitudo,
1292 2707 1367 2742 regni
1382 2706 1543 2734 desiderium
1556 2709 1713 2733 clamorem
1729 2706 1804 2733 nobis
1829 2703 1903 2736 insc-

1150 2792 1156 2804 '
1172 2790 1235 2820 Vox,
1246 2788 1350 2820 primum
1364 2787 1488 2819 (πρῶτονὶ,
1503 2787 1571 2811 deest
1589 2786 1614 2810 in
1632 2783 1706 2808 Savil.
1723 2785 1750 2808 ct
1764 2783 1789 2807 in
1806 2784 1905 2812 septem

1118 2821 1174 2846 Mss.
