2058 3123
157 151 206 178 217
752 147 784 175 IN
804 146 880 175 CAP.
901 146 945 173 Vll

155 213 248 236 nerant
263 219 269 236 :
286 217 380 236 verum
393 208 478 236 adhuc
489 208 559 234 httmi
572 211 706 242 reptantes
718 206 945 240 prmferinumter—

154 262 215 282 reita
227 255 393 288 caelestibus,
406 253 545 289 prmseutia
563 253 676 280 futuris:
694 257 721 280 ct
739 260 769 279 ea
796 259 856 286 qum.
874 251 946 285 pritts

152 301 271 334 avolant,
290 309 370 335 quant
387 305 549 335 spectentur,
567 299 598 326 iis
624 307 683 334 qua:
703 298 827 325 omnibus
850 297 946 324 dttrant

150 347 256 373 su-culis
270 355 276 372 ε
293 351 320 374 et
335 351 534 381 temporancam
551 346 710 380 voluptatem
735 348 870 379 perpetua:
897 350 944 369 vo-

150 392 243 426 luptati
268 401 275 416 :
308 393 418 419 brevem
448 393 515 418 hanc
541 391 679 426 pra-sentis
705 391 766 417 vitae
790 389 943 416 felicitatem

150 438 259 465 aeternis
272 438 335 472 illis,
351 443 378 465 et
393 438 445 465 fine
464 438 615 465 carentibus
642 437 757 464 szeculis.
781 436 842 463 Scio
865 443 944 462 aures

150 488 252 510 vestras
270 485 311 511 his
338 485 426 512 verbis
452 484 582 517 vellicari,
611 484 657 511 Sed
680 483 816 518 ignoscite.
841 481 943 509 Avidus

150 535 245 557 vestra!
256 531 350 557 salutis
363 531 419 558 hzrc
433 531 538 566 loquor,
560 530 662 557 ntalens
675 538 722 557 vos
734 529 776 556 ltic
789 528 943 563 aliquantis-

149 585 196 611 per
210 578 359 605 laucinatos
374 582 502 605 :eteruam
516 585 620 612 paruam
637 577 764 611 effugere,
778 583 855 610 quam
880 581 940 601 cum

149 630 228 657 parva
243 623 434 651 refocillatione
450 628 604 658 perpetuam
616 623 684 649 ferre
698 629 813 657 poenam.
827 620 892 648 Nam
918 619 940 646 si

147 675 237 696 sermo
253 677 330 696 uteus
341 669 366 696 in
379 669 454 696 vobis
469 670 570 704 proftcit
584 690 590 702 ,
614 672 827 703 prteconceptun‘t
842 673 941 693 mcero-

146 721 202 741 rem
211 715 356 749 repelletis.
365 720 392 742 et
401 723 468 742 tutnc
476 715 588 742 maxime
597 715 659 742 dum
667 714 753 741 adhuc
762 717 861 740 sanetm
869 713 940 746 Qua-

146 760 303 795 dragesimm
321 766 426 796 tempus
439 761 514 788 vobis
527 761 658 796 reliqttttm
682 765 724 788 est
743 761 866 795 pusillum
881 759 918 794 (a)
930 780 936 792 ,

144 807 266 840 poteritis
282 812 388 842 peccata
401 808 568 842 abstergere,
589 815 763 842 magnamque
775 814 789 833 a
803 807 858 834 Deo
884 806 937 833 cle-

143 853 268 879 mentiam
290 853 366 879 vobis
388 853 538 880 conciliare.
558 853 614 879 Non
633 854 703 880 cuitu
729 853 819 879 multis
842 852 937 879 diebus

142 905 209 932 opus
221 898 301 924 habet
317 898 454 931 Dominus,
469 906 554 933 neque
571 903 692 932 tempore
705 907 710 924 :
726 898 772 925 sed
784 898 805 924 si
818 897 936 924 volucri-

141 950 210 976 tuus,
222 943 285 970 etin
298 943 399 971 dualnts
414 944 486 971 hisce
496 944 669 971 ltehdotnadis
682 944 816 979 corrigere
829 949 935 978 peccata

139 995 231 1017 nostra
242 990 398 1023 poterimus.
413 990 477 1017 Nam
490 991 510 1018 si
525 990 653 1018 Ninivitas
665 991 742 1017 trium
763 990 865 1017 dicrtnn
881 997 936 1023 p03-

140 1035 280 1062 niteutiam
295 1041 405 1071 agentes
420 1041 489 1063 tanta
514 1036 637 1070 dignatus
660 1040 701 1063 est
726 1035 907 1063 misericordia
925 1055 933 1068 ,

140 1081 223 1108 multo
235 1082 320 1116 magis
334 1089 382 1109 nos
395 1090 446 1109 ttott
463 1082 607 1117 despiciet:
622 1087 721 1109 tantum
737 1083 758 1109 si
773 1090 835 1109 vcrc
847 1083 931 1116 potni-

140 1133 255 1161 teantus,
270 1132 297 1154 ct
305 1127 465 1156 desistentcs
479 1137 493 1155 a
510 1133 628 1162 peccato,
645 1130 713 1155 viam
733 1136 792 1163 qure
806 1129 837 1155 ad
848 1129 932 1154 virtu-

137 1174 278 1201 tetudueit
291 1175 481 1210 ingrediantur.
498 1176 642 1202 Enimvero
657 1175 690 1202 de
711 1175 772 1206 illis,
799 1175 931 1202 Ninivitas

136 1219 207 1252 dico,
220 1220 358 1255 Scriptura
374 1226 493 1253 testatur,
503 1221 594 1248 dicetis
611 1231 617 1248 :
635 1222 701 1255 Quia
709 1221 769 1248 vidit
782 1221 851 1248 Deus
866 1222 932 1255 quod

134 1266 251 1293 discessit
265 1268 434 1302 unusquisque
447 1276 462 1293 α
477 1269 517 1294 via
530 1277 575 1294 sna
587 1269 654 1294 mala
671 1267 743 1304 (Jan.
760 1269 785 1295 5.
803 1268 862 1304 10).
881 1268 929 1304 lgi-

135 1317 180 1337 tnr
193 1310 214 1338 si
229 1311 335 1344 viderit,
353 1313 422 1347 qttod
437 1317 463 1339 et
478 1321 526 1340 nos
538 1321 608 1340 nttnc
631 1314 719 1340 virtuti
743 1313 928 1348 junxcrimus,

135 1361 187 1382 cta
203 1357 275 1384 malo
289 1357 488 1392 destiterimus,
515 1358 721 1394 festinetnusque
744 1359 777 1386 ad
800 1359 928 1386 bonorum

134 1403 333 1436 operationem,
349 1404 507 1439 approbabit
529 1410 646 1432 nostram
663 1406 875 1436 conversionem,
903 1410 929 1433 et

132 1449 239 1475 sarcina
250 1454 419 1483 peccatorum
434 1450 552 1477 liberatis
563 1459 610 1478 sua
624 1451 749 1486 largietur
772 1451 851 1478 dona.
876 1451 928 1479 Ne-

132 1502 186 1528 que
197 1503 246 1521 nos
258 1495 296 1521 sic
307 1500 475 1529 peccatorum
491 1497 668 1530 espiationem
680 1501 707 1523 et
717 1497 829 1524 salutem
852 1497 927 1531 cupi-

133 1549 205 1574 mus,
221 1543 291 1568 sicut
302 1542 358 1576 ipse
373 1542 447 1576 cupit
458 1546 484 1569 et
494 1542 589 1570 adesse
597 1543 714 1576 festittat,
729 1548 795 1571 utet
818 1544 851 1571 ab
875 1544 928 1570 illis

133 1587 234 1614 liberos
250 1595 298 1614 nos
314 1587 402 1620 faciat,
419 1593 447 1615 et
470 1589 555 1616 salute
575 1589 653 1624 potiri
668 1590 807 1617 com-edat.
824 1590 927 1624 Eapro-

132 1637 202 1667 pter,
218 1633 343 1667 obsecro,
357 1635 502 1661 excitemus
518 1640 622 1661 nostras
635 1639 748 1668 tuentes,
761 1641 787 1663 et
800 1636 841 1663 sui
852 1637 926 1670 quis-

131 1686 185 1713 que
195 1684 330 1706 scrutator
344 1679 388 1712 sit,
403 1679 500 1714 anquid
516 1681 629 1715 amplius
640 1689 654 1708 a
669 1688 697 1708 se
712 1682 847 1715 praxtcrito
864 1687 926 1709 tetu-

132 1724 197 1759 pbre
210 1733 272 1752 cum
285 1726 363 1752 laude
374 1731 478 1761 gestum
491 1726 536 1760 sit,
550 1727 591 1754 vel
605 1735 683 1761 quam
711 1728 850 1755 utilitatem
876 1728 925 1755 lta-

134 1771 221 1798 bucrit
234 1779 268 1799 ex
288 1773 412 1799 continua
430 1773 479 1800 hac
490 1773 610 1800 doctrina
624 1784 630 1801 :
645 1775 665 1800 si
685 1774 758 1808 quid,
775 1774 844 1809 quod
863 1782 926 1809 pro-

132 1817 205 1844 ximo
216 1818 326 1850 serviat,
339 1817 471 1845 fructuum
483 1819 629 1854 collegerit,
643 1820 663 1846 si
675 1821 795 1855 quzedam
805 1821 866 1847 vitia
879 1828 925 1847 sua

130 1864 298 1896 correxerit;
322 1864 344 1890 si
366 1864 436 1899 quod
451 1864 483 1892 ad
497 1872 585 1892 veram
601 1866 796 1901 philosophiam
824 1867 926 1894 adeun-

131 1908 193 1936 dam
211 1909 414 1937 incitamentum
428 1918 460 1937 ex
472 1911 513 1938 his
527 1913 625 1939 nostris
638 1913 800 1948 quotidianis
812 1921 924 1948 accepe-

131 1955 166 1982 rit
176 1955 413 1983 admonitionibus.
427 1957 507 1985 Bouis
522 1958 627 1993 quidem
642 1961 767 1994 operibus
791 1962 925 1988 accessio-

131 2010 193 2030 nem
206 2002 262 2030 lieri
272 2003 431 2036 curandum,
447 2008 474 2031 et
498 2013 642 2040 numquam
664 2006 855 2040 quiescendum
883 2012 924 2034 est

131 2049 165 2075 ab
178 2050 230 2076 ltoc
246 2050 316 2077 bono
329 2050 424 2084 agendi
436 2050 575 2078 instituto:
592 2056 619 2078 at
634 2053 655 2079 si
671 2053 730 2087 quis
744 2053 837 2080 viderit
860 2060 925 2079 con-

130 2096 300 2123 suetudinem
311 2104 386 2124 suatn
400 2097 487 2125 adhuc
500 2098 655 2132 prtevalere,
672 2104 699 2126 ct
726 2107 756 2127 se
780 2100 806 2126 in
830 2099 923 2126 iisdem

131 2149 317 2176 perseverare,
329 2147 409 2178 cogat
423 2148 540 2171 tuentem
553 2152 627 2171 suam
639 2152 694 2172 Sllt‘t‘
705 2145 816 2173 desidia:
843 2147 925 2173 ratio-

131 2197 192 2215 nem
206 2188 320 2216 reddere
335 2197 340 2214 :
357 2197 406 2216 ttec
415 2190 485 2216 sinat
499 2190 622 2225 progredi
638 2191 760 2224 ulterius,
773 2192 821 2220 sed
835 2200 922 2227 pravtc

130 2234 333 2261 consuetudinis
348 2234 426 2261 finem
439 2235 534 2268 faciat;
549 2236 687 2263 exscindat
698 2238 837 2272 impetum,
848 2246 925 2266 coer—

130 2283 190 2306 ceat
211 2279 400 2314 cogitationes,
413 2281 438 2307 itt
451 2287 539 2308 tuente
550 2282 840 2311 revolvathorrendum
850 2284 923 2311 illum

130 2325 211 2357 dicm,
224 2326 324 2360 cogitet
337 2333 437 2353 mensa:
451 2326 528 2361 hujus
540 2328 685 2355 tremenda:
694 2329 922 2364 participationem

129 2375 155 2397 et
163 2371 334 2405 splendorem
349 2372 417 2406 ignis
430 2372 491 2399 inde
501 2373 645 2401 resilieutis
657 2374 704 2410 (ὁ),
716 2383 747 2402 ac
756 2376 923 2411 conﬂagran-

131 2421 183 2444 tem
199 2417 299 2448 vim,et
313 2417 418 2452 qualem
441 2419 654 2447 convcniatesse
675 2421 825 2449 accedentis
849 2431 924 2449 tuen-

130 2466 198 2494 tem;
215 2462 249 2490 ab
271 2463 343 2490 omni
370 2471 465 2498 nempe
491 2464 605 2498 macula,
623 2465 656 2492 ab
665 2467 738 2493 omni
751 2467 808 2495 labe
818 2476 921 2502 puram,

129 2510 315 2537 etillicitarum
323 2511 512 2545 cogitationum
522 2511 696 2547 frequentiam
703 2514 902 2543 subvertentcm
915 2525 921 2542 :

130 2560 158 2582 ut
167 2555 206 2583 sic
217 2556 324 2583 interim
338 2556 434 2584 diebus
445 2557 504 2584 istis
513 2558 634 2592 nosipsos
651 2565 842 2594 prteparautes,
859 2569 924 2596 pos-

129 2602 223 2634 simus,
248 2608 395 2638 expurgata
414 2612 461 2638 pro
476 2605 546 2631 virili
569 2606 656 2632 anima
669 2611 771 2640 nostra,
783 2609 924 2643 participes

130 2647 185 2674 fieri
198 2649 340 2682 przesentis
357 2649 435 2676 istius
447 2650 619 2683 sumptionis,
635 2656 663 2679 et
678 2653 858 2680 ittelfabilibus
870 2655 922 2681 illis

133 2696 211 2722 bonis
223 2696 316 2730 periri,
333 2703 392 2731 qua:
407 2697 712 2733 promisitdiligentibus
725 2707 770 2731 se;
789 2701 872 2735 gratia
897 2705 924 2729 et

160 2773 195 2809 (a)
209 2773 291 2798 ltabita
303 2773 387 2809 concio
396 2781 450 2798 cum
459 2774 514 2800 dure
527 2778 617 2801 tantttm
629 2778 820 2809 Quadragesintic
832 2780 924 2806 hebdo-

129 2804 203 2828 madae
212 2807 385 2835 superessent.

158 2835 194 2865 (ὁ)
211 2835 314 2868 Savilius
326 2836 461 2868 suspicatur
472 2837 512 2862 hic
530 2838 611 2868 ignem
631 2839 771 2864 sensibilem
795 2842 818 2866 in
842 2850 926 2868 mensa

128 2872 194 2890 sacra
203 2867 313 2897 positum
321 2866 476 2899 subindicari,
484 2866 573 2900 nempe
585 2867 708 2895 lucernam
716 2871 819 2898 altumve
833 2866 923 2906 ignoti;

951 165 957 172 .
978 145 1105 174 GENES.
1121 148 1233 177 llDMIL.
1258 151 1337 178 XXV.

1742 151 1793 178 2l3

1004 206 1167 241 benignitate
1183 209 1285 237 Domini
1301 212 1384 239 nostri
1399 212 1462 239 Jesu
1473 212 1582 245 Christi,
1595 221 1656 241 eum
1673 222 1726 249 quo
1739 214 1790 241 Pa-

1002 254 1046 283 tri.
1061 253 1180 282 simulet
1198 257 1307 290 Spiritui
1334 264 1426 285 sancto
1447 259 1482 286 sit
1507 259 1601 294 gloria,
1627 260 1769 295 imperium
1782 278 1789 288 ς

1001 299 1097 332 honor,
1113 309 1183 329 ttttne
1206 309 1233 330 et
1252 309 1380 338 semper,
1408 309 1434 331 et
1458 305 1484 332 in
1509 306 1605 332 smcula
1620 307 1788 332 stcculotum.

1001 346 1096 373 Amen.

1269 406 1406 434 llOMlLlA
1432 407 1516 434 XXV.

999 459 1056 486 Noe
1077 467 1161 487 autem
1185 471 1308 490 mmorant
1329 469 1380 490 erat
1406 469 1596 496 sexcentarum,
1622 469 1644 491 el
1666 465 1788 492 diluvium

1086 515 1158 540 aqua:
1169 510 1262 543 factum
1275 515 1309 535 est
1323 518 1398 545 super
1412 514 1503 537 terram
1519 509 1594 545 (Gen.
1613 511 1638 537 7.
1662 510 1698 545 6).

1033 576 1056 602 Ι.
1079 577 1268 611 Argumentum
1283 577 1379 612 dequo
1394 579 1450 605 lteri
1469 579 1572 606 caritati
1590 583 1683 606 vestrm
1704 579 1789 606 disse-

995 622 1046 654 rui,
1059 622 1145 649 denttn
1160 624 1297 658 attingam,
1314 625 1414 659 etjnsti
1430 625 1484 652 Noe
1499 626 1635 653 historiam
1651 625 1746 652 iterum
1761 626 1786 652 in

995 668 1109 694 medium
1123 668 1241 696 all‘cram.
1263 669 1362 704 Magna:
1377 671 1448 698 enim
1463 671 1588 698 virtutum
1606 671 1669 704 jtts‘i
1688 671 1785 698 divitia:

994 718 1066 745 sunt,
1090 714 1227 748 nostrique
1251 714 1330 742 officii
1353 721 1393 742 est
1413 717 1536 743 omnibus
1549 724 1596 751 pro
1610 723 1698 743 nostra
1715 717 1784 743 virili

992 760 1148 794 disquisitis,
1165 769 1258 788 curare
1272 765 1300 788 ttt
1314 767 1408 789 vcstrtr
1420 770 1485 797 opes
1497 763 1557 789 ltinc
1568 763 1700 790 auctiores
1710 763 1783 790 fiant.

991 805 1133 836 Cmtcrum,
1152 807 1272 837 obsecro,
1289 811 1386 834 attenta
1401 813 1490 836 mente
1511 809 1603 835 adsitis
1615 830 1622 841 ,
1636 813 1664 835 ttt
1678 817 1710 834 tte
1721 816 1783 835 scn-

992 852 1079 878 tentite
1092 851 1135 878 ltie
1147 853 1290 879 recondita:
1301 860 1316 879 a
1328 853 1555 888 vobisdiffugiant.
1566 854 1658 888 Operm
1669 854 1781 888 pretium

989 902 1079 924 autem
1106 897 1193 929 fuerit,
1218 898 1292 933 prius
1310 899 1413 926 caritati
1441 905 1538 926 vestra:
1560 907 1780 930 commemorare.

990 941 1096 968 ubinam
1113 942 1169 969 lteri
1186 942 1297 970 docendi
1310 944 1387 971 finem
1403 944 1542 972 fecerimus
1555 966 1561 975 .
1578 951 1605 972 ut
1628 945 1688 972 inde
1704 945 1782 972 hodie

989 995 1113 1015 sermone
1134 989 1260 1024 repetito,
1274 989 1384 1017 dicenda
1404 991 1482 1017 dictis
1500 996 1572 1018 recte
1596 996 1780 1019 cotttexamus.

988 1033 1031 1061 Sic
1044 1035 1114 1061 enim
1125 1034 1306 1062 manifestiora
1319 1036 1394 1062 nobis
1408 1042 1486 1063 erunt
1501 1037 1582 1064 etiam
1596 1045 1624 1063 ea
1639 1046 1697 1072 qua:
1711 1045 1780 1064 nunc.

987 1080 1120 1107 dicuntur.
1138 1081 1187 1109 Ubi
1200 1089 1263 1116 ergo
1275 1090 1332 1116 qum
1344 1082 1504 1109 docebamus
1516 1083 1582 1114 lteri,
1597 1083 1674 1110 fioetu
1684 1083 1780 1111 habue-

987 1126 1067 1152 runt?
1084 1126 1164 1158 Dixit,
1177 1127 1271 1161 inquit,
1289 1127 1412 1153 Dominus
1426 1127 1493 1154 Deus
1508 1128 1541 1153 ml
1556 1127 1612 1154 Non
1626 1136 1634 1154 :
1646 1128 1780 1162 Ingredere

987 1175 1023 1203 tu,
1038 1175 1060 1197 et
1080 1171 1160 1198 attritis
1175 1172 1264 1198 domus
1276 1176 1319 1197 tua
1333 1172 1358 1198 in
1373 1180 1458 1198 arcam
1474 1180 1482 1198 :
1496 1173 1554 1207 quia
1569 1179 1591 1198 te
1614 1173 1664 1198 ridi
1680 1174 1779 1207 justum

985 1225 1070 1242 coram
1083 1225 1121 1243 tne
1134 1217 1159 1243 in
1175 1218 1334 1252 generatione
1346 1217 1402 1244 ista.
1416 1216 1457 1244 Em
1465 1218 1586 1251 jumenlis
1608 1227 1664 1245 rero
1680 1218 1779 1244 mundis

985 1263 1060 1289 induc
1087 1263 1121 1289 ad
1144 1268 1167 1289 te
1187 1269 1289 1297 srp'ena
1305 1271 1313 1289 :
1329 1268 1351 1289 et
1374 1271 1405 1290 ex
1424 1263 1557 1298 jamentis,
1573 1272 1628 1298 qum
1647 1272 1696 1290 non
1720 1269 1778 1290 sunt

984 1309 1088 1338 manda.
1106 1309 1173 1336 bina.
1190 1309 1278 1335 Adhuc
1300 1309 1365 1336 enim
1387 1315 1481 1343 septem
1496 1310 1564 1342 dies,
1591 1318 1635 1345 ego
1659 1310 1777 1336 inducam

984 1356 1094 1390 pluviam
1109 1363 1183 1390 super
1196 1359 1287 1382 terram
1301 1355 1467 1390 quadraginta
1478 1355 1564 1382 dirbus
1575 1360 1596 1382 et
1609 1356 1776 1390 quadraginta

983 1401 1094 1426 noctibus
1109 1421 1116 1433 ,
1130 1405 1153 1426 et
1167 1399 1251 1426 delebo
1262 1408 1359 1426 omnem
1370 1400 1533 1426 substantiam
1543 1409 1616 1435 quam
1633 1401 1690 1436 feri,
1705 1409 1720 1426 (ι
1738 1401 1777 1432 fa-

981 1446 1113 1475 cielcrrw,
1135 1446 1165 1472 ab
1194 1446 1294 1472 homine
1312 1454 1389 1478 usque
1413 1446 1446 1472 ad
1464 1455 1546 1480 pecus.
1575 1446 1607 1472 Et
1635 1447 1692 1481 fecit
1721 1445 1777 1472 Noe

982 1492 1066 1518 omnia
1080 1500 1136 1524 qua!
1149 1496 1299 1526 praeceperat
1311 1492 1357 1518 sibi
1372 1492 1493 1518 Dominus
1520 1491 1584 1518 Deus
1599 1491 1663 1526 (Gen
1699 1492 1724 1518 7.
1748 1493 1776 1518 l-

983 1537 1023 1572 5).
1038 1537 1180 1571 [lucusque
1195 1537 1357 1571 procedebat
1377 1545 1482 1569 sermo,
1500 1537 1541 1563 ltic
1561 1536 1671 1564 ιίοοιιιιιιῑ
1695 1537 1773 1563 linem

982 1582 1154 1609 faciebamus.
1169 1582 1302 1609 Fortassis
1314 1582 1384 1609 cnint
1400 1587 1426 1609 ct
1440 1583 1487 1617 ipsi
1499 1582 1656 1609 meministis
1667 1583 1772 1617 quando

981 1628 1084 1655 caritati
1101 1632 1197 1654 vestra:
1224 1635 1330 1654 causam
1345 1627 1519 1659 reddidimus,
1549 1636 1631 1661 quare
1649 1628 1717 1655 Detts
1740 1636 1771 1654 ex

981 1673 1088 1700 mundis
1102 1677 1221 1707 septena,
1235 1680 1267 1700 ex
1284 1673 1427 1700 immundis
1441 1673 1500 1699 bina
1511 1673 1639 1700 introduci
1653 1674 1771 1707 jusserit.

981 1718 1036 1754 Age
1051 1727 1115 1753 ergo
1140 1718 1220 1745 hodie
1235 1719 1394 1746 accedamus
1407 1719 1438 1745 ad
1461 1726 1491 1745 ea
1505 1726 1563 1753 qua!
1579 1723 1773 1753 consequenter

980 1764 1047 1791 lecta
1062 1768 1133 1795 sunt,
1148 1768 1175 1790 et
1195 1764 1331 1791 videamus
1352 1764 1413 1799 qttid
1437 1764 1512 1791 nobis
1527 1764 1613 1791 tlivina
1636 1764 1771 1798 Scriptura

980 1810 1050 1837 dicat
1062 1814 1122 1844 post
1135 1810 1283 1844 ingressum
1296 1810 1352 1837 Noe
1367 1810 1393 1837 in
1407 1818 1506 1837 artam.
1532 1811 1607 1837 Nunc
1626 1811 1696 1837 enim
1717 1818 1772 1837 nta-

979 1856 1061 1888 xitne,
1078 1855 1099 1882 si
1113 1855 1167 1882 ullo
1180 1855 1233 1882 alio
1255 1860 1385 1889 tempore,
1408 1855 1485 1882 decet
1504 1860 1533 1882 ut
1547 1856 1660 1890 amplius
1675 1857 1709 1882 sit
1724 1863 1772 1882 tto-

979 1906 1064 1928 strunt
1078 1901 1205 1933 stttdiuttt,
1220 1909 1280 1928 cum
1295 1902 1330 1928 ob
1343 1902 1434 1937 jejunii
1450 1908 1554 1937 tempus
1574 1907 1598 1929 et
1619 1902 1770 1930 dulcissima

980 1955 1065 1976 vestra
1091 1948 1283 1976 consuetudine
1306 1948 1389 1982 magis
1415 1948 1536 1981 frnintur,
1560 1953 1586 1974 et
1608 1955 1621 1974 a
1637 1948 1772 1982 Voluptate

979 1994 1095 2028 crapula:
1109 1993 1264 2026 liberamur,
1281 1993 1455 2028 excitatisque
1468 1993 1610 2024 mentibus,
1625 1993 1703 2020 dictis
1716 1993 1772 2019 dili-

978 2044 1071 2074 genter
1098 2039 1234 2066 attendere
1257 2046 1407 2073 possutttns.
1432 2038 1576 2065 Dicendum
1601 2038 1678 2073 igitur
1703 2038 1771 2064 unde

980 2086 1058 2113 hodie
1071 2085 1148 2112 lectio
1162 2089 1247 2120 ccrpta
1259 2088 1308 2111 est.
1337 2085 1362 2111 ti.
1381 2083 1438 2111 Noe
1461 2089 1544 2111 autem
1567 2089 1620 2110 erat
1646 2092 1770 2110 annorum

979 2136 1167 2163 sexcentarum,
1179 2130 1272 2164 ittquit,
1285 2135 1307 2156 et
1322 2130 1443 2156 diluvium
1453 2137 1525 2165 aqum
1537 2130 1631 2163 factum
1647 2134 1681 2155 est
1697 2137 1770 2164 super

979 2183 1079 2205 terram.
1102 2177 1247 2208 Attendite,
1259 2177 1382 2209 obsecro,
1396 2181 1423 2203 et
1433 2184 1466 2203 ne
1480 2176 1658 2210 perfunctorie
1671 2176 1770 2203 dictum

978 2229 1232 2260 przctercurramus;
1256 2224 1355 2250 habettt
1367 2223 1437 2250 enim
1452 2223 1562 2250 latentes
1570 2223 1675 2250 divitias
1682 2223 1771 2251 brevia

979 2271 1036 2298 bmc
1050 2271 1148 2301 verba:
1164 2270 1233 2304 quod
1249 2270 1271 2296 si
1286 2274 1402 2296 utentem
1413 2269 1615 2302 intendi-rimus,
1633 2269 1723 2296 licebit
1738 2277 1770 2296 ex

979 2317 1030 2344 isto
1045 2317 1101 2350 ipso
1120 2315 1309 2343 misericordia:
1325 2315 1428 2342 Dontini
1441 2315 1635 2348 excellentiam,
1650 2315 1772 2341 malitiae-

979 2369 1030 2397 quc
1044 2362 1195 2393 hominum,
1211 2361 1256 2396 qui
1277 2365 1338 2388 tunc
1354 2365 1439 2393 erant,
1451 2361 1663 2395 exsuperantiam
1678 2361 1771 2395 depre<

979 2407 1105 2435 ltendere.
1119 2406 1176 2433 Noe
1187 2411 1270 2433 autem
1276 2414 1399 2432 annorum
1407 2411 1470 2438 erat,
1482 2406 1575 2440 inquit,
1587 2410 1769 2432 aeneatorum.

978 2453 1035 2480 Neu
1052 2453 1152 2487 absque
1164 2459 1243 2479 causa
1257 2459 1387 2479 annorum
1397 2451 1460 2486 justi
1474 2459 1612 2478 numcrttttt
1623 2459 1670 2478 nos
1681 2451 1770 2478 docuit

978 2500 1068 2527 divina
1083 2499 1230 2532 Scriptura,
1258 2505 1345 2532 neque
1374 2501 1403 2523 ιιι
1424 2497 1493 2524 istud
1517 2497 1602 2530 ipsum
1626 2496 1768 2528 discamus,

978 2549 1042 2580 quot
1054 2552 1183 2571 annorum
1199 2543 1276 2571 fuerit
1293 2543 1346 2575 ille,
1363 2542 1409 2569 sed
1431 2542 1491 2576 quia
1512 2542 1585 2576 prius
1607 2548 1655 2568 nos
1681 2541 1771 2568 docuit

979 2593 1113 2627 Scriptura
1133 2591 1223 2618 dicens
1235 2610 1242 2622 ,
1260 2589 1317 2616 Noe
1328 2594 1410 2616 autent
1423 2593 1475 2615 erat
1488 2596 1610 2614 annorum
1621 2588 1770 2622 quingento-

977 2647 1034 2666 rum
1050 2638 1125 2675 (Gen.
1140 2637 1167 2664 5.
1181 2637 1227 2671 5f)
1241 2645 1246 2662 :
1259 2640 1285 2663 et
1310 2639 1448 2669 postquam
1478 2634 1553 2661 nobis
1574 2641 1703 2660 annorttm
1726 2633 1772 2660 dc-

977 2684 1087 2712 claravit
1110 2690 1262 2712 numerunt.
1278 2686 1342 2707 tunc
1364 2680 1482 2707 narravit
1497 2680 1664 2707 imtttodicam
1687 2679 1770 2706 homi-

978 2738 1042 2758 num
1059 2731 1084 2757 in
1101 2729 1196 2756 malum
1213 2727 1428 2762 pmpensioncm,
1444 2731 1470 2753 ct
1484 2726 1543 2761 quia
1559 2726 1688 2753 incutubit
1701 2733 1770 2760 cogt-

979 2782 1043 2805 tatio
1060 2781 1193 2804 homuuttu
1203 2776 1342 2810 diligenter
1353 2775 1378 2801 in
1388 2775 1644 2815 tnalaajuvetttutc;
1659 2775 1771 2808 ideoque

976 2821 1046 2850 dixit,
1058 2823 1143 2854 licus,
1161 2822 1220 2849 Non
1237 2821 1388 2856 permanebit
1405 2822 1516 2855 Spiritus
1530 2830 1597 2848 mens
1615 2822 1643 2847 in
1661 2821 1769 2848 homini-

979 2871 1023 2898 bus
1034 2868 1101 2904 istis,
1117 2877 1145 2896 cu
1158 2871 1223 2902 quod
1237 2866 1284 2902 ipsi
1299 2867 1347 2894 sint
1363 2874 1450 2894 carnes
1464 2866 1540 2902 (Gen.
1555 2867 1578 2894 6.
1592 2866 1634 2901 3);
1645 2874 1769 2901 prtenuna
