2058 3123
263 168 314 196 9|!)

264 225 353 253 tiando
367 223 404 250 eis
425 222 611 257 indignationis
635 228 685 246 sua
709 218 930 254 magnitudinem:
946 216 1006 242 dein
1021 220 1047 241 ut

265 272 340 298 daret
353 269 391 296 eis
407 269 530 296 idoneum
546 273 649 301 tempus
659 287 666 299 ,
682 266 751 300 quod
766 264 899 291 sufficeret
910 263 942 289 ad
958 261 1051 295 resipi-

264 316 390 344 sceudum
402 336 408 347 ,
422 319 451 342 ut
462 313 668 348 indignationem
683 319 736 338 non
751 310 950 344 experirentur,
965 307 1028 334 dicit
1042 314 1048 332 :

267 361 346 388 Erunt
356 365 439 387 autem
447 360 499 386 dies
507 366 591 386 eorum
598 357 658 384 anni
665 361 761 384 centum
771 361 794 382 et
801 355 886 390 viginti
893 352 968 389 (Gen.
977 352 1003 380 6.
1011 352 1049 387 5):

265 410 314 435 hoc
326 412 376 436 est.
392 406 485 433 Adhuc
508 403 706 440 procrasdnabo
719 402 798 429 etiam
813 406 873 436 post
895 400 1051 434 quingentos

265 453 323 479 illos
347 459 440 484 annos,
466 451 490 477 in
517 450 612 485 quibus
632 449 717 483 justus
730 448 779 473 iste
795 454 842 472 suo
856 445 964 472 nomine
987 443 1052 470 satis

266 505 360 524 omnes
374 497 430 523 illos
443 495 601 522 admonebat
611 498 638 521 et
651 491 802 523 inducebat,
813 491 834 517 si
847 489 952 524 quidem
968 493 1052 515 atten-

266 546 331 572 dere
346 544 500 573 voluissent,
515 546 543 568 ιιι
568 545 594 567 et
616 547 629 566 a
658 539 755 566 malitia
786 537 955 568 desisterent,
970 539 996 562 et
1018 534 1052 560 ad

266 591 391 618 virtutem
406 597 434 615 se
449 587 630 615 transferrent.
647 585 833 611 Verumtamen
847 586 874 609 et
889 588 958 608 nune
977 580 1053 615 polli-

266 644 330 663 ceor
344 643 387 663 me
408 642 492 662 annos
518 637 622 660 centum
649 631 739 665 viginti
765 629 802 665 (ιι)
828 629 1011 659 toleraturum,
1026 631 1054 653 ut

269 688 389 716 tempore
415 680 484 716 quod
506 678 674 709 intercedet,
698 675 918 711 quemadmodum
945 682 991 708 par
1013 678 1054 700 est

269 733 386 757 utantur,
402 727 579 760 malitiamque
594 724 704 758 fugiant,
724 727 752 750 et
766 722 889 748 virtutem
902 720 1055 755 amplexen-

269 779 321 800 tur.
350 773 383 800 Et
396 780 447 799 nou
461 772 547 798 solum
572 774 711 796 contentus
730 767 777 794 ftiit
798 771 902 794 centum
924 769 950 792 et
963 764 1054 799 viginti

270 825 398 846 annorum
421 817 604 852 promissione,
628 814 673 841 sed
694 814 766 848 justo
788 812 908 846 prmcepit
925 814 952 837 ut
966 816 1054 836 arcam

269 868 443 894 construeret,
457 870 509 897 quo
522 866 548 889 et
561 862 616 895 ipse
630 865 750 894 aspectus
757 866 826 886 arca:
840 858 871 884 iis
881 857 1053 884 suflicientem

270 910 424 938 memoriam
437 912 598 942 suggereret,
610 911 634 933 et
649 906 736 932 nullus
756 905 888 939 ignoraret
912 901 1055 929 inferendis

271 964 356 991 picum
369 954 584 989 magnitudinem.
599 952 663 979 Nam
679 951 747 978 istud
768 950 851 984 ipsum
861 969 868 981 ,
883 948 952 983 quod
968 947 1055 981 justus

271 1003 326 1033 ille,
341 1007 367 1029 ct
381 1002 423 1035 qui
439 1001 464 1027 in
479 1007 610 1026 summum
625 999 728 1024 virtutis
743 999 898 1032 perverterat
912 993 1054 1028 fastigium,

272 1053 344 1075 tanto
357 1047 444 1074 studio
458 1046 610 1073 exstruebat
623 1051 711 1070 arcam
725 1064 732 1075 ,
748 1043 812 1068 satis
824 1049 883 1068 esse
895 1039 1008 1067 debebat
1022 1038 1054 1064 ad

272 1093 443 1127 injiciendum
467 1091 599 1123 omnilnts,
622 1090 717 1125 quibus
743 1095 817 1114 mens
839 1091 895 1113 erat
909 1105 916 1118 ,
931 1091 1055 1119 angorem

272 1145 299 1167 et
321 1139 498 1168 formidinem,
521 1142 548 1164 et
570 1134 777 1170 pi-rsnmleuduni
794 1138 822 1158 ut
847 1131 980 1165 placarent
1004 1135 1055 1156 tam

272 1188 436 1211 mansuetum
451 1188 476 1209 et
496 1181 654 1209 clementem
674 1178 822 1205 Dominum.
841 1176 904 1202 Nam
921 1175 941 1201 si
953 1173 1056 1201 barbari

272 1231 308 1258 illi
321 1230 367 1266 (ὁ),
388 1229 515 1256 Ninirilas
526 1227 584 1254 dico
596 1247 603 1259 ,
618 1233 682 1260 quos
695 1225 788 1251 iterum
805 1223 830 1249 in
842 1222 956 1249 medium
976 1220 1057 1246 addu-

275 1283 337 1302 cere
352 1281 440 1309 operte
453 1272 566 1308 pretium
581 1275 630 1302 est,
647 1270 763 1296 utetiam
779 1268 828 1294 hac
851 1268 952 1293 ratione
975 1265 1057 1299 magis

274 1321 470 1347 demonstretur
493 1322 519 1345 ct
538 1317 632 1343 horum
656 1316 747 1349 ingens
772 1313 880 1343 malitia,
898 1316 925 1338 et
951 1311 1056 1338 illorum

275 1373 369 1400 magna
384 1364 510 1400 probitas.
531 1362 633 1390 Etenim
660 1360 786 1387 Domitius
804 1363 894 1385 noster
911 1357 936 1383 in
955 1356 1059 1383 dieillo

276 1410 507 1445 terribili,judicii,
527 1409 642 1443 inquam,
659 1413 751 1434 servos
763 1409 789 1432 et
799 1411 890 1431 servos
903 1404 927 1430 in
943 1402 1058 1429 medium

275 1459 441 1494 producens,
466 1456 504 1482 sic
528 1454 772 1482 condemnationem
795 1451 926 1486 proferet,
955 1447 1059 1484 quando

274 1503 492 1530 monstrabuntur
517 1501 532 1527 ii
549 1501 591 1534 qui
613 1499 705 1526 eadem
730 1498 798 1525 bona
819 1496 905 1524 sortiti
927 1499 1013 1526 erant,
1035 1498 1062 1520 et

275 1547 427 1575 corumdi-m
441 1547 568 1573 bonorum
584 1543 722 1578 participes
736 1550 788 1570 non
801 1541 920 1569 eamdem
928 1546 1059 1567 exercue-

279 1599 336 1620 rant
360 1593 505 1619 virtutem:
526 1598 596 1625 sa'pe
619 1595 706 1616 autem
732 1589 811 1616 etiam
832 1595 864 1614 ex
888 1586 1061 1621 ina‘qualibus

280 1637 492 1673 eoinparationes
509 1636 592 1668 facit,
612 1639 642 1662 ut
664 1634 790 1668 majorem
814 1632 1060 1660 condemnationem

280 1685 380 1719 ignavis
393 1684 496 1712 inferat.
518 1685 681 1718 Quapropter
695 1686 722 1708 et
735 1682 760 1708 io
779 1680 817 1707 Ev
835 1679 920 1713 ngelio
935 1679 1038 1706 dicebat
1053 1685 1060 1704 :

280 1724 338 1752 Viri
349 1723 618 1754 Ninivltweuurgeut
631 1727 656 1744 tn
658 1720 761 1752 judicio
768 1728 826 1747 cum
842 1722 1067 1754 generationehac,

279 1774 302 1796 et
328 1769 525 1797 condemnabunt
549 1776 621 1800 eaut,
642 1768 701 1801 quia
723 1768 891 1802 paenitentiam
915 1773 1015 1803 egerunt
1039 1768 1065 1794 in

281 1814 459 1848 pl'flitlicttlimte
470 1813 543 1840 Jama
554 1821 563 1839 :
571 1818 593 1839 et
604 1821 659 1840 ecce
668 1813 723 1847 plus
730 1821 804 1847 quam
814 1813 894 1840 Jonas
909 1813 948 1840 llic
959 1813 1064 1847 (Matth.

283 1859 326 1885 4‘2.
340 1859 386 1893 41)
400 1868 405 1884 :
419 1859 491 1893 quasi
517 1859 616 1885 diceret
629 1868 634 1884 :
648 1858 755 1885 Barbari
778 1866 888 1893 quorum
912 1859 979 1885 nulla
1003 1866 1065 1886 cura

280 1909 321 1931 est
330 1904 426 1934 habita.
437 1904 480 1938 qui
497 1905 682 1938 prophetarum
693 1904 838 1930 doctrinam
851 1912 901 1930 non
915 1904 1063 1936 audierunt,

281 1949 326 1983 qui
339 1949 411 1983 signa
426 1957 477 1975 non
491 1949 622 1981 viderunt,
636 1949 678 1983 qui
691 1949 814 1976 miracula
830 1956 880 1975 non
894 1954 1045 1983 Spectarunt
1057 1968 1064 1980 .

281 1994 328 2021 sed
340 1994 436 2021 auditis
451 1999 550 2021 tantum
566 1995 642 2021 unius
654 1994 767 2021 hominis
779 1994 803 2020 in
819 1994 956 2029 naufragio
969 1994 1066 2021 servati

281 2039 368 2067 verbis
379 2060 385 2070 ,
399 2048 458 2074 quae
483 2047 544 2072 eos,
557 2047 677 2074 magnam
691 2039 900 2074 desperationem
922 2039 1065 2071 afferenda,

281 2085 383 2111 consilii
401 2086 491 2118 inopes
501 2085 586 2112 facere
601 2089 729 2119 poterant,
743 2086 776 2112 ita
788 2086 902 2113 utetiatn
913 2090 1066 2112 contentae-

282 2136 340 2157 rent
364 2139 422 2165 qua:
451 2131 614 2163 dicebantur.
631 2139 682 2157 non
708 2132 792 2158 solum
814 2139 865 2158 non
892 2131 1068 2165 despexerunt

283 2176 418 2210 propheta:
431 2176 521 2207 verba,
538 2176 583 2203 sed
610 2181 636 2203 et.
664 2177 688 2203 in
715 2177 793 2203 trium
820 2177 922 2204 dierum
948 2178 1067 2212 angustia

282 2220 452 2255 deprehensi,
468 2227 520 2248 tam
544 2221 696 2256 diligentem
711 2227 737 2248 et
756 2222 900 2249 studiosam
913 2221 998 2249 fecere
1012 2231 1068 2257 pte-

283 2266 430 2297 uiteniiam,
447 2271 474 2292 ut
487 2271 513 2293 et
539 2267 695 2293 sententiam
720 2267 823 2294 Domini
847 2272 1010 2294 revocarent.
1035 2268 1067 2295 lli

282 2312 371 2346 igitur,
397 2312 497 2346 inquit,
523 2312 736 2339 condemnabunt
759 2314 955 2347 generationem
981 2314 1066 2348 hanc,

281 2357 351 2384 circa
365 2365 443 2392 quam
460 2363 530 2384 tanta
544 2366 606 2384 cura
623 2357 874 2393 fuitadhibita,qu:e
883 2359 1067 2395 prophetarum

283 2403 357 2430 libris
372 2404 485 2430 euutrita
505 2408 555 2436 est,
571 2411 629 2438 qum
653 2404 727 2438 signa
753 2408 780 2430 ct
802 2405 926 2432 miracula
952 2405 1068 2440 quotidie

283 2450 421 2484 spectavit.
445 2450 543 2477 Deinde
553 2455 582 2476 ut
595 2455 618 2476 et
635 2450 744 2477 istorum
756 2458 875 2485 magnam
899 2451 1068 2479 incredulita-

284 2495 317 2521 tis
330 2495 500 2522 eminentiam
515 2495 684 2524 ostenderet.
699 2497 778 2522 etiam
793 2496 896 2523 illorum
911 2496 1067 2524 ineffabilem

285 2540 441 2574 probitatem
456 2540 544 2566 subdit
560 2549 567 2567 :
583 2541 647 2573 Quia
662 2541 830 2575 pwnitentiam
845 2546 945 2576 egerunt
958 2542 992 2568 ad
1005 2550 1069 2574 prw-

286 2585 432 2611 dicationcm
448 2585 521 2612 J0me
534 2607 542 2618 ,
556 2591 578 2612 et
592 2594 646 2613 ecce
660 2586 716 2621 plus
730 2595 805 2621 quam
819 2586 898 2614 Jonas
915 2587 950 2613 hit
971 2595 979 2614 :
991 2587 1068 2614 Nini-

314 2675 350 2705 (a)
365 2674 489 2710 )‘ideqme
500 2676 611 2706 superius
621 2675 724 2700 diximus
739 2675 784 2700 col.
798 2676 850 2705 190,
863 2677 924 2700 circa
946 2676 1000 2700 illos
1011 2683 1069 2701 cen-

284 2707 335 2729 tum
348 2707 430 2735 viginti
444 2712 524 2730 annos.

314 2735 350 2765 (ο)
365 2737 502 2760 Orationem
513 2736 576 2761 solet
586 2737 764 2768 chrysostomus
774 2736 916 2768 frequenter
925 2736 1067 2768 interpella-

283 2772 320 2792 re.
328 2773 543 2798 acriorimmqiiam
554 2771 602 2792 tam
613 2767 697 2797 longas
708 2768 799 2792 inducit
807 2767 975 2798 parenthescs,
988 2772 1014 2792 ut
1025 2775 1069 2792 sae-

282 2803 313 2829 pe
326 2797 435 2820 videatur
447 2798 532 2851 prioris
543 2799 616 2822 seriei
629 2798 717 2822 oblitus
725 2805 732 2825 ς
741 2798 783 2822 sed
794 2797 875 2822 nescio
884 2805 913 2821 an
921 2799 1013 2828 uspiam
1021 2805 1069 2822 ma-

283 2832 358 2851 iorem
367 2834 437 2851 (inani
457 2830 488 2851 iic
497 2829 653 2851 parenthesin
666 2829 802 2851 adhibuerit
814 2835 820 2851 ς
832 2829 941 2851 natlinam
955 2829 1018 2851 enim
1030 2828 1069 2851 illa

280 2828 358 2860 jorem
367 2834 437 2856 (piam
450 2828 488 2851 hic
497 2829 653 2859 parenthesin
666 2829 802 2853 adhibuerit
814 2835 820 2851 ς
832 2829 941 2859 paginam
955 2829 1018 2853 enim
1030 2828 1069 2853 illa

282 2862 333 2886 fere
345 2863 465 2891 integram
476 2863 584 2894 occupat,

608 163 635 190 S.
656 159 794 189 JO.\NNIS
812 156 1048 186 CllllYSOSTOMi
1069 156 1226 183 ARCIIIEP.
1247 156 1510 184 CONSTANTINOP.

1835 155 1890 182 €220

1105 215 1292 249 vita-quidem,
1319 217 1411 250 inquit,
1438 216 1495 242 viso
1515 215 1618 248 abjecto
1643 214 1747 242 homine
1770 215 1847 247 .lona.
1863 223 1889 244 ct

1102 261 1160 294 ejus
1179 267 1351 295 susceperunt
1363 262 1589 296 praedicationem.
1612 267 1641 289 et
1664 263 1890 290 accuratissimaui

1104 305 1221 333 fecerunt
1244 307 1424 341 paenitentiam
1451 316 1456 333 :
1483 306 1526 333 isti
1550 311 1636 333 autem
1664 307 1783 334 videntes
1807 308 1892 335 multo

1103 352 1230 385 majorem
1241 359 1318 386 quam
1329 351 1409 379 Jonas
1423 357 1476 379 erat
1492 373 1498 384 ,
1516 353 1653 387 ipsumque
1667 353 1781 379 universi
1803 353 1889 379 Domi-

1105 405 1166 424 num
1182 404 1272 425 secum
1286 398 1366 424 simul
1377 404 1534 430 versantem,
1550 403 1675 432 tantaque
1686 405 1717 424 ac
1730 398 1790 424 talia
1804 399 1891 433 quoti-

1103 442 1147 470 die
1159 443 1284 470 miracula
1300 449 1463 477 operantem,
1478 444 1597 479 leprosos
1612 444 1782 471 mundantem
1794 465 1802 477 ,
1818 452 1888 471 inor-

1105 493 1164 516 tuos
1184 489 1355 516 suscitantem
1368 509 1376 520 ,
1392 489 1453 515 vitia
1468 494 1568 516 natura:
1582 490 1777 524 corrigentem,
1791 490 1893 515 da‘mo-

1105 541 1152 561 nes
1166 533 1353 568 expellentcm.
1368 534 1476 561 morbos
1500 540 1647 565 curantem.
1665 539 1794 569 potestate
1810 534 1890 562 multa

1104 585 1271 614 peccatorum
1285 581 1466 607 remissionem
1475 580 1634 614 praxbentcm
1646 588 1654 606 :
1669 588 1719 607 non
1733 580 1891 614 illamquam

1106 625 1207 652 barbari
1226 625 1303 652 fidem
1315 626 1500 652 exhibueruut.

1139 672 1165 698 2.
1189 671 1315 697 l’ulienlia
1340 676 1362 697 et
1385 671 1523 705 benignitas
1536 670 1580 698 "ei
1608 671 1633 697 in
1656 671 1712 704 ipso
1727 670 1840 701 diluvio;
1864 678 1896 696 ea:

1106 717 1219 750 prrrscnti
1239 725 1312 751 premi
1331 717 1488 751 peccantibus
1506 716 1577 743 illata
1602 716 1721 742 minuitur
1737 721 1839 742 acterna.
1854 729 1889 734 ——

1107 761 1203 788 Verum
1220 761 1251 787 ad
1267 761 1397 788 sermonis
1413 761 1495 788 nostri
1521 761 1616 787 seriem
1638 760 1785 791 redeamus,
1800 765 1827 787 ut
1851 761 1893 786 vi-

1106 806 1169 833 deas
1190 814 1268 840 quam
1291 805 1430 832 immodica
1454 805 1563 832 istorum
1584 806 1660 831 fuerit
1674 805 1842 839 improbitas,
1867 810 1893 831 ct

1108 859 1185 885 quam
1205 851 1333 877 laboriosa
1358 851 1460 877 illorum
1484 851 1662 885 resrpisccntia
1676 860 1682 878 :
1695 851 1814 878 NlniYiiiB
1834 851 1893 885 qui-

1107 898 1167 923 dem
1182 897 1206 923 in
1228 896 1342 923 triduum
1363 896 1498 929 eoarctati,
1512 903 1598 931 neque
1623 897 1661 923 sic
1686 896 1718 923 de
1742 897 1826 923 salute
1848 903 1893 922 sua

1106 942 1289 977 desperarunt.
1301 942 1347 969 sed
1355 942 1386 968 ad
1400 942 1579 976 pwnitentiam
1591 947 1770 976 properantes,
1787 947 1893 976 peccata

1107 990 1255 1021 ablncruut,
1270 989 1502 1023 misericiiriliaque
1518 989 1619 1015 Domini
1633 996 1692 1015 sese
1712 988 1806 1023 dignos
1818 987 1895 1014 exhi-

1109 1036 1223 1062 hucrunt
1237 1045 1242 1061 :
1260 1035 1302 1062 isti
1316 1040 1405 1062 autem
1419 1056 1424 1066 ,
1437 1035 1470 1062 de
1484 1035 1578 1070 quibus
1592 1043 1660 1061 nunc
1675 1042 1776 1067 sermo,
1790 1039 1895 1068 tempus

1108 1087 1214 1110 contum
1230 1087 1256 1109 et
1271 1081 1360 1116 viginti
1379 1089 1509 1108 annormn
1533 1081 1565 1107 ad
1582 1081 1760 1116 pmnitculiam
1783 1088 1896 1114 accepe-

1109 1132 1179 1159 rant,
1191 1136 1275 1163 nvque
1290 1128 1386 1161 aliquid
1402 1127 1463 1154 inde
1477 1126 1671 1154 lucrifecerunt.
1686 1125 1798 1153 Proinde
1809 1125 1897 1152 Domi-

1109 1181 1160 1201 nus
1172 1173 1263 1200 videns
1275 1173 1299 1199 in
1315 1172 1423 1199 multam
1438 1172 1495 1198 illos
1506 1171 1634 1198 excidisse
1653 1171 1809 1205 nequitiam,
1825 1170 1896 1197 rele-

1110 1227 1166 1246 rem
1179 1219 1241 1253 ipsis
1255 1218 1354 1244 inducit
1371 1217 1560 1244 cerrcetionem
1573 1237 1579 1248 ,
1592 1216 1730 1249 aboletque
1741 1221 1767 1242 et
1781 1223 1796 1242 e
1807 1215 1896 1241 medio

1111 1264 1182 1291 tollit
1196 1264 1257 1290 mali
1281 1271 1373 1290 eorum
1399 1261 1520 1289 fermenti
1549 1262 1650 1288 vitium.
1665 1261 1725 1288 Ideo
1739 1261 1803 1288 dicit
1818 1269 1823 1285 :
1842 1260 1897 1286 Noe

1111 1314 1193 1335 autem
1217 1313 1270 1335 erat
1292 1316 1416 1334 annorum
1438 1313 1624 1338 sexcentarum,
1639 1312 1660 1333 et
1681 1307 1801 1333 diluvium
1824 1314 1896 1341 aqme

1111 1357 1203 1390 factum
1214 1360 1249 1381 est
1263 1362 1338 1388 super
1349 1359 1450 1380 terram.
1466 1352 1524 1380 Jatn
1537 1352 1676 1380 didicimus
1688 1373 1695 1383 ,
1709 1352 1813 1387 quando
1827 1351 1897 1378 indi-

1110 1401 1199 1436 gnatio
1226 1405 1252 1426 et
1277 1399 1412 1433 lrsrdictio
1436 1399 1539 1426 Domini
1568 1399 1633 1425 facta
1660 1403 1710 1428 est.
1736 1397 1791 1424 Noe
1818 1397 1897 1423 fuisse

1111 1454 1239 1473 annorum
1255 1445 1458 1479 quingentorum
1472 1453 1477 1470 :
1494 1443 1598 1479 quando
1611 1449 1699 1470 autem
1714 1443 1848 1469 inducttun
1858 1446 1898 1468 est

1111 1491 1246 1520 dilzvium.
1259 1496 1442 1517 seuerum-um
1480 1489 1514 1515 ita
1530 1489 1642 1515 intercus
1658 1492 1734 1514 erunt
1755 1488 1816 1514 anui
1832 1487 1898 1513 inter

1114 1537 1329 1572 prtedicalieuem
1345 1541 1371 1564 et
1381 1536 1507 1562 diluvium
1525 1541 1628 1562 centum
1646 1543 1652 1559 :
1667 1539 1693 1561 et
1720 1535 1745 1561 in
1770 1534 1801 1560 iis
1822 1533 1897 1560 anuis

1114 1591 1146 1610 ne
1160 1583 1290 1610 tantillum
1305 1582 1409 1616 quidem
1427 1582 1604 1616 profecerunt,
1622 1581 1681 1608 licet
1696 1585 1833 1615 tantopere
1851 1579 1899 1606 do-

1112 1633 1234 1655 cerentur
1249 1635 1263 1653 a
1278 1627 1332 1654 Noe
1345 1635 1434 1654 arcam
1450 1626 1604 1652 fabricante.
1624 1625 1675 1653 Sed
1699 1624 1810 1652 fortasse.
1825 1633 1899 1659 quir-

1114 1679 1153 1700 ret
1178 1672 1390 1707 aliquis:Quari-
1411 1680 1469 1698 eum
1498 1670 1595 1697 dixerit
1623 1670 1747 1696 Do:ninu~;
1764 1690 1770 1702 ,
1794 1670 1903 1697 Ccuium

1118 1716 1358 1752 t‘igiutiaunierunt
1373 1716 1542 1747 dieseorunt;
1553 1717 1759 1753 promiscritque
1773 1725 1802 1744 se
1827 1722 1899 1744 tanto

1118 1768 1236 1797 tempore
1255 1763 1392 1790 tolerantia
1414 1769 1532 1794 usurum,
1554 1767 1695 1796 antequam
1725 1763 1898 1798 implerentnr

1117 1810 1178 1836 anni
1194 1808 1330 1843 promissi,
1346 1808 1495 1835 universale
1507 1808 1645 1835 introducit
1655 1808 1804 1835 excidium?
1816 1808 1900 1835 Etiam

1118 1853 1168 1880 hoc
1192 1854 1272 1888 ipsius
1287 1853 1433 1880 clementia:
1459 1852 1600 1878 maximum
1618 1857 1658 1879 est
1677 1859 1860 1888 argumentum
1877 1860 1901 1881 et

1119 1899 1254 1926 indicium.
1271 1899 1335 1926 Nam
1350 1898 1472 1933 quoniam
1494 1898 1558 1925 vidit
1582 1899 1697 1933 quotidie
1724 1899 1902 1926 incurabiﬁtcr

1119 1946 1177 1972 illos
1193 1953 1310 1980 peccare,
1324 1949 1351 1972 et
1368 1952 1418 1971 non
1444 1944 1528 1971 solum
1552 1944 1662 1971 nihilex
1687 1945 1812 1972 ineffabili
1834 1946 1901 1971 tole—

1119 1991 1202 2017 rantia
1229 1998 1275 2018 sua
1302 1990 1440 2024 proﬁcere,
1466 1989 1513 2016 scd
1540 1993 1566 2016 et
1592 1989 1776 2016 incrudescere
1801 1990 1902 2020 ulcera,

1120 2040 1256 2070 propterea
1272 2035 1383 2062 succidit
1393 2039 1507 2069 tempus,
1518 2038 1546 2060 ut
1558 2042 1590 2060 ne
1604 2033 1695 2068 majori
1709 2033 1807 2061 scilicet
1818 2041 1904 2068 pinna:

1119 2089 1147 2109 se
1161 2081 1289 2108 obnoxios
1304 2080 1429 2107 facerent.
1446 2080 1480 2106 lit
1493 2087 1551 2114 quae
1561 2100 1569 2112 ,
1580 2079 1649 2106 dicet
1664 2079 1768 2113 aliquis,
1783 2079 1832 2106 hac
1846 2087 1904 2105 ma-

1117 2126 1160 2160 jor
1170 2130 1240 2153 esset
1251 2125 1346 2159 prima?
1358 2126 1404 2152 Est
1418 2124 1504 2159 plane,
1520 2129 1560 2151 est
1570 2145 1577 2157 ,
1589 2123 1684 2151 dilecte
1694 2144 1700 2155 ,
1716 2131 1793 2159 pinna
1809 2129 1835 2151 et
1847 2132 1903 2150 ma-

1116 2171 1170 2206 jor,
1183 2177 1210 2198 et
1224 2171 1374 2203 terribilior,
1388 2175 1414 2197 et
1429 2174 1564 2204 perpetua,
1580 2177 1675 2204 nempe
1692 2177 1750 2203 qua:
1771 2169 1797 2195 in
1817 2169 1906 2195 futuro

1120 2218 1228 2245 smculo.
1244 2217 1355 2250 Quidam
1383 2217 1452 2243 enim
1467 2216 1569 2242 etiamsi
1592 2215 1634 2242 hic
1656 2222 1758 2250 poenam
1782 2214 1905 2246 subeant,

1120 2264 1173 2291 illic
1185 2268 1273 2290 tamen
1304 2271 1356 2290 non
1370 2262 1497 2297 effugiunt
1512 2282 1519 2294 ,
1536 2261 1582 2288 sed
1606 2261 1729 2288 leviorem
1751 2261 1904 2291 Sortientnr.

1119 2309 1153 2336 ob
1163 2316 1220 2336 eam
1236 2316 1314 2343 quam
1325 2308 1367 2335 hic
1376 2308 1491 2335 tulerunt
1500 2307 1705 2341 magnitudinem
1715 2306 1905 2340 suppliciorum

1120 2355 1182 2383 hinc
1195 2356 1351 2382 minucntes.
1367 2354 1434 2381 Audi
1448 2354 1581 2380 Christum
1591 2354 1733 2384 dicentem.
1745 2359 1772 2380 ct
1782 2354 1905 2380 miseram

1121 2404 1258 2428 vocantem
1283 2399 1420 2426 Bethsaida
1437 2408 1444 2426 :
1463 2398 1506 2426 Va:
1521 2398 1581 2432 tibi,
1594 2398 1735 2431 Cliorazim,
1755 2398 1848 2432 inquit,
1873 2405 1909 2425 vir

1121 2446 1173 2478 tibi,
1188 2445 1325 2472 Bethsaitta
1335 2452 1345 2471 :
1356 2444 1414 2479 quia
1424 2444 1445 2471 εἰ
1459 2443 1484 2470 in
1499 2444 1618 2471 Sodomis
1629 2445 1702 2479 factm
1715 2447 1794 2470 essent
1806 2443 1909 2469 virtutes

1121 2490 1172 2516 ίιιω
1185 2497 1241 2524 qua:
1258 2491 1331 2524 (iich
1351 2489 1444 2516 suntin
1469 2489 1546 2520 vobis,
1561 2489 1620 2515 olim
1644 2489 1670 2514 in
1685 2496 1756 2515 sacco
1778 2494 1801 2515 et
1827 2488 1910 2514 cinere

1122 2534 1290 2569 pwnitentiam
1303 2534 1417 2569 egissent.
1440 2533 1503 2560 Ideo
1518 2534 1573 2560 dico
1595 2533 1663 2560 vobis
1677 2534 1736 2568 quia
1756 2533 1913 2560 tolerabilius

1121 2582 1167 2607 erit
1189 2585 1261 2607 terra
1285 2580 1453 2607 Sodomorum
1477 2584 1498 2606 ct
1526 2579 1672 2606 Gomorrhw
1696 2579 1723 2605 in
1744 2580 1785 2605 die
1806 2579 1906 2614 judicii,

1121 2634 1196 2658 quam
1217 2625 1285 2652 vobis
1309 2625 1415 2660 (Matth.
1442 2625 1482 2652 Η.
1510 2625 1555 2651 21.
1579 2624 1633 2657 22;
1655 2623 1718 2651 Luc.
1734 2624 1777 2651 10.
1793 2625 1837 2651 15.
1853 2625 1907 2657 Η).

1124 2672 1213 2704 Vides,
1228 2671 1333 2703 dilecte,
1348 2671 1482 2705 quomodo
1494 2679 1553 2698 etim
1567 2671 1650 2703 dicit,
1662 2670 1829 2698 Tolerabilius
1843 2671 1889 2696 erit
1901 2691 1908 2702 ,

1122 2717 1239 2744 ostendit
1252 2717 1368 2745 eoslicet
1380 2722 1479 2743 tantam
1494 2717 1537 2744 hic
1558 2723 1662 2752 poenam
1680 2717 1812 2749 dederint,
1827 2721 1855 2744 et
1870 2717 1908 2742 iii-

1122 2763 1244 2790 ceudium
1265 2762 1327 2789 illud
1341 2770 1438 2789 novum
1452 2767 1479 2789 et
1495 2770 1583 2789 rarum
1598 2762 1706 2789 tulerint
1716 2783 1722 2794 ,
1740 2762 1793 2789 illic
1807 2769 1911 2796 quoque

1123 2817 1226 2844 pinnam
1238 2809 1338 2836 laturos
1353 2816 1422 2840 esse,
1440 2812 1623 2836 verumtamen
1633 2807 1758 2835 leviorem
1770 2829 1777 2840 ,
1795 2815 1828 2835 eo
1842 2809 1910 2843 quod

1122 2854 1197 2889 prius
1208 2853 1250 2880 hic
1262 2859 1358 2882 tantam
1378 2854 1479 2889 experti
1493 2853 1542 2881 sint
1558 2853 1784 2888 indignationem?
1805 2853 1845 2882 Ne
1868 2854 1908 2888 igi-
