2058 3123
156 169 209 197 219

119 254 122 255 ν
156 228 205 253 διὰ
227 226 260 253 τὸ
282 225 358 253 εἶναι
378 226 487 259 αὐτοὺς
506 228 630 261 σάρκας,
648 229 813 264 προμηνύων
833 229 925 260 αὐτοῖς
936 230 986 265 τῆς

157 271 370 305 ἀγανακτήσεως
385 269 466 296 αὑτοῦ
475 269 522 305 τὴν
533 270 685 306 ὑπερϐολήν
697 279 704 287 ”
715 269 774 298 εἶτα
788 272 830 298 ίνα
845 272 883 307 δῷ
896 273 979 306 αὐτοῖς

158 313 252 349 καιρδν
266 313 402 348 ἀρκοῦντα
417 313 486 348 πρὸς
503 314 533 340 τὸ
549 314 757 348 μεταϐαλέσθαι,
768 316 816 342 καὶ
832 315 880 351 τὴν
892 317 988 351 πεῖραν

157 356 298 390 διαφυγεῖν
323 357 372 390 τῆς
400 356 623 391 ἀγανακτήσεως,
649 358 747 393 φησιν·
762 359 888 385 Ἔσονται
911 358 940 384 δέ
959 359 987 385 αἱ

157 400 259 435 ἡμέραι
275 399 364 426 αὐτῶν
384 400 431 435 ἐτη
456 401 551 427 ἑκατὸν
567 400 670 427 εἴκοσι·
691 402 751 428 ἀντὶ
773 402 830 434 τοῦ,
846 403 986 438 μακροθυ-

159 444 238 478 μήσω
252 444 292 470 ἔτι
309 444 378 478 μετὰ
394 443 427 470 τὰ
443 444 608 470 πεντακόσια
622 444 680 480 ἔτη.
696 445 762 471 Οὐδὲ
778 449 831 481 γὰρ
847 446 986 473 ἐπαύσατο

156 488 170 513 ό
184 487 288 518 δίκαιος
295 484 371 519 οὗτος
379 487 408 513 ἐν
420 488 476 519 τοῖς
491 488 676 520 πεντακοσίοις
685 488 756 515 ἔτεσι
766 489 809 516 διὰ
823 490 871 525 τῆς
882 490 986 522 οίκείας

156 531 341 566 προσηγορίας
351 531 453 562 πάντας
467 531 564 562 αὐτοὺς
576 531 803 567 ὑπομιμνήσκων,
811 533 858 559 καὶ
869 534 985 568 ἐνάγων,

155 574 236 609 ιῐπερ
258 573 398 601 ἐϐούλοντο
415 574 572 609 προσέχειν,
589 575 659 601 ὥστε
673 576 783 611 καὶτῆς
805 576 903 608 κακίας
917 577 987 604 ἀπο-

156 618 252 653 στῆναι
267 618 314 644 καὶ
329 618 397 653 πρὸς
406 617 456 653 τὴν
470 618 570 653 ἀρετὴν
587 619 799 653 μετατάξασθαι.
820 619 888 646 Ἀλλ’
900 620 985 656 ὅμως,

155 661 230 696 φησὶ,
248 661 296 687 καὶ
309 660 357 687 νῦν
374 661 413 687 ἔτι
428 660 524 688 ἐκατὺν
543 662 627 688 εἴκοσι
641 662 708 689 ἐτῶν
719 663 834 698 ἀριθμόν
846 663 987 699 ὑπισχνοῦ-

155 715 205 740 μαι
219 705 456 741 μακροθυμήσειν,
469 706 513 732 ἵνα
524 705 562 740 τῷ
577 705 678 741 μεταξὺ
694 707 782 742 χρόνῳ
795 708 833 740 είς
848 708 906 735 δέον
917 716 986 743 χρηι

156 749 278 783 σάμενοι,
295 749 342 775 καὶ
356 748 405 784 τὴν
421 749 519 775 κακίαν
533 749 649 783 φύγωσι,
669 750 715 776 καὶ
729 752 778 786 τῆς
795 751 895 786 ἀρετῆς
911 752 985 778 ἀντι-

153 792 298 819 λάϐωνται.
320 792 373 819 Καὶ
386 792 416 818 οὑ
434 792 512 826 μόνον
524 793 556 828 τῇ
571 792 717 828 ὑποσχέσει
733 794 787 821 τῶν
801 795 870 821 ἐτῶν
885 795 984 822 ἑκατὸν

155 835 380 871 εἷκοσιὴρκέσθη,
393 835 459 862 ἀλλά
474 835 521 862 καὶ
531 835 570 870 τῷ
578 835 674 871 δικαίῳ
693 837 855 871 προστάττει
869 838 984 865 κιϐωτὸν

153 879 346 914 τεκτήνασθαι,
373 879 416 905 ’ίνα
436 879 483 905 καὶ⁸
498 879 568 914 αὐτὴ
586 881 602 914 ὴ
619 879 679 914 ὄψις
694 881 742 915 τῆς
771 881 886 908 κιϐωτοῦ
904 882 985 909 πάλιν

153 922 291 958 ἀρκοῦσαν
298 923 389 954 αὑτοῖς
399 922 551 958 ὑπόμνησιν
559 923 697 959 παράσχῃ,
709 924 755 950 καὶ
765 925 984 962 μηδεὶςάγνοήσῃ

153 971 202 1005 τῆς
228 970 380 1006 μελλούσης
403 970 536 1005 τιμωρίας
559 971 708 1005 ἐπάγεσθαι
725 971 754 998 τὸ
770 972 893 1007 μέγεθος.
912 973 984 999 Αὐτὸ

153 1019 208 1055 γὰρ
223 1018 304 1045 τοῦτο
330 1018 375 1044 τὸν
401 1017 501 1044 δίκαιον
523 1019 626 1046 ἐκεῖνον
642 1020 688 1045 καὶ
704 1020 743 1051 εἰς
763 1019 812 1055 τὴν
827 1020 916 1056 ἄκραν
933 1020 984 1055 τῆς

154 1067 274 1106 κορυψῆς
301 1065 442 1100 φθάσαντα
468 1066 602 1101 τοσαύτην
624 1067 759 1093 ποιεῖσθαι
779 1067 895 1103 σπουδὴν
919 1067 983 1103 περὶ

152 1115 200 1150 τὴν
213 1115 262 1148 τῆς
280 1113 397 1140 κιϐωτοῦ
413 1114 595 1149 κατασκευὴν,
614 1115 705 1142 ίκανδν
724 1116 829 1147 πάντας
839 1116 902 1148 τοὺς
921 1115 982 1142 νοῦν

153 1163 261 1198 ἔχοντας
290 1162 330 1193 εἰς
353 1161 472 1195 ἀγωνίαν
493 1162 540 1188 καὶ
561 1162 642 1197 φόϐον
663 1163 805 1198 ἐμϐαλεῖν,
827 1164 873 1190 καὶ
891 1165 982 1190 πεῖσαι

151 1209 375 1246 ἐξευμενίσασθαι
390 1209 433 1235 τὸν
448 1208 534 1241 οὕτως
549 1209 651 1246 ἥμερον
670 1209 718 1237 καὶ
733 1210 921 1246 φιλάνθρωπον
935 1212 982 1237 Δε-

153 1259 264 1293 σπότην.
283 1257 314 1283 Εἰ
327 1257 381 1292 γὰρ
397 1257 421 1282 οἱ
433 1256 564 1292 βάρϐαροι
582 1257 692 1290 ἐκεῖνοι,
707 1258 730 1285 οί
745 1258 980 1292 Νινευῖταιλέγω·

153 1305 232 1333 πάλιν
248 1304 303 1340 γὰρ
331 1304 430 1335 αὑτοὺς
453 1304 599 1338 ἀναγκαῖον
626 1305 665 1336 είς
685 1305 765 1340 μέσον
788 1305 912 1339 ἀγαγεῖν,
940 1305 982 1331 ῐνα

150 1353 236 1388 ταύτῃ
264 1353 311 1379 καὶ
336 1351 435 1386 μᾶλλον
453 1351 543 1386 δειχθῇ
567 1351 616 1390 καί
627 1351 759 1388 τούτωνὴ
776 1352 982 1383 ὑπερϐάλλουσα

150 1401 245 1432 κακία,
261 1400 394 1427 κάκείνων
409 1400 425 1435 ἡ
447 1399 531 1434 πολλὴ
546 1399 749 1435 εὐγνωμοσύνη.
766 1400 821 1427 Καὶ
835 1400 889 1435 γὰρ
904 1401 918 1426 ό
931 1401 981 1426 Δε-

152 1449 253 1482 σπότης
267 1447 344 1483 ἡμῶν
359 1448 417 1474 τότε
442 1448 469 1474 ἐν
493 1448 525 1482 τῇ
546 1446 638 1482 ἡμέρᾳ.
661 1447 752 1482 ἐκείνῃ
773 1449 806 1483 τῇ
823 1447 935 1483 φοϐερᾷ,
948 1449 980 1484 τῇ

150 1495 199 1530 τῆς
213 1495 330 1530 κρίσεως
346 1494 427 1527 λέγω,
440 1493 550 1525 δούλους
568 1493 615 1520 κοιλ⁸
627 1493 735 1525 δούλους
748 1494 788 1525 είς
805 1494 886 1529 μέσον
896 1495 980 1528 ἀγων,

149 1541 222 1569 οὕτω
233 1541 283 1576 τὴν
298 1540 458 1576 κατάκρισιν
483 1540 639 1576 ἐργάζεται,
658 1541 722 1567 ὅταν
738 1540 879 1576 δειχθῶσιν
889 1542 913 1568 οἱ
928 1541 981 1568 τῶν

149 1589 239 1616 αὐτῶν
249 1588 452 1619 ἀπολαύσαντες
465 1588 512 1614 καὶ
526 1588 579 1614 τῶν
594 1588 683 1614 αὐτῶν
695 1589 872 1624 μετασχόντες
883 1589 921 1624 μὴ
932 1589 981 1625 τὴν

149 1638 234 1673 αὐτὴν
248 1637 349 1673 ἀρετὴν
367 1636 539 1672 μετελθόντες
551 1644 558 1651 '
575 1636 704 1668 πολλάκις
719 1636 746 1662 δὲ
765 1637 812 1663 καὶ
826 1637 855 1670 ἐξ
881 1637 980 1664 ἀνίσων

149 1687 267 1713 ποιεῖται
289 1685 338 1717 τὰς
357 1685 523 1720 συγκρίσεις,
551 1685 594 1711 ἵνα
615 1685 724 1711 πλείονα
745 1685 793 1720 τὴν
818 1686 981 1721 κατάκρισιν

149 1735 205 1766 τοῖς
229 1732 451 1769 ἐρρᾳθυμηκόσιν
473 1732 610 1768 ἐπαγάγῃ.
635 1731 683 1758 Διά
702 1731 779 1759 τοῦτο
804 1733 851 1759 καὶ
877 1734 906 1760 ἐν
925 1734 981 1765 τοῖς

152 1780 326 1816 [εὐαγγελίοις
335 1779 441 1814 ἔλεγεν·
461 1778 581 1813 Ἄνδρες
598 1779 746 1806 Νινευῖται
757 1779 981 1813 ἀναστήσονται

147 1831 184 1858 ἐν
201 1829 239 1864 τῇ
253 1830 349 1864 κρίσει
360 1827 435 1864 μετὰ
451 1828 506 1862 τῆς
521 1827 624 1864 γενεᾶς
643 1829 762 1862 ταύτης,
778 1829 827 1855 καὶ
845 1837 978 1862 κατακρι-

150 1878 259 1905 νοῦσιν
269 1876 376 1911 αὐτὴν,
389 1876 434 1903 ὅτι
449 1877 636 1911 μετενόησαν
645 1877 688 1909 εὶς
703 1875 735 1902 τὸ
747 1876 883 1911 κήρυγμα
891 1876 979 1910 Ἰωνᾶ,

149 1927 199 1954 καὶ
220 1926 286 1954 ἰδοὺ
309 1925 416 1952 πλεῖον
438 1924 522 1953 Ἰωνᾶ
540 1922 612 1952 ὦδεο
629 1925 768 1960 μονονουχὶ
780 1925 876 1959 λέγων,
897 1926 937 1952 ὅτι
955 1927 979 1952 οἱ

149 1976 320 2013 βάρϐαροιοὶ
336 1975 469 2011 μηδεμιᾶς
494 1974 652 2010 ἐπιμελείας
669 1974 881 2007 ἀπολαύσαντες,
900 1976 924 2002 οἱ
942 1976 978 2011 μὴ

150 2022 328 2059 προφητικῶν
337 2022 509 2057 διδαγμάτων
529 2022 703 2054 ἀκούσαντες,
716 2024 740 2048 οἱ
754 2024 852 2057 σημεῖα
867 2023 903 2058 μὴ
917 2023 980 2050 θεα-

150 2071 276 2107 σάμενοι,
303 2070 328 2096 οί
352 2069 480 2104 θαύματα
498 2069 536 2104 μὴ
553 2069 661 2102 ἰδόντες,
679 2069 736 2096 ἀλλ’
755 2070 814 2100 ἐνὸς
835 2071 979 2106 ἀνθρώπου

149 2119 181 2145 ἐκ
197 2117 329 2151 ναυαγίου
351 2115 528 2148 διασωθέντος
555 2117 664 2152 ῥήματα
691 2117 855 2149 ἀκούσαντες
879 2119 979 2154 πολλὴν

150 2166 242 2196 αὐτοῖς
259 2164 309 2196 τὴν
326 2163 479 2197 ἀπόγνωσιν
491 2165 642 2199 παρασχεῖν
655 2164 802 2199 δυνάμενα,
811 2166 903 2197 καὶείς
912 2166 980 2202 ἀμη-

149 2213 246 2248 χανίαν
263 2211 401 2247 ἐμϐαλεῖν,
416 2211 453 2243 ὡς
462 2211 508 2238 καὶ
518 2211 654 2247 ὑπεριδεῖν
667 2212 721 2239 τῶν
732 2213 796 2248 παρ’
808 2213 889 2240 αὐτοῦ
905 2214 975 2248 λεγο-

151 2260 252 2295 μένων,
281 2259 312 2285 οὑ
340 2259 419 2294 μόνον
435 2259 465 2285 οὐ
482 2259 688 2295 κατεφρόνησαν
702 2260 756 2287 τῶν
778 2261 824 2288 τοῦ
842 2262 980 2297 προφήτου

151 2308 292 2344 ῥημάτων,
308 2307 374 2333 ἀλλὰ
384 2307 431 2333 καὶ
440 2307 480 2338 είς
490 2307 573 2343 τριῶν
583 2307 695 2343 ἡμερῶν
711 2309 889 2345 στενοχωρίαν
903 2309 979 2346 [252]

150 2353 368 2390 ἀποληφθέντες,
393 2353 479 2385 οὕτως
502 2354 603 2389 ἀκριϐῆ
634 2355 680 2381 καὶ
706 2356 905 2391 συντεταμένην
932 2357 981 2392 τὴν

153 2399 297 2433 μετάνοιαν
313 2398 496 2431 ἐπεδείξαντο,
508 2398 579 2426 ὥστε
594 2399 644 2435 τὴν
660 2400 796 2434 ἀπόερασιν
813 2403 981 2429 ἀνακαλέσα-

152 2444 212 2470 σθαι
231 2444 278 2470 τοῦ
293 2444 438 2470 Δεσπότου.
453 2439 532 2470 Οὗτοι
548 2442 605 2476 οὖν,
619 2444 695 2479 φησὶ,
712 2447 906 2481 κατακρινοῦσι
920 2448 982 2474 ταύ-

151 2500 199 2526 την
212 2491 263 2526 τὴν
276 2490 383 2524 γενεὰν,
398 2490 446 2526 τὴν
462 2491 595 2526 τοσαύτης
604 2491 796 2520 ἀπολαύσασαν
811 2494 979 2529 ἐπιμελείας,

151 2538 200 2573 τὴν
215 2539 398 2574 προφητικαίς
420 2539 598 2573 ἐντραφεῖσαν
617 2539 728 2574 βίϐλοις,
753 2540 801 2575 τὴν
820 2543 920 2576 σημεῖα
935 2543 982 2570 καὶ

149 2586 252 2621 τέρατα
277 2586 338 2612 καθ’
354 2586 472 2621 ἑκάστην
499 2586 605 2622 ἡμέραν
619 2587 769 2622 θεωμένην.
795 2587 861 2616 Εἶτα
879 2590 922 2616 ἵνα
936 2591 982 2618 καὶ

150 2634 252 2660 τούτων
270 2633 322 2667 τῆς
345 2633 472 2665 ἀπιστίας
493 2633 566 2670 δείξῃ
593 2634 642 2669 τὴν
665 2634 828 2670 ὑπερϐολὴν,
848 2637 982 2665 κάκείνων

152 2681 199 2715 τὴν
209 2681 311 2717 ἄφατον
319 2682 538 2717 εὐγνωμοσύνην,
553 2683 703 2717 ἐπήγαγεν,
718 2683 781 2709 ’Ότι
794 2686 983 2719 μετενόησαν

152 2730 194 2761 εις
221 2728 255 2754 τὸ
277 2728 413 2762 κήρυγμα
432 2728 527 2760 Ἰωνᾶ,
543 2729 592 2756 καὶ
605 2729 668 2756 Ιδοὺ
683 2731 789 2757 πλεῖον
809 2732 892 2759 Ἰωνᾶ
906 2730 981 2761 ὧδεο

153 2776 250 2803 ἐκεῖνοι
283 2776 342 2811 μὲν,
365 2776 457 2810 φησὶν,
482 2776 576 2812 εὐτελῆ
600 2777 740 2813 ἄνθρωπον
756 2779 916 2815 θεασάμενοι
939 2784 1018 2818 τὸι,

159 2823 260 2855 Ἰωνᾶν,
277 2824 325 2850 καὶ
339 2822 462 2855 ἐδέξαντο
475 2825 504 2850 τὸ
519 2825 583 2860 παρ“
597 2825 679 2852 αὑτοῦ
691 2828 832 2862 κήρυγμα,
844 2829 890 2855 καὶ
904 2831 982 2865 ἀκρι-

153 2870 287 2905 ϐεστάτην
303 2870 473 2904 ἐπεδείξαντο
493 2871 541 2906 τὴν
555 2872 699 2906 μετάνοιαν
709 2883 716 2889 ·
731 2871 802 2901 οὗτοι
813 2875 839 2901 δὲ
853 2877 876 2902 οἱ
893 2876 982 2912 πολλῷ

274 2917 408 2947 ΡΑτιιοι.
429 2917 487 2947 Gn.
511 2918 584 2950 LIII.

727 169 761 198 IN
778 170 852 199 CAP.
875 171 918 199 VII
932 171 1052 200 GENES.
1075 174 1191 203 HUMIL.
1213 175 1295 204 XXV.

1817 184 1869 211 2%

1040 231 1125 258 πλείω
1149 233 1195 260 τοῦ
1219 235 1304 267 Ἰωνᾶ,
1332 235 1377 262 καὶ
1400 236 1480 263 αὐτὸν
1495 237 1540 264 τὸν
1551 237 1604 265 τῶν
1615 239 1682 265 ὅλων
1706 239 1870 277 δημιουργὸν

1039 279 1156 314 ὁρῶντες
1178 281 1226 308 σὺν
1243 282 1333 315 αὐτοῖς
1356 286 1655 320 συναναστρεφόμενον,
1684 288 1730 314 καὶ
1752 288 1869 315 τοσαῦτα

1039 327 1086 353 καὶ
1092 328 1204 355 τοιαῦτα
1215 329 1354 365 θαυμάσια
1364 332 1405 366 ἐφ’
1419 332 1537 368 ἑκάστης
1547 333 1739 369 ἐργαζόμενον,
1754 336 1868 372 λεπροὺς

1039 375 1212 410 καθαίροντα,
1239 379 1350 413 νεκροὺς
1369 379 1519 416 ἐγείροντα,
1534 380 1568 407 τὰ
1585 381 1739 416 πηρὼματα
1753 383 1802 418 τῆς
1818 383 1869 418 φύ-

1040 429 1108 454 σεως
1124 423 1323 461 διορθούμενον,
1342 427 1472 463 δαίμονας
1498 427 1652 461 ἐλαύνοντα,
1676 429 1769 461 νόσους
1787 429 1869 465 ἰώμε-

1039 477 1093 502 νον,
1108 472 1166 505 μετ’
1180 472 1302 505 ἐξουσίας
1317 474 1416 510 πολλῆς
1431 476 1636 511 ἁμαρτημάτων
1650 475 1745 510 ἄφεσιν
1757 476 1868 512 χαριζό-

1040 525 1130 551 μενον,
1143 519 1203 546 οὑδέ
1232 521 1281 557 τὴν
1300 522 1384 559 αὐτὴν
1409 523 1463 554 τοῖς
1489 522 1635 558 βαρϐάροις
1654 522 1744 549 πίστιν
1763 523 1869 550 ἐπεδεί-

1039 561 1128 595 ξαντο.

1074 632 1104 664 μ’.
1127 631 1195 658 Ἀλλ’
1213 633 1260 660 ἐπὶ
1277 634 1326 670 τὴν
1340 635 1499 662 ἀκολουθίαν
1517 636 1706 671 ἐπανέλθωμεν
1721 635 1764 662 τοῦ
1776 634 1867 669 λόγου,

1039 678 1081 704 ίνα
1094 679 1166 715 εἰδῇς
1179 681 1225 708 καὶ
1240 681 1340 708 τούτων
1351 685 1399 718 τῆς
1414 684 1607 719 ἀγνωμοσύνης
1617 684 1665 719 τὴν
1677 684 1810 714 ἐπίτασιν.
1821 684 1868 710 καὶ

1037 726 1147 754 ἐκείνων
1160 728 1210 763 τῆς
1218 729 1423 766 εὐγνωμοσύνης
1435 731 1465 758 τὸ
1476 732 1602 758 ἐπίπονον
1612 740 1618 746 ·
1632 732 1679 758 καὶ
1693 731 1733 757 ὅτι
1747 731 1867 757 κάκεῖνοι

1039 774 1088 808 μὲν
1096 775 1124 801 ἐν
1133 777 1221 809 τρισὶν
1230 778 1347 813 ἡμέραις
1360 780 1617 815 στενοχωρηθέντες,
1628 779 1687 806 οὐδὲ
1707 779 1792 810 οὕτως
1815 779 1868 805 ἀπ-

1036 822 1188 857 ηγόρευσαν
1203 824 1292 852 αὐτῶν
1307 826 1356 861 τὴν
1373 828 1518 862 σωτηρίαν,
1534 827 1591 854 ἀλλ’
1603 828 1648 854 ἐπὶ
1662 828 1710 863 τὴν
1723 825 1866 862 μετάνοιαν

1037 870 1202 903 σπεύσαντες
1231 872 1277 898 καὶ
1299 873 1333 899 τὰ
1352 874 1533 910 ἡμαρτημένα
1557 876 1732 910 ἀπενίψαντο,
1753 874 1866 909 καὶτῆς

1037 919 1240 956 φιλανθρωπίας
1251 922 1298 948 τοῦ
1306 923 1440 949 Δεσπότου
1453 923 1544 955 ἀξίους
1555 924 1666 955 ἑαυτοὺς
1677 923 1863 958 κατέστησανο

1035 963 1107 994 οὗτοι
1123 968 1150 994 δέ
1165 969 1240 995 αὐτοὶ
1259 969 1355 997 ἐκατὺν
1367 971 1452 997 εἴκοσι
1470 971 1536 998 ἐτῶν
1555 971 1722 1006 προθεσμίαν
1738 971 1864 1003 λαϐόντες

1036 1015 1103 1050 πρὸς
1117 1016 1269 1051 μετάνοιαν,
1281 1018 1341 1044 οὐδὲ
1352 1018 1437 1050 οὕτως
1455 1018 1596 1046 ἀπώναντή
1613 1028 1638 1045 τι
1653 1019 1742 1045 πλέον.
1757 1018 1801 1044 Διὸ
1817 1018 1865 1044 καὶ

1034 1062 1194 1098 ὀΔεσπότης
1207 1065 1278 1099 ὀρῶν
1298 1065 1388 1092 αὐτῶν
1407 1068 1456 1102 τῆς
1470 1066 1569 1098 κακίας
1580 1066 1628 1101 τὴν
1641 1065 1803 1102 ὑπερϐολὴν,
1817 1066 1864 1092 καὶ

1035 1106 1127 1142 ἐπειδὴ
1153 1106 1222 1134 εἶδεν
1245 1109 1285 1140 είς
1305 1110 1404 1146 πολλὴν
1432 1111 1530 1137 κακίαν
1543 1111 1738 1143 ἐξοκείλαντας,
1753 1113 1863 1145 ταχεῖαν

1033 1155 1126 1187 αὐτοῖς
1155 1156 1250 1190 ἐπάγει
1264 1157 1312 1192 τὴν
1329 1158 1478 1192 διόρθωσιν,
1494 1158 1543 1192 τῆς
1560 1158 1648 1192 κακῆς
1670 1158 1760 1185 αὑτῶν
1774 1158 1863 1193 ζύμης

1033 1202 1082 1237 τὴν
1092 1203 1223 1238 πονηρίαν
1238 1204 1380 1238 ἀφανίσας,
1395 1205 1442 1231 καὶ
1450 1205 1571 1231 ἐκποδὼν
1586 1205 1710 1240 ποιήσας.
1726 1204 1774 1231 Διὰ
1784 1204 1862 1231 τοῦτὸ

1034 1259 1099 1286 φησι
1111 1259 1117 1267 '
1133 1251 1197 1279 Νῶε
1210 1252 1244 1279 δὲ
1256 1251 1375 1288 ἦνέτῶν
1381 1253 1558 1286 ἑξακοσίων,
1569 1253 1643 1281 καὶὸ
1652 1252 1863 1287 κατακλυσμιίς

1032 1299 1086 1326 τοῦ
1101 1300 1210 1334 ὕδατος
1232 1301 1349 1336 ἐγένετο
1359 1301 1407 1328 ἐπὶ
1422 1301 1478 1336 τῆς
1494 1301 1559 1336 τῆς.
1573 1302 1648 1333 Τέως
1666 1301 1804 1336 ἐμάθομεν
1822 1300 1863 1327 ὅτι

1033 1347 1114 1382 ἡνίκα
1131 1348 1180 1383 μὲν
1197 1348 1213 1383 ὴ
1235 1348 1419 1384 ἀγανάκτησις
1435 1348 1530 1384 γέγονε
1552 1348 1600 1375 τοῦ
1619 1348 1764 1381 Δεσπότου,
1780 1348 1828 1375 καὶ
1846 1349 1862 1384 ὴ

1033 1396 1196 1433 πρόρρησις,
1221 1399 1405 1425 πεντακοσίων
1424 1396 1458 1434 ἦν
1492 1398 1569 1426 ἐτῶν.
1586 1398 1652 1425 Ὅτε
1673 1398 1701 1425 δὲ
1719 1397 1824 1433 ἐπήχθη
1848 1399 1862 1424 ό

1033 1444 1234 1480 κατακλυσμὸς,
1261 1445 1418 1478 ἑξακοσίων,
1438 1446 1476 1477 ὠς
1502 1446 1598 1473 ἑκατὸν
1615 1446 1663 1482 ἔτη
1690 1448 1719 1473 ἐν
1737 1446 1775 1482 τῷ
1789 1447 1863 1481 μέσῳ

1033 1491 1170 1525 γενέσθαι,
1183 1493 1229 1519 καὶ
1242 1493 1308 1528 μηδέ
1322 1494 1351 1520 ἐν
1364 1495 1420 1524 τοῖς
1431 1493 1526 1520 ἐκατδν
1541 1493 1612 1520 ἐτεσι
1623 1494 1751 1529 κερδᾶναι
1763 1494 1863 1525 αὑτούς

1032 1547 1058 1566 τι
1087 1539 1176 1573 πλέον,
1209 1540 1342 1576 τοσαύτης
1371 1541 1556 1572 ἀπολαύοντας
1575 1541 1748 1572 διδασκαλίας
1768 1543 1801 1568 ἐκ
1813 1541 1861 1577 τῆς

1032 1586 1306 1623 κατασκευαζομένης
1319 1587 1371 1614 ὑπὸ
1386 1588 1433 1614 τοῦ
1447 1588 1508 1615 Νῶε
1521 1588 1647 1616 κιϐωτοῦ.
1671 1588 1742 1615 Ἀλλ’
1755 1590 1820 1621 ἴσως
1828 1590 1861 1616 ἄν

1031 1643 1073 1666 τις
1085 1635 1179 1670 μαθεῖν
1193 1635 1377 1671 ἐπιζητήσειε,
1392 1636 1463 1668 τίνος
1478 1636 1570 1663 ἕνεκεν
1578 1635 1673 1668 εἰπὼν,
1686 1635 1812 1663 Ἑκατὸν
1823 1635 1865 1662 εί-

1032 1690 1100 1709 κοσι
1112 1682 1164 1717 ἐτη
1175 1683 1294 1710 ἔσονται
1305 1685 1334 1710 al
1341 1683 1445 1718 ἡμέραι
1456 1683 1565 1717 αὐτῶν,
1575 1683 1623 1710 καὶ
1630 1683 1862 1719 ἐπαγγειλάμενος

1032 1730 1149 1757 τοσαῦτα
1178 1731 1409 1767 μακροθυμήσειν,
1424 1731 1478 1766 πρὸ
1502 1730 1552 1766 τῆς
1576 1731 1678 1758 τούτων
1694 1731 1860 1766 συμπληρώ‹

1033 1788 1100 1811 σεως
1128 1780 1176 1816 τὴν
1200 1780 1386 1816 πανωλεθρίαν
1404 1781 1537 1817 ἐπήγαγε.
1554 1781 1609 1807 Καὶ
1622 1780 1701 1807 τοῦτο
1714 1781 1763 1816 τῆς
1779 1780 1860 1807 αὑτοῦ

1032 1829 1236 1865 φιλανθρωπίας
1251 1831 1378 1865 μέγιστον
1388 1830 1420 1857 ἂν
1435 1831 1476 1865 εἴη
1488 1830 1595 1865 δεῖγμα.
1618 1829 1726 1865 Ἐπειδὴ
1738 1830 1792 1865 γάρ
1807 1828 1861 1857 εἶδε

1033 1876 1092 1903 καθ’
1106 1877 1223 1912 ἑκάστην
1234 1877 1339 1912 ἡμέραν
1351 1877 1447 1904 ἀνίατα
1455 1877 1670 1912 ἁμαρτάνοντας,
1683 1877 1730 1903 καὶ
1737 1877 1768 1903 οὑ
1781 1878 1861 1912 μόνον

1031 1923 1106 1950 οὐδὲν
1128 1923 1317 1958 κερδαίνοντας
1331 1925 1362 1951 ἐκ
1382 1925 1432 1959 τῆς
1455 1925 1557 1958 ἀφάτου
1574 1924 1774 1960 μακροθυμίας,
1793 1924 1860 1951 ἀλλὰ

1031 1971 1078 1997 καὶ
1092 1971 1272 2003 ἐπιτείνοντας
1283 1971 1318 1998 τὰ
1328 1971 1405 2006 ἕλκη,
1416 1971 1459 1998 διὰ
1470 1971 1548 1997 τοῦτο
1555 1971 1682 2006 συνέτεμε
1696 1971 1740 1998 τὸν
1754 1971 1859 2006 χρόνον,

1031 2016 1100 2043 ὥστε
1114 2017 1151 2053 μὴ
1167 2017 1269 2052 μείζονι
1285 2018 1406 2054 τιμωρίᾳ
1421 2018 1589 2050 ὑπευθύνους
1611 2018 1709 2049 αὐτοὺς
1724 2018 1860 2053 καταστῆ-

1031 2071 1085 2090 ναι.
1097 2064 1150 2090 Καὶ
1162 2064 1236 2097 ποία,
1253 2065 1330 2100 φησὶ,
1341 2065 1440 2100 μείζων
1451 2063 1484 2101 ἦν
1492 2065 1594 2100 ταύτης
1607 2065 1742 2101 τιμωρία;
1756 2065 1860 2098 Ἔστιν,

1032 2112 1166 2147 ἀγαπητέ,
1184 2113 1231 2139 καὶ
1249 2113 1357 2148 μείζων,
1375 2114 1421 2140 καὶ
1437 2113 1620 2149 φοϐερωτέρα,
1640 2113 1689 2140 καὶ
1701 2112 1824 2148 διαρκὴς,
1842 2112 1859 2147 ἡ

1032 2161 1102 2187 κατά
1123 2161 1167 2188 τὸν
1188 2161 1317 2196 μέλλοντα
1331 2161 1428 2189 αίῶνα.
1445 2162 1506 2188 ’Ὁτι
1524 2161 1579 2196 γὰρ
1591 2161 1641 2188 κᾶν
1651 2161 1768 2188 ἐνταῦθα
1783 2161 1861 2196 δίκην

1032 2208 1102 2239 τινὲς
1118 2209 1283 2243 ὑποσχῶσιν,
1299 2210 1358 2236 οὑδέ
1371 2210 1420 2245 τὴν
1437 2209 1511 2246 ῘΞΞΞ]
1528 2210 1585 2236 ἐκεῖ
1601 2209 1736 2244 τιμωρίαν
1748 2208 1860 2243 διαφεύ-

1032 2256 1132 2289 ξονται,
1148 2257 1214 2284 ἀλλὰ
1229 2258 1396 2294 κουφοτέραν
1409 2259 1607 2294 ὑποστήσονται
1619 2257 1663 2284 διὰ
1676 2257 1729 2284 τῶν
1745 2256 1862 2283 ἐνταῦθα

1033 2305 1202 2339 συμϐάντων,
1213 2306 1244 2332 τὸ
1256 2306 1370 2341 μέγεθος
1381 2306 1434 2332 τῶν
1445 2307 1503 2333 ἐκεῖ
1515 2305 1701 2341 κολαστηρίων
1713 2305 1862 2339 ὑποτεμνό-

1034 2360 1118 2387 μενοι,
1136 2352 1216 2379 ἄκουε
1231 2352 1277 2379 τοῦ
1291 2353 1409 2388 Χριστοῦ
1427 2353 1549 2388 λέγοντος
1561 2353 1606 2379 καὶ
1619 2351 1806 2384 ταλανίζοντος
1812 2351 1861 2385 τὴν

1032 2399 1178 2434 Βηθσαῖδᾶ”
1196 2400 1270 2427 οὐαί
1287 2409 1346 2433 σοι,
1358 2400 1512 2435 Χωραζεὶμ,
1535 2400 1632 2435 φησὶν,
1650 2399 1718 2426 οὐαί
1733 2406 1793 2432 σοι,
1809 2399 1863 2431 Βη-

1033 2446 1151 2479 θσαϊὸᾶ,
1172 2447 1217 2474 ὅτι
1238 2449 1264 2475 ει
1276 2448 1311 2475 ἐν
1320 2449 1461 2483 Σοδόμοις
1475 2448 1613 2484 ἐγένοντο
1632 2449 1661 2475 αι
1674 2447 1816 2482 δυνάμεις
1829 2448 1860 2474 αι

1032 2495 1187 2529 γενόμεναι
1215 2495 1250 2522 ὲν
1268 2496 1348 2530 ὑμῖν,
1364 2496 1456 2523 πάλαι
1479 2496 1518 2523 ἂν
1527 2496 1562 2523 ἐν
1578 2496 1681 2528 σάκκῳ
1693 2496 1741 2523 καὶ
1757 2495 1860 2528 σποδῷ

1032 2543 1227 2577 μετενόησαν.
1250 2543 1298 2570 Διὸ
1321 2543 1399 2578 λέγω
1416 2543 1496 2578 ὑμῖν,
1518 2543 1712 2577 ἀνεκτότερον
1728 2541 1861 2576 ἓσταιτῇ

1036 2589 1171 2623 Σοδόμων
1196 2590 1245 2616 καὶ
1267 2591 1422 2625 Γομόῤῥας
1445 2591 1480 2617 ἐν
1496 2590 1590 2624 ἡμέρᾳ
1607 2590 1732 2624 κρίσεως
1747 2589 1766 2623 ἢ
1781 2590 1860 2624 ὑμῖν.

1039 2637 1129 2672 Ὁρᾷς,
1142 2637 1277 2672 ἀγαπητέ,
1293 2637 1352 2669 πῶς
1370 2638 1409 2673 τῷ
1421 2639 1516 2671 εἰπεῖν,
1537 2638 1747 2672 Ἀνεκτότερον,
1762 2636 1862 2670 ἔδειξεν

1032 2685 1073 2711 ὅτι
1084 2686 1131 2711 καὶ
1144 2686 1169 2711 οί
1185 2686 1318 2721 τοσαύτην
1336 2686 1452 2712 ἐνταῦθα
1473 2685 1550 2721 δίκην
1569 2686 1670 2717 δόντες,
1691 2685 1737 2712 καὶ
1752 2685 1799 2711 τὸν
1811 2685 1862 2718 ἐμ-

1033 2732 1160 2767 πρησμὸν
1187 2733 1288 2758 ἐκεῖνον
1314 2732 1359 2759 τὸν
1374 2733 1467 2759 καινόν
1494 2733 1541 2759 καὶ
1558 2733 1631 2764 ξένον
1655 2732 1861 2767 ὑπομείναντες,

1032 2780 1114 2805 κάκεῖ
1126 2787 1186 2806 τινα
1200 2779 1335 2814 τιμωρίαν
1349 2780 1556 2815 ὑποστήσονται,
1567 2780 1735 2815 κουφοτέραν
1745 2779 1773 2805 δέ
1787 2779 1860 2814 ὅμως

1032 2827 1076 2854 διὰ
1097 2827 1128 2853 τὸ
1157 2827 1342 2862 προλαϐόντας
1355 2828 1472 2855 ἐνταῦθα
1492 2829 1624 2865 τοσαύτης
1638 2827 1800 2863 πειραθῆναι
1813 2826 1861 2860 τῆς

1034 2878 1263 2913 ἀγανακτήσεως;
1284 2877 1391 2906 ’Ῑνόὖν
1406 2880 1443 2916 μὴ
1467 2880 1513 2906 καὶ
1536 2877 1607 2907 οὗτοι
1635 2878 1812 2908 ἐπιτείνοντες
1826 2875 1860 2903 τά

1642 2925 1674 2951 Η
