2058 3123
201 108 249 135 Ἧι

205 179 246 202 tur
263 179 290 202 et
310 174 329 202 ii
347 178 453 210 peccata
478 178 675 206 coaccrvantcs,
692 174 836 208 majoribus
855 181 882 200 se
908 174 993 209 poenis

201 219 333 247 obnoxios
346 219 486 247 redderent
498 239 504 252 ,
521 219 648 246 Dominus
660 219 746 246 bonus
760 224 786 246 et
799 219 928 254 benignus
942 220 993 246 du-

202 266 288 293 ritiam
301 266 407 293 illorum
419 265 550 300 poenitere
564 265 681 292 nesciam
699 264 807 297 videns,
826 269 930 299 tempus
942 271 994 300 quo

201 318 230 338 se
243 311 389 346 patientem
403 310 519 337 futurum
535 310 657 345 promisit
668 331 675 343 ,
692 309 832 336 imminuit.
845 309 910 336 Nam
926 310 995 337 sicut

201 363 295 384 eorum
310 363 390 383 causa
405 355 449 390 qui
468 354 694 382 admonitionibus
720 355 776 381 suis
801 359 922 389 prompte
946 362 994 390 pa-

203 405 271 435 rent,
287 400 322 428 ob
340 400 484 428 bonitatem
506 400 556 427 sibi
579 400 737 435 peculiarem
761 400 907 427 sententias
933 407 994 427 suas

188 451 325 481 revocat,
339 452 365 474 et
378 446 411 473 ad
424 454 453 474 se
464 453 611 474 conversos
625 445 752 478 admittit,
766 450 845 480 atque
859 445 892 473 ab
907 445 996 473 immi-

202 497 283 520 nente
292 492 421 527 supplicio
436 491 530 519 liberat
543 499 550 518 :
568 492 603 518 ita
617 498 722 526 quoque
739 498 797 518 cum
809 491 938 526 promittit
952 491 994 518 vel

201 537 271 565 bona
290 538 375 573 aliqua
390 545 419 565 se
443 537 626 573 prmbiturum.
641 537 681 564 vel
696 537 858 572 poenitentia:
869 541 973 572 tempus
985 558 992 570 ,

201 584 273 612 videt
286 589 375 611 autetn
396 584 457 611 illos
478 583 606 618 indignos,
622 583 702 610 etiam
725 587 786 610 luttc
808 590 912 617 quoque
933 589 994 610 suas

203 630 395 665 promissiones
408 634 524 659 l‘CVOl‘f:L
540 629 587 662 Qui
599 629 669 655 circa
688 633 713 655 ct
727 635 774 663 por
788 627 942 663 prophetam
954 627 994 655 di-

200 676 296 703 cebat:
314 674 353 701 Ad
367 683 489 702 summam
509 675 596 709 loquar
608 682 684 708 super
701 679 796 709 gentes,
819 678 842 700 ct
864 682 939 708 super
953 682 995 700 re-

201 728 261 755 gna,
279 724 307 746 ut
322 719 425 755 perdant
439 724 462 746 et
477 724 583 746 avertant
603 727 612 745 :
626 724 648 745 et
662 719 683 746 si
700 719 870 754 paenitentiam
885 719 992 754 egerint,

203 773 277 800 ngam
293 769 315 791 ct
334 773 379 800 ego
394 765 563 799 paenitentiam
582 773 657 799 super
678 765 708 791 iis
725 773 781 799 autc
804 765 920 799 log'uutus
939 773 994 792 sum

202 816 228 838 ut
242 812 349 848 furerent
360 811 395 838 eis
408 811 474 847 (Jer.
488 811 530 838 i8.
546 811 571 838 7.
588 812 616 846 8)
634 819 641 837 ;
655 815 681 837 et
692 811 786 838 iterum
799 819 805 837 :
819 811 857 837 Ad
871 819 995 838 summam

203 859 292 892 loquar
303 866 379 893 super
392 863 476 893 gentes
489 862 511 884 et
526 865 600 892 super
613 865 699 892 regna,
716 862 743 883 ut
758 857 905 890 rca'diﬁcom
919 865 927 884 :
942 857 995 884 etsi

204 905 358 939 peccaverint
371 924 377 937 ,
397 904 565 939 pmnitentiam
577 908 599 929 ct
610 911 654 938 rgo
668 911 741 938 agant
755 911 830 937 super
842 903 872 929 iis
886 910 940 937 quae
955 904 993 929 lo-

206 955 298 984 quutus
319 958 374 976 sum
395 954 421 976 ut
446 949 551 983 facerent
578 949 613 976 eis
630 948 707 983 (Ibid.
735 956 758 975 v.
780 948 805 975 9.
830 948 885 983 10).
900 948 994 976 Vidisti

201 995 336 1029 quomodo
346 1002 360 1021 a
376 995 451 1022 nobis
464 993 618 1021 occasiones
627 993 720 1028 accipit
730 999 782 1020 tam
794 993 993 1026 misericordi-.c,

202 1049 281 1076 quam
293 1048 355 1075 erga
370 1048 417 1068 nos
428 1040 560 1070 declarat.
577 1047 657 1075 quam
673 1039 880 1074 indignationis?
894 1038 994 1066 Idcirco

201 1087 281 1114 etiam
297 1094 367 1114 nunc
382 1091 486 1121 tempus
496 1085 693 1120 rcsccat,cujus
703 1085 738 1112 illi
754 1084 916 1119 longitudine
931 1085 996 1112 abu-

203 1133 336 1161 tt-bantur.
357 1133 453 1161 Beatus
466 1140 572 1168 quoque
588 1132 683 1159 Paulus
697 1131 728 1159 ad
738 1131 859 1166 stupidos
870 1131 939 1163 illos,
950 1131 994 1166 qui

201 1179 314 1206 salutem
326 1186 375 1214 per
387 1178 568 1213 paenitentiam
581 1177 657 1204 nobis
670 1177 758 1204 datam
773 1184 824 1203 non
839 1175 992 1210 admittunt,

200 1225 306 1253 dicebat
321 1233 330 1253 :
344 1225 384 1252 Au
398 1225 498 1251 divitias
510 1224 628 1251 bonitatis
646 1225 701 1258 ejus
721 1227 744 1249 et
758 1222 886 1257 patientia:
903 1226 926 1248 et
936 1222 992 1248 lon-

202 1270 355 1306 ganimitatis
368 1270 516 1302 contemnis,
528 1269 648 1304 ignorans
662 1269 729 1302 quod
740 1267 882 1302 benignitas
896 1266 942 1294 Dei
959 1267 995 1292 ad

201 1316 371 1351 pmnitentiant
392 1319 415 1342 te
438 1314 580 1350 provocat?
603 1313 748 1341 Secundum
771 1316 853 1339 autem
875 1311 994 1338 duritiam

201 1368 270 1390 luant
280 1384 287 1395 ,
300 1366 323 1390 et
336 1362 491 1397 impmnitcns
499 1369 551 1394 cor,
569 1359 723 1387 thesaurizas
739 1358 882 1394 tibimetipsi
891 1358 956 1384 iram
968 1357 995 1384 in

201 1408 242 1435 die
254 1409 300 1435 ira
311 1412 335 1435 et
349 1407 506 1434 revelationis
515 1406 580 1441 justi
595 1405 683 1437 iudicii
699 1404 745 1431 Dci
764 1404 849 1439 (Rom.
863 1403 890 1430 2.
905 1403 931 1430 4.
945 1402 994 1439 5)?

201 1452 299 1481 Vidisti
310 1452 444 1489 quomodo
470 1456 498 1480 et
509 1452 623 1480 eximius
643 1451 687 1478 ille
708 1450 803 1478 doctor
827 1449 900 1476 orbis
923 1449 996 1476 clare

201 1506 251 1527 nos
265 1498 364 1532 docuit,
378 1505 425 1526 eos
437 1497 481 1533 qui
494 1497 621 1533 patientia
635 1497 680 1524 Dei
696 1496 728 1523 ad
743 1495 928 1531 paenitentiam
944 1502 993 1522 no-

201 1545 242 1572 bis
268 1550 396 1572 concessa
417 1543 571 1575 abutuntur,
587 1541 681 1577 majori
705 1548 793 1577 pana:
815 1545 843 1568 et
865 1540 996 1575 supplicio

201 1591 360 1625 semctipsos
371 1589 504 1617 obnoxios
518 1588 649 1617 reddere?
663 1588 697 1615 Et
708 1588 757 1615 hac
769 1587 802 1615 de
816 1594 894 1614 causa
915 1586 995 1614 etiam

202 1645 272 1664 nttnc
288 1637 419 1672 benignus
433 1636 513 1668 Deus,
529 1635 604 1670 quasi
619 1641 678 1662 sese
696 1641 813 1669 purgans
823 1655 830 1667 ,
847 1633 995 1660 rationem-

202 1689 254 1717 que
277 1681 409 1714 reddens,
434 1688 516 1716 quare
538 1685 680 1715 antequam
705 1679 864 1714 promissum
892 1684 996 1714 tempus

203 1727 369 1763 intplcretur,
384 1727 512 1755 diluvium
527 1726 671 1759 induxerit,
685 1725 887 1760 annorumjusti
903 1733 997 1752 nume~

202 1781 260 1800 rum
285 1772 413 1806 declarat,
433 1776 461 1800 et
484 1772 573 1799 dicit:
601 1769 658 1798 Noe
681 1776 765 1797 autem
790 1775 843 1797 erat
871 1778 996 1797 annorum

202 1823 386 1846 armentorum.
408 1818 474 1846 Nam
486 1818 529 1853 qui
555 1818 581 1845 in
596 1822 703 1845 centum
718 1817 795 1844 annis
809 1817 929 1844 converti
944 1824 994 1843 no-

203 1866 311 1899 luerint,
328 1865 389 1901 quid
411 1866 523 1900 amplius
550 1865 710 1900 proﬁcerent
731 1872 763 1892 ev
788 1863 865 1891 annis
892 1864 994 1899 viginti,

202 1920 280 1946 quam
305 1912 375 1947 quod
404 1912 478 1946 plura
508 1911 655 1946 adjicercnt
682 1909 806 1944 peccata?
834 1909 909 1936 Enim
931 1915 996 1936 vero

204 1962 356 1984 monstrans
371 1956 529 1983 inclTahilem
545 1963 620 1982 suam
632 1954 843 1981 misericqrdiam
858 1958 884 1981 et
903 1953 994 1981 excol-

204 2002 301 2029 lentcm
316 2002 470 2033 bonitatem,
486 2009 539 2028 non
561 2000 695 2028 recusavit
723 1999 802 2026 etiam
821 2003 883 2026 ante
894 2003 995 2033 septem

203 2048 261 2075 dies
274 2048 419 2082 przedicere
431 2047 470 2074 eis
482 2045 609 2073 diluvium
627 2052 689 2072 mox
708 2044 898 2077 inducendum,
911 2048 939 2070 ut
952 2043 994 2070 vel

204 2095 325 2129 angustia
357 2094 484 2130 temporis
512 2093 629 2128 correpti
651 2092 854 2120 conversionem
880 2091 996 2126 aliquam

205 2140 387 2168 ostenderent.
706 2147 710 2150 -

240 2186 268 2214 3.
285 2185 354 2213 Deus
369 2185 481 2220 praedicit
494 2192 593 2220 paruas,
605 2191 636 2210 ne
648 2183 750 2217 inferat.
765 2197 800 2202 —
812 2181 845 2209 Et
857 2180 918 2208 vide
943 2181 998 2207 cle—

206 2232 333 2260 mentiam
347 2230 462 2263 Domini,
478 2229 611 2265 quomodo
630 2228 704 2264 quasi
726 2227 811 2255 bonus
831 2226 926 2262 aliquis
939 2233 997 2253 me-

205 2278 292 2310 dicus,
304 2276 384 2304 variis
397 2275 447 2303 viis
462 2275 583 2302 morbum
598 2281 690 2302 eorum
706 2280 801 2300 curare
821 2276 915 2300 tentat.
931 2271 998 2299 Nam

206 2322 332 2357 quoniam
347 2321 500 2349 incttrab'tlia
515 2327 607 2347 eorum
621 2322 698 2346 erant
713 2318 835 2351 vulnera,
849 2322 902 2344 tam
916 2317 999 2351 proli-

207 2375 270 2396 xum
284 2368 323 2394 eis
339 2372 442 2401 tempus
456 2364 626 2400 pra-scripsit,
642 2362 832 2396 volens,ctiam
846 2362 868 2389 si
884 2362 909 2388 in
926 2366 1000 2389 tanto

208 2418 327 2448 tempore
338 2408 860 2447 resipiscerent,revocarelndignationis
873 2415 927 2434 suat
940 2414 1000 2434 sen-

208 2458 326 2485 tentiam.
342 2457 454 2492 Semper
467 2458 536 2484 enitn
551 2463 610 2483 mos
624 2456 682 2490 ejus
695 2458 748 2488 est,
762 2454 886 2489 quoniam
902 2458 1000 2480 nostrtc

208 2502 302 2529 salutis
309 2509 400 2529 curam
416 2502 479 2536 agit,
488 2500 632 2536 prmdicere
643 2507 707 2534 quas
720 2505 811 2534 poenas
821 2499 855 2525 sit
868 2498 1000 2531 illaturus,

208 2549 244 2576 ob
260 2549 328 2575 hanc
348 2551 450 2574 tantum
470 2554 588 2580 causam,
602 2554 635 2573 ne
661 2546 769 2577 inierat;
784 2550 849 2579 quas
867 2544 889 2571 si
901 2543 1001 2571 inferre

210 2594 306 2628 vellet,
319 2594 471 2628 neutiquam
495 2593 594 2619 diceret
609 2600 615 2618 ε
631 2590 678 2619 sed
697 2590 815 2618 studiose
833 2588 964 2624 praedicit,
975 2592 1004 2616 ut

211 2647 272 2668 cum
302 2647 351 2666 nos
377 2638 560 2670 didicerimus,
579 2638 673 2664 timore
701 2635 898 2663 emcndatiores
923 2635 1003 2667 facti,

211 2689 363 2712 atertamus
388 2684 471 2718 ipsius
491 2683 708 2717 indignationem,
723 2685 750 2708 et
762 2680 906 2708 sententias
917 2679 1006 2706 irritas

213 2730 352 2758 faciamus.
365 2729 435 2757 Nihil
451 2729 521 2756 ettim
537 2732 588 2760 est,
603 2727 674 2763 quod
688 2727 723 2754 ita
739 2726 812 2753 illum
828 2725 966 2753 cxhilaret.
980 2729 1040 2750 ut-

214 2777 355 2804 conversio
370 2780 470 2808 nostra,
480 2779 507 2802 et
520 2782 533 2800 a
548 2778 657 2809 peccato
671 2773 704 2801 ad
718 2773 843 2800 virtutem
857 2778 1006 2806 tcgrcssus.

215 2817 407 2846 Animadverte
422 2821 500 2856 igitur
512 2819 646 2855 quomodo
660 2824 686 2847 ct
696 2818 807 2847 istorum
822 2818 1004 2854 aegritudinem

698 105 731 132 ,Ν
749 105 824 133 CAP.
838 105 891 132 VII.
912 105 1032 133 GENES.
1055 105 1168 133 llOPiilL.
1190 105 1271 132 XXV.

1786 107 1836 125 αμα

1788 126 1837 136 η-ρ-

1048 162 1174 190 industria
1190 163 1301 197 quadam
1314 170 1407 191 curare
1423 164 1514 192 nititur
1528 174 1536 194 :
1554 165 1639 200 primo
1656 170 1756 193 tantum
1769 172 1836 194 tctu-

1046 207 1118 242 poris
1128 208 1160 234 ad
1173 208 1356 242 paenitentiam
1377 209 1466 242 dedit;
1484 209 1543 237 dein
1569 211 1612 238 ubi
1625 211 1690 239 vidit
1703 219 1748 239 eos
1761 214 1836 248 quasi

1047 252 1172 279 insensati
1197 258 1297 286 essent,
1321 254 1355 280 ita
1376 262 1404 281 se
1426 262 1539 289 gerere,
1563 257 1681 292 nihilque
1707 259 1837 293 proﬁcere

1048 298 1174 332 temporis
1189 298 1362 333 longitudine,
1374 300 1427 334 jam
1441 308 1500 327 cum
1525 303 1716 336 propemodum
1731 304 1756 331 in
1772 305 1836 332 fori.

1045 342 1095 370 bus
1117 343 1181 377 ipsis
1205 349 1275 371 esset
1298 344 1435 378 diluvium,
1459 346 1553 373 iternut
1577 349 1755 382 praenuntiat,
1783 359 1836 377 non

1046 395 1108 416 ante
1122 394 1174 417 trcs
1193 390 1260 423 dies,
1284 391 1351 418 sicut.
1372 392 1502 424 Ninivitis,
1522 393 1568 420 scd
1592 399 1653 421 ante
1676 400 1787 429 septem.
1806 397 1835 423 lit

1046 434 1159 462 ﬁdenter
1181 436 1303 470 dixerint,
1327 437 1532 472 magnitudinem
1555 439 1706 468 clementia:
1733 441 1835 469 Domini

1046 480 1129 506 “Onll‘i
1143 481 1238 513 sciens,
1255 482 1276 508 si
1291 482 1333 508 vcl
1346 483 1371 509 iu
1382 489 1482 516 septem
1492 484 1586 511 diebus
1601 493 1689 512 veram
1705 488 1836 521 paeniten-

1047 524 1109 551 tiam
1125 533 1203 559 agere
1224 527 1378 558 voluissent,
1393 528 1546 562 cll‘ngisscnt
1561 530 1649 564 utique
1664 530 1752 558 diluvii
1768 533 1837 566 peri-

1045 570 1144 596 culum.
1162 571 1251 606 Itaque
1274 573 1398 606 quoniam
1415 581 1500 608 ncqttc
1521 574 1660 608 productio
1683 577 1747 603 tanti
1772 582 1823 604 tcnt

1046 614 1128 648 poris,
1143 622 1228 650 neque
1239 617 1381 643 coarctatio
1393 625 1408 644 a
1423 618 1500 645 titulis
1521 626 1568 646 eos
1590 620 1721 648 abducere
1742 623 1836 656 potuit,

1046 661 1150 689 induxit
1171 662 1297 689 diluvium
1312 663 1337 690 in
1352 665 1546 692 sexcentesimo
1568 674 1638 693 anno
1652 667 1717 694 Noe.
1734 668 1759 695 6.
1779 668 1835 695 Noe

1046 713 1137 739 autent,
1154 707 1247 742 inqttit,
1269 714 1439 736 sexcentarum
1460 718 1584 738 annorum
1602 717 1665 744 erat,
1680 718 1703 739 et
1716 713 1836 741 diluvium

1046 759 1118 786 aqua
1132 753 1226 788 factum
1234 758 1269 780 est
1280 763 1356 788 super
1372 759 1472 782 terram.
1489 756 1605 790 Vidistis,
1620 758 1718 790 dilecti,
1731 764 1837 794 quanta:

1046 797 1122 824 nobis
1138 799 1257 826 utilitatis
1272 800 1381 827 materia
1398 800 1464 828 facta
1487 801 1531 834 sit,
1554 809 1716 836 cognoscere
1741 813 1836 832 nume-

1046 850 1104 869 rttm
1127 851 1256 871 annorum
1278 845 1352 879 justi,
1367 851 1392 872 et
1413 851 1477 881 quot
1498 854 1627 875 annorum
1650 854 1718 882 erat,
1733 851 1837 884 quando

1046 888 1172 916 diluvium
1187 891 1277 917 venit?
1289 892 1344 926 Age
1358 893 1557 926 progrediamur
1571 893 1603 920 ad
1616 902 1648 921 ea
1670 903 1730 930 quze
1740 903 1836 924 conse-

1046 940 1159 970 qttcutcr
1181 936 1314 963 dicuntur.
1329 937 1394 965 Nant
1411 943 1439 965 ttt
1452 939 1533 973 cmpit
1547 939 1682 972 dilttvium,
1699 941 1794 976 inquit,
1807 943 1834 969 7.

1046 980 1180 1016 Ingressus
1199 987 1234 1009 est
1249 988 1334 1009 autent
1350 983 1416 1016 Noe,
1434 989 1456 1010 et
1470 985 1519 1019 ﬁlii
1531 986 1594 1021 ejus,
1608 990 1630 1012 et
1642 995 1706 1013 uxor
1723 988 1800 1021 illius,
1814 993 1835 1015 et

1046 1035 1135 1054 uxores
1148 1028 1257 1062 ﬁliorum
1279 1030 1346 1056 illitis
1358 1031 1383 1056 iu
1395 1039 1490 1064 arcam,
1504 1037 1606 1067 propter
1627 1041 1718 1067 aquam
1738 1034 1834 1061 diluvii.

1046 1073 1072 1100 8.
1086 1073 1118 1100 Et
1133 1082 1164 1100 ex
1177 1075 1319 1101 volatilibus
1340 1076 1440 1102 mundis
1455 1081 1477 1102 et
1491 1085 1522 1103 ca;
1536 1078 1675 1104 volatilibus
1689 1080 1834 1113 immundis,

1045 1123 1068 1144 et
1081 1126 1113 1146 ea:
1132 1120 1264 1154 jumentis,
1289 1125 1313 1146 ct
1332 1129 1363 1147 ea:
1385 1121 1516 1155 rcplilibus
1538 1123 1605 1149 bina.
1620 1123 1646 1151 9.
1659 1123 1700 1151 E1:
1722 1126 1835 1153 omnibus

1045 1164 1199 1192 intraverunt
1214 1166 1248 1192 ad
1259 1166 1322 1199 Noe,
1336 1167 1362 1193 in
1376 1175 1471 1199 arcam,
1487 1169 1610 1195 masculus
1625 1169 1772 1205 et'foemina,
1788 1173 1835 1199 sic-

1045 1215 1072 1236 ut
1084 1216 1235 1246 praeceperat
1250 1211 1372 1239 Dominus
1386 1212 1451 1239 Noe.
1468 1213 1524 1240 Non
1538 1214 1638 1250 absque
1661 1223 1740 1243 causa
1759 1217 1836 1244 addi-

1045 1256 1093 1289 dit,
1105 1257 1177 1284 Sirut
1188 1263 1338 1293 praeceperat
1354 1257 1476 1286 Dominus
1492 1259 1547 1286 Noe
1558 1267 1567 1285 ε
1581 1260 1627 1287 sed
1641 1264 1670 1287 ut
1683 1260 1777 1288 iterum
1789 1270 1835 1290 au-

1045 1306 1119 1337 geret
1131 1302 1234 1330 laudent
1246 1303 1321 1337 justi,
1329 1304 1398 1338 quod
1413 1305 1500 1331 omnia
1515 1305 1673 1340 impleverit,
1683 1307 1750 1335 sicut
1765 1314 1834 1342 pra:-

1045 1353 1151 1382 eeperat
1167 1349 1304 1381 Dominus,
1319 1355 1346 1376 et
1356 1349 1426 1384 quod
1442 1349 1505 1377 nihil
1521 1358 1554 1377 ex
1568 1351 1646 1378 dictis
1660 1353 1836 1386 prtetermisc<

1045 1394 1090 1421 rit.
1105 1394 1147 1421 10.
1164 1394 1196 1420 Ει
1210 1396 1304 1430 [artant
1317 1399 1353 1421 est
1366 1399 1421 1429 post
1439 1395 1492 1422 dies
1504 1401 1607 1430 septem,
1623 1397 1692 1424 sicut
1706 1397 1835 1431 promisc-

1046 1444 1096 1472 rat,
1113 1440 1207 1474 inquit,
1225 1440 1366 1471 Dominus,
1386 1445 1409 1467 et
1419 1448 1485 1474 aqua
1503 1441 1593 1467 diluvii
1616 1443 1684 1476 facta
1702 1447 1738 1469 est
1761 1451 1836 1477 super

1046 1491 1149 1517 terram,
1165 1487 1208 1513 ll.
1225 1486 1250 1513 in
1265 1486 1444 1513 sexcentesimo
1457 1494 1524 1513 anno
1547 1487 1574 1513 in
1593 1487 1643 1514 vita
1664 1487 1730 1520 Noe,
1754 1496 1837 1516 mense

1046 1532 1166 1565 secundo,
1188 1532 1303 1558 vicesimo
1317 1532 1458 1566 ctreptimo
1481 1533 1582 1559 mensis.
1608 1532 1674 1560 Vide
1693 1533 1836 1568 Scriptura:

1047 1577 1232 1613 diligentiam,
1260 1577 1393 1612 quomodo
1417 1585 1470 1605 non
1494 1578 1580 1605 solum
1601 1585 1649 1605 nos
1674 1578 1764 1606 docuit
1785 1587 1837 1614 quo

1046 1630 1117 1649 anno
1139 1622 1236 1649 factum
1251 1623 1285 1649 sit
1303 1622 1442 1656 diluvium,
1458 1623 1504 1650 sed
1518 1628 1543 1651 et
1558 1631 1610 1658 quo
1633 1631 1724 1652 mense
1739 1628 1766 1651 et
1784 1625 1836 1652 die.

1049 1668 1148 1696 Deinde
1169 1673 1196 1695 ut
1218 1677 1250 1696 ex
1273 1668 1425 1696 narratione
1437 1669 1633 1696 cmendatiorcs
1646 1669 1740 1697 reddat
1751 1675 1838 1704 poste-

1047 1723 1102 1745 rus.
1119 1719 1302 1749 terroremque
1316 1715 1354 1741 rei
1374 1719 1455 1749 geslm
1473 1718 1576 1749 augeat,
1592 1715 1654 1741 dicit
1669 1723 1675 1742 :
1689 1714 1721 1741 In
1736 1716 1777 1742 die
1794 1716 1838 1742 illo

1047 1761 1114 1794 rupti
1129 1765 1187 1787 sunt
1199 1767 1284 1787 omnes
1299 1761 1380 1795 [antes
1395 1759 1487 1794 abyssi,
1497 1765 1521 1786 et
1528 1765 1662 1787 cataractae
1674 1761 1729 1787 mli
1743 1765 1838 1795 apertae

1047 1810 1120 1838 sunt,
1144 1806 1186 1832 12.
1210 1810 1233 1832 et
1258 1806 1326 1840 facta
1349 1810 1386 1832 est
1409 1806 1492 1838 pluvia
1520 1814 1596 1839 super
1616 1810 1707 1832 (errant
1726 1807 1837 1840 quadra-

1047 1852 1116 1886 ginta
1131 1852 1216 1878 diebus
1229 1856 1251 1878 et
1264 1852 1430 1887 quadraginta
1446 1852 1566 1879 noctibus.
1591 1851 1657 1879 \‘ide
1676 1857 1772 1887 quanta
1797 1853 1837 1879 di-

1048 1897 1123 1924 cendi
1138 1897 1357 1932 attemperatione
1378 1904 1447 1924 nunc
1462 1897 1540 1924 etiam
1565 1897 1647 1924 utitur
1669 1905 1745 1932 sacra
1765 1899 1838 1925 Scri-

1049 1948 1123 1977 ptura
1137 1953 1143 1970 :
1156 1944 1243 1970 omnia
1268 1944 1337 1970 enim
1354 1943 1498 1970 secundum
1513 1943 1654 1970 humanam
1669 1939 1840 1971 conshetudi-

1049 1997 1108 2016 netn
1129 1989 1251 2023 loquitur.
1275 1988 1331 2015 Non
1354 1988 1424 2023 quod
1442 1992 1581 2015 cataractae
1591 1988 1643 2015 sint
1659 1989 1684 2015 iit
1697 1989 1774 2021 caclo,
1793 1989 1838 2016 scd

1048 2035 1135 2062 omnia
1148 2042 1196 2070 per
1206 2034 1344 2061 familiaria
1356 2034 1432 2061 nobis
1447 2034 1526 2060 verba
1538 2034 1664 2069 loquitur,
1679 2035 1752 2069 quasi
1765 2035 1837 2062 dicc-

1049 2085 1089 2108 ret
1106 2090 1112 2107 :
1130 2080 1260 2114 Praecepit
1280 2083 1380 2106 tantum
1402 2079 1538 2110 Dominus,
1561 2083 1587 2106 et
1600 2079 1689 2106 statim
1712 2087 1839 2113 aquarum

1050 2130 1142 2153 natura
1159 2125 1284 2152 mandato
1295 2124 1448 2152 Conditoris
1465 2123 1593 2157 obedivit,
1607 2127 1634 2151 et
1646 2129 1675 2152 ut
1693 2124 1820 2152 conﬂuxit
1831 2147 1839 2158 ,

1050 2177 1134 2199 totum
1146 2171 1237 2199 orbem
1251 2170 1396 2197 ittundavit.
1405 2169 1464 2197 Jam
1479 2168 1549 2204 quod
1559 2169 1733 2204 quadraginta
1747 2169 1841 2198 diebus

1053 2218 1080 2243 et
1086 2214 1262 2250 quadraginta
1270 2213 1539 2241 noctibusinductum
1549 2213 1839 2245 estdiluvium,etistud

1053 2257 1142 2293 ipsutn
1153 2256 1284 2284 bonitatis
1293 2256 1441 2283 maximum
1451 2254 1587 2289 specimen
1595 2254 1841 2282 est.Volebatettim

1055 2307 1164 2338 propter
1174 2309 1299 2337 magnam
1308 2300 1636 2333 misericordiam,saltem
1649 2300 1755 2336 aliquos
1764 2308 1795 2328 ex
1802 2301 1842 2328 eis

1055 2347 1204 2382 castigatos
1221 2347 1376 2382 generalem
1398 2347 1467 2373 hanc
1480 2345 1693 2373 internecionem
1713 2345 1840 2381 eil‘ugere,

1055 2401 1116 2420 cum
1124 2398 1187 2420 ante
1195 2393 1290 2420 oculos
1300 2392 1628 2427 viderentetcongeneres
1637 2399 1703 2420 suos
1712 2392 1840 2426 perire,et

1055 2439 1252 2467 immineresibi
1267 2437 1755 2467 communeminteritum.Verisimile
1768 2438 1839 2465 enitn

1055 2491 1096 2514 est
1103 2486 1191 2521 pritno
1200 2486 1244 2513 die
1253 2486 1350 2513 bonam
1359 2485 1477 2520 aliquam
1490 2489 1594 2519 partem
1602 2483 1704 2511 diluvio
1715 2484 1838 2518 periisse,

1055 2535 1081 2558 et
1092 2531 1214 2558 secundo
1224 2531 1268 2558 die
1277 2530 1431 2558 aecrevisse
1444 2529 1545 2564 aliquid
1555 2529 1648 2556 diluvii
1659 2538 1667 2557 :
1678 2533 1705 2556 et
1715 2529 1841 2556 sintilitcr

1056 2576 1099 2603 die
1114 2576 1205 2608 tertio,
1215 2581 1243 2603 et
1253 2574 1468 2610 reliqni5.Atque
1481 2574 1541 2601 ideo
1553 2575 1579 2600 in
1591 2573 1771 2609 quadraginta
1782 2573 1841 2600 dies

1055 2626 1082 2649 et
1098 2621 1278 2656 quadraginta
1290 2625 1385 2647 noctes
1396 2619 1535 2654 produxit,
1546 2623 1575 2646 ut
1589 2626 1696 2646 omnetn
1709 2617 1841 2646 defensio-

1056 2667 1099 2694 nis
1107 2667 1247 2694 ohtcntum
1261 2666 1400 2693 adimeret.
1413 2665 1478 2692 Nam
1494 2665 1517 2692 si
1527 2665 1659 2691 voluisset
1667 2669 1748 2699 atque
1761 2664 1843 2698 impe-

1057 2717 1153 2744 rasset,
1166 2712 1300 2747 potuisset
1313 2712 1403 2738 omnia
1416 2711 1443 2738 in
1463 2719 1516 2738 uno
1528 2714 1667 2738 momento
1686 2710 1818 2737 inundare
1833 2719 1841 2736 :

1057 2760 1103 2786 sed
1112 2765 1161 2793 pro
1170 2766 1219 2784 stta
1232 2758 1377 2785 clementia
1389 2760 1463 2784 tanta
1472 2757 1577 2784 dierum
1585 2756 1764 2783 diuturnitate
1776 2762 1842 2782 usus

1057 2810 1109 2833 est.
1126 2804 1227 2833 Deinde
1241 2804 1307 2831 dicit
1324 2812 1330 2830 :
1350 2803 1390 2831 l5.
1406 2802 1438 2830 In
1455 2803 1497 2830 die
1510 2802 1558 2830 illa
1571 2802 1746 2830 intravitNae
1758 2802 1785 2830 in
1799 2809 1843 2827 ar-
