2058 3123
189 77 253 104 ’ἓξῦ

195 148 261 172 cum,
277 144 300 166 et
312 138 414 171 Sent,et
425 137 517 172 Citam,
532 143 554 165 et
564 137 686 173 Japltetlt,
704 143 727 166 et
738 145 801 165 uxor
820 137 884 170 Noe,
900 141 923 164 et
941 141 989 165 (res

197 192 287 211 uxores
307 184 419 218 ﬁliarum
440 183 580 217 illius,M.
603 188 627 210 et
647 191 734 210 omnes
751 183 835 210 bestia:
855 182 984 210 secundun

197 238 285 265 genus,
300 229 344 257 16.
362 229 427 256 sicut
441 233 594 264 pra'ceperat
609 229 732 256 Dominus
747 228 815 256 Deus
827 228 892 256 Noe.
902 228 991 262 Quan-

195 276 250 309 do,
274 275 376 310 inquit,
401 275 484 310 erepit
506 275 634 302 diluvium
657 274 802 302 secundum
828 279 988 309 praeceptum

197 321 311 355 Domini,
328 321 434 349 intravit
446 321 501 349 Noe
510 321 535 348 in
547 328 634 348 arcam
649 328 709 347 eum
725 320 786 347 filiis
799 324 825 347 et
838 327 919 348 uxore
931 327 988 351 sua,

195 372 222 395 et
235 368 361 396 uxoribus
376 367 488 394 ﬁliorum
507 374 626 398 suorutn,
643 370 670 393 et
683 372 776 392 omnes
793 365 884 392 bestim
896 371 990 392 secun-

195 414 258 440 dutn
271 421 366 448 genus.
385 411 419 440 Et
432 412 532 445 clausit,
546 412 640 446 inquit,
656 411 781 438 Dominus
803 409 873 437 Deus
895 409 989 444 deforis

195 459 249 493 ejus
261 466 358 485 arcum.

231 503 257 531 ι.
274 503 462 531 Animadverte
485 503 564 531 etiam
580 502 623 530 hic
643 502 717 530 verbi
730 502 763 529 ad
779 505 897 529 nostram
913 499 989 528 inﬁr-

197 550 315 576 mitatem
329 548 612 576 accommodationem.
627 548 728 576 Clausit
749 547 818 574 Deus
842 546 989 574 forinsecus

197 595 267 622 illius
276 602 376 627 arcam,
394 599 422 622 ut
442 593 535 621 doceat
558 601 587 621 se
607 594 633 620 in
657 600 751 628 magna
773 592 914 620 securitate
941 598 989 626 νο-

196 641 281 668 suisse
303 640 412 676 justttm.
430 640 491 668 Ideo
504 641 551 672 ait,
567 639 673 673 Clausit,
689 643 716 666 et
727 638 811 671 addit,
826 637 938 673 Deforis,
953 637 989 665 ita

197 691 225 714 ut
237 695 289 715 non
304 691 394 722 posset
406 687 496 714 videre
508 686 595 721 justus
610 685 760 721 generalem
775 684 894 712 omnium
918 684 988 711 inte-

196 734 286 766 ritum,
303 732 373 760 unde
391 731 485 767 majori
508 731 602 758 dolore
616 731 673 766 ipse
685 729 870 757 conﬁceretur.
884 728 951 756 Nam
966 728 989 755 si

195 786 285 807 secum
298 779 386 805 animo
397 782 546 813 reputasset
556 777 749 804 atrocissimam
762 775 832 803 illam
845 779 989 810 tempesta-

197 829 259 856 tem,
269 823 506 858 descripsissetquc
529 823 555 849 in
569 825 659 849 mente
679 821 787 849 humani
801 821 906 856 generis
927 827 988 855 per-

195 870 333 903 ditionem,
348 876 516 896 communetn
528 868 664 895 brutorum
680 867 799 894 omnium
813 867 948 894 interitum
962 872 989 894 et

196 915 334 942 hominum
355 918 381 941 et
401 913 592 948 jumentorunt,
614 918 642 940 et
654 913 737 948 ipsius
750 917 838 946 terrae,
855 917 883 939 ιιι
898 912 934 939 ita
949 912 990 940 di-

196 969 266 993 cam,
281 959 465 993 abolitionem,
481 959 607 986 mcestitia
628 963 777 993 correptus,
793 962 819 985 et
833 957 912 985 valde
934 962 989 985 tur-

196 1007 272 1034 batus
293 1005 397 1033 fuisset.
421 1004 585 1039 Quamquam
609 1004 680 1032 enim
705 1008 782 1031 erant
803 1002 930 1039 improbi,
944 1002 988 1037 qtti

196 1052 327 1088 peribant,
346 1056 463 1079 attamen
488 1050 618 1078 bonorum
637 1050 753 1077 virorum
777 1049 873 1077 animte
894 1056 987 1084 magna

195 1097 428 1126 commiseratione
448 1095 517 1124 afﬁci
531 1096 628 1129 solent,
643 1096 665 1123 si
677 1094 783 1130 quando
798 1094 889 1122 vident
902 1094 989 1129 puniri

195 1144 332 1177 homines;
346 1148 372 1171 et
384 1143 503 1170 invenies
517 1150 611 1170 outnes
627 1141 768 1176 prophetas
781 1145 808 1168 et
819 1141 906 1176 juslos
929 1141 988 1175 plu-

197 1191 292 1218 rimum
305 1197 352 1224 pro
366 1189 419 1216 illis
434 1189 489 1216 Deo
503 1188 665 1223 supplicare,
688 1187 756 1215 sicut
776 1185 925 1222 patriarcha
941 1193 989 1222 pro

195 1235 340 1263 Sodomitis
362 1234 475 1262 faciebat
489 1233 564 1270 (Cen.
590 1233 633 1260 18.
657 1232 713 1267 25),
734 1232 804 1259 sicut
825 1232 904 1260 etiam
928 1239 989 1266 pro-

195 1281 282 1316 pheta:
294 1280 419 1308 continuo
433 1279 520 1307 facere
533 1278 662 1306 solebant.
678 1277 784 1305 Etenim
798 1284 867 1304 unus
881 1277 988 1312 quidem

196 1327 301 1355 dicebat
315 1335 322 1353 :
340 1325 400 1353 Ileu
412 1326 483 1358 mihi,
497 1325 614 1358 Domine,
629 1323 722 1351 delebit
735 1329 761 1350 tu
773 1324 891 1359 reliquias
905 1322 990 1350 Israel

196 1372 300 1408 (Ezech.
314 1371 339 1399 9.
352 1371 398 1406 8)?
413 1371 481 1398 alius
492 1375 580 1397 autem
605 1369 642 1397 ait
657 1378 663 1396 :
678 1368 769 1396 Facies
791 1369 903 1396 homines
923 1369 989 1396 sicut

196 1418 275 1452 pisces
288 1417 376 1450 maris,
388 1425 438 1443 non
453 1415 571 1442 habentes
584 1415 671 1441 ducent
685 1414 775 1450 (Altae.
790 1415 815 1442 l.
831 1414 875 1449 M)
886 1414 897 1440 ’ἶ
909 1413 990 1449 Igitur

195 1463 257 1497 quia
280 1462 395 1497 alioquin
415 1461 503 1496 justus
524 1460 734 1488 confundebatur
745 1465 843 1492 mente,
858 1464 884 1487 et
900 1458 990 1487 turba—

195 1509 282 1540 hatur,
299 1516 333 1536 ne
346 1516 377 1535 ex
392 1508 449 1535 visu
459 1512 487 1535 et
496 1507 649 1543 spectaculo
663 1506 756 1541 majori
772 1507 876 1534 tristitia
900 1505 989 1533 afﬁce-

196 1560 279 1587 retur,
303 1555 330 1582 in
352 1561 413 1581 arca
434 1553 507 1581 illum
526 1554 602 1589 quasi
625 1553 652 1581 in
675 1560 782 1581 carcere
805 1552 934 1583 includit.
961 1557 990 1579 ut

197 1608 230 1627 ne
241 1600 326 1627 oculis
336 1599 543 1634 prospicientem
566 1603 653 1626 ntetus
676 1598 823 1626 invaderet.
841 1597 989 1625 Verisimile

200 1645 271 1673 enim
287 1649 338 1676 est.
352 1645 374 1672 si
390 1644 500 1672 vidisset
520 1644 718 1672 inundationem
739 1648 777 1671 tot
789 1651 927 1678 aquarum,
941 1651 989 1670 an-

196 1692 268 1719 xiutn
282 1691 348 1723 fore,
363 1698 397 1718 ue
410 1695 437 1717 et
451 1691 507 1725 ipse
516 1690 591 1725 aquis
606 1690 716 1725 periret.
733 1690 796 1724 Ejus
809 1689 888 1725 igitur
898 1697 988 1717 curam

195 1745 291 1772 gerens
306 1737 436 1772 benignus
451 1736 533 1768 Deus,
551 1743 604 1763 non
618 1735 738 1770 permisit
752 1735 837 1770 ipsum
854 1735 895 1763 vel
908 1743 989 1770 aqua-

196 1791 255 1810 rum
263 1787 383 1817 spectare
393 1781 532 1814 stnvitiem,
542 1781 584 1808 vel
594 1781 684 1808 videre
691 1781 829 1808 hominum
843 1780 987 1814 excidium,

196 1832 223 1856 et
231 1834 397 1855 communem
408 1827 480 1854 orbis
488 1826 706 1854 internecionem.
717 1826 772 1861 Ego
782 1831 870 1854 autem
882 1826 988 1861 quando

196 1877 291 1908 reputo
304 1880 408 1901 mecum
426 1872 489 1907 justi
503 1872 583 1906 hujus
598 1872 676 1899 vitam
690 1872 718 1899 .in
732 1879 812 1905 arca.
829 1872 989 1906 obstupesco

196 1925 223 1947 et
238 1920 329 1952 tniror,
345 1919 494 1954 iterumque
507 1919 554 1946 Dei
575 1918 725 1946 clementiae
748 1922 832 1945 totum
852 1918 986 1946 adscribo.

196 1965 261 1993 Nam
276 1965 326 1993 nisi
341 1965 384 1992 illa
398 1965 583 1992 conﬁrmasset
597 1965 666 1992 illius
688 1968 815 1998 mentem,
831 1969 856 1992 et
871 1964 987 1992 difﬁcilia

197 2010 263 2038 levia
284 2009 402 2043 fecisset,
428 2009 572 2044 quomodo,
597 2009 649 2042 dic,
676 2016 734 2043 oro,
759 2009 827 2036 ferre
849 2009 986 2044 potuisset,

197 2055 233 2083 ibi
247 2055 363 2082 inclusus
376 2055 450 2090 quasi
467 2054 492 2081 in
508 2053 627 2081 custodia
640 2053 753 2089 quadam
767 2059 794 2081 et
808 2054 833 2080 in
851 2059 917 2082 tetro
929 2062 988 2082 car-

197 2101 278 2128 cere?
302 2100 450 2135 quomodo,
475 2107 577 2135 quaeso,
598 2099 728 2134 potuisset
749 2099 876 2127 adversus
900 2104 988 2126 tantos

197 2145 323 2173 ﬂuctuum
348 2146 462 2180 impetus
481 2145 627 2172 obsistere?
651 2143 776 2171 llomines
799 2144 870 2172 enim
893 2144 937 2179 qui
960 2145 986 2172 in

197 2191 256 2217 navi
271 2194 343 2223 sunt,
357 2195 385 2217 et
402 2190 462 2217 velo
486 2194 604 2222 utuntur,
629 2193 656 2216 et
669 2190 872 2224 gubernatorem
888 2189 920 2216 ad
935 2190 988 2216 cla-

198 2243 260 2262 vum
285 2234 420 2262 sedentom
445 2234 554 2266 vident,
574 2238 607 2260 .et
625 2241 678 2261 sua
696 2239 754 2261 arte
776 2237 915 2261 ventorum
930 2235 937 2249 ¹
953 2235 977 2262 vi

196 2281 368 2308 obsistentem
382 2299 389 2311 ,
411 2279 538 2314 siquando
567 2278 692 2305 ﬁuctuttm
716 2279 805 2306 rident
834 2279 962 2306 insaniam
977 2300 985 2312 ,

197 2331 342 2354 eueeautur
355 2331 439 2358 metu,
454 2329 481 2352 et
494 2325 528 2352 de
551 2325 636 2352 salute
660 2332 706 2352 sua
727 2326 916 2359 propemodum
938 2326 987 2354 de-

197 2375 328 2406 sperant:
349 2370 412 2406 quid
437 2370 515 2406 igitur
539 2370 635 2398 dixerit
654 2369 749 2405 aliquis
760 2370 798 2398 de
817 2371 889 2405 justo
912 2371 987 2399 hoc?

196 2417 261 2446 Nam
281 2417 356 2452 quasi
378 2417 404 2444 in
423 2423 541 2447 carcere,
558 2421 587 2442 ut
600 2415 665 2448 dixi,
687 2415 793 2448 sedens,
815 2416 877 2444 hinc
886 2421 913 2444 et
926 2417 987 2445 inde

197 2463 445 2496 eireuml‘erebatur,
458 2468 545 2497 neque
558 2462 651 2489 caelum
671 2461 761 2489 videre
772 2482 779 2495 ,
792 2470 877 2497 neque
899 2463 988 2498 aliquo

197 2509 289 2536 oculos
312 2512 416 2536 vertere
431 2507 533 2540 valens,
549 2507 596 2534 sed
612 2507 682 2535 intus
702 2507 850 2541 tenebatur,
870 2508 1003 2543 nihilque-

198 2561 307 2589 prorsus
320 2553 410 2581 videre
422 2556 539 2588 poterat.
554 2552 624 2587 quod
642 2553 849 2582 consolationem
869 2554 986 2582 all‘erret.

200 2599 232 2626 Et
246 2598 381 2633 iiquidem
397 2597 440 2632 qui
458 2597 484 2624 in
503 2597 569 2625 mari
591 2598 733 2634 navigant,
746 2599 850 2626 etiamsi
866 2600 891 2627 in
904 2599 986 2626 altum

193 2648 340 2680 exsurgant
359 2643 472 2676 ﬂuctus,
491 2648 601 2677 possunt
618 2644 730 2672 subinde
745 2644 770 2672 in
785 2645 881 2672 cazlum
902 2646 989 2681 suspi~

197 2698 268 2722 ccre,
281 2695 307 2717 et
321 2689 458 2717 cacumina
468 2689 597 2717 montium
607 2690 707 2723 videre,
715 2691 869 2718 etcit'itates
879 2699 988 2726 magnas

198 2741 317 2770 spectare
328 2755 335 2767 ,
360 2735 451 2769 sicque
469 2735 629 2770 aliquantam
648 2736 856 2765 consolationem
871 2743 986 2772 capere;

229 2794 238 2808 ³
253 2795 323 2823 Unus,
336 2792 472 2822 undarum;
483 2791 554 2818 alius,
565 2791 688 2822 ﬂuctuum.

558 79 586 107 S.
607 77 744 107 JOANNIS
762 77 1001 106 CllRYSOSTOlll
1023 76 1179 105 ARCHIEP.
1200 76 1467 106 CONSTANTINOP.

1783 77 1835 106 224

1044 136 1114 171 quod
1125 136 1146 163 si
1158 136 1263 171 gravior
1276 141 1302 164 et
1313 136 1502 164 intolerabilior
1514 135 1593 163 fuerit
1606 139 1759 170 tempestas,
1774 141 1836 172 post

1042 182 1134 210 decem
1147 182 1189 209 vel
1204 183 1281 217 paulo
1295 183 1383 218 plures
1393 182 1459 215 dies,
1472 187 1498 210 et
1511 186 1571 217 post
1582 182 1680 210 multas
1692 182 1751 210 illas
1766 187 1836 211 tem-

1044 232 1159 262 pestates
1177 231 1203 255 et
1222 228 1337 263 pericula
1350 248 1357 260 ,
1375 228 1401 255 in
1423 232 1521 255 terram
1540 227 1618 262 ejecti
1630 247 1638 261 ,
1656 232 1684 255 et
1699 228 1834 263 paululutn

1043 273 1155 307 refecti,
1176 274 1295 301 omnium
1312 274 1415 301 illarttm
1434 273 1614 300 molestiarum
1630 273 1834 301 obliviscuntur.

1043 318 1091 346 Hic
1103 323 1191 346 autem
1207 319 1273 346 nihil
1288 319 1349 350 tale,
1363 317 1409 346 sed
1423 326 1492 346 anno
1506 322 1561 346 toto
1575 326 1671 346 novum
1685 323 1712 346 et
1726 324 1835 354 stupen-

1043 365 1104 392 dum
1119 365 1192 392 illum
1207 372 1342 393 carcerem
1358 364 1534 398 inhabitabat,
1545 372 1631 400 neque
1643 372 1733 392 aerem
1746 366 1834 400 respi-

1042 418 1103 439 rare
1118 411 1220 438 valens.
1240 410 1379 444 Quomodo
1391 411 1462 437 enim
1477 410 1627 445 potuisset,
1642 417 1703 438 cum
1717 410 1836 445 undique

1042 464 1102 484 arca
1111 457 1200 484 clausa
1210 457 1300 484 esset?
1310 456 1458 490 Quomodo,
1468 463 1568 491 quaeso,
1577 456 1674 483 restitit
1681 456 1693 482 ?
1700 456 1836 491 quomodo

1041 502 1167 530 duravit?
1187 502 1253 530 Nam
1272 503 1294 530 si
1315 502 1402 530 ferrea
1423 506 1449 530 et
1466 502 1633 529 adamantina
1653 501 1707 529 illis
1722 502 1836 529 fuissent

1043 557 1154 584 corpora
1166 570 1173 582 ,
1189 548 1322 584 quomodo
1340 549 1507 583 potuissent,
1522 548 1568 583 qui
1584 555 1671 583 neque
1685 555 1747 575 aere
1762 547 1835 575 frue-

1041 595 1137 622 bantur
1149 601 1235 629 neque
1249 599 1329 622 vento
1340 614 1348 627 ,
1362 593 1406 629 qui
1422 602 1476 621 nrn
1492 594 1578 621 minus
1590 601 1668 628 quatn
1683 601 1729 620 aer
1742 593 1775 620 ad
1792 601 1835 620 re-

1042 641 1181 668 focillanda
1203 647 1315 676 corpOra
1339 646 1428 668 nostra
1449 640 1534 667 factus
1555 644 1616 673 est,
1640 647 1727 674 neque
1741 640 1835 666 oculos

1041 693 1152 721 pascere
1167 691 1290 720 poterant
1301 707 1308 719 ,
1324 690 1369 714 aut
1383 686 1442 713 ειηιί
1453 706 1460 719 ,
1477 689 1523 713 aut
1537 690 1617 713 terrm
1632 685 1741 713 ﬁoribus
1757 685 1835 720 piece

1041 732 1213 767 spectaculo?
1226 732 1364 766 Quomodo
1375 739 1427 760 non
1440 733 1565 759 exemeati
1580 731 1650 759 oculi
1662 739 1752 759 eorum
1765 752 1774 765 ,
1788 731 1834 766 qui

1042 778 1142 806 tamdiu
1153 778 1188 805 ibi
1199 778 1329 813 egerunt?
1342 777 1376 805 Et
1385 777 1408 804 si
1421 777 1544 804 humanis
1556 776 1706 804 rationibus
1720 776 1776 803 haec
1787 776 1834 804 de-

1042 823 1208 859 prehendere
1223 824 1345 851 volumus
1356 843 1364 855 .
1379 828 1406 850 et
1420 822 1483 850 illud
1496 821 1663 857 cogitandum
1677 842 1685 855 ,
1699 821 1770 849 unde
1783 821 1834 848 ﬁtt-

1041 869 1116 897 vialis
1130 875 1156 896 ct
1170 869 1294 904 potabilis
1307 876 1382 904 aquas
1398 868 1502 903 copiam
1520 867 1654 895 habebant
1674 867 1699 894 in
1715 874 1775 893 arca
1795 867 1834 893 vi-

1040 921 1143 943 ventes.
1159 916 1193 942 Et
1206 920 1234 943 ut
1249 915 1306 942 hazc
1319 918 1486 950 prmteream,
1501 913 1634 949 quomodo
1650 913 1733 948 potuit
1745 913 1834 947 justus

1041 963 1085 990 ille
1097 969 1157 990 eum
1171 962 1230 989 liliis
1240 965 1268 989 et
1279 962 1405 989 uxoribus
1417 960 1646 989 conversationem
1657 967 1717 987 cum
1733 958 1794 986 feris
1807 964 1834 986 et

1041 1008 1099 1035 aliis
1113 1007 1270 1035 animalibus
1286 1007 1376 1034 ferre?
1390 1006 1524 1041 quomodo
1538 1005 1597 1033 tulit
1610 1005 1732 1033 faetorem
1743 1004 1754 1030 ἲ
1765 1011 1834 1039 quo-

1041 1052 1120 1080 modo
1131 1052 1189 1079 tulit
1200 1051 1250 1079 coh
1261 1051 1441 1080 :bitationem?
1452 1051 1486 1078 Et
1494 1059 1543 1079 cur
1551 1050 1600 1078 ista
1610 1049 1686 1078 dico?
1694 1049 1835 1083 Quomodo

1041 1098 1116 1126 bruta
1133 1097 1188 1132 ipsa
1205 1101 1347 1132 potuerunt
1362 1097 1475 1130 durare,
1491 1100 1518 1124 et
1537 1103 1590 1123 non
1611 1095 1697 1131 perire
1714 1095 1740 1123 in
1761 1099 1834 1122 tanta

1042 1143 1167 1177 trmporis
1182 1141 1357 1178 longitudine.
1369 1149 1428 1177 qua:
1439 1149 1525 1177 neque
1538 1149 1628 1168 aeretn
1642 1140 1775 1169 attrahere
1788 1148 1836 1168 va-

1041 1188 1140 1220 lebant,
1155 1195 1242 1224 neque
1254 1188 1365 1221 moveri,
1381 1188 1428 1215 sed
1443 1187 1469 1215 in
1482 1195 1536 1215 uno
1549 1187 1608 1214 loco
1622 1186 1834 1214 eoercebantur?

1041 1234 1121 1262 Scitis
1136 1234 1206 1261 enim
1218 1254 1225 1267 ,
1242 1238 1270 1261 et
1285 1233 1367 1268 probe
1382 1233 1456 1261 scitis
1471 1232 1551 1260 talem
1563 1239 1623 1260 esse
1636 1235 1754 1260 nostram
1769 1231 1834 1259 bru-

1040 1284 1181 1314 torumque
1194 1285 1325 1312 naturam,
1341 1284 1369 1307 ut
1382 1279 1486 1306 etiamsi
1500 1286 1563 1306 aere
1575 1277 1704 1311 fruamur,
1719 1277 1834 1312 aliisque

1039 1326 1163 1353 omnibus
1175 1346 1182 1359 ,
1193 1325 1320 1353 continuo
1336 1329 1424 1353 autem
1443 1324 1471 1352 in
1482 1331 1536 1352 uno
1552 1324 1612 1352 loco
1624 1324 1707 1351 simus
1719 1323 1815 1351 inclusi
1825 1343 1833 1355 .

1040 1371 1106 1398 nihil
1123 1371 1260 1406 prohibeat
1279 1370 1420 1405 quominus
1434 1376 1582 1405 pereamus.
1601 1369 1676 1397 Unde
1691 1369 1770 1404 igitur
1783 1375 1834 1404 po-

1041 1415 1186 1450 tuitjustus
1196 1423 1256 1443 cum
1269 1415 1393 1443 omnibus
1407 1415 1452 1450 qui
1471 1415 1498 1442 in
1516 1421 1578 1442 arca
1593 1419 1669 1442 erant
1680 1434 1688 1447 ,
1700 1418 1773 1442 tanto
1785 1413 1835 1441 du-

1040 1469 1100 1489 rare
1113 1461 1253 1496 tempore?
1265 1461 1323 1488 Non
1337 1461 1445 1488 aliunde
1457 1468 1536 1496 quam
1549 1468 1583 1488 ex
1600 1468 1713 1496 superna
1729 1460 1812 1496 gratia
1825 1481 1834 1493 ,

1040 1507 1083 1534 cui
1098 1507 1186 1534 omnia
1201 1510 1264 1534 sunt
1278 1506 1425 1542 possibilia.
1440 1507 1536 1534 Annon
1553 1513 1641 1534 aream
1656 1505 1718 1534 hinc
1731 1512 1757 1534 et
1771 1505 1835 1534 inde

1040 1553 1152 1585 moveri,
1164 1556 1191 1580 et
1203 1561 1255 1580 non
1268 1552 1402 1588 submergi
1413 1560 1428 1580 a
1439 1557 1510 1580 tanta
1521 1560 1648 1588 aquarutn
1659 1553 1695 1586 vi,
1706 1560 1767 1580 cum
1777 1552 1836 1580 uul-

1041 1600 1081 1628 lus
1094 1604 1166 1628 esset
1187 1600 1359 1636 gubernator,
1375 1607 1498 1636 superna:
1518 1604 1575 1627 erat
1589 1599 1668 1634 opis?
1687 1599 1744 1626 Non
1763 1600 1835 1626 cnim

1039 1646 1130 1675 dicere
1149 1651 1225 1682 potes
1247 1647 1328 1674 fuisse
1345 1653 1434 1673 arcam
1449 1646 1483 1673 ad
1503 1645 1613 1673 modum
1628 1646 1703 1673 navis
1715 1666 1722 1678 ,
1738 1650 1765 1672 ut
1778 1649 1836 1672 arte

1040 1691 1153 1727 quadam
1174 1692 1244 1719 illitts
1266 1691 1317 1719 iter
1330 1691 1408 1727 dirigi
1423 1691 1548 1726 potuerit.
1564 1691 1633 1718 Area
1647 1696 1706 1719 erat
1718 1690 1836 1726 uttdiquc

1040 1738 1140 1765 munita
1154 1742 1197 1765 :et
1211 1741 1318 1772 propter
1333 1741 1494 1772 prteceptum
1503 1735 1665 1768 Conditoris,
1680 1743 1732 1762 non
1747 1735 1834 1762 solum

1040 1792 1098 1812 eam
1111 1783 1208 1812 lmdcre
1221 1791 1273 1810 non
1287 1782 1372 1818 potuit
1384 1789 1513 1817 aquarum
1527 1782 1652 1817 impetus,
1666 1781 1713 1809 sed
1729 1786 1755 1808 et
1770 1780 1835 1808 sub-

1041 1831 1130 1858 limior
1164 1830 1216 1857 illis
1248 1828 1318 1857 facta
1341 1828 1520 1856 inhabitantes
1543 1827 1686 1855 admodum
1725 1833 1836 1854 securos

1040 1875 1165 1904 reddidit.

1075 1921 1201 1949 Creatoris
1216 1920 1326 1956 potentia
1336 1917 1752 1954 incomprehensibilis.—Quando
1765 1917 1836 1945 Deus

1041 1971 1167 2002 operatur
1178 1966 1278 2002 aliquid
1290 1986 1298 1999 ,
1314 1965 1421 1999 dilecte,
1433 1965 1488 1993 noli
1503 1965 1619 1992 humana
1634 1963 1836 1992 ratiocinatione

1039 2012 1098 2047 ejus
1116 2019 1200 2046 opera
1224 2011 1364 2046 exquirere
1385 2019 1392 2038 :
1409 2010 1600 2038 transcendunt
1622 2009 1694 2037 enim
1717 2012 1835 2036 mentem

1040 2062 1175 2091 nostram,
1192 2061 1219 2085 et
1231 2064 1375 2092 numquam
1389 2060 1476 2091 potest
1488 2055 1603 2082 humana
1618 2055 1744 2090 cogitatio
1757 2054 1837 2081 attin—

1039 2111 1103 2139 gere
1123 2108 1150 2131 et
1163 2103 1392 2138 comprehendere
1411 2109 1503 2130 eorum
1515 2121 1524 2135 ,
1546 2109 1606 2136 qua:
1624 2108 1639 2128 a
1655 2101 1709 2128 Deo
1728 2099 1835 2128 condita

1039 2153 1110 2183 sunt,
1125 2149 1264 2176 rationem.

1075 2197 1101 2224 5.
1123 2195 1237 2224 Proinde
1250 2203 1296 2230 par
1304 2199 1357 2228 θιι,
1373 2201 1422 2222 nos
1434 2194 1572 2222 audientes
1586 2192 1655 2230 q'uod
1669 2193 1739 2220 Deus
1752 2192 1837 2227 impe-

1042 2243 1156 2275 raverit,
1173 2241 1282 2269 obedire
1301 2246 1329 2269 et
1342 2241 1452 2268 credere
1469 2241 1501 2268 iis
1515 2248 1575 2275 qua:
1596 2240 1629 2267 ab
1642 2239 1687 2267 illo
1701 2238 1835 2267 dicuntur.

1039 2288 1104 2315 Nam
1119 2295 1179 2315 cutn
1191 2287 1321 2314 Conditor
1335 2286 1368 2313 sit
1390 2291 1490 2313 natum:
1503 2306 1509 2318 ,
1526 2285 1614 2312 omnia
1633 2288 1789 2313 transutnutt
1809 2287 1835 2310 et

1040 2333 1210 2361 transformat
1224 2336 1303 2367 prout
1327 2331 1376 2359 sibi
1400 2331 1512 2358 videtur.
1542 2330 1574 2357 Et
1597 2331 1688 2357 clausit
1712 2329 1837 2357 Dominus

1040 2379 1109 2407 Deus
1131 2378 1225 2412 deforis
1250 2377 1319 2404 illius
1339 2385 1434 2404 arcam.
1451 2376 1543 2412 Magna
1567 2376 1646 2411 hujus
1665 2376 1730 2411 justi
1752 2376 1837 2403 virtus

1040 2425 1106 2456 fuit,
1120 2429 1146 2452 et
1160 2424 1220 2451 ﬁdei
1235 2424 1401 2451 excellentia.
1420 2423 1464 2450 Illa
1480 2423 1536 2457 ipsa
1550 2423 1620 2450 enim
1632 2442 1640 2454 ,
1655 2427 1684 2449 ut
1697 2429 1756 2449 arca
1768 2429 1835 2449 con-

1039 2475 1187 2498 strueretur
1196 2489 1203 2503 ,
1218 2469 1315 2502 olfacit,
1327 2473 1356 2496 ut
1367 2469 1444 2496 talem
1455 2468 1647 2496 habitationem
1660 2476 1735 2502 atquo
1745 2468 1836 2494 animo

1040 2517 1139 2544 ferrent
1151 2516 1421 2550 coarctationemque,
1433 2519 1461 2541 et
1473 2514 1554 2541 vitam
1565 2521 1626 2541 cuin
1639 2513 1701 2540 leris
1713 2513 1836 2548 reliquis-

1040 2569 1090 2597 que
1103 2561 1188 2589 brutis
1200 2560 1360 2587 animalibus
1371 2559 1544 2586 sustinerent.
1559 2559 1626 2586 Ilinc
1636 2563 1677 2586 est
1689 2558 1758 2593 quod
1772 2558 1836 2586 hea-

1041 2613 1083 2634 tus
1097 2606 1193 2634 Paulus
1208 2606 1266 2640 ejus
1285 2605 1419 2633 mentione
1432 2605 1498 2632 facta
1513 2604 1660 2639 praedicans
1674 2604 1748 2632 illum
1761 2624 1767 2634 ,
1781 2604 1835 2630 ela-

1041 2652 1129 2680 mabat
1141 2652 1233 2679 dicens
1248 2660 1255 2678 :
1272 2650 1338 2678 Fide
1350 2650 1453 2677 oraculo
1465 2650 1610 2677 admonitus
1624 2649 1680 2676 Noe
1696 2650 1726 2676 de
1738 2649 1768 2676 iis
1779 2657 1836 2683 (μιω

1040 2697 1153 2725 nondum
1167 2697 1324 2730 videbantur,
1340 2702 1451 2724 metuens
1463 2696 1559 2730 aptavit
1576 2703 1661 2722 arcam
1676 2694 1711 2721 ad
1727 2695 1836 2721 salutem

1040 2743 1130 2770 domus
1142 2751 1214 2776 sate;
1228 2750 1273 2777 per
1287 2750 1364 2777 quam
1388 2741 1562 2768 condemnavit
1581 2740 1701 2767 mundum
1712 2760 1719 2772 ,
1743 2745 1765 2766 et
1781 2740 1836 2773 ejus

1041 2797 1097 2826 qme
1125 2789 1260 2816 secundant
1294 2787 1369 2822 [idem
1394 2791 1430 2814 est
1445 2785 1559 2821 justitia.’
1590 2787 1672 2822 factus
1701 2792 1737 2813 est
1765 2791 1834 2813 heres
