2058 3123
218 109 268 136 225

217 168 319 202 (Hebr.
333 167 377 194 tl.
394 165 409 192 7
422 165 441 200 ).
460 161 550 190 Vidisti
566 157 699 196 quomodo
713 157 777 184 fidos
791 157 816 183 in
831 156 913 183 Deum
928 158 1003 189 quasi

217 221 311 242 secura
325 212 445 248 quasdam
459 208 584 239 anchora,
599 205 669 236 fecit.
686 207 716 231 ut
728 209 815 230 arcam
829 200 944 229 construi
957 206 1006 226 cu-

218 265 290 289 raret
301 280 309 292 ,
324 243 351 286 et
363 258 422 291 ejus
437 253 625 283 habitationem
639 249 801 278 sustineret?
814 247 879 275 Nam
896 246 953 272 lure
971 243 1006 271 illi

219 312 245 334 rt
259 304 352 334 salutis
366 304 414 330 fuit
427 301 543 332 occasio,
559 299 611 326 Per
621 305 697 333 quam
707 316 714 329 ,
731 293 825 329 inquit,
837 290 1008 319 condemnavit

219 353 351 384 mundum,
365 355 388 377 et
397 350 452 384 ejus
465 355 520 382 qua’
530 344 667 373 secundum
679 342 753 377 ﬁdem
764 344 800 367 est
807 338 915 374 justitite
927 337 1008 372 factus

220 403 256 427 est
275 383 368 424 heres:
382 383 434 422 non
454 392 525 428 quod
538 392 594 426 ipse
614 389 692 416 fuerit
711 386 790 422 judex
803 405 811 418 ,
834 383 882 411 sed
895 383 954 417 quia
976 389 1009 408 ex

221 441 419 478 comparatione
449 427 698 466 condemnationem
730 431 856 459 Dominus
886 427 1008 456 inducit:

221 497 282 519 cum
303 489 374 517 enim
388 486 481 515 eadem
502 483 642 511 habuerint
655 488 713 515 qua:
734 479 822 514 justus
835 497 841 508 ,
856 483 908 502 non
922 479 1010 501 tamen

223 536 345 564 eamdem
368 533 474 561 virtutis
498 531 567 558 viam
581 527 693 563 ingressi
708 529 769 552 sunt
785 532 792 551 :
809 530 855 558 per
871 521 948 548 fidem
959 525 1010 554 qua

223 583 348 620 pneditus
362 580 419 613 fuit,
432 575 619 606 condemnavit
635 580 681 601 eos
695 571 739 606 qui
750 573 829 597 tanta:
848 567 954 594 fuerunt
970 565 1012 591 in-

220 612 384 657 credulitatis
392 645 400 658 ,
412 612 444 651 ut
456 620 618 658 prmdictioni
632 625 684 645 non
697 616 844 644 crederent.
856 612 912 646 Ego
924 616 1012 637 autent

221 680 283 701 cum
294 672 354 700 aliis
365 669 488 698 omttibtts
502 668 626 694 virtutem
639 663 718 690 etiatn
732 660 796 696 justi
810 658 927 686 admiror
937 677 944 688 ,
960 656 1011 682 Do-

222 719 341 753 mlnique
372 715 517 744 bonitatem
544 717 570 739 et
595 708 753 737 inetl‘abilem
785 702 1012 733 misericordiam,

223 763 328 800 quando
341 760 480 790 considero
494 756 626 794 quomodo
639 753 752 790 potuerit
774 749 873 778 versari
886 748 913 776 in
926 746 1014 774 tttedio

226 809 369 838 oestiarum
381 827 389 839 ,
412 806 518 833 leonum
541 802 600 829 (lico
612 821 619 833 ,
637 799 779 835 pardorum
792 817 801 830 ,
822 801 942 822 ursorum
955 812 964 826 ,
988 795 1015 818 et

224 856 335 882 aliarum
347 851 486 880 imntitiutn
500 848 625 876 ferarum.

261 899 319 928 Noe
339 897 444 926 restituit
468 894 535 930 quod
556 893 638 920 Adam
659 890 803 918 abstulerat.
817 901 851 907 -—
865 883 1014 912 [teconlare

226 947 280 979 tiic,
294 945 400 977 dilecte,
416 929 540 972 obsecro,
553 941 659 973 quanta:
673 933 807 969 dignitatis
823 931 900 958 fuerit
915 929 1015 964 printus

226 993 307 1021 homo
328 996 390 1018 ante
411 985 617 1016 inobedientiam
632 992 639 1010 :
655 987 682 1010 et
702 980 749 1008 Dei
763 979 908 1007 bonitatem
927 975 1016 1002 animo

225 1040 351 1068 observa.
367 1037 542 1069 Posteaquam
564 1031 636 1059 enim
659 1029 729 1056 illius
744 1023 925 1061 praevaricatio
949 1021 1016 1047 hanc

228 1088 384 1121 potestatem
400 1081 476 1108 nobis
496 1079 585 1106 datam
608 1075 792 1103 imminuerat,
817 1069 916 1097 invenit
929 1070 1015 1094 autem

228 1113 314 1160 bonus
328 1129 454 1156 Dominus
466 1125 546 1152 alium
559 1123 654 1151 virum,
666 1120 710 1155 qui
722 1117 804 1152 potuit
814 1121 939 1150 reparare
954 1113 1017 1139 ima-

228 1177 317 1212 ginem
332 1173 479 1210 pristinam,
490 1173 518 1197 et
531 1175 638 1197 servare
653 1164 756 1192 virtutis
769 1162 946 1191 characteres,
963 1165 1017 1184 ma-

228 1204 361 1258 gnamque
378 1219 403 1246 in
419 1216 551 1245 mandatis
565 1214 611 1241 Dei
626 1209 803 1239 obedientiam
823 1214 878 1242 prae
898 1213 927 1232 se
941 1204 1017 1235 tulit;

227 1267 326 1294 iterutn
337 1265 370 1292 ad
382 1264 494 1300 pritnuut
506 1261 634 1288 honorem
642 1264 702 1285 eum
716 1253 828 1286 reducit,
838 1251 911 1287 quasi
920 1250 1020 1276 docens

230 1319 280 1341 nos
293 1294 427 1346 operibus,
440 1310 565 1342 quantam
580 1306 736 1338 potestatem
751 1299 835 1326 Adam
850 1301 911 1323 ante
925 1294 1019 1321 inobe-

231 1341 356 1385 diendam
372 1341 504 1381 habuerit.
518 1350 608 1378 Virtus
621 1348 710 1381 itaque
720 1345 784 1379 justi
800 1343 888 1371 divina
901 1341 1020 1369 clemen-

232 1405 269 1432 tia
292 1402 380 1437 adjuta
403 1399 515 1434 primum
537 1393 669 1430 reparavit
690 1390 855 1421 domittiutn,
879 1386 1022 1420 bestiaeque

233 1451 330 1478 iterum
343 1445 536 1481 subiectionem
556 1442 730 1476 agnoverunt.
745 1435 810 1463 Cum
827 1434 897 1462 enim
918 1432 969 1459 illac
984 1430 1022 1457 vi-

232 1496 322 1524 derint
338 1494 436 1529 justum
449 1511 457 1523 ,
473 1487 664 1516 obliviscuntur
684 1487 785 1511 natura:
800 1488 855 1508 sum
870 1489 876 1506 :
892 1479 945 1505 imo
970 1484 1022 1503 non

233 1546 353 1573 natum,
366 1538 414 1567 scd
425 1535 529 1564 ferocire
540 1543 548 1567 ;
560 1537 587 1560 et
606 1535 705 1559 natura:
720 1529 824 1557 insitant
847 1525 975 1553 feritatem
998 1523 1023 1550 in

234 1584 463 1616 mansuetudinem
487 1582 655 1608 convertunt.
679 1576 712 1603 Et.
735 1573 794 1601 vide
819 1569 951 1606 quomodo
976 1569 1025 1594 hoc

235 1615 322 1669 ipsum
343 1629 444 1658 Danicli
457 1625 576 1655 evenerit
590 1623 676 1660 (Dan.
692 1621 718 1648 6.
740 1618 804 1653 22).
819 1617 867 1644 llic
880 1615 950 1643 enim
965 1621 1025 1640 cum

234 1662 255 1706 a-
267 1676 387 1706 leonibus
399 1672 618 1702 circumdaretur,
634 1666 709 1702 quasi
721 1665 754 1692 ab
766 1663 859 1691 ovibus
872 1662 1024 1695 stiparetur,

235 1704 421 1756 sic—intrepide
436 1717 532 1753 agebat
547 1724 554 1742 :
569 1710 782 1750 quandoquidem
803 1708 865 1743 justi
881 1706 974 1733 ﬁducia
990 1704 1028 1731 fe-

237 1775 328 1797 rarum
348 1770 469 1794 naturam
490 1761 630 1792 frenabat,
647 1764 695 1785 nec
707 1755 811 1783 sinebat
824 1757 852 1780 ut
866 1755 976 1787 agerent
997 1757 1026 1777 ea

237 1822 298 1851 quae
312 1813 373 1841 ferre
387 1811 483 1838 solent.
497 1807 580 1836 Simili
596 1805 674 1832 tnodo
685 1803 765 1831 etiam
779 1799 901 1835 egregius
913 1798 957 1825 illc
971 1803 1028 1823 ma—

238 1847 290 1896 ιξῐια
311 1857 436 1887 facilitate
455 1855 570 1883 ferarum
592 1850 692 1880 ferebat
713 1847 882 1878 convictum,
898 1849 924 1872 ct
945 1849 1030 1877 neqtte

239 1887 290 1934 loci
303 1903 430 1939 angustia,
443 1907 530 1935 neque
540 1896 668 1932 temporis
675 1893 855 1924 diuturnitate,
864 1897 949 1925 neque
961 1887 1030 1923 quod

240 1952 280 1981 sic
295 1950 411 1979 inclusus
424 1951 495 1975 esset
513 1951 541 1972 ut
556 1950 645 1971 aerem
661 1941 793 1975 respirare
813 1946 864 1965 non
879 1940 966 1971 posset
980 1954 988 1967 ,
1004 1934 1031 1960 in

241 2003 375 2032 torporem
389 2000 416 2022 et
427 1999 551 2021 nauseam
564 1991 620 2026 ipse
633 1986 821 2022 conjiciebatur
831 1994 837 2012 :
849 1983 894 2011 sed
906 1982 940 2010 ob
954 1981 1032 2008 (idem

242 2045 269 2071 in
285 2043 366 2070 Deum
380 2040 468 2068 omnia
481 2037 530 2073 ipsi
546 2035 633 2063 facilia
648 2033 806 2060 videbantur
817 2051 824 2064 ,
842 2034 869 2057 et
889 2028 929 2055 sic
941 2033 1030 2054 versa-

242 2089 319 2117 batur
330 2089 356 2115 in
372 2091 441 2114 tetro
456 2084 501 2111 illo
513 2089 631 2113 carcere,
643 2081 711 2107 sicut
723 2086 771 2106 nos
782 2079 808 2104 in
820 2076 901 2111 pratis
914 2078 941 2101 et
956 2073 1032 2100 lucis.

244 2137 408 2169 Pra-ceptum
427 2131 497 2159 enim
513 2127 617 2157 Domini
634 2124 782 2157 efficiebat,
803 2127 831 2150 ut
845 2120 961 2149 difﬁcilia
983 2117 1032 2153 ip~i

243 2167 513 2210 faciliarviderenlur.
527 2174 599 2202 Talis
616 2172 686 2200 enitn
702 2171 832 2206 iustorum
856 2174 913 2193 mos
926 2169 986 2193 est.
1008 2167 1036 2190 ut

244 2227 351 2264 quando
362 2223 460 2260 aliquid
473 2226 578 2258 propter
590 2220 672 2247 Deutn
687 2218 832 2253 patiuntur,
847 2221 898 2241 non
910 2219 953 2240 rcs
965 2211 1035 2246 ipsas

244 2283 304 2310 qua:
317 2274 382 2301 fiunt
395 2273 514 2306 spectent
527 2289 534 2301 ,
550 2267 596 2295 sed
610 2272 716 2293 causam
732 2268 821 2290 secum
835 2258 1016 2294 expendentes
1027 2277 1034 2288 ,

246 2303 323 2348 facile
336 2303 423 2346 omnia
438 2317 532 2343 ferant.
543 2309 759 2347 Quandoquidem
771 2312 796 2335 et
806 2306 910 2338 Paulus,
919 2303 1036 2338 gentium

249 2366 350 2396 doctor,
359 2361 474 2394 vincula,
486 2360 519 2387 ad
528 2357 670 2386 tribunalia
684 2353 867 2383 abductiones,
883 2348 1037 2385 quotidiana

248 2409 364 2445 pericula
378 2429 385 2440 ,
409 2406 506 2434 inultas
526 2404 586 2432 illas
606 2406 634 2430 ct
656 2398 838 2428 intolerabiles
861 2395 1017 2423 afﬂictiones
1029 2413 1036 2424 ,

249 2457 319 2484 leves
332 2453 443 2482 vocabat
456 2460 464 2485 ;
478 2459 529 2478 non
541 2448 609 2484 quod
625 2452 718 2475 natura
731 2445 798 2473 tales
807 2447 906 2477 essent,
918 2441 964 2469 sed
978 2440 1039 2475 quia

249 2509 338 2534 causa,
353 2503 460 2535 propter
473 2504 550 2533 quam
566 2494 739 2524 accidebant,
754 2491 831 2518 talem
845 2490 868 2517 ei
881 2487 1038 2517 sententiam

249 2534 420 2582 ingenerabat
430 2564 437 2576 ,
453 2549 481 2571 ut
495 2550 580 2576 neque
594 2540 761 2572 adverteret,
777 2537 797 2564 si
812 2543 863 2571 qua
874 2535 962 2570 gravia
979 2534 1039 2560 talia

250 2581 416 2619 obvenit-ent.
431 2588 499 2616 Audi
513 2587 584 2615 enini
599 2585 672 2612 illum
682 2584 814 2611 dicentem
827 2590 834 2608 :
847 2581 915 2607 Nam
927 2586 1039 2605 momen-

251 2643 324 2664 tanea
333 2636 418 2663 lenitas
428 2632 567 2669 aﬂlictionis
584 2635 685 2663 nostrai,
696 2629 758 2656 mire
768 2635 847 2662 supra
855 2625 957 2652 modum
967 2628 1041 2651 teter-

253 2691 311 2711 num
326 2682 424 2718 pondus
438 2680 526 2716 gloria
543 2682 660 2714 operatur
675 2677 701 2703 in
715 2675 785 2702 nobis
802 2673 848 2708 (2.
861 2672 919 2700 Cor.
935 2672 960 2698 4.
978 2669 1041 2705 l7).

251 2728 433 2764 Exspectatio,
449 2725 541 2760 inquit,
556 2723 647 2759 gloria:
658 2729 735 2757 quam
747 2725 928 2753 assequemur,
943 2720 971 2743 et
983 2723 1042 2750 per<

257 2761 339 2810 petua:
354 2773 425 2801 illius
433 2770 566 2799 felicitatis
579 2769 606 2796 id
619 2768 672 2802 agit
685 2771 712 2794 ut
725 2765 816 2793 leviter
829 2766 944 2790 teramus
958 2761 1043 2789 conti-

254 2827 323 2847 nuas
333 2819 390 2846 illas
403 2816 570 2850 afﬂictiones,
583 2814 704 2848 levesque
715 2811 773 2840 illas
784 2809 937 2838 habeamus.
951 2806 1043 2834 Vidisti

794 98 871 126 CAP.
893 97 948 124 νη.
969 96 1090 124 GENES.
1112 96 1226 123 IlOMlL.
1249 95 1333 122 XXV.

1798 92 1848 120 226

1060 151 1192 186 quomodo
1211 158 1285 178 amor
1300 151 1326 178 in
1340 151 1422 178 Deum
1434 154 1589 186 gravantem
1603 148 1784 176 molestiarum
1797 149 1848 176 im-

1059 197 1167 230 minuit,
1183 204 1268 232 neque
1287 197 1350 224 sinit
1365 201 1393 224 ut
1407 196 1460 223 ullo
1475 204 1566 223 earum
1585 203 1665 223 sensu
1679 195 1826 223 sﬂiciamur
1839 196 1849 222 ?

1064 243 1135 270 Sane
1150 243 1185 270 ob
1200 243 1251 270 hoc
1271 248 1297 270 et
1315 243 1407 270 beatus
1429 243 1473 270 ille
1491 243 1580 269 omnia
1600 242 1717 270 suaviter
1730 241 1848 273 ferebat.

1061 293 1152 323 utpote
1164 289 1208 323 qui
1222 287 1273 315 lidc
1284 292 1311 315 et
1321 295 1368 322 spe
1382 288 1407 315 in
1422 288 1505 315 Deutn
1522 288 1687 322 pascebatur.
1704 287 1737 314 Et
1748 287 1850 319 clausit,

1062 334 1154 370 inquit,
1167 334 1290 361 Dominus
1298 333 1367 360 Deus
1375 333 1470 368 deforis
1480 333 1547 359 illius
1557 340 1652 359 atrum.
1663 333 1705 359 l7.
1713 331 1748 358 Et
1758 334 1851 368 {actum

1062 385 1098 413 est
1111 380 1234 407 diluvium
1246 380 1415 416 quadraginta
1427 379 1512 406 diebus
1522 383 1546 405 et
1556 378 1723 414 quadraginta
1737 378 1850 404 noctibus

1062 433 1138 461 super
1156 429 1250 453 terram
1262 433 1271 451 :
1284 429 1307 452 et
1319 424 1522 460 superfcrebatur
1535 431 1606 450 αντα.
1624 422 1737 450 Attende
1760 422 1853 450 iterum

1063 471 1196 506 quomodo
1210 472 1361 498 narratione
1385 473 1480 505 augeat
1504 474 1632 497 terrorem
1645 489 1653 501 ,
1678 472 1706 495 et
1727 472 1852 502 aggravet

1064 517 1172 543 factum.
1187 515 1293 542 Factum
1303 521 1338 543 est
1349 516 1430 547 enim,
1447 515 1541 550 inquit,
1553 514 1674 541 diluvium
1689 513 1856 548 quadraginta

1063 562 1150 588 diebus
1164 567 1188 588 et
1203 561 1370 596 quadraginta
1384 560 1495 587 noctibus
1505 581 1512 593 ,
1524 559 1682 594 muliplicala
1696 563 1731 585 est
1743 566 1819 593 aqua,
1832 563 1854 584 et

1064 606 1166 633 elevavit
1185 613 1286 638 arcam,
1300 610 1322 632 et
1337 605 1447 632 exultuta
1463 610 1499 632 est
1516 613 1532 631 α
1546 610 1623 632 terra.
1645 605 1688 631 i8.
1703 603 1736 630 Et
1751 603 1855 630 invaluit

1065 659 1139 686 aqua,
1154 657 1177 678 et
1191 651 1359 686 multiplicata
1373 655 1407 678 est
1418 650 1489 677 valde
1500 658 1575 684 super
1591 654 1694 682 terram,
1710 653 1732 675 et
1746 649 1854 684 superfe-

1064 697 1165 723 rebatur
1178 704 1238 723 arca
1251 704 1326 731 super
1337 704 1441 731 aquam;
1464 695 1507 723 l9.
1520 703 1586 730 aqua
1599 701 1683 722 autem
1692 693 1856 721 invalembat

1066 740 1139 769 valde
1158 741 1312 768 vehementer
1325 749 1400 775 super
1413 745 1516 767 terram.

1105 787 1132 814 6.
1154 787 1220 814 Vide
1235 786 1369 822 quomodo
1379 786 1519 821 diligenter
1533 788 1624 812 narrat
1637 792 1759 819 magnam
1774 791 1843 819 aqua

1067 840 1126 860 rttm
1139 833 1203 865 vim,
1217 836 1244 859 et
1256 831 1438 866 quotidianum
1451 830 1642 858 exundantium
1657 830 1760 856 illarutn
1774 829 1860 856 incre-

1067 882 1196 905 mentum.
1212 877 1383 904 Invalescebat
1396 877 1466 904 enim
1488 884 1554 911 aqua
1565 896 1573 910 ,
1585 875 1685 911 inquit,
1701 875 1773 902 ualde
1791 875 1862 902 velte.

1068 928 1162 950 menter
1176 931 1185 950 :
1199 928 1221 950 et
1234 923 1364 958 occupavit
1377 930 1462 949 omnes
1475 927 1570 948 montes
1584 921 1712 955 excelsos,
1735 921 1779 956 qui
1791 924 1862 947 erant

1070 969 1115 996 sub
1128 968 1201 996 calo.
1218 968 1263 996 20.
1278 968 1426 1001 Quindecim
1439 967 1528 994 cubitis
1541 967 1567 993 in
1579 966 1686 993 sublime
1699 966 1811 993 exaltata
1825 971 1863 993 est

1068 1023 1142 1050 aqua,
1159 1020 1182 1042 et
1200 1015 1298 1049 operuit
1314 1021 1400 1041 omnes
1414 1018 1518 1040 montes.
1534 1012 1628 1040 Merito
1643 1011 1776 1039 ordinavit
1788 1011 1862 1038 beni-

1068 1069 1138 1096 gnus
1149 1061 1276 1088 Dominus
1287 1059 1373 1087 claudi
1389 1066 1488 1092 arcam,
1504 1063 1530 1085 ut
1544 1066 1577 1086 ne
1591 1057 1692 1085 videret
1702 1057 1790 1092 justus
1804 1065 1864 1092 qua:

1071 1107 1178 1134 fiebant.
1201 1106 1268 1133 Nam
1289 1106 1311 1133 si
1326 1113 1376 1133 nos
1389 1109 1449 1140 post
1466 1109 1503 1132 tot
1516 1110 1645 1131 annorum
1660 1111 1799 1131 numerum
1810 1123 1818 1135 ,
1839 1107 1866 1130 et

1073 1157 1134 1187 post
1147 1157 1185 1179 tot
1198 1151 1295 1178 smcula
1311 1150 1453 1178 audientes
1467 1149 1605 1177 dumtaxat
1618 1148 1762 1183 Scriptum
1776 1155 1866 1175 nan'a-

1072 1198 1171 1224 tionem
1187 1202 1260 1224 metu
1280 1201 1306 1224 et
1319 1201 1428 1230 stupore
1450 1194 1610 1228 corripimur
1626 1202 1633 1221 :
1648 1193 1711 1228 quid
1724 1192 1867 1220 verisimile

1072 1248 1113 1271 est
1123 1243 1224 1278 justum
1245 1242 1317 1269 illutn
1341 1241 1423 1268 fuisse
1442 1247 1581 1275 passurum
1596 1258 1604 1272 ,
1617 1239 1640 1266 si
1661 1237 1769 1273 quidem
1784 1236 1868 1264 oculis

1073 1289 1182 1317 vidisset
1194 1287 1389 1316 intolerabilem
1403 1287 1473 1313 illam
1486 1284 1633 1321 abyssum?
1645 1283 1785 1318 Quomodo
1797 1284 1868 1310 enini

1073 1335 1202 1371 potuisset
1216 1334 1257 1361 vel
1268 1333 1302 1360 ad
1314 1333 1395 1360 breve
1409 1336 1511 1366 tempus
1522 1330 1665 1358 resistere?
1679 1336 1768 1356 annon
1781 1328 1868 1356 statim

1075 1382 1160 1417 primo
1181 1384 1289 1415 aspectu
1309 1378 1450 1406 defecisset
1473 1377 1561 1404 anima
1587 1376 1656 1404 illius
1679 1379 1754 1409 tota,
1777 1378 1804 1402 et
1818 1378 1869 1401 tam

1074 1434 1156 1462 grave
1177 1433 1209 1453 ac
1230 1425 1371 1453 molestum
1393 1423 1574 1458 spectaculum
1589 1421 1658 1449 ferre
1673 1421 1740 1448 ultra
1753 1426 1806 1446 non
1826 1426 1872 1453 po-

1076 1473 1169 1500 tuisset
1178 1472 1189 1498 ?
1199 1471 1291 1506 Cogita
1307 1476 1422 1504 namque
1435 1468 1477 1495 hic
1488 1488 1495 1502 ,
1518 1467 1613 1494 dilecte
1625 1487 1633 1500 ,
1657 1464 1790 1501 quomodo
1803 1471 1872 1491 nunc

1076 1525 1136 1545 cunt
1151 1524 1247 1552 parvus
1271 1515 1357 1543 imber
1371 1514 1488 1549 ingruit,
1503 1513 1530 1540 itt
1544 1519 1644 1547 angore
1658 1519 1750 1539 sumus
1765 1531 1772 1544 ,
1787 1515 1812 1537 et
1835 1509 1869 1537 de

1079 1564 1220 1596 universo,
1235 1561 1321 1597 deque
1334 1561 1390 1596 ipsa
1410 1558 1606 1595 quodammodo
1617 1558 1668 1585 vita
1686 1557 1868 1591 desperamus.

1078 1609 1146 1644 Quid
1166 1609 1244 1644 igitur
1257 1607 1402 1636 verisimile
1421 1611 1480 1634 erat
1497 1606 1598 1641 justum
1614 1605 1687 1631 illum
1708 1608 1769 1631 tunc
1792 1602 1874 1630 fuisse

1079 1662 1229 1690 passurum,
1241 1654 1263 1681 si
1274 1653 1307 1680 ad
1319 1657 1417 1680 tantam
1427 1651 1617 1679 sublitnitatem
1628 1649 1738 1677 vidisset
1748 1648 1874 1676 exaltatas

1080 1707 1163 1734 aquas
1175 1699 1186 1726 ‘2
1198 1698 1284 1733 Super
1296 1701 1392 1724 utentes
1405 1697 1476 1724 enim
1486 1716 1493 1729 ,
1511 1695 1610 1730 inquit,
1624 1693 1767 1729 quindecim
1786 1692 1874 1719 cubitis

1080 1745 1190 1772 exultata
1203 1748 1238 1771 est
1251 1751 1326 1778 aqua.
1342 1741 1492 1769 Recordare
1504 1741 1582 1775 igitur
1598 1739 1640 1767 hic
1651 1760 1658 1772 ,
1673 1739 1771 1766 dilecte
1782 1758 1790 1770 ,
1814 1745 1873 1764 ver-

1081 1790 1174 1818 borum
1188 1788 1304 1822 Domini,
1318 1787 1424 1823 quando
1437 1786 1543 1814 dicebat
1555 1794 1561 1812 :
1579 1784 1639 1812 Non
1648 1783 1801 1820 permanebit
1814 1782 1876 1817 Spir

1081 1837 1144 1864 ritus
1155 1844 1225 1864 meus
1239 1836 1265 1862 in
1279 1833 1419 1861 hominibus
1434 1833 1488 1860 istis
1499 1853 1505 1865 ,
1521 1840 1550 1859 eo
1569 1831 1636 1866 quod
1652 1831 1701 1866 ipsi
1713 1834 1770 1856 sunt
1789 1837 1876 1855 carnes

1085 1883 1169 1920 (Gen.
1186 1883 1212 1910 6.
1224 1883 1241 1909 5
1253 1882 1262 1917 )
1276 1885 1321 1914 ;ct
1335 1881 1430 1907 iterum
1443 1889 1450 1906 :
1465 1878 1589 1913 Corrupto
1604 1882 1640 1905 est
1651 1881 1727 1909 terra,
1738 1880 1761 1903 et
1775 1875 1877 1908 impleta

1083 1934 1120 1957 est
1142 1934 1209 1956 terra
1227 1927 1351 1963 injustitia
1367 1925 1456 1961 (Ibid.
1479 1932 1501 1952 υ.
1521 1925 1583 1959 ll);
1598 1927 1625 1950 et
1637 1943 1645 1957 ,
1664 1922 1732 1950 Vidit
1753 1921 1876 1948 Dominus

1085 1980 1176 2003 terram
1187 1995 1195 2008 ,
1209 1978 1232 2001 et
1244 1979 1298 2001 erat
1319 1976 1438 2007 corrupta
1454 1979 1464 1998 :
1483 1971 1541 2006 quia
1556 1973 1703 2004 corruperat
1717 1967 1798 1995 omnis
1818 1975 1878 1994 caro

1085 2023 1150 2049 uiam
1165 2029 1237 2049 suam
1256 2021 1265 2056 (
1281 2019 1350 2046 Ibid.
1370 2027 1395 2045 υ.
1419 2017 1453 2046 12
1467 2016 1488 2053 ).
1514 2017 1605 2050 itaque
1622 2016 1682 2050 quia
1698 2013 1830 2042 communi
1852 2017 1879 2040 et

1087 2068 1187 2102 integra
1201 2065 1384 2101 puriﬁcatione
1397 2063 1470 2091 orbis
1484 2061 1634 2096 indigebat,
1650 2063 1677 2087 et
1690 2065 1758 2094 opus
1768 2063 1826 2087 erat
1845 2058 1880 2085 ab

1086 2122 1118 2143 eo
1129 2121 1234 2142 omnem
1245 2111 1375 2139 maculam
1388 2109 1470 2143 ablui,
1482 2112 1509 2136 et
1519 2114 1599 2135 ontne
1612 2107 1769 2134 fermentum
1784 2104 1880 2139 prioris

1088 2160 1194 2189 malitia:
1208 2158 1323 2190 sustolli,
1337 2161 1364 2185 et
1383 2163 1470 2191 neque
1481 2153 1619 2189 vestigium
1635 2151 1741 2179 malitia:
1753 2150 1879 2185 relinqui,

1088 2207 1135 2235 sed
1149 2206 1223 2241 quasi
1237 2205 1429 2232 elementoruttt
1444 2200 1642 2228 rcnovationem
1652 2197 1793 2233 quamdam
1803 2195 1877 2223 ﬁeri:

1088 2253 1157 2280 sicut
1169 2251 1254 2279 bontts
1266 2249 1371 2282 artifex,
1387 2248 1409 2276 si
1424 2246 1530 2282 quando
1542 2244 1612 2272 videt
1628 2251 1674 2271 vas
1688 2242 1794 2277 aliquod
1808 2243 1882 2269 inve-

1090 2301 1204 2326 teratum
1215 2303 1229 2323 a
1238 2295 1359 2331 rubigine
1368 2292 1443 2328 quasi
1454 2291 1583 2323 consumi,
1597 2289 1693 2324 injecto
1704 2295 1736 2316 eo
1747 2288 1772 2314 in
1782 2288 1878 2322 ignem,

1091 2345 1116 2372 id
1128 2349 1198 2371 curat
1213 2348 1239 2370 ut
1249 2341 1374 2377 quidquid
1389 2339 1468 2366 habet
1483 2337 1610 2371 rubiginis
1622 2336 1747 2370 deponat,
1757 2338 1784 2361 et
1795 2339 1879 2360 trans-

1091 2391 1233 2418 formatum
1249 2389 1274 2415 itt
1291 2387 1428 2422 pristinum
1444 2385 1566 2412 decorem
1583 2382 1692 2409 reducat
1712 2389 1718 2407 :
1738 2380 1774 2407 ita
1789 2384 1816 2406 et
1833 2380 1880 2405 Do-

1091 2437 1179 2464 minus
1191 2438 1282 2462 noster
1295 2437 1379 2459 totum
1392 2432 1483 2458 orbem
1497 2429 1546 2456 hoc
1559 2427 1658 2455 diluvio
1672 2426 1808 2460 purgavit,
1823 2429 1849 2451 et
1864 2432 1878 2450 a

1092 2482 1190 2510 malitia
1202 2479 1350 2510 hominum,
1365 2481 1394 2504 ut
1408 2476 1443 2503 ita
1456 2475 1552 2505 dicam,
1566 2477 1593 2500 et
1608 2480 1621 2499 a
1632 2470 1847 2506 coinquinationc
1857 2473 1884 2496 ct

1092 2526 1262 2561 corruptione
1272 2523 1352 2551 multa
1364 2520 1495 2553 liberavit,
1507 2524 1534 2547 et
1544 2519 1630 2546 denuo
1641 2517 1698 2552 ejus
1709 2516 1830 2543 restituta
1846 2514 1883 2541 fa—

1092 2574 1143 2607 cie,
1153 2570 1331 2608 pulchriorem
1346 2567 1417 2599 fecit,
1430 2567 1465 2593 ita
1479 2569 1507 2591 ut
1521 2571 1573 2591 non
1585 2562 1735 2598 permiserit
1745 2560 1786 2587 vel
1802 2560 1884 2587 vcsti-

1092 2606 1163 2655 gimn
1180 2616 1274 2652 prioris
1283 2611 1457 2642 deformitatis
1466 2609 1588 2645 relinqui.
1602 2608 1722 2636 Exaltuta
1731 2611 1775 2640 est,
1791 2606 1884 2641 inquit,

1093 2672 1168 2700 super
1179 2666 1273 2690 montes
1282 2659 1423 2695 quindecim
1436 2656 1525 2683 cubitis
1539 2663 1613 2690 aqua.
1626 2654 1682 2681 Non
1696 2653 1744 2680 abs
1754 2660 1783 2680 re
1798 2656 1887 2679 narrat

1096 2712 1152 2738 haec
1167 2708 1301 2742 Scriptura
1313 2726 1321 2739 ,
1335 2704 1381 2733 sed
1396 2708 1423 2731 ut
1434 2703 1566 2730 discamus
1583 2709 1636 2728 nou
1655 2700 1741 2728 solum
1755 2699 1886 2729 homines.

1093 2758 1212 2792 iumenta
1221 2775 1228 2786 ,
1242 2750 1439 2788 quadrupedes,
1453 2748 1558 2783 reptilia
1571 2747 1708 2775 submersa
1723 2745 1804 2772 fuisse
1816 2764 1824 2776 ,
1839 2743 1886 2771 sed

1098 2787 1123 2831 et
1134 2787 1258 2830 volucres
1263 2799 1332 2833 caeli,
1345 2802 1371 2826 ct
1381 2802 1554 2832 quascumque
1565 2794 1591 2822 itt
1604 2792 1737 2822 utentibus
1745 2787 1888 2824 degebant,
