2058 3123
189 90 238 118 2‘27

185 148 255 175 feras
268 146 338 179 dico,
352 150 380 173 et
389 146 439 173 alia
450 146 525 173 bruta
538 148 671 174 animalia.
683 147 784 175 Idcirco
798 147 882 175 dicit:
895 145 975 174 Eul—

187 198 239 219 tam
251 195 288 218 est
298 199 374 226 super
383 196 480 218 montes
490 192 630 227 quindecim
643 193 731 220 cubitis
745 201 810 227 aqua
824 200 833 219 :
847 197 876 220 ut
887 192 976 220 dissos

183 237 342 264 sententiam
360 236 466 264 Domini
485 244 567 272 opere
585 239 739 273 implelatn;
759 239 863 266 dixerat
882 239 974 266 enim:

183 281 272 309 Adhuc
285 285 379 317 septem
391 281 444 308 dies
455 304 463 317 ,
479 288 502 310 et
515 284 631 310 inducam
642 284 763 310 diluvium
776 291 850 319 super
864 288 956 310 terram
966 303 973 315 ,

183 337 206 358 et
222 331 308 358 delebo
318 339 417 359 omnem
430 329 604 362 substantiam,
619 337 694 363 quam
707 329 769 364 feci,
784 337 799 355 α
811 329 874 362 facie
885 333 973 362 teme,

181 376 213 403 ab
226 376 327 404 homine
337 385 415 412 usque
428 377 462 403 ad
473 383 558 411 pecus,
570 379 593 401 et
606 383 622 400 a
632 374 762 409 reptilibus
772 382 850 409 usque
858 374 892 400 ad
903 374 973 401 vola-

183 423 238 449 tilia
248 423 322 459 εωιί(
335 423 398 451 Gen.
414 424 440 451 7.
455 423 471 450 4
481 422 503 457 ).
519 421 582 449 Hmc
597 421 672 448 nobis
685 428 699 447 a
712 420 849 455 Scriptura
863 426 973 447 narran-

183 474 225 495 tnr
235 489 244 501 .
260 476 313 496 non
327 473 428 496 Lautum
444 472 473 495 ut
491 468 606 495 sciamus
621 466 648 494 in
662 471 787 502 quantam
807 465 973 493 altitudinem

180 521 257 549 aqua:
270 514 438 549 pervenerint
450 523 456 541 :
469 513 516 542 sed
527 518 556 540 ut
568 512 646 540 simul
657 512 793 539 videamus
803 511 903 539 nullum
914 518 973 538 om-

182 560 246 588 nino
259 560 368 594 animal,
386 560 425 588 vel
439 560 533 592 feram,
546 559 586 586 vel
601 558 749 595 jumentum
763 558 884 585 relictum
895 564 954 585 esse
963 577 971 590 ,

181 605 227 633 sed
241 605 328 633 omnia
341 613 401 633 enm
413 605 530 633 humano
545 612 643 640 genere
654 604 753 632 deleta.
767 603 896 637 Quoniam
909 611 973 639 pro-

181 656 240 686 pter
250 652 335 687 ipsum
346 653 435 679 omnia
448 651 573 687 producta
589 655 674 683 erant,
687 650 747 678 inde
756 650 888 678 abolendo
899 657 971 685 eum,

183 698 278 725 merito
291 702 317 725 et
335 697 392 725 hree
406 696 537 725 abolenda
552 701 637 723 erant.
653 696 746 723 Postea
763 695 805 722 ubi
820 695 909 722 docuit
923 703 972 724 nos

180 743 207 769 in
222 748 347 777 quantam
369 742 535 770 altitudinem
550 741 698 769 acereverit
714 748 842 775 aquarum
862 746 970 776 natura,

180 795 275 822 nempe
286 787 355 822 quod
366 787 416 814 alta
429 787 559 814 montium
569 786 705 814 cacumina
717 786 867 821 quindecim
877 786 972 814 cubitis

181 829 387 862 transcenderit,
395 829 501 857 solitam
508 830 757 867 suamdiligentiam
767 838 876 859 servans
887 831 951 859 dicit
962 841 969 859 :

178 877 223 904 2|.
246 876 280 903 Et
297 881 396 904 mortua
415 877 542 905 estomm'r
562 884 621 903 caro
633 897 640 909 ,
653 884 708 910 qua:
731 876 875 903 movebatur
897 885 972 912 super

180 928 283 956 terram,
298 923 438 950 volatilium
449 943 456 956 ,
467 927 490 948 et
500 922 684 956 jumentorum,
698 926 722 948 et
742 923 853 957 ferarum
865 926 889 948 et
898 929 972 950 omne

179 970 268 1004 reptile
285 969 353 1004 quod
371 968 513 995 movebatur
525 975 601 1002 super
611 971 703 994 terram
715 987 722 999 ,
739 971 762 994 et
774 967 855 994 omnis
876 966 950 993 homo
961 987 970 1001 ,

178 1014 222 1042 22.
234 1019 256 1041 et
266 1015 351 1041 omnia
360 1021 417 1048 qute
425 1014 515 1040 habent
525 1013 642 1047 spiritum
653 1012 718 1045 vitae,
727 1017 750 1038 et
761 1013 910 1047 quicumque
919 1016 971 1039 erat

181 1068 258 1095 super
274 1059 390 1092 aridam,
412 1063 524 1086 mortuus
538 1063 584 1085 est.
602 1057 693 1092 Neque
706 1057 756 1084 hoc
769 1057 927 1092 simpliciter
945 1061 972 1085 et

177 1105 276 1141 absque
289 1112 368 1133 causa
383 1104 449 1132 dixit
463 1113 471 1132 :
486 1103 520 1131 Et
535 1103 616 1130 omnis
630 1103 672 1138 qui
692 1107 745 1130 erat
759 1111 836 1137 super
849 1103 948 1130 aridam
961 1111 971 1130 :

177 1151 224 1179 sed
237 1155 266 1178 ut
278 1155 303 1179 te
316 1150 411 1178 doceat
420 1157 512 1177 omnes
522 1149 628 1184 quidem
639 1149 760 1183 periisse,
768 1149 868 1183 justum
883 1153 971 1177 autem

177 1197 263 1224 solum
281 1204 342 1224 cum
361 1196 484 1224 omnibus
505 1196 537 1223 iis
551 1196 596 1231 qui
617 1196 643 1223 in
658 1203 718 1222 area
740 1200 816 1223 erant
838 1200 971 1223 servatum

180 1250 250 1270 esse.
272 1242 338 1270 Nam
353 1242 396 1269 isti
411 1241 555 1270 secundum
576 1240 727 1268 mandatum
744 1240 865 1274 Domini,
880 1241 972 1268 relicta

177 1289 263 1322 arida,
277 1296 367 1316 arcam
381 1287 602 1316 conscenderant.
614 1287 658 1314 25.
676 1286 709 1313 Et
727 1286 814 1313 delevit
829 1295 902 1313 omne
914 1295 971 1313 sur-

177 1343 238 1370 gens
256 1335 322 1370 quod
334 1339 388 1361 erat
407 1341 482 1369 super
494 1333 584 1368 faciem
609 1331 690 1359 omnis
711 1337 783 1358 terra
794 1352 802 1364 ,
824 1331 855 1358 ab
873 1332 973 1358 homine

177 1387 253 1414 usque
262 1379 298 1406 ad
306 1387 390 1414 pecus,
402 1384 424 1406 et
435 1378 544 1413 reptili‘a,
554 1382 577 1405 et
588 1376 700 1404 volatilia
710 1376 777 1410 ca'li,
788 1381 811 1403 et
822 1376 903 1404 deleta
912 1381 971 1404 sunt

179 1427 216 1453 de.
225 1431 303 1453 terra.
317 1424 383 1453 Vide
397 1424 530 1460 quomodo
541 1424 566 1452 et
580 1423 662 1451 semel
676 1427 704 1450 et
718 1423 814 1450 iterum
828 1427 907 1457 atque
917 1430 969 1450 sae-

179 1472 236 1507 pius
257 1478 425 1499 communem
447 1470 565 1497 omnium
587 1469 722 1496 interitum
743 1468 837 1496 doceat
857 1467 971 1501 factum,

177 1521 206 1544 et
217 1516 287 1551 quod
303 1515 367 1543 nihil
382 1514 526 1542 viventium
539 1513 678 1548 etfugorit,
694 1512 740 1540 sed
756 1512 805 1540 sub
819 1513 895 1547 aquis
917 1512 972 1540 suf-

179 1562 292 1589 focatum
301 1562 336 1588 sit
342 1568 420 1588 omne
430 1565 483 1587 tam
491 1559 639 1591 hominum,
646 1565 724 1594 quam
734 1558 871 1585 brutorum
878 1565 970 1593 genus.

179 1607 212 1636 Et
222 1608 322 1634 relictus
332 1611 377 1640 est,
391 1598 485 1641 inquit,
498 1605 566 1632 solus
580 1604 647 1637 Noe,
660 1609 682 1631 et
693 1604 736 1638 qui
746 1611 802 1630 cum
812 1603 857 1630 illo
866 1604 891 1630 in
901 1612 970 1630 arca.

178 1655 223 1682 24.
240 1653 275 1680 Et
287 1652 398 1681 exaltata
415 1657 450 1679 est
465 1659 531 1686 aqua
543 1659 620 1686 super
631 1655 723 1677 (errant
736 1654 834 1676 centum
848 1650 973 1684 quinqua-

178 1700 249 1734 ginta
262 1697 359 1725 diebus.
373 1697 424 1725 Tot
437 1697 532 1724 diebus
543 1716 550 1728 ,
565 1696 667 1730 inquit,
681 1694 784 1722 mansit
797 1694 917 1721 sublimis
931 1694 973 1722 illa

178 1751 306 1780 aquarum
319 1743 441 1770 altitudo.
458 1742 554 1770 lterum
579 1741 658 1768 ctiam
675 1740 718 1767 hic
736 1741 821 1775 cogita
832 1739 896 1774 justi
914 1747 973 1766 ma-

177 1790 382 1826 gnanimitatem
398 1793 424 1816 et
441 1787 616 1815 excellentem
631 1786 823 1813 fortitudinem.
837 1785 904 1818 Quid
920 1793 973 1813 non

181 1843 276 1871 passus
289 1839 330 1862 est
343 1835 432 1862 animo
443 1833 596 1868 concipiens
607 1853 615 1865 ,
631 1839 663 1859 ac
676 1831 869 1866 propemodum
885 1835 973 1859 mente

179 1881 271 1909 videns
284 1888 397 1915 corpora
413 1880 548 1906 hominum
563 1883 590 1906 et
600 1878 793 1913 iumentorum,
812 1877 972 1905 mundorum

179 1932 205 1954 et
219 1926 415 1954 itnmundorum
426 1946 434 1959 ,
445 1931 612 1952 communem
626 1928 739 1951 mortem
753 1923 909 1950 sustinentia
919 1943 927 1956 ,
942 1928 970 1951 et

180 1972 262 1999 simul
272 1971 415 1999 commixta
428 1990 435 2003 ,
452 1970 608 2004 nullumque
631 1969 656 1996 in
671 1968 795 1995 omnibus
808 1968 972 1996 discrimen?

181 2018 324 2050 Praeterea,
336 2017 398 2052 quid
411 2023 504 2052 passus
515 2020 565 2048 est,
577 2015 683 2050 quando
695 2014 764 2049 apud
775 2021 804 2042 se
813 2013 974 2048 recogitabat

180 2062 360 2095 solitudinem,
372 2061 619 2094 vastitatem,vitam
629 2060 700 2087 illam
711 2059 846 2086 doloribus
857 2059 972 2093 plenam,

180 2109 252 2136 omni
258 2107 473 2142 solatioundique
478 2106 640 2137 deStitutam,
648 2112 733 2139 neque
739 2104 882 2138 colloquio,
888 2111 974 2139 neque

181 2158 289 2189 aspectu
300 2153 443 2187 jucundam
456 2159 531 2179 :eum
547 2159 600 2178 non
615 2151 693 2185 plane
707 2150 786 2177 sciret
795 2154 894 2184 quanto
905 2153 973 2177 tem-

182 2207 246 2235 pore
255 2198 363 2226 ferenda
374 2201 444 2225 esset
461 2197 505 2224 illa
519 2197 545 2223 in
562 2203 668 2223 carcere
681 2195 749 2222 vita?
763 2194 893 2227 Quamditt
903 2195 974 2222 enim

182 2245 308 2280 strepitus
319 2250 456 2278 aquarum,
465 2247 492 2270 et
499 2246 580 2269 aestus
591 2245 678 2274 erant,
690 2241 810 2271 timorem
820 2240 845 2266 in
854 2240 900 2267 illo
907 2246 974 2274 quo-

183 2291 246 2319 tidie
258 2294 423 2318 crescentem
441 2287 612 2324 generabant.
638 2285 706 2319 Quid
720 2285 789 2312 enim
805 2284 914 2319 jucundi
926 2292 973 2312 su.-

182 2337 279 2374 spicari
293 2337 350 2372 ipse
363 2339 475 2371 poterat,
487 2334 532 2369 qui
547 2332 653 2360 videbat
666 2336 771 2359 centum
787 2331 973 2365 quinquaginta

182 2384 241 2412 dies
253 2390 335 2418 aquas
346 2384 372 2410 in
382 2381 474 2409 eadem
488 2379 563 2414 copia
576 2382 724 2409 manentes.
739 2381 766 2404 et
776 2377 802 2404 in
817 2377 898 2404 altnm
912 2377 974 2404 sub-

183 2430 249 2456 latas
269 2436 303 2456 ne
323 2427 460 2454 minimum
479 2424 586 2460 quidem
602 2421 762 2450 subsidere?
783 2421 973 2449 Verumtamen

184 2475 286 2502 ferebat
308 2473 413 2501 fortiter
425 2493 433 2505 ,
455 2471 544 2498 sciens
557 2468 662 2497 Domini
684 2468 902 2503 omnipotentiam
915 2488 923 2500 ,
943 2473 972 2496 et

185 2520 271 2555 ipsum
295 2522 388 2553 utpote
409 2516 579 2544 Conditorem
603 2518 704 2541 natum
727 2513 814 2541 omnia
829 2521 877 2548 pro
899 2513 973 2541 libito

185 2566 281 2598 facere,
293 2569 320 2592 ct
334 2563 532 2595 transformare,
544 2567 629 2595 neque
639 2567 709 2595 mgre
723 2559 824 2586 ferebat
839 2559 908 2594 quod
920 2559 972 2587 illic

184 2616 255 2639 esset
277 2609 446 2638 versandum.
470 2607 536 2635 Nam
561 2605 608 2633 Dei
628 2605 712 2640 gratia
736 2604 877 2632 roborabat
902 2604 973 2632 illius

184 2655 357 2686 alacritatem,
369 2658 397 2680 et
409 2652 583 2680 sufﬁcientem
597 2650 732 2686 prathebat
745 2649 952 2677 consolationem
963 2670 972 2683 ,

186 2709 272 2737 neque
284 2699 388 2728 sinebat
408 2699 462 2727 labi
473 2703 589 2726 mentem
602 2717 609 2730 ,
631 2701 659 2724 et
673 2697 790 2731 cogitare
809 2695 908 2730 aliquid
927 2699 973 2722 aut

185 2754 277 2783 parum
292 2746 378 2779 virile,
401 2750 445 2773 aut
457 2745 544 2772 minus
555 2750 723 2779 generosum.
740 2742 805 2776 Quia
817 2742 887 2770 enim
901 2740 972 2775 prius

187 2793 261 2833 quod
275 2800 352 2821 suum
365 2796 422 2820 erat
441 2790 597 2819 adhibuerat
609 2811 616 2824 ,
630 2797 727 2826 nempe
742 2789 845 2817 virtutis
861 2788 971 2822 diligen-

557 90 584 118 S.
605 89 743 119 JOANNIS
754 87 991 118 ςιιιιγεοετοιιι
1016 87 1173 118 ARCHIEP.
1190 89 1456 119 CONSTANTINOP.

1759 95 1814 124 228

1029 145 1110 178 tiam,
1130 145 1239 180 iustitiae
1262 147 1393 183 vigorem,
1416 147 1476 176 ﬁdei
1497 148 1698 183 excellentiam;
1712 148 1813 179 deinde

1027 198 1122 225 magna
1137 199 1197 218 cum
1212 191 1330 220 ubertate
1342 198 1500 228 assequutus
1510 198 1550 221 est
1564 201 1595 221 ea
1607 201 1664 229 qua:
1677 203 1692 222 a
1702 194 1816 223 Domino

1026 236 1279 270 suppeditabantur;
1291 238 1415 265 nimirum
1430 237 1581 273 patientiam
1592 259 1599 271 ,
1613 238 1792 268 fortitudinem
1804 262 1813 275 ,

1026 279 1178 309 facultatem
1200 283 1288 310 omnia
1313 289 1452 311 mansuete
1477 284 1598 317 ferendi,
1615 286 1815 322 sustinendique

1026 332 1095 352 arcae
1105 325 1321 355 inltabilationem
1335 328 1400 355 citra
1412 329 1501 356 damni
1511 330 1740 366 corruptionisque
1751 339 1812 359 εειι⁴

1025 377 1094 404 sum,
1108 366 1193 407 neque
1206 373 1347 401 bestiarum
1359 375 1509 403 convictum
1524 375 1686 404 fastidiendi.

1066 416 1092 443 7.
1112 417 1220 445 Muralis
1231 419 1371 447 uhortatio
1378 429 1388 453 ,'
1399 421 1452 448 sine
1464 428 1573 455 superna
1588 422 1670 456 gratia
1682 422 1745 449 nihil
1756 423 1813 450 boni

1026 468 1100 495 agere
1112 469 1255 496 possumus.
1265 478 1300 483 —
1310 464 1384 492 Illum
1395 465 1473 500 igitur
1483 465 1583 500 justum
1593 487 1601 500 ,
1615 467 1737 500 obsecro,
1750 467 1811 494 imi-

1026 510 1115 534 temur
1132 511 1160 535 et
1179 515 1245 541 nos,
1257 516 1418 545 operamque
1429 510 1533 544 demus,
1546 515 1574 538 ut
1594 511 1734 539 at'l‘eramus
1754 520 1813 547 quae

1026 558 1115 580 nostra
1128 558 1207 587 sunt,
1221 560 1249 582 ut
1269 555 1363 591 dignos
1382 564 1432 584 nos
1445 557 1518 592 ipsos
1541 565 1664 592 paremtts
1681 559 1714 587 iis
1725 567 1785 595 quae
1797 567 1812 586 a

1024 597 1080 627 Deo
1092 598 1198 626 dantur.
1213 600 1277 628 Nam
1297 601 1395 629 ideirco
1407 607 1543 637 exspectat
1554 604 1707 631 occasiones
1720 612 1753 632 ex
1765 613 1814 632 no-

1026 643 1084 679 bis,
1101 649 1132 672 ut
1163 646 1273 674 multam
1296 647 1421 676 exhibeat
1442 649 1639 677 liberalitatem.
1665 650 1755 686 itaque
1778 659 1814 678 ne

1024 695 1134 726 propter
1148 691 1276 720 desidiam
1290 694 1423 728 privemus
1436 703 1485 723 nos
1497 695 1570 723 illius
1579 696 1665 730 donis,
1677 697 1724 724 sed
1738 697 1812 725 festio

1024 744 1118 765 nemus
1131 742 1158 766 et
1170 746 1310 773 urgeamus
1321 760 1330 773 ,
1347 744 1375 767 ut
1389 741 1546 775 principium
1564 742 1793 778 apprehendamus
1803 764 1811 775 ,

1024 788 1052 811 et
1064 784 1133 811 viam
1147 792 1206 820 qua:
1218 785 1252 812 ad
1265 786 1387 813 virtutem
1410 787 1511 814 inducit
1526 796 1534 814 :
1550 793 1579 815 ut
1595 796 1712 823 superno
1731 789 1813 824 atljuti

1023 829 1152 863 subsidio,
1165 831 1246 858 etiam
1256 830 1290 858 ad
1303 831 1384 859 finem
1402 833 1542 867 pervenire
1556 834 1702 862 valeamus.
1720 835 1813 870 Neque

1023 876 1094 904 enim
1102 877 1229 911 possibile
1241 882 1282 905 est
1292 877 1390 905 bonum
1404 879 1512 914 aliquod
1520 888 1568 908 nos
1584 885 1657 909 recte
1669 889 1748 916 agere
1759 890 1811 910 non

1023 920 1129 956 adiutos
1141 929 1256 957 superna
1269 923 1365 957 gratia.
1378 923 1458 958 Igitur
1474 925 1539 952 tales
1552 926 1646 959 simus,
1656 927 1701 961 qui
1714 934 1813 962 appen-

1023 966 1117 995 damus
1129 975 1178 995 nos
1191 968 1217 995 in
1230 975 1305 1003 spem
1316 976 1374 1004 qum
1389 969 1415 997 in
1428 969 1511 998 Deum
1525 975 1577 1005 est,
1586 972 1660 1006 quasi
1674 973 1700 999 in
1714 972 1813 1000 ancho.

1024 1019 1080 1040 ram
1093 1013 1208 1048 aliquam
1223 1018 1305 1041 tutam
1318 1019 1344 1042 et
1357 1014 1495 1050 stabilem,
1510 1021 1538 1043 et
1559 1023 1592 1043 ne
1615 1016 1648 1043 ad
1670 1017 1787 1045 laborem
1803 1018 1814 1035 ί

1023 1057 1128 1085 virtutis
1136 1058 1326 1093 respiciamus,
1341 1059 1387 1086 sed
1400 1059 1598 1088 considerantes
1612 1061 1813 1090 retributionem

1024 1109 1083 1137 quas
1098 1102 1215 1131 laborem
1229 1104 1358 1138 sequitur,
1374 1104 1468 1132 leviter
1480 1105 1568 1133 omnia
1580 1105 1705 1133 feramus.
1722 1107 1812 1142 Siqui—

1024 1147 1084 1175 dem
1099 1148 1257 1183 negotiator,
1271 1149 1293 1176 si
1306 1149 1412 1185 quando
1426 1157 1460 1178 ex
1479 1154 1556 1185 portu
1574 1158 1696 1186 egressus
1715 1152 1741 1179 in
1757 1160 1813 1181 me-

1024 1193 1096 1221 dium
1107 1194 1188 1221 maris
1201 1195 1324 1229 venerit,
1340 1202 1393 1222 non
1401 1195 1456 1230 jam
1469 1196 1568 1231 piratas
1579 1217 1586 1230 ,
1603 1204 1655 1224 non
1668 1197 1812 1233 naufragia,

1024 1246 1076 1267 non
1088 1240 1204 1267 marinas
1213 1240 1325 1275 belluas,
1341 1249 1393 1269 non
1406 1246 1546 1270 ventorum
1560 1242 1695 1276 incursus,
1706 1248 1733 1271 et
1745 1251 1812 1271 cou-

1025 1285 1115 1312 tinuas
1123 1290 1303 1321 tempestates,
1314 1291 1341 1314 et
1351 1287 1433 1315 multa
1442 1288 1584 1316 infortunia
1597 1288 1695 1323 cogitat
1708 1289 1793 1316 solum
1803 1309 1813 1323 ,

1024 1330 1071 1358 sed
1084 1331 1165 1358 etiam
1187 1331 1260 1359 lucra
1282 1332 1333 1360 sibi
1356 1333 1501 1361 obventura
1512 1354 1519 1366 ,
1533 1341 1593 1362 eum
1607 1334 1651 1361 illa
1669 1334 1812 1370 eti'ugerit:

1024 1383 1125 1411 speque
1139 1375 1232 1410 fultus,
1246 1384 1339 1405 omnes
1352 1378 1491 1412 praedictas
1504 1385 1637 1406 erumnas
1651 1379 1726 1406 facile
1739 1379 1813 1410 exci.

1025 1421 1073 1455 pit,
1089 1426 1117 1448 ut
1129 1422 1213 1449 auctis
1226 1422 1322 1457 opibus
1339 1423 1394 1450 suis
1411 1423 1518 1450 domum
1533 1423 1635 1451 redeat.
1650 1424 1681 1451 Et
1698 1424 1813 1459 agricola

1025 1473 1079 1493 non
1094 1467 1261 1502 agriculturae
1271 1471 1372 1494 tatttum
1385 1467 1490 1495 labores
1504 1468 1612 1503 cogitat,
1625 1473 1651 1496 et
1664 1469 1773 1500 imbres,
1787 1474 1813 1496 ct

1025 1515 1104 1539 terra:
1124 1512 1291 1540 sterilitatem
1305 1533 1313 1546 ,
1328 1520 1360 1540 ae
1381 1513 1512 1548 rubiginis
1532 1513 1685 1548 incursum,
1700 1514 1814 1542 locusta~

1025 1564 1137 1591 rumque
1158 1557 1273 1592 'damna,
1286 1558 1334 1586 sed
1356 1564 1383 1586 et
1407 1566 1496 1586 aream
1510 1563 1537 1587 et
1554 1559 1704 1595 manipulos
1724 1561 1814 1588 animo

1025 1609 1116 1629 secum
1135 1601 1308 1638 describens,
1322 1603 1426 1632 fortiter
1437 1604 1488 1632 fert
1499 1604 1607 1638 omnia,
1623 1609 1650 1632 et
1663 1613 1717 1640 pra:
1734 1606 1814 1633 bonn-

1025 1655 1085 1674 rum
1109 1649 1308 1683 exspectatione
1331 1656 1418 1684 neque
1441 1649 1547 1678 labores
1567 1650 1650 1678 sentit
1668 1659 1675 1677 :
1693 1651 1815 1686 quamvis

1026 1694 1134 1722 incerte
1146 1702 1210 1729 spes
1227 1695 1291 1729 sint,
1303 1700 1484 1724 verumtamen
1499 1703 1548 1731 spe
1561 1696 1664 1724 meliori
1685 1698 1813 1731 pascitur,

1026 1747 1076 1767 nec
1089 1740 1223 1768 renuntiat
1240 1741 1375 1769 laboribus
1384 1761 1393 1775 ,
1406 1742 1453 1769 sed
1466 1742 1555 1769 omnia
1572 1749 1632 1777 quin
1645 1742 1678 1770 ad
1691 1750 1721 1770 se
1733 1744 1814 1778 perti-

1025 1790 1090 1813 nent
1102 1785 1216 1814 aﬂerens
1227 1806 1236 1820 ,
1249 1791 1389 1822 exspectat
1408 1791 1437 1814 ut
1449 1788 1590 1823 aliquando
1605 1787 1725 1816 laborum
1739 1790 1812 1817 acci~

1025 1831 1081 1866 piat
1093 1832 1242 1859 mercedes.
1258 1832 1290 1859 Et
1302 1832 1380 1860 miles
1389 1840 1494 1868 quoque
1507 1835 1552 1869 qui
1563 1835 1673 1862 assumit
1686 1842 1759 1862 arma
1768 1855 1777 1869 ,
1787 1841 1814 1863 et

1025 1876 1052 1904 in
1068 1876 1190 1912 przelium
1203 1877 1338 1912 egreditur
1350 1898 1358 1912 ,
1374 1885 1426 1905 non
1447 1879 1544 1914 cogitat
1566 1880 1677 1908 vulnera
1693 1885 1791 1908 tantum
1804 1902 1814 1914 ,

1025 1922 1123 1955 caedes,
1138 1927 1166 1950 et
1177 1922 1294 1950 hostium
1314 1923 1453 1957 incursus,
1469 1925 1588 1960 aliasque
1603 1933 1735 1953 mrumnas
1745 1947 1752 1959 ,
1765 1927 1812 1955 sed

1025 1968 1106 1996 etiam
1120 1969 1245 1996 victorias
1255 1989 1262 2002 ,
1278 1973 1306 1996 et
1321 1969 1469 2004 triumphos
1490 1969 1541 1997 sibi
1553 1970 1729 2006 prmfingens,
1741 1973 1813 2000 omni

1025 2019 1161 2042 armatura
1170 2021 1200 2042 se
1212 2015 1312 2047 muttit,
1329 2019 1356 2042 et
1369 2022 1430 2042 cum
1445 2016 1562 2043 incertus
1574 2016 1650 2044 valde
1663 2018 1698 2044 sit
1708 2018 1794 2046 exitus
1805 2038 1812 2050 .

1026 2065 1053 2087 et
1067 2059 1164 2087 damna
1179 2059 1351 2093 immineant,
1363 2061 1477 2096 repulsis
1488 2061 1520 2089 iis
1533 2062 1656 2089 omnibus
1666 2069 1699 2090 ex
1713 2064 1813 2095 animo,

1026 2113 1058 2133 ac
1078 2106 1149 2133 bona
1169 2113 1216 2141 spe
1234 2107 1383 2142 proposita,
1395 2107 1469 2142 ponit
1489 2114 1596 2135 omnem
1621 2112 1771 2142 torporem,
1787 2114 1813 2136 et

1026 2152 1143 2186 acceptis
1154 2152 1236 2180 armis
1247 2157 1338 2180 contra
1349 2153 1464 2180 hostium
1475 2153 1559 2181 aciem
1570 2159 1706 2188 properat.
1723 2154 1813 2189 Igitur,

1026 2198 1130 2231 dilecti,
1144 2198 1166 2225 si
1180 2198 1339 2233 negotiator,
1352 2203 1378 2226 et
1390 2198 1465 2227 miles
1475 2219 1482 2232 ,
1496 2203 1522 2226 et
1536 2199 1661 2234 agricola,
1677 2199 1720 2226 ubi
1730 2205 1757 2227 et
1770 2200 1813 2227 in-

1027 2249 1098 2272 certa
1121 2252 1194 2280 spes,
1214 2249 1241 2272 et
1264 2245 1355 2280 plures
1377 2244 1572 2278 frustrationes,
1595 2250 1674 2280 atque
1698 2246 1813 2281 impedi-

1027 2295 1116 2318 menta
1127 2311 1134 2324 ,
1148 2291 1217 2319 sicut
1231 2291 1342 2318 audistis
1353 2312 1360 2323 ,
1376 2291 1457 2318 multa
1472 2296 1499 2318 et
1511 2291 1599 2325 varia,
1611 2298 1663 2319 n0n
1679 2291 1714 2319 ita
1729 2291 1814 2321 refor-

1026 2336 1110 2364 midat
1122 2336 1236 2368 labores,
1249 2341 1279 2364 ut
1301 2344 1316 2365 a
1335 2337 1439 2364 meliori
1460 2342 1599 2371 propterea
1614 2343 1663 2371 spe
1678 2337 1790 2365 desistat
1804 2346 1812 2365 :

1026 2382 1098 2417 quali
1107 2382 1242 2410 nosvenia
1251 2382 1322 2417 digni
1332 2382 1432 2411 eritnus
1443 2382 1478 2411 ita
1492 2382 1657 2417 negligentes
1672 2383 1705 2410 ad
1718 2390 1813 2418 capes’

1025 2429 1135 2457 seudam
1148 2428 1283 2462 virtutem,
1296 2433 1323 2456 et
1333 2436 1385 2456 non
1395 2435 1502 2456 omnem
1517 2428 1634 2456 laborem
1645 2433 1740 2463 sponte
1750 2429 1812 2456 sub-

1026 2479 1137 2508 euntes,
1157 2482 1218 2502 cum
1233 2479 1287 2502 tam
1307 2482 1401 2502 secura
1415 2479 1505 2502 nostra
1528 2482 1591 2509 spes
1609 2475 1661 2508 sit,
1688 2479 1814 2510 tantaque

1025 2522 1095 2550 bona
1108 2522 1186 2549 nobis
1200 2521 1331 2556 reposita,
1344 2528 1376 2547 ac
1395 2520 1503 2555 praemia
1522 2524 1549 2547 et
1570 2519 1708 2548 mercedes
1723 2520 1813 2547 omnia

1026 2577 1084 2604 qua:
1097 2576 1112 2596 a
1125 2568 1201 2595 nobis
1212 2572 1284 2595 recte
1296 2571 1423 2602 geruntur
1435 2567 1524 2594 mttltis
1534 2566 1654 2602 partibus
1664 2571 1790 2601 superent
1802 2565 1816 2592 τ

1026 2613 1094 2641 Audi
1107 2613 1186 2648 igitur
1195 2614 1300 2640 beatum
1319 2611 1440 2645 Paulum,
1450 2617 1510 2646 post
1525 2616 1611 2639 tantas
1623 2616 1650 2639 et
1664 2612 1734 2640 tales
1746 2611 1814 2639 allii-

997 2689 1011 2695 ,ι
1025 2661 1141 2693 ctiones,
1156 2664 1183 2687 et
1195 2660 1228 2687 ad
1243 2658 1383 2686 tribunalia
1397 2658 1585 2691 abductiones,
1597 2662 1624 2686 et
1636 2665 1774 2691 carceres,
1787 2663 1813 2686 et

1059 2730 1066 2743 ι
1084 2727 1154 2751 savii.
1165 2731 1190 2752 et
1200 2730 1303 2758 quatuor
1317 2729 1368 2750 Mss.
1388 2726 1422 2750 sic
1432 2725 1525 2749 habent
1536 2731 1547 2758 εΔ
1558 2724 1633 2756 Igitur
1643 2724 1669 2758 in
1680 2730 1746 2754 spem
1756 2725 1809 2753 Der,

1028 2763 1095 2787 quasi
1113 2758 1138 2782 in
1149 2756 1279 2782 mtcltoram
1299 2760 1382 2788 lilltllll.
1395 2761 1437 2781 nos
1452 2756 1622 2788 appendentes,
1634 2756 1670 2782 si;
1679 2761 1760 2781 annua
1768 2762 1808 2786 og-

1027 2788 1177 2820 greditmtur,
1189 2791 1211 2813 et
1222 2794 1251 2812 ne
1262 2789 1293 2812 ad
1306 2787 1418 2812 laborem.
1588 2819 1592 2820 γ
1756 2810 1779 2814 μ
