2058 3123
136 176 189 205 '2‘29

137 236 239 260 mortes
258 222 428 265 quotidianas
448 224 582 252 dicentem
605 229 612 248 :
638 220 699 248 Non
718 223 776 247 sunt
801 217 933 252 condigna

140 262 274 309 passiones
288 271 418 307 praesentis
431 267 548 302 temporis
562 265 596 292 ad
608 265 719 300 futuram
729 263 836 299 gloriam
849 262 875 288 in
889 268 935 288 no-

139 306 176 347 ln's
185 306 347 346 reuelandam
360 314 482 349 (Rant.8.
496 310 552 346 18).
565 309 674 338 Etiamsi
687 307 805 344 quotidie
818 327 825 339 ,
840 306 933 341 inquit,

140 364 223 392 morti
247 369 298 390 nos
317 365 522 395 exponerentus,
539 356 566 384 id
576 355 646 391 quod
667 359 760 382 natura
774 360 827 379 non
844 352 934 386 capit,

141 410 206 436 licet
216 415 294 436 mens
306 407 415 433 vincens
430 408 563 434 naturam,
572 408 619 436 per
629 399 818 434 benignitatem
831 396 935 424 Domini

139 457 285 482 coronetur
294 472 302 484 ,
318 450 395 484 nihil,
406 449 501 484 inquit,
511 447 642 474 ferremus
655 452 702 480 par
712 443 804 477 tantis,
814 450 873 477 qua:
887 449 936 469 nos

140 503 300 533 accepturos
314 502 464 531 speramus,
475 493 563 526 bonis,
571 491 716 526 gloriarque
729 489 756 516 in
767 489 843 516 nobis
858 495 937 516 reve-

142 544 241 571 landm.
255 542 320 570 Vide
331 544 429 576 quanta
442 539 535 575 gloria:
549 535 731 572 magnitudine
745 534 867 562 fruantur
880 533 935 561 viro

143 589 208 617 tutis
222 588 341 620 asseclie,
349 587 385 614 ita
397 590 427 613 ut
439 585 483 612 illa
493 583 576 619 gloria
587 586 694 616 superet
705 580 794 608 omnia
805 585 939 614 quaecum-

143 643 197 671 que
211 634 338 663 exhibere
351 632 411 667 quis
426 631 522 666 poterit
543 637 551 655 :
575 627 680 656 etiamsi
692 626 764 654 cnim
783 625 816 653 ad
830 625 937 652 culmen

147 680 272 715 attingat,
282 683 346 706 tunc
356 684 461 712 quoque
476 675 587 702 inferior
600 673 661 700 erit.
675 672 743 706 Quid
756 671 826 698 enim
838 675 938 697 tantum

145 727 274 755 exhibere
285 729 373 761 potest
387 724 467 750 homo
477 743 484 755 ,
496 721 566 756 quod
581 723 665 748 certet
677 726 739 746 cum
753 718 858 745 Domini
870 717 939 745 libe-

147 773 275 801 ralitate?
290 771 366 805 Quod
382 770 404 797 si
419 769 516 796 Paulus
531 768 593 794 talis
605 771 632 794 et
646 770 734 792 tantus
746 765 850 792 dicebat
860 785 867 797 ,
881 763 940 790 Non

144 821 205 842 sunt
214 814 350 849 condigum
356 812 491 847 passiones
500 810 579 844 hujus
587 810 709 843 temporis
719 807 752 835 ad
759 808 876 842 futuram
882 808 934 843 glo-

146 862 214 887 riam
225 867 283 895 qua:
295 858 452 886 ret-elabitur
460 857 486 883 in
497 856 570 882 nobis
580 853 757 890 (Rom.8.18),
767 853 813 887 qui
823 853 889 879 alias
899 851 936 877 di-

144 907 193 938 cit,
205 905 328 938 Quotidie
342 904 441 931 morior
455 902 491 937 (l.
505 901 568 930 Cor.
584 901 627 928 l5.
641 901 686 934 ’51)
698 908 705 932 ;
719 903 745 925 et
754 905 861 928 rursus,
874 896 940 922 Pius

149 951 270 979 omnibus
282 950 400 978 laboravi
410 948 492 984 (Ibid.
501 956 524 974 v.
539 946 583 982 10)
593 957 599 973 :
611 944 676 981 quid
689 951 739 972 nos
747 944 880 973 dicemus,
892 940 940 976 qui

149 1005 240 1032 noque
255 997 390 1031 vulgarent
405 994 524 1021 laborem
536 1000 585 1028 pro
601 993 701 1018 virtute
712 989 851 1023 suscipere
865 988 942 1015 Volu-

152 1051 224 1076 unus,
234 1043 280 1071 sed
292 1042 436 1069 remissam
447 1040 530 1067 vitam
544 1041 691 1068 sectamur,
703 1041 729 1063 et
741 1035 793 1064 hoc
802 1041 885 1062 unum
897 1040 942 1061 ca-

152 1097 260 1122 vemus,
269 1096 303 1116 ne
314 1087 379 1123 quid
389 1087 466 1114 triste
477 1085 556 1112 nobis
566 1081 814 1117 :tccidat,quamvis
822 1080 942 1108 sciamus

149 1145 205 1165 non
221 1144 284 1164 csse
297 1133 425 1170 possibile
440 1133 518 1159 aliter
530 1130 638 1165 assequi
653 1128 846 1157 beatitudinem
861 1127 942 1154 coele-

150 1188 232 1215 slem,
254 1182 307 1210 nisi
326 1188 373 1216 per
393 1183 542 1215 praesentes
560 1177 720 1204 aﬂlictioncs
735 1175 768 1202 ad
783 1181 843 1201 eam
865 1173 942 1208 prius

151 1226 505 1256 anhelcmus?Aﬂlictiones
520 1224 592 1251 enim
605 1223 630 1250 id
642 1222 721 1250 nobis
737 1220 895 1250 conciliant.
912 1224 943 1247 ut

150 1275 207 1303 Deo
227 1276 297 1311 grati
321 1275 423 1306 simus;
439 1276 466 1300 et
482 1272 526 1298 hic
545 1271 586 1298 vel
605 1277 701 1305 parum
728 1268 862 1299 laborare,
887 1266 943 1293 illic

152 1322 234 1350 nobis
249 1327 374 1356 magnam
387 1318 514 1346 ﬁduciam
531 1317 642 1352 praebet,
662 1315 809 1343 dummodo
828 1313 943 1341 velimus

151 1366 304 1396 secundum
317 1365 461 1393 consilium
478 1364 552 1390 illius
563 1361 686 1397 magistri
702 1360 777 1388 orbis
793 1358 941 1387 ambulare.

155 1413 318 1444 Considera,
334 1411 443 1441 dilecte,
460 1410 524 1437 licet
539 1408 628 1436 tristia
646 1409 701 1436 sint
718 1414 779 1442 qua:
803 1406 943 1438 accidunt,

153 1468 216 1488 e55e
232 1463 322 1486 tamen
335 1462 509 1492 temporanea
522 1464 529 1482 :
543 1456 613 1482 bona
629 1461 694 1481 vero
705 1460 766 1488 qua:
779 1452 834 1479 illic
848 1459 943 1479 susce-

153 1506 225 1541 pturi
241 1512 347 1537 sumus,
366 1501 530 1530 immortalia
544 1506 605 1528 esse
619 1503 646 1527 et
662 1503 773 1526 atterna.
788 1497 855 1530 Qua:
874 1498 943 1524 enim

153 1552 285 1584 ridentur,
299 1549 397 1584 inquit,
408 1547 564 1582 leinporalia
581 1550 643 1573 sunt
652 1554 661 1572 :
673 1553 730 1580 qua:
742 1549 830 1572 autem
843 1551 894 1570 non
906 1543 944 1570 ui-

154 1598 261 1627 dentur,
271 1599 369 1622 wtrrna
385 1593 423 1628 (‘2.
438 1591 501 1620 Cor.
513 1592 539 1619 4.
552 1590 596 1624 l8)
615 1588 746 1617 Feramus
759 1595 823 1623 ergo
838 1587 944 1615 fortiter

154 1642 212 1668 haec
228 1639 402 1675 temporalia,
422 1645 511 1672 neque
527 1636 693 1664 desistamns
708 1643 723 1662 a
739 1635 869 1662 virtututn
886 1638 945 1662 stu-

154 1687 219 1718 diis,
227 1689 257 1713 ut
266 1684 377 1713 aeternis
385 1688 412 1711 et
420 1690 527 1717 semper
537 1681 711 1709 manentibus
718 1680 797 1708 bonis
804 1680 944 1708 fruamur:

155 1741 215 1768 qme
226 1732 305 1759 nobis
319 1730 446 1759 omnibus
460 1729 645 1756 concedantur
656 1727 741 1762 gratia
752 1730 779 1754 et
789 1726 945 1754 misericor-

159 1777 203 1805 dia
214 1776 321 1805 Domini
332 1776 417 1804 nostri
428 1775 492 1803 Jesu
506 1774 618 1806 Christi,
632 1780 694 1799 cum
705 1780 759 1807 quo
771 1772 853 1804 l’atri,
865 1771 946 1799 sintut

155 1827 182 1850 cl.
194 1822 309 1856 Spiritui
324 1825 419 1849 sancto
434 1821 469 1848 sit
484 1820 581 1855 gloria,
594 1818 748 1854 imperium,
765 1818 861 1850 honor,
875 1824 947 1844 nunc

156 1876 183 1897 et
200 1875 319 1904 semper,
335 1871 363 1894 et
376 1867 404 1894 in
417 1866 516 1894 sa'cula
531 1864 703 1893 surculorum.
717 1864 812 1891 Amen.

330 1905 333 1907 “
429 1911 568 1938 thMlLlA
587 1910 682 1938 xxvr.

163 1969 197 1996 Et
210 1967 355 1995 recordatus
367 1971 403 1994 est
417 1966 485 1993 Deus
500 1966 556 1993 Nae
567 1987 574 1998 ,
597 1970 621 1992 ct
642 1965 754 1992 omnium
767 1965 912 1998 bestiarum,
928 1969 951 1991 et

198 2014 311 2041 omnium
325 2014 508 2048 jumentorum,
528 2016 550 2038 et
569 2011 678 2038 omnium
692 2010 841 2043 volatilium,
855 2015 878 2036 et
898 2018 951 2037 om-

199 2058 270 2084 nium
279 2057 416 2091 reptilium,
429 2063 589 2090 quaecumque
599 2059 732 2080 erantcum
741 2054 786 2081 illo
799 2055 825 2081 in
839 2062 908 2080 arca.
919 2053 952 2080 Et

199 2103 304 2129 adduxit
317 2101 386 2129 Deus
398 2102 514 2136 spiritum
529 2108 605 2134 super
618 2104 718 2132 terram,
734 2104 756 2126 et
775 2099 877 2126 cessauit
887 2106 952 2134 aqua

202 2149 278 2185 (Gen.
290 2149 317 2176 8.
334 2148 372 2184 l).

201 2206 227 2231 Ι.
247 2203 340 2238 Magna
350 2207 377 2230 et
389 2201 529 2229 ineffabilis
538 2200 584 2228 Dei
596 2199 754 2234 benignitas,
764 2198 954 2233 excellensque

164 2250 223 2285 ejus
235 2250 340 2277 bonitas
349 2257 381 2275 ex
391 2248 445 2281 jam
457 2247 532 2274 lectis
544 2245 701 2278 ostenditur,
707 2252 786 2280 quant
802 2252 855 2271 non
868 2244 954 2271 solum

164 2303 228 2330 erga
252 2294 381 2322 rationale
405 2293 454 2319 hoc
480 2290 596 2324 animal,
610 2289 744 2317 hominem
763 2289 843 2322 dico,
858 2289 906 2316 sed
929 2295 956 2316 et

166 2348 230 2376 erga
243 2341 383 2368 brutorum
406 2337 559 2365 animalium
576 2342 696 2364 naturain
718 2335 871 2363 declaravit.
889 2335 954 2362 Nam

166 2391 229 2411 cum
240 2382 359 2410 omnium
371 2381 406 2407 sit
418 2380 556 2412 Conditor,
566 2386 627 2413 erga
643 2377 742 2411 omnia,
754 2385 812 2412 qua:
823 2385 837 2403 a
851 2385 881 2405 sc
895 2381 957 2404 sunt

167 2427 287 2460 condita,
303 2433 378 2453 suam
391 2424 508 2452 Ostendit
527 2424 672 2451 bonitatem
690 2431 696 2449 :
711 2430 759 2457 per
770 2422 860 2449 omnia
879 2423 956 2450 nobis

167 2479 260 2500 notmn
275 2472 384 2503 faciens,
396 2474 520 2506 quantam
533 2469 641 2496 humani
652 2469 757 2503 generis
769 2476 860 2496 curam
871 2472 957 2504 gerat,

167 2525 199 2545 ac
210 2525 241 2545 se
250 2517 339 2544 omnia
353 2515 414 2543 olim
429 2519 455 2543 et
468 2514 502 2542 ab
512 2514 585 2541 initio
597 2517 703 2548 propter
713 2513 825 2541 salutem
839 2517 956 2540 nostram

169 2561 367 2596 fecisseJtaque
378 2560 427 2588 etsi
439 2559 540 2595 puniat,
550 2559 600 2587 etsi
612 2559 639 2586 in
653 2565 701 2586 nos
715 2558 915 2590 animadvertat,
925 2565 957 2585 ex

168 2608 261 2636 eadem
274 2607 392 2635 bonitate
402 2613 449 2633 sua
460 2605 516 2632 haec
525 2609 553 2632 et
561 2604 603 2631 illa
614 2603 685 2631 facit.
694 2603 751 2630 Non
759 2602 830 2630 enim
840 2603 880 2630 vel
895 2603 959 2630 επε-

169 2654 257 2681 ctione
270 2652 364 2679 vel:ira
375 2658 480 2686 ptenam
495 2650 574 2677 infert
589 2648 789 2677 :sedmalitiam
804 2648 959 2676 exscindere

169 2699 236 2731 vult,
249 2705 283 2725 ne
292 2698 358 2725 ultra
369 2695 561 2732 progrediatur.
569 2695 635 2728 Quia
645 2699 671 2722 et
681 2702 761 2728 nunc,
769 2694 838 2722 sicut
851 2694 957 2726 auditis,

170 2743 299 2771 diluvium
312 2743 346 2769 ob
361 2740 718 2774 nibilyaliudinduxit,quam
727 2744 755 2766 ut
764 2747 854 2767 curam
869 2743 960 2774 ageret

171 2796 263 2817 eorum
272 2788 318 2823 qui
330 2787 459 2822 iniquitati
474 2794 503 2814 se
516 2785 681 2813 dediderant.
695 2785 727 2812 Et
740 2785 835 2819 qualis,
847 2785 959 2819 inquies,

171 2841 235 2860 cura
245 2833 314 2865 haec,
327 2839 421 2860 omnes
432 2839 498 2866 aqua
517 2830 660 2858 suti'ocari?
670 2830 707 2857 Ne
720 2835 819 2857 temere
833 2829 960 2864 loquaris,

173 2879 263 2912 homo,
283 2877 330 2906 sed
344 2882 418 2913 gnato
434 2878 523 2905 animo
536 2877 625 2911 accipe
638 2884 668 2904 ea
679 2884 737 2911 qua:
747 2883 762 2902 a
775 2875 889 2904 Domino
900 2879 962 2903 sunt

667 164 700 193 IN
713 162 790 192 CAP.
812 160 877 191 \‘lll.
893 159 1013 190 (JENES.
1034 153 1140 187 llUlllL
1171 154 1266 186 “Vl.

1728 151 1779 179 230

991 214 1070 246 facta,
1081 217 1106 240 ct
1120 212 1188 240 Scies
1198 212 1250 240 hoc
1261 211 1340 239 etiam
1354 217 1415 238 esse
1427 209 1549 237 maxima:
1561 215 1632 237 cura:
1644 216 1780 244 argutum-

989 265 1056 287 tum.
1071 259 1137 288 Nam
1152 266 1199 286 eos
1212 258 1257 293 qui
1272 258 1311 285 sic
1331 256 1514 284 incnrabiliter
1529 259 1659 290 peccant,
1673 259 1700 282 et
1712 262 1778 289 quo-

991 306 1054 333 tidie
1068 305 1178 332 vulnera
1192 304 1243 331 sibi
1258 303 1379 338 inﬂigunt
1390 323 1398 335 ,
1413 305 1441 328 ct
1460 302 1552 329 ulcera
1564 301 1613 328 sibi
1628 301 1700 328 omni
1716 308 1780 327 cura

989 352 1126 387 superiora
1141 350 1275 382 inferunt,
1290 356 1322 376 cx
1339 352 1414 375 tanto
1434 347 1505 374 malo
1530 346 1675 379 liberasse,
1692 354 1781 374 nonne

989 405 1101 427 summae
1122 400 1180 424 erat
1199 394 1367 430 prudentiae?
1383 393 1415 420 Et
1434 392 1491 427 ipse
1514 391 1640 426 puniendi
1665 391 1761 418 modus
1773 411 1782 425 ,

990 450 1080 471 nonne
1100 441 1172 469 omni
1198 440 1362 475 benignitate
1383 439 1477 474 plenus
1490 437 1553 465 est?
1573 437 1627 464 Eos
1652 437 1722 464 enim
1737 437 1783 471 qui

990 488 1109 524 alioquin
1134 491 1236 515 natura}
1259 486 1377 514 debitum
1402 484 1515 512 soluturi
1536 487 1622 516 erant,
1637 483 1676 510 sic
1697 489 1783 517 poenae

992 535 1052 562 loco
1066 534 1147 561 vitam
1167 533 1302 567 deponere
1314 552 1322 564 ,
1338 535 1367 558 ut
1382 538 1415 558 ne
1434 538 1541 558 sensum
1563 529 1669 564 quidem
1691 529 1784 556 mortis

993 580 1142 613 haberent,
1168 578 1215 606 sed
1236 578 1337 612 absque
1357 577 1458 604 doloris
1477 575 1595 603 cruciatu
1621 575 1783 609 supplicium

991 625 1121 658 subirent,
1135 628 1240 659 quanta:
1260 630 1314 650 non
1333 621 1414 650 fuerit
1429 620 1567 656 sapientia:
1582 624 1609 647 et
1630 620 1783 647 bonitatis?

991 670 1060 704 Quin
1073 670 1096 697 si
1108 670 1169 704 quis
1183 669 1274 696 animo
1290 667 1334 703 pio
1349 666 1482 701 expendat
1496 666 1593 692 factum
1604 686 1611 697 ,
1624 672 1677 691 non
1696 665 1782 691 solum

993 723 1088 751 nempe
1102 715 1135 743 iis
1149 714 1194 749 qui
1214 713 1298 748 puniti
1313 716 1375 740 sunt
1388 711 1515 739 beneﬁcia
1528 718 1589 738 esse
1602 710 1716 743 collata,
1735 709 1780 737 scd

993 766 1020 789 et
1040 761 1165 796 posteris,
1176 760 1221 795 qui
1243 759 1297 787 duo
1320 758 1437 786 maxima
1461 757 1522 784 inde
1544 760 1719 791 perceperunt
1737 756 1784 782 bo-

993 814 1026 834 na
1037 828 1044 838 ,
1062 806 1099 842 (α)
1121 806 1187 842 [tum
1202 805 1272 840 quod
1287 805 1380 832 iisdem
1394 804 1420 831 in
1435 803 1510 830 malis
1527 810 1578 829 non
1594 803 1648 829 sint
1661 802 1782 835 involuti,

993 856 1049 878 tum
1065 851 1135 886 quod
1150 858 1183 877 ex
1197 849 1346 884 hujusmodi
1361 849 1435 876 factis
1455 848 1588 875 cautiores
1608 852 1634 874 et
1654 852 1784 881 tempera-

995 899 1076 925 tiorcs
1088 897 1237 933 evaserint]
1261 901 1385 932 quantum
1410 897 1553 931 gratiarum
1579 896 1709 922 actionem
1737 903 1784 929 pro

994 944 1047 970 illis
1061 943 1117 970 Deo
1132 949 1185 970 non
1198 942 1333 970 debeant?
1346 942 1448 969 Etenim
1462 941 1561 976 posteri
1576 948 1652 975 ptent:
1667 940 1783 972 illorum,

994 993 1021 1015 et
1036 992 1118 1020 metu,
1136 995 1168 1014 ne
1179 987 1271 1014 eadem
1284 993 1343 1021 quae
1358 986 1395 1013 illi
1409 988 1572 1020 paterentur,
1586 985 1709 1012 meliores
1726 985 1783 1012 lacti

994 1039 1069 1062 sunt:
1082 1042 1112 1061 ac
1125 1038 1251 1068 prmterca
1263 1040 1342 1060 omne
1355 1031 1461 1059 malitia:
1472 1030 1629 1058 fermentum
1641 1030 1782 1062 Sublatum,

996 1086 1023 1107 et
1037 1081 1126 1108 nullus
1137 1080 1247 1107 relictus
1260 1078 1308 1106 fuit
1322 1079 1361 1105 eis
1377 1077 1485 1104 malitia:
1505 1081 1531 1103 et
1547 1077 1690 1110 iniquitatis
1703 1076 1785 1111 magi-

996 1131 1059 1154 ster.
1075 1126 1154 1153 Vides
1168 1124 1302 1160 quomodo
1316 1128 1344 1151 et
1358 1130 1444 1158 poena:
1467 1127 1491 1150 cl
1513 1122 1640 1157 supplicia
1657 1122 1784 1149 beneficia

996 1172 1049 1199 sint
1059 1192 1066 1204 ,
1079 1176 1105 1198 et
1121 1171 1166 1198 Dei
1180 1178 1242 1205 erga
1257 1169 1390 1196 hominem
1414 1167 1606 1202 pr0vidcntiam
1629 1167 1786 1194 declarent?

997 1217 1029 1244 Et
1043 1217 1065 1243 si
1077 1216 1136 1251 quis
1151 1215 1217 1242 velit
1231 1215 1289 1241 hzcc
1302 1221 1316 1240 a
1333 1213 1424 1248 primis
1437 1217 1464 1239 et
1475 1213 1508 1239 ab
1523 1213 1596 1239 initio
1612 1220 1768 1239 enumerare
1778 1234 1785 1245 ,

997 1261 1113 1290 inveniet
1127 1267 1219 1288 omnes
1241 1266 1333 1294 pomus
1346 1258 1397 1285 hac
1412 1257 1446 1285 de
1459 1265 1537 1285 causa
1554 1258 1735 1292 peccatoribus
1748 1259 1785 1284 in-

997 1311 1122 1335 tentatas.
1135 1305 1200 1333 Nam
1217 1309 1244 1332 et
1257 1305 1340 1331 Adam
1356 1307 1508 1338 peccantem
1524 1310 1577 1329 non
1601 1302 1711 1336 puniens
1728 1308 1785 1328 tau-

998 1357 1066 1385 tum,
1083 1351 1130 1379 sed
1145 1355 1172 1378 et
1184 1350 1315 1378 beneﬁcio
1333 1356 1496 1384 prosequens
1510 1348 1632 1383 paradiso
1643 1348 1728 1383 ejccit.
1755 1349 1787 1374 Et

998 1399 1076 1434 quale
1090 1397 1157 1425 dicis
1169 1396 1338 1428 beneﬁcium,
1354 1395 1433 1423 etiam
1449 1393 1562 1429 paradisi
1577 1394 1628 1420 vita
1640 1393 1787 1420 excidisse?

997 1443 1037 1471 Ne
1051 1443 1206 1477 simpliciter
1220 1440 1343 1469 attendas
1358 1439 1390 1467 ad
1404 1447 1434 1466 ea
1446 1447 1505 1474 quc
1517 1442 1645 1473 geruntur
1655 1460 1663 1472 ,
1681 1438 1788 1471 dilecte,

999 1496 1085 1523 neque
1099 1487 1187 1515 obiter
1198 1495 1257 1521 quae
1272 1494 1287 1513 a
1303 1486 1359 1513 Deo
1380 1485 1446 1512 fiunt
1458 1484 1597 1512 addiscas:
1614 1484 1660 1511 sed
1679 1483 1787 1519 profun-

998 1534 1061 1562 dum
1077 1534 1149 1561 illius
1160 1532 1288 1560 bonitatis
1302 1531 1414 1564 intuere,
1426 1534 1452 1558 et
1466 1530 1584 1557 invenies
1597 1529 1683 1556 omnia
1694 1529 1788 1557 eadem

999 1580 1034 1608 de
1049 1587 1128 1607 causa
1139 1578 1174 1606 ab
1187 1579 1246 1614 ipso
1257 1577 1325 1605 ﬁeri.
1339 1577 1386 1605 Dic
1398 1576 1469 1604 enim
1480 1575 1556 1608 mihi,
1567 1575 1590 1603 si
1602 1575 1696 1608 Adam,
1713 1581 1787 1610 posl~

999 1634 1077 1662 quant
1092 1625 1131 1653 sic
1143 1629 1325 1660 transgressus
1335 1628 1392 1655 est,
1409 1622 1503 1649 iisdem
1518 1621 1607 1649 adbuc
1623 1621 1672 1648 frui
1688 1621 1789 1656 potuis-

999 1676 1124 1707 set,quo
1147 1678 1202 1698 non
1228 1668 1470 1697 excidisset?Nam
1497 1668 1519 1694 si
1547 1667 1627 1694 tantis
1652 1666 1790 1701 promissis

1003 1717 1132 1752 acceptis,
1149 1719 1299 1750 serpentem
1322 1714 1490 1749 deceptorum
1513 1712 1624 1745 audivit,
1637 1716 1664 1739 et
1683 1712 1789 1739 insidias

1000 1762 1118 1795 admisit,
1131 1768 1197 1796 quas
1211 1767 1257 1795 per
1270 1767 1331 1787 eum
1345 1758 1466 1786 diabolus
1488 1757 1576 1784 intulit
1585 1778 1592 1790 ,
1609 1764 1656 1792 spe
1669 1756 1791 1784 videlicet

1002 1806 1157 1834 obtinenda:
1178 1803 1338 1839 aequalitatis
1360 1811 1419 1831 cum
1446 1803 1499 1829 Deo
1526 1801 1636 1832 inﬂans.
1654 1805 1733 1836 atque
1764 1801 1790 1828 in

1002 1850 1226 1887 prawaricationis
1240 1853 1378 1884 peccatum
1391 1848 1465 1875 illum
1476 1847 1606 1882 injicicns,
1622 1846 1644 1873 si
1658 1846 1683 1872 in
1698 1845 1791 1873 eadem

1003 1897 1131 1933 dignitate
1142 1903 1173 1924 ac
1196 1896 1258 1923 vitm
1279 1895 1382 1922 ratione
1402 1893 1561 1926 mansisset,
1580 1892 1714 1928 quomodo
1738 1899 1792 1918 non

1004 1943 1088 1971 multo
1103 1942 1154 1969 fide
1167 1941 1313 1976 digniorem
1324 1944 1441 1975 putasset
1452 1939 1593 1973 malignqu
1610 1938 1682 1964 illum
1692 1937 1792 1964 damm-

1004 1996 1081 2020 nem,
1098 1995 1176 2023 quam
1203 1993 1292 2014 rerum
1315 1985 1432 2013 onmium
1456 1984 1642 2014 Conditorem,
1656 1982 1741 2017 deque
1764 1989 1794 2009 se

1004 2033 1171 2064 sublimiora,
1185 2039 1265 2067 quam
1280 2031 1393 2066 dignitas
1408 2036 1454 2057 sua
1471 2029 1583 2061 ferebat,
1594 2028 1683 2055 animo
1694 2035 1792 2055 conce-

1005 2078 1108 2114 pisset?
1134 2077 1239 2105 Etenim
1264 2076 1323 2102 talis
1350 2075 1486 2102 hominum
1515 2077 1608 2100 natura
1635 2078 1692 2106 est,
1719 2078 1746 2100 ut
1771 2073 1793 2100 si

1005 2123 1111 2158 quando
1133 2129 1246 2158 peccans
1273 2128 1326 2148 non
1349 2120 1514 2152 refrenatur,
1536 2119 1583 2147 sed
1607 2126 1699 2146 secure
1722 2119 1791 2154 agit,

1006 2169 1117 2196 ulterius
1129 2167 1276 2203 procedens
1287 2166 1312 2193 in
1323 2172 1442 2200 prmceps
1453 2164 1561 2192 feratur.
1579 2164 1635 2191 Alia
1650 2168 1737 2191 tamen
1752 2165 1796 2190 via

1007 2221 1114 2249 possum
1128 2212 1285 2244 ostendere,
1297 2211 1366 2246 quod
1381 2210 1549 2237 clementiam
1565 2217 1619 2244 pra:
1636 2216 1664 2236 se
1686 2208 1773 2237 ferens
1786 2230 1794 2242 ,

1007 2259 1137 2286 Adamum
1150 2257 1271 2292 paradiso
1281 2255 1391 2291 jusserit
1403 2255 1544 2288 excedere,
1560 2259 1587 2282 ct
1600 2255 1692 2282 mortis
1709 2263 1794 2290 pinna:

1008 2304 1102 2332 fecerit
1115 2304 1260 2331 obnoxium
1273 2312 1280 2330 :
1292 2310 1352 2329 nam
1368 2302 1498 2336 ejectione
1512 2305 1540 2328 et
1559 2302 1704 2336 propinqua
1721 2301 1796 2328 habi-

1009 2349 1108 2376 tatione
1120 2348 1316 2383 castigatiorem
1327 2368 1334 2380 ,
1346 2351 1373 2374 et
1391 2346 1417 2373 in
1430 2351 1564 2380 p0sterum
1586 2346 1746 2373 securiorem
1761 2346 1796 2372 fa-

1010 2395 1100 2427 ciens,
1112 2401 1141 2421 re
1156 2394 1212 2429 ipsa
1227 2393 1316 2420 docuit
1330 2397 1444 2427 quantus
1455 2391 1579 2425 deceptor
1592 2391 1669 2418 fuerit
1679 2391 1795 2418 duunou.

1011 2440 1103 2468 Mortis
1118 2445 1206 2467 autem
1221 2438 1379 2473 supplicium
1398 2441 1507 2472 propter
1520 2437 1569 2463 hoc
1590 2436 1679 2463 intulit
1691 2457 1698 2468 ,
1715 2442 1742 2462 ut
1764 2445 1804 2463 nc-

1011 2485 1122 2521 posthac
1142 2492 1190 2519 per
1200 2483 1405 2510 inobedientiam
1417 2486 1525 2517 peccato
1540 2481 1671 2508 obnoxius
1686 2481 1804 2508 etl‘ectus,

1011 2534 1142 2566 perpetuo
1155 2533 1287 2565 peccaret.
1301 2528 1358 2555 Non
1373 2527 1498 2555 videntur
1511 2527 1557 2554 tibi
1570 2526 1627 2554 haec
1639 2534 1698 2554 esse
1711 2527 1806 2554 mari--

1012 2583 1064 2604 mae
1081 2574 1240 2607 clementiae,
1250 2577 1278 2601 et
1289 2573 1387 2608 ejicere
1399 2580 1413 2600 a
1429 2571 1552 2607 paradiso
1570 2576 1598 2598 et
1613 2578 1690 2606 pmna
1705 2573 1808 2599 mortis»

1012 2620 1148 2656 plectere?
1162 2620 1273 2647 Possum
1287 2623 1374 2646 autem
1398 2622 1425 2646 et
1445 2617 1516 2644 aliud
1537 2622 1666 2651 pra-terea
1690 2617 1796 2645 alfcrrc.

1013 2667 1159 2701 Qualenam
1176 2664 1246 2692 hoc?
1262 2664 1334 2692 llanc
1356 2662 1562 2697 indignationem
1583 2662 1621 2689 illi
1642 2662 1801 2694 inferendo,

1013 2720 1066 2739 non
1077 2710 1145 2746 apud
1159 2711 1243 2745 ipsum
1256 2709 1393 2736 dumtaxat
1407 2708 1534 2735 beneficia
1548 2708 1697 2741 collocavit,
1709 2708 1756 2736 sed
1771 2713 1807 2736 ει

1014 2762 1138 2793 posteros
1162 2755 1245 2791 ipsius
1260 2754 1382 2788 exemplo
1406 2754 1539 2789 corrigere
1563 2754 1655 2782 voluit.
1671 2754 1736 2782 Nam
1762 2756 1804 2789 si,

1046 2847 1082 2878 (ιι)
1099 2850 1153 2878 Haec
1163 2851 1217 2876 qum
1228 2845 1295 2878 uncis
1314 2844 1456 2878 clauduntur
1464 2849 1499 2878 _cx
1513 2849 1561 2868 uno
1578 2846 1670 2869 tantum
1681 2846 1724 2868 iis.
1735 2843 1796 2868 erui,

1014 2873 1080 2908 nuis,
1088 2877 1132 2902 sed
1144 2873 1255 2901 videntur
1267 2875 1295 2900 ad
1307 2876 1396 2899 seriem
1409 2873 1537 2905 (utadrare.
