2058 3123
294 151 342 178 231

293 215 431 246 postquam
457 211 514 238 haec
534 219 687 249 evcnerant,
700 216 721 242 is
744 216 788 250 qui
810 225 841 244 ex
867 225 900 245 eo
920 223 997 246 natus
1020 223 1078 251 est,

289 256 355 282 Cain
372 257 488 291 inquam,
500 258 544 292 qui
561 267 616 293 pne
629 261 712 288 oculis
726 262 831 290 videbat
846 268 989 298 patrcmex
1001 273 1078 300 para-

290 301 350 328 uiso
371 302 500 336 ejectum,
524 303 684 332 ineffabilem
708 307 780 334 illam
801 308 911 342 gloriam
933 311 1076 344 amissam,

287 347 502 376 maledictionem
519 350 590 377 illam
605 352 710 385 miram,
727 361 786 387 qua:
801 354 905 382 dicebat
920 365 926 382 :
942 355 1021 383 Terra
1033 365 1075 390 es,

285 398 309 419 et
323 393 352 420 in
366 398 458 420 terram
469 395 546 423 abibis
562 396 674 433 (6212.3.
686 399 742 431 l9),
754 401 848 428 melior
862 401 945 429 factus
961 410 1012 430 non
1024 408 1074 436 est,

285 438 332 465 sed
352 439 517 473 gravioribus
542 449 570 469 se
590 442 698 470 involvit
718 445 794 472 malis
815 454 822 472 :
843 447 864 473 si
890 455 942 473 non
965 448 1076 476 vidisset

283 490 344 517 qua}
360 484 426 518 patri
443 486 619 521 contigerant,
631 488 656 515 in
667 496 745 523 quam
760 498 813 517 non
830 492 992 528 pervenisset
1007 494 1077 520 insa-

284 528 373 555 niam?
385 529 418 556 Et
429 531 499 565 quod
514 539 578 560 sane
593 533 768 563 admiratione
779 536 857 563 fuerit
872 537 990 573 dignum,
1002 540 1073 567 lllllll]

282 573 362 600 etiam
373 575 417 608 qui
430 575 490 602 talia
506 579 625 611 peccavit
639 584 665 606 ct
678 580 780 608 nefario
795 581 939 610 homicidio
953 584 1073 613 dextram

283 617 376 651 polluit
390 620 502 654 puniens
514 642 522 654 ,
541 623 721 652 misericordia
733 633 838 660 poenam
852 628 969 656 miscuit.

316 661 343 688 2.
367 663 399 690 Ει
414 668 441 691 ut
456 666 595 694 manifeste
615 669 684 696 scias
702 669 799 698 divina:
812 672 955 707 bonitatis,
972 683 1031 710 qua:
1045 681 1072 704 et

281 706 322 734 isti
337 708 454 736 exhibita
467 715 528 744 est,
550 714 756 747 magnitudinem
777 725 784 743 :
807 721 860 744 tum
881 720 987 753 quidem
1009 729 1069 749 cum

280 752 361 780 Deum
372 754 445 788 gravi
455 757 614 784 contumelia
624 758 741 787 afﬁceret
752 761 888 791 olferendo
898 766 1068 800 sacrificium,

279 800 306 823 et
320 805 444 832 magnum
461 807 514 834 prae
529 808 558 828 se
580 801 689 830 ferendo
706 810 887 842 contemptum
910 809 983 844 (non
997 813 1068 840 enim

276 841 410 870 dividebat
424 843 512 878 jusle,
539 847 586 873 sed
610 847 738 877 offerebat
752 841 954 886 simpliciteret
968 856 1068 891 absque

277 886 380 915 delectu
391 888 412 923 ),
428 889 493 916 nihil
503 890 543 917 vel
557 899 637 926 grave
648 894 687 920 vel
700 895 840 924 molestutn
854 899 979 928 adversus
994 901 1067 930 illum

275 933 400 967 loquutus
424 939 465 961 est
487 935 574 970 Deus,
600 940 720 972 quamvis
744 947 880 975 peccatum
903 945 989 980 ipsum
1013 955 1066 976 non

275 982 346 1005 esset
358 986 468 1013 parvum
483 985 510 1008 et
524 981 649 1017 vulgare,
664 985 712 1011 sed
726 987 802 1014 valde
815 996 950 1024 magnum.
964 991 1028 1020 Nam
1042 993 1065 1021 si

274 1023 293 1050 ii
308 1024 351 1058 qui
367 1032 530 1060 congeneres
546 1027 668 1057 homines
682 1031 807 1060 honorari
823 1036 924 1069 volunt,
941 1039 1023 1072 prima
1038 1045 1066 1068 et

271 1069 404 1104 principua
414 1071 466 1098 illis
474 1072 600 1107 tribuunt,
613 1075 708 1111 illaque
718 1077 814 1106 olferre
825 1083 938 1110 maxime
946 1084 1062 1119 student,

271 1122 331 1148 qua:
356 1116 479 1145 omnibus
503 1119 661 1154 pretiosiora
687 1123 736 1150 sibi
760 1125 883 1153 videntur
904 1137 910 1154 :
931 1131 1063 1163 quomodo

270 1159 405 1188 hominem
421 1161 476 1190 Deo
494 1163 650 1193 offerentem
672 1175 724 1194 non
740 1171 879 1203 oportebat
894 1173 948 1200 Deo
963 1175 1062 1208 pretio-

270 1204 339 1231 siora
353 1210 379 1232 ct
395 1208 577 1240 prsestantiora
592 1210 710 1238 offerre?
724 1213 805 1248 Igitur
817 1222 877 1243 eum
889 1221 988 1245 tantum
1000 1227 1061 1254 pce-

268 1255 350 1282 caret,
363 1255 391 1278 et
406 1256 505 1279 tantum
521 1261 574 1288 pne
589 1263 618 1282 se
631 1256 713 1284 ferret
725 1264 906 1295 contemptum
921 1263 974 1296 ille,
991 1265 1060 1293 Deus

269 1297 356 1321 tamen
372 1304 424 1323 non
449 1298 538 1332 petivit
555 1307 676 1335 ptenam,
701 1311 787 1338 neque
800 1313 848 1340 pro
869 1308 943 1335 factis
956 1311 1059 1345 suppli-

266 1339 336 1366 cium
350 1342 454 1377 exegit:
470 1344 515 1371 sed
528 1346 602 1380 quasi
616 1347 717 1375 amicus
727 1351 822 1384 amico,
837 1359 897 1379 cum
908 1355 978 1381 omni
993 1355 1058 1384 leni-

267 1389 321 1412 tate
335 1386 445 1421 loquens
460 1389 498 1416 sic
519 1390 584 1417 dixit
599 1400 605 1418 :
623 1391 746 1428 l’cccatti,
757 1396 855 1430 quiesce
871 1398 953 1433 (Gen.
968 1401 993 1427 4.
1010 1402 1054 1437 7).

268 1430 407 1459 Peccatum
422 1434 559 1463 dumtaxat
574 1437 610 1464 illi
626 1439 766 1475 indicavit,
781 1447 808 1469 et
820 1446 952 1472 consuluit
969 1455 1002 1474 ne
1017 1448 1056 1474 ul-

265 1476 346 1504 terius
362 1480 575 1513 progrederetur.
590 1482 684 1511 Vidisti
706 1485 831 1516 bonitatis
849 1491 1055 1520 excellentiam?

262 1521 314 1549 Sed
329 1524 389 1558 quia
406 1525 448 1553 ille
460 1534 511 1554 non
525 1529 609 1556 solum
627 1529 689 1557 nihil
704 1539 735 1558 ex
751 1537 821 1560 tanta
836 1535 959 1569 patientia
974 1537 1052 1565 lucri-

262 1566 340 1600 fecit,
356 1570 402 1596 sed
417 1575 444 1598 et
457 1573 578 1606 graviora
595 1575 686 1608 primis
701 1577 807 1612 adjecit,
822 1586 901 1615 atque
916 1582 948 1609 ad
963 1582 1052 1612 fratris

262 1621 353 1640 necent
369 1618 537 1651 properavit,
555 1619 623 1646 Deus
637 1621 743 1655 quidem
758 1623 784 1650 in
807 1633 866 1653 eum
888 1627 974 1655 adhuc
993 1638 1051 1656 tua-

260 1666 338 1692 guam
352 1661 510 1689 ostendebat
523 1664 668 1698 lenitatem,
683 1667 850 1704 interrogans
863 1673 935 1706 prius
948 1679 975 1700 et
984 1675 1050 1703 dans

261 1704 298 1730 illi
317 1704 506 1734 satisfactiouis
521 1708 606 1737 locutn
621 1712 689 1739 :‘sed
704 1714 765 1747 quia
781 1717 877 1744 mansit
898 1718 1046 1754 impudens,

260 1753 322 1776 tunc
332 1758 437 1785 ptenam
450 1752 536 1781 intulit
549 1755 572 1782 ci
585 1757 778 1787 emendationis
790 1762 884 1795 gratia,
897 1771 956 1798 qua:
968 1766 1046 1793 etiam

259 1795 314 1829 ipsa
329 1797 439 1824 multum
455 1798 569 1828 habebat
582 1803 771 1833 misericordia:
786 1807 943 1837 admixtum.

295 1841 347 1874 Qui
366 1843 391 1869 in
413 1853 459 1872 nos
480 1853 582 1880 peccat,
607 1851 725 1884 feratur,-
743 1853 785 1887 qui
807 1855 833 1881 in
847 1855 928 1883 Deum
949 1864 1044 1892 peccat,

258 1888 388 1922 puniatur.
401 1905 435 1909 —
448 1891 528 1919 Vides
546 1895 680 1928 quomodo
694 1897 762 1925 Deus
772 1919 778 1931 ,
799 1901 904 1934 quando
919 1903 943 1930 in
958 1904 1043 1938 ipsum

256 1934 385 1968 peccavit,
397 1941 588 1973 peccatumque
601 1948 652 1967 non
664 1942 781 1977 vulgare,
793 1945 892 1974 dimisit
905 1948 928 1975 ei
942 1957 948 1975 :
961 1957 1044 1984 quan-

254 1978 288 2005 do
301 1984 389 2007 autem
405 1981 430 2008 in
451 1981 559 2020 fratrem
579 1987 691 2013 armavit
710 1987 830 2017 dextram
844 2011 852 2024 ,
873 1993 1041 2021 maledictum

254 2024 341 2052 intulit
352 2031 378 2052 et
393 2026 561 2061 increpavit?
575 2029 618 2057 Sic
632 2039 701 2059 nunc
713 2037 741 2060 et
756 2041 805 2062 nos
820 2035 945 2064 faciamus
956 2059 962 2070 ,
980 2039 1040 2066 illii-

254 2074 392 2106 temurqne
406 2071 545 2100 Dominum
563 2081 702 2110 nostrum;
719 2084 744 2106 et
758 2081 779 2107 si
793 2082 854 2115 quid
877 2083 901 2110 in
917 2091 964 2111 nos
981 2093 1041 2120 pec~

251 2119 340 2142 catum
355 2115 442 2148 fuerit,
458 2119 559 2146 veniam
574 2120 677 2155 demus,
693 2127 720 2150 et
735 2126 899 2153 remittamus
913 2129 944 2156 iis
955 2130 999 2164 qui
1013 2130 1038 2157 in

253 2167 301 2186 nos
321 2160 488 2195 deliquerunt
502 2172 508 2188 :
524 2166 631 2198 quando
653 2172 740 2195 autem
757 2169 782 2196 in
799 2170 880 2198 Deum
902 2179 1037 2206 peccatum

252 2205 380 2238 refertur,
403 2210 464 2234 tunc
485 2216 578 2243 poenas
600 2212 744 2246 exigamus.
768 2215 821 2242 Sed
837 2219 926 2245 nescio
940 2221 1035 2254 quifit,

253 2255 280 2277 nt
292 2253 379 2278 omnia
401 2259 476 2280 secus
496 2254 642 2288 faciamus,
665 2260 773 2287 omnino
795 2268 900 2296 peccata
923 2273 981 2300 qua:
1004 2268 1036 2295 ad

250 2294 332 2322 Deum
347 2297 496 2331 pertingunt
508 2319 514 2331 ,
530 2299 610 2326 inulta
625 2308 683 2329 esse
696 2294 806 2332 sinimus
821 2315 827 2333 :
841 2308 863 2334 si
877 2309 935 2343 quis
948 2317 1035 2340 autem

249 2347 340 2374 parum
358 2342 419 2376 quid
439 2343 464 2369 in
487 2351 537 2370 nos
560 2348 724 2381 peccaverit,
749 2350 805 2385 ejus
826 2360 919 2388 graves
943 2364 1035 2386 sumus

247 2386 348 2413 ultores
369 2392 393 2414 ct
419 2394 606 2424 accusatores,
634 2392 784 2426 ignorantes
807 2406 854 2426 nos
878 2408 908 2428 ea
931 2404 1034 2432 ratione

247 2431 444 2460 misericordem
455 2433 593 2462 Dominum
605 2438 687 2472 magis
697 2442 864 2471 exacerbare.
877 2446 951 2479 Quod
962 2450 1032 2477 enim

246 2483 304 2503 mos
314 2478 348 2505 sit
359 2478 413 2505 Deo
426 2487 498 2514 saepe
508 2480 641 2511 dimittere
651 2492 709 2519 qum
721 2486 747 2514 in
759 2496 788 2516 se
802 2497 909 2524 peccata
923 2494 1030 2531 fuerint,

245 2531 336 2551 verum
351 2533 411 2560 quae
426 2526 452 2552 in
470 2528 616 2561 proximum
627 2551 635 2563 ,
657 2539 688 2559 ea
703 2540 762 2561 eum
778 2544 870 2572 magna
890 2543 1032 2571 severitate

243 2569 402 2604 exquirere,
419 2572 480 2599 andi
503 2573 607 2602 beatum
624 2576 732 2606 Paulum
754 2569 885 2612 dicentem
901 2595 908 2612 :
923 2587 953 2615 Si
974 2590 1030 2625 quis

245 2621 348 2641 uxorem
360 2615 432 2643 habet
445 2617 582 2653 inﬁdelem,
594 2626 616 2647 et
629 2622 678 2657 ipsi
689 2631 787 2659 gratum
800 2628 875 2662 fuerit
888 2615 1030 2662 coltaltilme

242 2659 291 2692 illi,
308 2668 358 2687 non
375 2661 484 2689 dimittat
504 2664 584 2692 illaut.
600 2666 633 2694 Et
653 2669 675 2696 si
693 2679 742 2705 qua
761 2659 852 2701 mulier
865 2677 936 2705 liabet
948 2680 1027 2708 virum

241 2705 378 2741 inﬁdelem,
395 2715 418 2736 et
432 2710 472 2736 llic
484 2713 604 2739 (attremit
619 2715 730 2745 habitare
743 2727 798 2746 cum
812 2722 867 2754 illa,
881 2732 930 2752 non
943 2726 1028 2754 dimit-

240 2757 275 2778 tut
290 2752 361 2779 illum
374 2755 420 2789 (1.
432 2755 490 2783 Cor.
503 2757 528 2784 7.
543 2759 584 2786 12.
599 2761 632 2787 15
642 2761 660 2795 ).
676 2762 769 2792 Vidisti
783 2752 878 2801 quanta
891 2770 924 2797 ibi
940 2752 1025 2799 indul-

239 2799 348 2831 gentia?
364 2799 472 2829 Etiamsi
485 2805 590 2836 gentilis
605 2806 691 2840 fuerit,
706 2799 808 2838 etiamsi
824 2813 947 2849 intidclis,
964 2826 1024 2851 pr0<

239 2842 282 2871 hct
296 2850 381 2872 autem
395 2847 616 2879 cohabitationcm
626 2873 632 2885 ,
654 2861 705 2881 non
721 2856 842 2891 refugiat.
859 2859 892 2887 Et
907 2861 1020 2891 iterum:

650 155 678 183 S.
699 156 838 185 JOANNIS
857 156 1094 186 CllliYSOSTUllI
1113 159 1272 191 ARCIIIEP.
1293 166 1557 201 CONSTANTINOP.

1871 186 1925 215 259

1138 216 1194 246 Etsi
1206 223 1305 255 gentilis
1317 226 1393 260 fuerit
1406 229 1510 264 mulier,
1532 233 1580 259 etsi
1592 233 1702 269 inﬁdelis
1712 259 1718 271 ,
1732 241 1833 276 vultque
1844 246 1920 272 culm-

1138 263 1212 276 ,__.,_M_
1237 275 1240 276 7
1360 271 1376 276 ..
1432 273 1446 276 -
1471 275 1475 276 ν

1619 263 1624 269 ,
1712 263 1718 271 ,
1733 263 1831 276 ......,..-
1844 263 1920 272 -......-

1134 263 1221 298 bitare,
1234 275 1284 295 non
1296 271 1411 305 repellat.
1425 273 1476 306 Qui
1485 276 1545 309 scis,
1558 278 1648 313 inquit,
1661 283 1760 316 mulier,
1772 294 1831 314 mon
1843 290 1921 317 virmr.

1131 310 1259 339 calcatura
1272 314 1329 342 sis?
1343 322 1385 343 aut
1398 319 1442 352 qui
1455 320 1513 354 scis,
1527 323 1574 356 vir,
1590 332 1649 352 num
1664 329 1793 358 mulierem
1807 334 1920 363 salvatu-

1131 363 1175 382 rus
1187 357 1221 383 sis
1235 357 1270 393 (Ι.
1283 359 1340 387 Cor.
1351 362 1377 388 7.
1391 363 1454 398 l6)?
1464 365 1529 394 Vide
1541 371 1675 402 quomodo
1682 381 1735 401 non
1746 357 1919 410 prohibet—

1550 400 1556 402 .
1722 400 1734 401 η
1746 400 1869 410 ,.-ί....,ν.
1882 400 1919 408 ...-

1130 400 1236 428 “dum”
1248 407 1399 440 quempiam
1408 409 1450 437 vel
1460 414 1609 447 quampiam
1621 416 1646 444 in
1657 421 1822 451 contubernii
1834 425 1919 460 legem

1130 447 1226 460 ﬂbﬂI-.-.=
1260 450 1268 460 Δ
1278 458 1292 460 μ.
1306 451 1320 460 ι·
1338 453 1354 460 ι,
1448 456 1453 460 .
1560 459 1575 460 η

1129 447 1238 475 assumi.
1253 450 1321 477 Audi
1338 453 1432 481 iterum
1448 456 1531 490 ipsum
1546 459 1681 490 Christum
1695 465 1826 496 dicentem
1840 447 1918 500 dibsci-

1127 492 1196 524 pulis
1212 502 1218 519 τ
1238 494 1302 522 Dico
1319 498 1385 525 enim
1400 501 1468 528 vobis
1479 523 1486 534 ,
1503 505 1584 533 omnis
1606 509 1650 542 qui
1671 511 1793 542 dimiserit
1814 525 1918 547 uxorem

1126 545 1214 571 suam,
1228 548 1333 577 excepta
1344 553 1422 572 causa
1434 549 1617 587 fornicationis,
1632 555 1693 589 facit
1708 559 1778 587 illam
1798 565 1919 593 mazclmri

1129 582 1137 593 Ι
1155 583 1175 593 ΙΙ
1198 586 1226 593 --Ι
1260 588 1273 593 “”
1300 589 1331 593 Ἀ
1347 590 1351 593 ⁵
1390 591 1397 593 ”

1127 582 1137 618 (
1150 583 1242 614 Matth.
1256 588 1284 615 5.
1299 589 1333 616 52
1346 590 1365 625 ).
1389 591 1482 628 Ingens
1496 582 1643 633 benignitas
1655 602 1661 629 l

1558 628 1572 633 υ
1656 628 1660 629 ν
1677 628 1787 634 -ννν---ιυι
1802 628 1915 640 ιηιιυῐὶιιδ

1127 628 1215 664 fuerit,
1233 633 1274 660 vel
1289 637 1394 669 gentilis
1405 657 1412 671 ,
1432 639 1453 666 si
1468 646 1649 680 consenserit,
1673 650 1757 679 retine
1771 661 1779 679 :
1791 654 1813 681 si
1827 662 1915 684 autem

1125 676 1150 702 in
1165 681 1190 704 te
1203 682 1368 716 peccaverit,
1382 689 1408 711 et
1426 691 1562 720 pactorum
1581 691 1752 725 obliviscatur
1762 719 1768 731 ,
1785 701 1913 730 aliorum-

1124 729 1174 756 que
1189 727 1334 758 practulcrit
1347 733 1508 760 consortium
1519 755 1527 767 ,
1548 736 1609 764 licet
1632 740 1677 767 tibi
1693 743 1764 771 illam
1778 747 1874 781 ejicere
1887 757 1912 778 et

1124 769 1252 781 unm“
1280 771 1300 781 ,.
1406 776 1422 781 ,ν

1123 769 1264 801 repellere.
1280 771 1341 800 lla-c
1355 776 1516 812 cogitantes,
1533 783 1687 813 Studeamus
1701 789 1780 817 etiam
1791 769 1913 823 dDomino

1122 821 1232 850 propter
1252 818 1320 846 hanc
1335 822 1360 848 in
1383 831 1431 851 nos
1451 825 1661 858 benevolentiam
1677 835 1777 867 pariter
1791 839 1911 868 referre:

1120 864 1147 886 et
1159 861 1229 889 sicut
1242 862 1300 898 ipse
1312 867 1366 893 vult
1378 867 1512 899 dimittere
1525 880 1555 900 ea
1568 881 1627 909 qua:
1641 861 1707 905 inse
1719 887 1826 914 peccata
1838 891 1909 918 sunt,

1119 912 1177 939 qua!
1191 913 1277 935 autem
1293 910 1317 937 iu
1333 919 1391 946 nos,
1404 914 1547 950 ulciscitur,
1562 920 1639 956 idque
1652 931 1745 960 magna
1759 930 1909 964 severitate,

1119 951 1209 964 ,υυιηρ
1227 961 1251 964 λ-
1259 963 1270 964 γ
1280 963 1286 964 κ
1365 958 1372 964 ¹
1462 962 1466 964 “
1505 963 1508 964 ⁷

1597 951 1602 956 η
1696 951 1710 960 υ
1732 951 1745 953 γ,
1759 951 1907 964 --.νη-η...

1118 951 1212 979 eodem
1226 961 1290 982 sane
1311 958 1391 986 modo
1412 965 1438 988 et
1461 962 1510 997 ipsi
1531 963 1656 995 faciamus
1671 979 1678 997 :
1691 979 1863 1010 quaecumque
1881 978 1907 1005 in

1118 1003 1168 1024 nos
1183 1005 1292 1031 peccant
1307 1004 1420 1036 proximi
1441 1009 1624 1044 remittamus,
1639 1022 1698 1048 qua:
1712 1023 1800 1046 autem
1815 1027 1907 1050 contra

1119 1041 1138 1050 ,ι

1118 1041 1213 1076 Deum,
1228 1052 1258 1072 ea
1272 1054 1368 1082 magno
1379 1052 1469 1080 studio
1480 1061 1604 1084 curemus
1615 1059 1715 1088 ulcisci.
1732 1064 1807 1096 Quod
1821 1072 1845 1094 ct
1860 1077 1907 1096 no-

1116 1087 1157 1115 bis
1180 1091 1295 1123 proderit
1309 1093 1450 1128 plurimum
1463 1119 1470 1132 ,
1486 1104 1513 1127 et
1533 1109 1581 1130 eos
1599 1106 1642 1139 qui
1665 1110 1833 1145 corriguntur
1852 1123 1905 1142 non

1117 1140 1208 1166 parum
1229 1136 1341 1170 juvabit.
1358 1140 1489 1172 Fortassis
1511 1145 1590 1176 hodie
1613 1136 1822 1190 prolixiusujusto
1843 1167 1905 1194 pro-

1117 1180 1221 1194 φινεμ...
1239 1182 1345 1194 Luem”.
1383 1187 1400 1194 .-
1428 1188 1434 1194 .
1487 1191 1493 1194 .
1505 1191 1511 1194 .

1114 1180 1221 1207 ωηιὶιιιιι
1239 1182 1358 1212 fecimus.
1382 1187 1434 1215 Sed
1448 1191 1511 1224 quid
1532 1180 1630 1228 agam-‘2
1651 1197 1704 1226 lloc
1725 1180 1821 1234 pd-eter
1842 1180 1905 1233 sen-

1113 1225 1222 1252 tentiam
1236 1228 1299 1255 mihi
1314 1232 1438 1267 contigit,
1455 1236 1595 1266 verborum
1612 1240 1684 1270 ﬂuxu
1699 1225 1783 1280 rapto.

1153 1268 1194 1280 ,ιη
1293 1274 1309 1280 λ

1148 1268 1235 1298 Poena:
1253 1281 1269 1299 a
1286 1274 1340 1302 Deo
1362 1277 1441 1305 illam
1460 1280 1599 1311 clementia
1618 1268 1767 1322 conjunctlie.
1779 1308 1815 1314 —-
1828 1295 1902 1328 Quo-

1661 1314 1671 1322 .
1829 1314 1901 1328 καυ-

1110 1314 1181 1342 niam
1198 1322 1285 1345 autem
1300 1323 1387 1350 omnis
1399 1332 1488 1354 sermo
1501 1333 1594 1357 noster
1604 1331 1638 1360 de
1651 1333 1753 1363 diluvio
1763 1343 1817 1372 est,
1834 1349 1901 1376 opus

1110 1359 1184 1376 ηΛΙιςμ
1207 1368 1262 1376 ..-ιη
1285 1366 1385 1376 ..-Αμμ

1656 1359 1659 1360 ,
1692 1359 1748 1363 Μ,
1763 1359 1817 1372 ιω,
1834 1359 1849 1366 ν
1863 1359 1900 1370 .us

1109 1359 1185 1388 nobis
1205 1368 1263 1390 erat
1283 1366 1386 1395 caritati
1410 1376 1504 1398 vestra:
1519 1376 1677 1411 ostendere,
1703 1387 1794 1415 poenas
1810 1392 1825 1412 a
1846 1359 1900 1414 ll)eo

1109 1406 1186 1433 nobis
1201 1408 1288 1437 illatas
1302 1413 1491 1444 misericordiae
1506 1421 1590 1455 magis
1602 1430 1661 1451 esse
1671 1445 1677 1457 ,
1700 1434 1777 1461 quam
1792 1438 1878 1464 poenae
1891 1443 1898 1459 :

1107 1451 1146 1478 sic
1167 1461 1273 1489 quoque
1296 1462 1355 1485 erat
1378 1464 1405 1487 et
1425 1461 1563 1493 diluvium.
1588 1467 1654 1496 Nam
1678 1451 1743 1500 δίδη,
1768 1451 1898 1512 ὺέηίὲηυε

1107 1502 1166 1512 ora“
1182 1498 1247 1512 ﬁli..-
1263 1506 1319 1512 .x...
1435 1507 1440 1512 .
1496 1509 1502 1512 .

1106 1502 1166 1532 erga
1180 1498 1248 1527 filios
1262 1506 1352 1537 pater,
1369 1507 1457 1534 omnia
1477 1509 1512 1537 ob
1533 1518 1622 1540 curam
1640 1515 1664 1541 in
1678 1524 1763 1551 genus
1777 1498 1897 1552 nostorum

1678 1541 1763 1551 σν---ιυ
1777 1541 1897 1552 Ivualllllll

1105 1541 1177 1570 facit.
1194 1544 1226 1572 Ut
1239 1551 1326 1575 autem
1342 1557 1374 1577 ex
1388 1551 1419 1578 iis
1431 1573 1439 1585 ,
1461 1561 1521 1588 quae
1536 1564 1605 1586 nunc
1621 1565 1754 1596 proposita
1769 1573 1794 1593 et
1818 1568 1897 1598 hodie

1105 1587 1168 1598 ,μη
1195 1589 1210 1598 ..
1262 1592 1277 1598 ν.
1307 1594 1313 1598 .
1361 1596 1366 1598 μ
1407 1597 1411 1598 ν

1471 1587 1476 1588 7
1621 1587 1627 1594 _
1769 1587 1794 1593 η.

1105 1587 1171 1615 lecta
1185 1589 1291 1619 discatis
1307 1594 1476 1630 benignitatis
1489 1600 1561 1630 illius
1571 1607 1789 1645 magnitudinem,
1804 1615 1895 1642 audia-

1614 1635 1628 1640 ν
1804 1635 1894 1642 -......π

1103 1640 1162 1661 mus
1185 1635 1240 1669 ipsa
1264 1637 1360 1667 divina:
1381 1641 1525 1678 Scriptum
1550 1650 1639 1678 verba.
1665 1652 1730 1681 Nam
1753 1658 1813 1691 quia
1836 1659 1894 1689 heri

1103 1678 1190 1691 .I;_,_,,!a
1275 1684 1282 1691 '
1382 1688 1405 1691 ““

1666 1678 1674 1680 ‘
1690 1678 1730 1681 "‘"
1754 1678 1813 1691 1“"-
1836 1678 1893 1689 ιιι-ιι

1101 1678 1192 1708 docuit
1209 1690 1256 1710 nos
1275 1684 1369 1714 beatus
1381 1688 1467 1718 Moses
1479 1712 1486 1724 ,
1503 1693 1610 1729 dicens,
1634 1697 1755 1729 Emltala
1768 1710 1805 1731 est
1826 1715 1893 1741 aqua

1102 1732 1176 1741 ........
1193 1732 1282 1741 ...._-...
1301 1731 1323 1741 λ,
1341 1733 1348 1741 .
1448 1740 1451 1741 ,

1100 1732 1176 1760 super
1191 1732 1283 1755 (errant
1296 1731 1384 1760 diebus
1397 1740 1495 1764 centum
1506 1740 1687 1778 quinquaginta
1702 1746 1712 1781 (
1720 1747 1783 1775 Gen.
1798 1751 1823 1776 7.
1838 1731 1890 1788 ἑά)

1100 1769 1141 1788 (nl
1158 1779 1190 1788 An
1204 1781 1285 1788 ..ι-η..-
1302 1777 1379 1788 ,ιμη
1394 1779 1402 1788 .
1546 1785 1551 1788 .

1512 1769 1517 1773 _
1572 1769 1578 1776 ,
1617 1769 1629 1778 ν
1722 1769 1783 1775 νυ..
1802 1769 1823 1776 ..
1840 1769 1871 1779 ε.

1100 1769 1144 1804 (ct
1158 1779 1190 1798 eo
1204 1781 1286 1808 usque
1300 1777 1420 1807 docendo
1436 1785 1643 1822 processimus),
1658 1769 1736 1819 hodie
1746 1794 1782 1820 ait
1796 1803 1804 1822 :
1820 1796 1843 1823 l.

1098 1818 1245 1847 recordatus
1259 1827 1295 1848 est
1309 1822 1378 1852 Deus
1391 1826 1448 1854 Noe
1459 1849 1466 1862 ,
1480 1834 1502 1856 et
1519 1834 1632 1861 omnium
1651 1838 1773 1874 ferarum,
1796 1847 1819 1869 et
1832 1852 1888 1870 ont-

1651 1861 1773 1874 ,..".-...,
1796 1861 1818 1869 ν.
1832 1861 1888 1870 vm-

1098 1861 1166 1889 nium
1181 1865 1366 1904 jumentorum,
1387 1877 1409 1898 et
1429 1876 1541 1904 omnium
1560 1880 1699 1910 volutilium
1711 1906 1718 1918 ,
1735 1891 1758 1913 ct
1776 1891 1888 1918 omnium

1693 1909 1718 1918 ν,
1735 1909 1757 1913 η
1777 1909 1876 1917 ν..........

1097 1909 1224 1941 reptilium
1236 1932 1243 1943 ,
1257 1921 1418 1949 quacumque
1429 1926 1500 1948 erant
1510 1931 1567 1950 cum
1581 1925 1623 1952 illo
1637 1928 1663 1954 in
1675 1937 1735 1957 arca
1749 1932 1823 1966 (Gen.
1836 1936 1876 1971 8).

1132 1954 1148 1971 Χ
1180 1954 1244 1971 Vill"
1268 1957 1309 1971 LL.
1328 1961 1391 1971 ειηην

1131 1954 1157 1980 3.
1180 1954 1245 1984 Vide
1267 1957 1309 1986 hic
1328 1961 1421 1989 iterum
1435 1985 1441 1996 ,
1462 1974 1541 2000 quam
1561 1977 1590 1997 se
1610 1954 1767 2009 attemperet
1787 1954 1887 2009 nostr’a:

1472 1997 1477 2000 _
1614 1997 1690 2001 πνν----
1712 1997 1767 2004 νυνι
1787 1997 1854 2007 ΙΙυῦιΙ
1863 1997 1884 2009 II:

1095 1997 1240 2028 infirmitati
1255 2003 1342 2032 divina
1357 2007 1501 2044 Scriptura.
1517 2012 1550 2039 Et
1565 1997 1710 2046 retardant:
1724 2027 1770 2054 est,
1789 2024 1884 2060 inquit,

1099 2044 1163 2060 mm
1187 2048 1317 2060 “HA7”,
1348 2053 1354 2058 .
1380 2054 1385 2059 .

1095 2044 1172 2073 Dens.
1187 2048 1364 2085 Dilectissimi,
1378 2054 1556 2092 intelligamus
1570 2060 1626 2089 lucc
1640 2069 1667 2091 nt
1678 2044 1785 2101 dignuin
1798 2044 1837 2097 eslt
1849 2048 1884 2100 dt;

1466 2090 1474 2092 ν
1660 2090 1663 2091 ,
1681 2090 1785 2101 sane...
1799 2090 1837 2097 -.η
1849 2090 1883 2100 ..υ

1094 2090 1149 2118 Deo
1163 2092 1318 2129 intelligere,
1332 2106 1362 2125 ac
1376 2107 1408 2127 ne
1422 2103 1566 2132 secundum
1581 2112 1681 2137 naturce
1695 2118 1793 2142 nostrae
1807 2115 1883 2144 infir-

1093 2137 1212 2165 mitatem
1228 2139 1285 2167 htec
1305 2149 1393 2171 crassa
1414 2146 1492 2174 verba
1515 2149 1705 2187 intelligamus,
1717 2157 1781 2185 Nam
1795 2167 1882 2195 qua"-

1093 2185 1146 2195 ...Ν
1163 2184 1194 2195 η..
1211 2185 1217 2195 ε
1243 2187 1276 2195 7,.
1292 2187 1298 2195 .
1311 2188 1326 2195 ..

1092 2185 1146 2209 tum
1162 2184 1194 2211 ad
1211 2185 1370 2216 ineffabilem
1386 2191 1456 2219 illam
1470 2199 1591 2224 naturam
1600 2184 1723 2236 vattinet,
1744 2184 1880 2241 indignum

1092 2227 1181 2241 l‘..:-~-
1198 2230 1223 2241 Ιμ
1240 2240 1244 2241 ν
1310 2234 1316 2241 ¹

1670 2227 1723 2236 ,-_,
1744 2227 1796 2232 .....-
1816 2227 1880 2237 Ilulll

1091 2227 1184 2256 fuisset
1198 2230 1248 2259 huc
1261 2234 1370 2262 verbum
1386 2245 1392 2263 :
1409 2244 1534 2272 quantum
1548 2248 1635 2272 autem
1649 2247 1681 2274 ad
1694 2227 1812 2279 nostrai:
1828 2254 1880 2282 im-

1091 2272 1097 2282 ,
1208 2280 1212 2282 Α

1090 2272 1277 2310 becillitatcm,
1299 2282 1418 2314 apposite
1440 2289 1481 2311 est
1511 2286 1622 2317 dictum.
1646 2291 1800 2324 Recordatus
1823 2305 1879 2333 est,

1090 2318 1172 2333 :I\n-.:l
1218 2321 1281 2333 ne.”
1309 2324 1329 2333 ιν
1398 2327 1414 2333 ι,
1474 2330 1479 2333 .

1673 2318 1799 2324 ν---ηη---
1823 2318 1877 2333 νη,

1090 2318 1189 2354 inquit,
1213 2321 1283 2350 Deus
1303 2324 1370 2352 Noe.
1395 2327 1524 2361 Quoniam
1540 2336 1654 2364 narravit
1677 2339 1753 2368 nobis
1773 2342 1799 2369 in
1820 2344 1877 2379 jam

1090 2364 1164 2379 Αἷηιεμ.
1199 2368 1261 2379 ,.ξη...
1286 2377 1298 2379 μ
1319 2371 1324 2376 -
1426 2375 1431 2379 .
1476 2376 1481 2379 .

1088 2364 1176 2399 dictis,
1198 2368 1264 2396 sicut
1285 2371 1358 2404 prius
1379 2375 1481 2402 caritati
1501 2384 1596 2407 vestra:
1615 2382 1737 2419 diximus,
1761 2364 1878 2423 quadra-

1088 2409 1259 2423 ..:.......I:.v.,.
1277 2419 1314 2423 ,..
1339 2417 1372 2423 ...
1492 2422 1505 2423 η

1086 2409 1157 2443 ginta
1169 2411 1261 2441 diebus
1271 2419 1299 2442 et
1309 2417 1416 2445 totidem
1428 2422 1549 2450 noctibus
1558 2423 1639 2454 fuisse
1649 2409 1808 2465 pluvimeet
1818 2435 1877 2464 die-

1088 2454 1132 2465 L_77
1159 2464 1163 2465 7
1205 2463 1210 2465 _
1315 2462 1320 2465 .

1649 2454 1656 2462 .
1679 2454 1704 2459 κγ
1713 2454 1772 2465 --.-.,
1782 2454 1808 2461 νυ
1819 2454 1874 2464 ...ν-

1087 2454 1136 2484 llus
1152 2463 1259 2486 centum
1277 2462 1463 2499 quinquaginta
1481 2469 1601 2497 eamdem
1621 2475 1749 2503 mansisse
1765 2485 1874 2513 aquam,

1087 2501 1222 2513 ﬁ..!__.l__!,,
1294 2506 1301 2513 ε
1312 2507 1318 2513 ι
1333 2508 1339 2513 η

1085 2501 1235 2535 quindecim
1259 2506 1355 2535 cubitis
1376 2517 1456 2544 super
1469 2518 1574 2542 montes
1592 2518 1744 2554 exaltatam,
1766 2501 1796 2550 cf
1812 2532 1874 2553 cum

1085 2546 1142 2574 haec
1157 2548 1266 2583 fierent,
1286 2551 1386 2586 justum
1407 2557 1538 2587 resedisse
1551 2561 1576 2588 in
1590 2569 1651 2590 arca
1661 2584 1670 2597 ,
1686 2573 1770 2601 neque
1782 2577 1873 2599 aerem

1084 2592 1185 2626 spirare
1198 2595 1340 2630 valentem,
1356 2599 1588 2640 habitantibusque
1600 2615 1659 2636 cum
1673 2618 1705 2638 eo
1718 2592 1802 2641 lirutis
1815 2617 1873 2643 nni-

1083 2639 1176 2673 versis,
1192 2641 1290 2670 idcirco
1323 2645 1425 2681 inquit,
1444 2648 1477 2676 Et
1491 2639 1636 2682 recordatus
1656 2661 1693 2683 est
1712 2657 1782 2686 Dem
1802 2661 1869 2691 Nee.

1082 2683 1150 2717 Quid
1162 2691 1211 2718 est,
1229 2687 1387 2718 Recordatus
1407 2695 1467 2721 est?
1486 2696 1608 2726 Misertus
1627 2705 1677 2734 est,
1693 2703 1791 2739 inquit,
1803 2706 1870 2740 justi

1670 2730 1676 2734 γ
1728 2730 1736 2738 ι
1770 2730 1869 2740 ’γδ“““””¹

1055 2758 1060 2763 ⁵
1081 2730 1107 2756 in
1121 2737 1181 2758 arca
1194 2735 1296 2767 agentis
1311 2744 1317 2762 :
1334 2737 1458 2766 misertus
1472 2746 1513 2768 est
1534 2743 1591 2777 ejus
1611 2745 1638 2771 in
1659 2750 1729 2775 tanta
1749 2753 1869 2785 angustia

1080 2781 1107 2802 et
1121 2784 1209 2804 rerum
1224 2779 1378 2810 difficultate
1396 2787 1533 2815 constituti
1546 2808 1553 2821 ,
1575 2790 1771 2829 ignorantisque
1783 2779 1869 2831 quan-

1546 2820 1549 2821 7
1584 2820 1598 2825 ν
1712 2820 1770 2829 η--
1787 2820 1855 2831 .,..-..

1081 2820 1176 2850 donam
1193 2825 1320 2854 molestia:
1333 2828 1385 2856 illa:
1407 2831 1486 2859 finem
1508 2833 1638 2864 habitune
1655 2846 1756 2868 essent.
1772 2842 1866 2870 Consi-

1079 2866 1140 2894 dcra
1155 2868 1212 2897 hic.
1225 2878 1332 2906 qumso,
1347 2876 1439 2909 quales
1454 2882 1515 2906 tunc
1532 2880 1599 2908 illius
1615 2882 1711 2912 fuerint
1729 2887 1867 2922 cogitatio-
