2058 3123
129 132 174 160 335
623 123 655 150 IN
674 123 750 151 CAP.
772 120 838 149 VIII.
857 118 980 148 GENES.
1002 117 1105 145 IIOMII.
1138 117 1231 144 XXVI.

130 194 176 215 nes
203 190 263 220 post
286 183 461 219 quadraginta
488 180 544 208 dies
566 185 593 207 ct
615 179 787 214 quadraginta
817 184 921 210 noctes,

131 232 226 267 quibus
241 230 343 265 impetu
355 235 451 262 magno
464 226 558 261 pluria:
570 224 737 259 ingrtrebant,
748 231 808 250 cum
822 224 923 252 videret

131 276 225 304 diebus
240 279 349 302 centum
364 270 551 307 quinquaginta
565 270 591 296 in
606 269 699 296 eadem
713 268 852 295 altitudine
869 275 925 295 ma-

132 329 196 349 nere
209 327 307 355 aquas,
323 325 410 353 neque
423 316 532 344 omnino
546 315 675 342 desistere
689 323 696 341 :
712 319 739 342 et
757 314 827 349 quod
843 314 925 341 tnulto

133 367 253 403 gravius,
263 371 352 400 neque
364 363 449 392 oculis
460 363 550 390 videre
561 361 645 396 potuit
659 368 688 388 ea
700 367 759 395 qua:
773 360 839 387 facta
853 364 924 393 sunt,

131 411 179 441 sed
194 411 324 442 inclusus,
337 417 397 436 cum
413 415 466 435 non
481 411 571 442 posset
585 414 708 441 umquam
724 406 808 433 oculis
820 406 925 440 assequi

132 461 232 491 quanta
254 459 346 484 essent
368 454 454 486 mala,
478 453 606 486 majorem
625 451 772 478 sustinebat
794 451 925 485 dolorem,

134 503 311 538 gravioraque
321 500 440 536 quotidie
453 498 646 534 suspicabatur.
665 497 721 532 Ego
733 505 796 524 vero
810 497 927 524 admiror

133 547 271 584 quomodo
295 554 350 582 prae
374 546 481 573 tristitia
503 552 555 572 non
582 544 660 571 fuerit
683 544 843 577 absorptus,
866 551 926 570 cum

136 599 256 622 mentem
270 593 339 620 illius
354 591 473 620 subitent
488 590 595 617 humani
610 589 714 624 generis
728 589 866 621 interitus,
881 596 926 614 stta

135 638 264 671 solitudo,
277 642 306 666 et
322 636 438 664 difﬁcilis
452 636 494 662 illa
506 635 569 662 vita.
586 635 618 662 At
629 641 707 661 causa
720 634 851 661 bonorum
868 640 927 660 om-

135 685 208 712 nium
227 683 265 711 illi
283 682 331 710 fttit
350 690 397 709 sua
413 681 439 708 in
453 681 535 708 Deum
548 679 624 712 ﬁdes,
637 687 684 714 per
695 687 772 713 quam
784 683 811 706 et
821 678 927 710 restitit,

137 735 165 758 et
178 729 269 757 omnia
285 728 387 756 fortiter
402 727 461 754 tulit
476 734 483 752 :
498 732 612 759 eumque
625 732 672 758 spe
685 728 848 759 posceretur,
865 723 929 750 nihil

136 775 214 802 triste
229 773 370 802 sentiebat.
384 771 514 805 Quoniam
529 770 608 804 igitur
620 769 690 804 quod
701 777 777 796 Situm
793 774 849 796 erat
862 776 931 803 ιπερ-

136 820 220 852 stitit,
247 823 302 847 tam
327 817 480 852 patientiam
506 814 695 847 monstrando,
719 822 797 848 quam
821 814 930 840 nmltam

138 866 218 892 tidem
233 862 373 891 aﬁ'erendo
384 882 391 895 ,
405 868 509 888 necnon
524 861 617 888 miram
633 859 813 886 fortitudinem
836 865 890 892 pra:
902 865 932 885 se

138 908 266 940 ferendo,
282 907 342 934 vide
356 911 453 941 quanta
469 906 501 932 sit
519 904 565 932 Dei
579 911 640 939 erga
663 904 748 938 ipsum
771 903 929 937 benignitas.

139 954 173 982 Et
186 952 334 981 recordatus
349 957 401 983 est,
420 951 504 985 inquit
517 971 524 981 ,
539 949 607 976 Deus
623 949 689 976 Noe.
705 948 762 975 Non
777 949 932 982 simpliciter

140 1004 167 1027 et
181 999 285 1032 absque
306 1005 384 1026 causa
401 997 485 1029 dixit,
508 995 540 1022 Et
559 995 705 1022 recordatus
719 1000 753 1021 est
773 1003 781 1021 :
801 994 847 1021 sed
871 994 932 1028 quia

137 1045 214 1080 prius
223 1043 312 1072 divina
324 1042 460 1077 Scriptura
471 1041 654 1069 declararerat
665 1041 740 1068 nobis
752 1040 931 1067 testimonium

138 1090 173 1117 de
185 1089 260 1124 justo
275 1088 329 1121 illo,
344 1087 437 1117 dicens
449 1107 456 1118 ,
473 1085 608 1121 Ingredere
621 1086 648 1111 in
661 1093 757 1115 arcam,
773 1085 831 1119 quia
846 1089 869 1111 te
882 1085 933 1111 vidi

138 1136 235 1170 iustum
247 1135 275 1162 in
287 1134 448 1170 generatione
462 1132 509 1159 hac
522 1132 597 1165 (Gen.
609 1132 634 1158 7.
650 1131 692 1166 1),
708 1136 850 1166 capropler
864 1138 934 1158 nttne

140 1181 247 1216 inquit:
264 1179 298 1207 Et
312 1179 458 1207 recordatus
471 1183 508 1205 est
525 1178 592 1204 Deus
606 1177 662 1204 Noe
673 1197 680 1209 ,
705 1177 756 1203 hoc
776 1181 816 1204 cst
827 1195 835 1207 ,
858 1177 934 1203 testi-

142 1227 225 1255 monii
238 1226 309 1261 quod
320 1225 355 1253 de
369 1225 414 1252 illo
426 1224 607 1260 perhibuerat,
622 1231 707 1258 neque
719 1222 802 1249 multo
816 1227 934 1257 trmpore

143 1273 262 1309 neglexit
280 1273 392 1308 justum,
409 1271 454 1299 scd
468 1271 580 1303 distulit,
603 1269 727 1305 quamdiu
744 1269 787 1296 ille
805 1270 872 1296 ferre
887 1277 932 1303 po-

143 1322 205 1353 tuit,
220 1324 247 1347 et
268 1323 332 1346 tunc
351 1318 376 1345 ci
393 1324 470 1345 Suum
484 1316 643 1343 beneﬁcium
662 1320 689 1343 et
706 1315 817 1350 gratiam
836 1315 935 1350 impar-

143 1366 208 1394 titus
229 1369 282 1393 est.
305 1364 371 1392 Nam
391 1363 479 1390 sciens
499 1362 680 1390 inﬁrmitatem
703 1365 801 1388 nostrae
823 1366 933 1393 naturtc,

143 1410 275 1446 siquando
288 1409 418 1445 permittit
432 1409 603 1436 tentationem
616 1407 718 1440 inferri,
734 1415 850 1441 eousque
863 1408 935 1439 sinit,

145 1463 286 1491 quousque
299 1455 350 1483 scit
371 1462 419 1482 nos
439 1461 517 1489 posse
536 1454 677 1486 sustinere,
700 1457 768 1480 utet
783 1453 936 1480 retributio-

145 1504 206 1529 u'cm
220 1509 280 1537 qua:
292 1505 390 1529 nostra:
402 1504 530 1536 congruat
543 1499 689 1527 fortitudini
707 1499 813 1532 tribuat,
825 1504 851 1527 et
862 1507 936 1527 suam

147 1546 360 1574 misericordiam
389 1545 506 1573 declaret
531 1554 537 1572 :
562 1546 631 1572 sicut
657 1550 684 1572 et
709 1545 807 1572 Paulus
831 1546 936 1580 inquit:

148 1592 244 1620 Fidelis
257 1597 343 1619 autent
362 1591 428 1618 Deus
439 1612 446 1624 ,
462 1592 505 1626 qui
519 1599 568 1617 non
587 1591 649 1617 sinet
664 1599 706 1617 vos
721 1591 811 1617 tentari
823 1599 900 1625 supra
914 1591 939 1617 id

147 1638 213 1674 quod
228 1638 332 1673 potestis
345 1637 353 1653 ‘
364 1659 372 1670 ,
388 1637 431 1664 sed
454 1637 527 1671 faciet
547 1644 604 1663 cum
625 1637 759 1662 teutatione
783 1641 938 1670 prouentum,

149 1689 175 1711 ut
189 1683 256 1718 ferre
269 1683 371 1718 possitis
385 1682 394 1718 (
406 1683 431 1709 I.
446 1682 504 1709 Cor.
519 1682 564 1710 10.
580 1682 643 1717 15).
658 1682 786 1714 Quoniam
803 1682 881 1716 igitur
896 1683 940 1716 ju-

150 1735 206 1756 stus
221 1728 267 1755 ille
290 1727 472 1754 fortitudinem
492 1731 518 1754 et
534 1727 685 1761 patientiam
710 1735 762 1761 pra:
777 1735 805 1754 se
829 1728 939 1760 ferebat,

150 1782 198 1801 sua
212 1774 240 1801 in
254 1773 337 1801 Deum
351 1773 402 1800 ﬁde
415 1781 483 1800 arca:
496 1773 574 1800 sedes
587 1778 613 1800 et
626 1773 702 1800 ttcdia
719 1774 863 1806 sustinens,
878 1782 941 1808 pro-

151 1825 209 1854 pter
229 1819 282 1846 hoc
303 1819 387 1853 inquit
399 1839 406 1850 ,
423 1818 453 1844 Et
470 1819 614 1844 recordatus
629 1823 664 1845 est
681 1818 748 1845 Deus
760 1818 826 1845 Noe.
844 1819 942 1846 Deinde

152 1871 179 1892 ut
191 1865 281 1892 discas
295 1865 420 1900 abyssum
441 1864 535 1891 divina.-
557 1864 745 1891 miscricordia:
757 1886 764 1898 ,
781 1865 882 1891 addidit
901 1865 942 1892 di-

153 1911 215 1938 vina
230 1910 367 1944 Scriptura
385 1918 392 1936 :
407 1908 440 1936 Et
461 1910 572 1936 euntium
591 1911 720 1944 ferarum,
737 1915 760 1936 et
773 1911 882 1937 euntium
898 1911 943 1945 ju-

151 1960 304 1989 mentorum,
319 1959 342 1982 et
354 1955 465 1981 omnium
478 1955 625 1987 uolutilium,
642 1960 664 1981 et
679 1956 790 1982 onmiunt
805 1955 942 1989 reptilium,

151 2009 315 2037 quartumque
327 2006 398 2028 erant
413 2009 469 2028 cum
484 2001 529 2028 illa
544 2002 569 2028 in
582 2010 652 2028 arca.

190 2047 285 2074 Omnia
296 2047 323 2074 in
337 2047 457 2074 [tonarent
473 2047 581 2073 hominis
597 2049 673 2083 facta.
687 2063 721 2069 —
732 2048 798 2075 Vide
813 2048 945 2082 quomodo

153 2093 246 2121 omnia
270 2093 297 2120 in
321 2092 450 2120 honorem
474 2092 590 2119 hominis
614 2093 685 2120 ﬁcit.
709 2093 774 2120 Nam
797 2094 865 2120 sicut
885 2102 945 2121 cum

156 2139 309 2167 hominibus
332 2139 376 2173 qui
406 2138 505 2166 diluvio
531 2140 684 2173 perierunt,
708 2147 786 2166 onute
808 2140 946 2167 IlI'IIIOI‘UlII

155 2185 310 2219 animalium
320 2192 405 2220 genus
424 2184 550 2220 perdidit,
572 2185 607 2211 ita
628 2185 670 2211 hic
684 2193 758 2212 suam
772 2193 834 2220 erga
847 2186 947 2220 justum

156 2231 233 2258 illum
254 2230 462 2259 miscricordiam
483 2230 619 2257 declarare
634 2230 745 2263 volens,
770 2231 796 2258 in
819 2231 947 2258 honorem

157 2277 227 2311 eius,
249 2283 324 2303 suam
345 2275 425 2303 etiam
447 2275 591 2303 bonitatem
611 2283 643 2302 ac
664 2283 754 2303 curam
777 2276 802 2303 in
825 2277 898 2303 bruta
922 2281 950 2304 et

158 2323 244 2354 feras,
266 2326 295 2350 et
313 2322 428 2349 volatilia
450 2327 475 2349 et
499 2322 603 2356 reptilia
626 2330 709 2356 usque
729 2323 834 2350 extendi
856 2323 949 2350 voluit.

162 2368 194 2395 Et
208 2367 356 2395 retardatus
369 2372 415 2400 est,
432 2367 533 2402 inquit,
548 2366 616 2394 Deus
629 2366 695 2401 Noe,
712 2372 735 2394 et
754 2369 865 2395 omnium
881 2371 950 2404 fera-

159 2423 233 2447 rum,
255 2419 279 2440 et
300 2414 412 2440 anmium
430 2414 613 2448 iumentorum,
635 2417 658 2440 et
677 2414 789 2440 omnium
812 2415 949 2449 reptilium,

160 2467 323 2494 quacumque
338 2463 407 2486 erant
428 2467 486 2485 cum
508 2459 553 2485 illo
574 2459 600 2485 in
620 2467 689 2486 arra.
714 2459 748 2486 Et
762 2460 869 2487 adduxit
885 2461 952 2488 Dens

160 2506 278 2541 spiritum
292 2513 369 2540 super
383 2509 493 2537 terram,
515 2510 540 2532 et
560 2506 665 2532 cessauit
685 2514 761 2541 aqua.
778 2507 952 2542 Recordatus,

162 2551 258 2585 iuqttit,
273 2549 341 2582 Noe,
358 2554 384 2577 et
399 2551 518 2577 omnium
533 2559 592 2585 qua:
605 2558 665 2578 cum
688 2551 733 2578 illo
752 2557 827 2579 erant
843 2553 867 2579 in
881 2560 952 2587 arca,

163 2596 291 2632 prmeepit
303 2603 379 2630 aqua:
402 2596 527 2630 impetum
542 2596 672 2630 detineri,
697 2601 725 2623 ut
739 2599 865 2632 paulatim
880 2608 954 2627 suam

162 2646 388 2669 commonstraret
400 2642 604 2676 benignitatem;
618 2648 645 2671 et
656 2649 747 2678 postea
758 2644 857 2679 justum
871 2647 957 2680 respi-

164 2694 224 2714 rare
237 2691 356 2718 curaret,
372 2691 402 2713 et
419 2694 433 2713 a
450 2688 599 2715 turbatione
615 2689 802 2723 cogitationum
819 2690 955 2717 liberatum

165 2739 192 2759 tn
205 2731 352 2766 tranquillo
365 2735 435 2758 statu
448 2733 632 2766 constitueret,
646 2737 773 2761 concesso
783 2739 810 2762 et
829 2735 894 2763 lucis
909 2743 956 2762 usu

205 2817 213 2831 ι
229 2814 305 2839 Saril.
318 2817 344 2838 ct
357 2813 454 2843 Morcl.,
465 2820 507 2838 nos
520 2813 612 2844 (ἡμᾶς),
626 2815 661 2842 et,
674 2819 800 2843 possumus
814 2814 960 2846 (δυνάμεθα).

1714 119 1764 148 ΞΜ

978 177 1005 200 ct
1019 173 1088 200 aeris
1103 173 1288 207 respiratione.
1307 173 1337 199 Et
1351 174 1456 202 adduxit
1479 175 1562 208 Deus,
1579 175 1677 211 inquit,
1691 178 1768 210 spiri—

978 223 1032 245 tum
1045 226 1120 253 super
1140 223 1243 251 terram,
1267 222 1289 244 et
1304 219 1408 246 cessavit
1429 228 1505 254 aqua.
1518 220 1545 247 2.
1561 220 1594 247 Et
1607 222 1696 249 obtecti
1709 228 1766 249 sunt

979 266 1059 299 fontes
1074 263 1157 298 abyssi
1179 269 1202 290 et
1224 268 1359 291 cataracta:
1376 265 1441 292 cali.
1462 265 1525 293 Vide
1537 267 1671 301 quomodo
1693 276 1767 296 more

981 308 1097 335 humano
1117 309 1233 343 loquitur
1252 309 1329 336 nobis
1343 310 1441 336 omnia.
1458 309 1554 337 Oblecti
1573 316 1648 345 sunt,
1671 311 1766 347 inquit,

980 356 1060 390 fontes
1075 354 1158 389 abyssi
1171 359 1193 381 et
1207 359 1340 382 cataracta:
1351 355 1416 388 mli,
1438 361 1462 382 et
1475 356 1582 383 cohibita
1596 357 1681 391 pluvia
1694 358 1749 385 ccli
1758 366 1768 386 :

979 400 1054 434 quasi
1067 395 1168 427 diceret
1179 420 1186 433 ,
1203 400 1334 434 placuisse
1348 401 1460 428 Domino
1474 405 1502 428 ut
1515 402 1609 429 iterum
1624 402 1651 429 in
1664 409 1711 430 sua
1724 411 1766 431 re-

979 444 1058 479 gione
1072 448 1213 472 manerent
1227 452 1304 479 aqua:
1316 465 1324 478 ,
1340 453 1425 480 neque
1440 446 1506 473 ultra
1522 447 1702 479 exundareut,
1723 449 1768 476 sed

979 490 1105 525 paulatim
1128 490 1291 519 desinerent.
1314 492 1342 520 5.
1365 492 1397 518 Ει
1419 492 1527 519 cedebat.
1541 501 1607 528 aqua
1629 494 1721 521 vadens
1740 497 1770 521 de

981 540 1047 563 terra
1059 556 1066 569 ,
1089 540 1111 562 et
1133 536 1292 564 minuebatur
1312 545 1378 571 aqua
1398 543 1453 573 post
1473 543 1570 565 centum
1589 539 1771 575 quinquaginta

981 581 1044 608 dies.
1058 581 1123 615 Quae
1136 582 1202 608 ratio
1219 583 1314 616 poterit
1327 583 1378 610 hoc
1391 592 1514 619 umquam
1525 585 1769 620 comprehendere?

982 627 1056 660 Esto,
1073 628 1146 655 stetit
1160 628 1258 662 pluria,
1273 629 1380 656 cohibiti
1396 629 1482 657 fontes
1495 638 1547 657 non
1560 631 1675 665 amplius
1689 639 1768 659 exun-

984 672 1096 704 dabant,
1110 676 1138 699 et
1151 677 1290 700 cataractze
1305 674 1363 700 caeli
1382 674 1505 702 cohibita:
1521 679 1582 702 sunt
1597 684 1602 701 :
1619 683 1685 710 aqua
1701 680 1771 703 tanta

987 717 1118 751 quomodo
1130 717 1228 744 desiit?
1244 718 1335 745 Omnia
1351 719 1460 753 abyssus
1475 725 1560 746 erant.
1572 720 1710 753 Quomodo
1726 721 1773 756 igi-

983 767 1024 790 tur
1039 768 1126 790 lantus
1147 771 1275 798 aquarum
1296 764 1381 790 ﬁuxus
1396 764 1483 791 subito
1505 766 1592 792 minor
1615 766 1698 793 factus
1711 767 1773 793 est?

983 807 1048 840 Quis
1063 807 1112 833 hoc
1127 807 1241 834 humana
1258 809 1361 835 ratione
1382 809 1502 837 invenire
1518 811 1612 844 poterit
1627 812 1773 846 umquam?

983 851 1050 884 Quid
1067 852 1147 886 igitur
1160 852 1323 879 dicendum?
1338 852 1386 879 Dei
1401 859 1560 888 praeceptum
1575 856 1699 890 estquod
1714 855 1774 883 facit

983 904 1082 923 OIIInlil.

1019 942 1046 970 ι.
1068 942 1105 969 Ne
1127 942 1207 977 igitur
1228 950 1276 970 nos
1298 943 1427 970 curiosius
1447 945 1618 980 exploremus
1631 947 1773 980 quomodo,

984 989 1030 1016 sed
1047 993 1146 1016 tantum
1162 989 1321 1021 credamus;
1344 997 1439 1024 nempe
1458 991 1555 1024 jussit,
1570 996 1596 1019 et
1608 993 1722 1020 exaltata
1736 999 1775 1020 est

984 1035 1096 1070 {lily‘SUS
1112 1043 1118 1062 :
1136 1035 1261 1069 prarcepit
1272 1055 1280 1068 ,
1302 1039 1328 1062 et
1343 1035 1437 1062 iterum
1454 1044 1531 1063 suum
1545 1037 1674 1064 continuit
1690 1038 1776 1072 impe-

986 1084 1058 1112 tum,
1079 1085 1106 1108 et
1120 1080 1151 1106 ad
1169 1080 1303 1114 [imprium
1325 1081 1457 1107 concessit
1482 1081 1578 1114 locum,
1603 1090 1682 1116 quem
1704 1083 1776 1111 solus

986 1125 1042 1160 ipse
1057 1126 1185 1152 Dominus
1200 1126 1267 1158 scit,
1283 1126 1326 1160 qui
1347 1125 1475 1153 condidit.
1491 1127 1517 1153 4.
1534 1126 1567 1153 Ει
1582 1128 1660 1160 sedit,
1682 1129 1776 1163 inquit,

986 1180 1045 1198 arca
1057 1179 1139 1199 mense
1149 1172 1263 1205 septimo,
1277 1171 1393 1198 vicesima
1404 1172 1509 1207 septima
1520 1173 1611 1200 mensis
1620 1182 1696 1208 suptr
1707 1183 1778 1201 tuon-

986 1221 1022 1244 tes
1043 1217 1142 1244 Ararut.
1165 1217 1192 1244 5.
1207 1217 1278 1252 Aqua
1293 1221 1377 1243 autem
1399 1217 1556 1244 decrescebat
1570 1226 1648 1253 usque
1661 1219 1695 1246 ad
1709 1219 1778 1246 deci-

987 1271 1055 1289 mum
1074 1270 1183 1289 mensem
1202 1270 1212 1289 :
1232 1267 1254 1288 et
1277 1268 1449 1297 apparuerunt
1469 1263 1600 1290 cacumina
1619 1265 1739 1291 montium
1754 1266 1778 1291 in

987 1309 1084 1336 decium
1110 1316 1193 1336 mense
1213 1329 1219 1340 ,
1247 1309 1331 1343 prima
1357 1309 1458 1336 mensis.
1484 1309 1549 1337 Vide
1567 1317 1646 1345 quam
1671 1315 1780 1345 repente

988 1355 1055 1382 facta
1070 1355 1189 1387 mutatio.
1200 1360 1228 1382 et
1243 1359 1340 1389 quanta
1355 1355 1432 1382 simul
1445 1363 1573 1390 aquarum
1587 1361 1680 1384 natura
1694 1357 1781 1385 desie-

988 1402 1033 1434 rit,
1053 1406 1081 1429 ut
1094 1409 1173 1436 supra
1188 1405 1293 1428 montes
1307 1408 1369 1428 arca
1385 1401 1522 1430 resideret.
1538 1401 1603 1435 Quae
1615 1410 1693 1438 supra
1708 1403 1781 1431 dixe-

990 1453 1030 1475 rat
1045 1447 1182 1482 Scriptura
1192 1469 1199 1480 ,
1216 1447 1367 1482 quindecim
1388 1448 1484 1475 cubitis
1498 1455 1579 1483 super
1592 1453 1695 1476 montes
1708 1450 1781 1476 exal-

992 1498 1073 1521 tatam
1089 1493 1171 1520 fuisse
1186 1500 1280 1527 aquam
1297 1500 1304 1519 :
1321 1500 1392 1520 nunc
1405 1493 1469 1520 dicit
1484 1493 1585 1520 sedisse
1600 1501 1689 1520 arcam
1703 1501 1782 1528 super

991 1543 1095 1567 montes
1115 1539 1226 1572 Ararat,
1242 1543 1269 1565 et
1283 1538 1408 1573 paulatim
1425 1543 1517 1572 postea
1537 1546 1632 1573 aquam
1653 1546 1735 1575 usque
1750 1540 1783 1567 ad

992 1584 1125 1611 decimum
1151 1591 1270 1611 mensem
1298 1583 1470 1618 decrevisse,
1498 1589 1525 1611 ct
1550 1585 1655 1612 tandem
1679 1585 1784 1612 decimo

993 1637 1084 1656 mense
1109 1629 1164 1656 visa
1193 1628 1273 1656 fuisse
1299 1629 1435 1656 cacumina
1462 1622 1601 1657 montium.
1628 1631 1784 1664 Considera,

994 1683 1095 1710 quarso,
1114 1675 1178 1710 justi
1194 1675 1370 1706 constantiam
1382 1696 1389 1707 ,
1406 1676 1539 1710 quomodo
1554 1676 1650 1704 durare
1671 1679 1786 1711 potuerit

994 1726 1034 1748 tot
1047 1721 1203 1753 mensibus,
1225 1721 1270 1755 qui
1291 1721 1365 1755 quasi
1389 1721 1414 1747 in
1439 1721 1556 1748 tenebris
1578 1727 1635 1749 erat
1659 1722 1784 1750 inclusus.

994 1767 1020 1794 6.
1037 1766 1070 1792 Et
1084 1767 1177 1801 factum
1192 1771 1237 1798 est,
1254 1766 1346 1800 inquit,
1363 1771 1417 1800 post
1430 1766 1599 1802 quadraginta
1610 1767 1673 1800 dies,
1688 1769 1786 1803 aperuit

997 1811 1054 1838 Noe
1075 1811 1209 1845 fenestram
1222 1819 1304 1843 arcte,
1326 1819 1402 1845 quam
1416 1813 1524 1846 fecerat,
1541 1817 1564 1838 et
1579 1813 1658 1839 cntisit
1674 1821 1786 1846 corvum,

996 1861 1024 1883 ut
1038 1856 1131 1883 videret
1144 1864 1204 1882 num
1218 1861 1336 1882 cessasset
1350 1864 1424 1891 aqua.
1438 1856 1506 1884 Ecce
1516 1857 1603 1891 justus
1617 1858 1659 1884 ille
1671 1858 1787 1886 nonduin

997 1910 1043 1938 per
1059 1910 1087 1930 se
1101 1901 1181 1929 audet
1201 1903 1352 1936 respicere,
1373 1902 1420 1930 sed
1441 1910 1550 1930 corvum
1569 1903 1665 1938 mittit,
1688 1912 1719 1932 ac
1742 1912 1789 1940 per

998 1949 1073 1976 illttm
1089 1948 1192 1976 discere
1204 1947 1270 1980 vult,
1284 1955 1317 1974 an
1334 1949 1403 1976 bona
1418 1956 1507 1976 rerutn
1523 1950 1633 1976 mutatio
1649 1950 1736 1985 aliqua
1755 1951 1790 1977 sit

998 1993 1185 2029 exspectanda.
1200 1994 1226 2021 7.
1239 1993 1274 2020 Et
1288 2002 1412 2028 egressus,
1426 1994 1522 2029 inquit,
1537 2002 1586 2021 non
1605 1995 1696 2027 rediit,
1712 1995 1790 2022 donec

998 2041 1134 2068 siccantur
1145 2048 1211 2075 aqua
1224 2049 1239 2067 a
1252 2045 1328 2067 terra.
1342 2040 1446 2075 Adiecit
1459 2040 1595 2075 Scriptura
1606 2042 1714 2069 verbum
1728 2041 1787 2074 hoc,

1000 2086 1096 2119 Donec,
1110 2094 1162 2113 non
1173 2086 1242 2121 quod
1257 2090 1347 2121 postea
1360 2086 1484 2119 redierit;
1500 2086 1548 2114 sed
1560 2087 1656 2114 idioma
1671 2093 1711 2115 cst
1721 2088 1791 2115 Scri-

1001 2136 1085 2167 ptura:
1099 2131 1206 2158 divina).
1228 2131 1261 2158 Et
1275 2131 1344 2158 hanc
1357 2132 1575 2159 consuetudinem
1590 2140 1660 2168 smpe
1674 2133 1734 2168 quis
1749 2134 1790 2160 itt-

1000 2177 1099 2209 vcniet,
1113 2181 1275 2211 posseutque
1287 2176 1369 2203 multa
1383 2176 1443 2203 talia
1457 2177 1579 2210 inveniri,
1591 2185 1622 2205 ac
1635 2177 1661 2205 in
1677 2178 1792 2206 medium

1001 2223 1090 2252 aﬁ'erri
1106 2231 1113 2249 :
1127 2222 1172 2250 sed
1193 2230 1228 2250 ne
1246 2222 1334 2249 omnia
1349 2230 1363 2248 a
1379 2222 1457 2249 nobis
1471 2222 1604 2250 discentes
1618 2223 1794 2259 negligentio-

1002 2275 1046 2296 res
1059 2268 1189 2300 evadatis,
1206 2268 1280 2295 vobis
1295 2267 1483 2302 relinquimus,
1499 2273 1527 2295 ut
1541 2268 1704 2304 Scripturam
1718 2277 1793 2297 scru-

1003 2314 1113 2347 temini,
1129 2318 1156 2341 ct
1178 2313 1320 2341 inveniatis
1340 2313 1447 2341 ubinam
1463 2315 1668 2348 proprietatibus
1682 2319 1708 2342 et
1727 2316 1795 2342 idio-

1004 2359 1118 2386 malibus
1131 2358 1313 2393 hujuscemodi
1334 2363 1430 2386 utatur.
1444 2359 1502 2387 Jam
1517 2364 1606 2387 autem
1625 2367 1713 2395 operat
1733 2369 1795 2395 pre-

1006 2406 1070 2432 tium
1087 2405 1179 2438 fucrit,
1203 2410 1232 2432 ttt
1245 2405 1348 2432 dicatur
1361 2412 1440 2433 causa
1453 2413 1536 2441 quare
1551 2413 1602 2433 non
1618 2406 1726 2433 redierit
1739 2406 1796 2434 haec

1005 2451 1072 2478 aris.
1087 2450 1220 2480 Fortassis
1232 2451 1290 2478 avis
1303 2451 1357 2482 illa,
1371 2451 1408 2478 uti
1420 2456 1461 2478 est
1472 2451 1616 2483 immunda,
1631 2459 1691 2479 cum
1703 2452 1796 2480 desiis-

1006 2501 1067 2524 sent
1079 2503 1164 2531 aquae,
1177 2497 1269 2523 incidit
1280 2497 1305 2523 in
1316 2497 1445 2524 cadavera
1457 2496 1595 2523 hominum
1608 2501 1635 2524 et
1646 2498 1794 2531 brutorum,

1008 2541 1103 2575 quibus
1114 2562 1121 2574 ,
1141 2541 1249 2568 invento
1267 2541 1317 2568 sibi
1331 2542 1486 2576 congruenti
1501 2542 1561 2569 cibo
1572 2562 1580 2575 ,
1596 2542 1691 2570 insedit
1704 2552 1710 2570 :
1727 2545 1796 2579 quod

1008 2587 1088 2614 etiam
1105 2587 1190 2621 ipsmn
1207 2594 1258 2613 non
1270 2594 1379 2621 parvum
1394 2587 1470 2613 bona:
1484 2587 1540 2622 spei
1553 2594 1736 2622 argumentum
1751 2590 1798 2617 fuit

1009 2632 1091 2667 justo.
1115 2631 1220 2666 Alioqui
1243 2631 1332 2663 enim,
1354 2632 1404 2658 nisi
1427 2632 1634 2661 consolationem
1656 2634 1799 2663 inreuis>et

1009 2677 1145 2712 aliquam,
1165 2684 1271 2704 reversa
1291 2677 1382 2711 utique
1401 2677 1501 2704 fuisset.
1515 2678 1602 2714 Atque
1622 2684 1650 2707 ut
1671 2680 1722 2708 hoc
1741 2689 1800 2709 esse

1011 2730 1104 2749 rerum
1128 2723 1214 2755 scias,
1240 2728 1330 2756 postea
1352 2722 1439 2756 justus
1463 2724 1573 2751 meliore
1596 2732 1644 2759 spe
1663 2733 1800 2761 conrepta,

1012 2768 1111 2795 emittit
1125 2767 1291 2800 columbam,
1306 2775 1380 2795 avem
1397 2769 1485 2796 mitem
1500 2774 1526 2796 et
1548 2770 1703 2799 familiarem
1716 2794 1723 2803 ,
1744 2781 1800 2806 qua!

1016 2814 1109 2841 miram
1125 2822 1179 2848 pm
1194 2821 1224 2841 se
1239 2813 1290 2841 fert
1311 2815 1539 2842 mansuetudinem
1553 2837 1560 2849 ,
1582 2821 1609 2844 ct
1622 2825 1679 2853 qua:
1692 2814 1802 2844 nonnisi
