2058 3123
248 99 299 126 ἳὲιδ

244 154 390 180 seminibus
405 153 475 187 pasci
490 153 576 185 solita,
588 160 621 179 ex
637 152 709 187 puris
719 156 760 179 est
773 150 873 178 avibus.
889 151 915 178 8.
926 149 959 177 Et
969 151 1030 177 emi-

244 199 292 232 sit,
307 199 406 233 inquit,
426 198 567 225 columbam
581 206 596 224 a
609 207 651 230 se,
671 203 698 224 ut
715 197 826 229 videret,
841 205 900 223 num
913 200 1032 223 cessasset

244 252 309 278 aqua
330 252 345 269 ιι
360 243 424 279 facie
444 247 526 270 teme.
549 243 576 270 9.
591 242 622 269 At
639 243 753 269 columba
768 250 817 268 non
837 241 935 268 inventa
947 241 1032 274 requie

246 289 350 324 pedibus
363 289 426 322 suis,
440 289 514 315 rediit
530 289 563 315 ad
576 289 659 323 ipsum
673 288 699 314 in
712 296 799 314 arcam
809 308 816 319 ,
831 288 890 322 quia
902 295 967 320 aqua
979 291 1031 314 erat

247 343 321 370 super
335 343 433 361 onmem
447 334 536 370 faciem
547 338 629 361 terret.
641 333 691 360 Par
699 337 749 365 est,
758 337 786 360 ut
800 332 841 360 hic
854 333 1031 367 disquiramus

245 380 379 415 quomodo
392 387 453 407 cum
467 387 545 415 supra
560 379 656 406 dixerit
676 378 811 412 Scriptura
831 383 920 405 sancta
931 398 937 408 ,
954 385 1032 404 cacu-

245 426 315 452 mina
337 426 466 452 montium
491 426 572 452 fuisse
591 425 663 457 visa,
685 431 755 451 nunc
775 423 848 457 dicit,
870 423 1030 454 columbam,

245 478 297 496 non
310 472 417 497 inventa
431 469 532 505 requie,
548 470 580 497 ad
597 470 682 504 ipsum
695 469 722 497 in
735 476 822 496 arcam
837 467 957 501 rediisse,
971 468 1031 503 quia

243 523 312 550 aqua
325 519 383 543 erat
392 523 472 551 super
482 523 587 543 omnem
600 515 692 542 faciem
707 519 795 542 terrae.
810 514 952 549 Diligenter
963 514 1032 548 lcga-

244 567 303 587 mus
318 560 380 595 quid
393 560 428 587 sil
447 561 556 592 dictum,
580 564 607 587 et
628 560 742 587 sciemus
756 567 873 586 causam.
889 559 946 586 Non
961 560 1031 587 enim

244 606 399 640 simpliciter
414 606 497 640 dixit,
519 605 581 632 Non
600 606 699 632 iuventa
717 605 816 639 requie,
837 605 884 632 sed
899 605 1030 639 apposuit,

246 650 354 678 Pedibus
375 652 442 684 suis,
465 655 493 678 ut
513 651 608 678 doceat
631 659 698 683 nos,
720 650 825 678 tametsi
847 650 980 677 desierant
998 658 1032 677 ex

245 702 317 730 parte
331 697 415 731 aliqua
435 704 521 731 aquae,
544 701 571 723 et
592 696 728 723 cacumina
750 695 878 723 montium
900 703 1031 730 apparue-

244 747 320 775 rant,
341 742 427 769 adhuc
443 747 531 769 tamen
546 742 579 769 ob
597 741 785 768 abundantiam
807 748 935 775 aquarum
951 741 1030 768 etiam

244 787 372 813 montium
386 787 523 813 cacumina
538 786 601 813 limo
616 786 692 820 plena
706 786 797 813 fuisse.
814 785 846 812 Et
860 785 918 812 ideo
930 785 1031 812 eolum-

243 832 273 858 ba
290 831 405 858 nondum
422 836 513 865 stare,
537 838 624 866 neque
646 830 849 858 convenientem
871 831 921 857 sibi
943 831 1031 858 cibum

243 878 361 904 invenire
375 877 467 904 valens
478 897 485 910 ,
506 883 611 904 reversa
626 881 683 908 est,
705 877 790 904 reditu
808 884 857 903 suo
877 876 976 903 docens
987 876 1030 911 ju-

243 927 313 949 stum
324 943 332 956 ,
348 929 407 949 esse
421 921 508 949 adlmc
527 929 647 956 magnam
667 928 794 956 aquarum
813 921 926 955 copiam.
942 920 975 947 Et
988 929 1032 948 ex-

246 973 314 995 tenta
325 988 332 1000 ,
347 967 430 1002 inquit
441 987 447 999 ,
464 975 538 993 manu
552 968 646 1000 accepit
661 967 732 992 illam
742 986 749 997 ,
766 971 789 992 et
806 966 946 992 introduxit
961 966 1031 992 illam

242 1014 275 1039 ad
287 1022 313 1040 te
327 1014 352 1039 in
367 1021 462 1039 arcam.
476 1012 570 1039 Vidisti
585 1017 680 1047 quanta
693 1012 749 1038 avis
764 1011 951 1044 mansuetudo,
966 1019 1031 1046 quo-

242 1058 320 1086 modo
335 1058 442 1085 rediens
460 1058 560 1092 justum
580 1057 670 1085 docuit
680 1077 688 1090 ,
702 1062 731 1084 ut
742 1057 933 1092 aliquantisper
945 1057 1032 1084 adhuc

242 1103 467 1139 longanimitatetn
482 1103 640 1130 exhiberet?
663 1102 742 1136 Ideo,
760 1102 804 1130 10.
830 1101 864 1128 Ει
883 1111 940 1129 cum
954 1103 1030 1129 msti-

241 1149 345 1181 nuinet,
361 1148 456 1183 inquit,
470 1147 552 1174 adhuc
564 1153 659 1182 septem
672 1147 740 1180 dies,
755 1147 836 1174 emisit
848 1147 988 1174 columbam
1002 1155 1032 1174 ex

241 1203 310 1221 arca.
325 1195 368 1221 il.
382 1193 415 1220 Et
425 1201 523 1220 reuersa
533 1198 568 1220 est
581 1193 614 1219 ad
626 1194 707 1228 ipsum
720 1192 836 1219 columba
847 1193 882 1218 ad
893 1199 1030 1227 vesperam,

241 1246 264 1266 et
280 1240 365 1266 habuit
378 1239 468 1275 folium
483 1239 554 1265 oliva:
568 1238 696 1265 surculum
710 1238 736 1264 in
754 1246 797 1265 ore
810 1246 867 1264 suo.
891 1237 949 1264 Non
968 1237 1030 1264 abs-

241 1294 293 1320 que
313 1286 432 1319 ratione,
449 1293 535 1320 ueque
557 1290 657 1312 temere
679 1284 815 1319 adjunxit,
831 1283 872 1310 Ad
886 1291 1030 1318 vesperam:

240 1332 288 1358 sed
305 1337 333 1359 ut
352 1331 485 1358 discamus
495 1351 502 1362 ,
518 1338 576 1358 eam
591 1334 643 1357 tota
659 1329 703 1356 die
718 1334 817 1363 pastam
834 1328 932 1360 fuisse,
947 1333 974 1356 et
988 1330 1030 1355 in-

243 1381 320 1404 vcnto
333 1376 383 1404 sibi
397 1375 564 1403 convenienti
578 1375 649 1407 cibo,
665 1374 698 1402 ad
713 1381 851 1409 vesperam
867 1373 988 1404 rediisse,
1004 1374 1029 1400 in

240 1430 287 1450 ore
309 1422 437 1450 ferentem
460 1421 596 1449 surculum
616 1420 704 1447 olivae.
729 1419 793 1446 Tale
815 1419 912 1454 quippe
933 1419 1029 1446 animal

240 1473 281 1495 est
295 1468 369 1500 mite,
385 1472 412 1495 et
435 1472 524 1494 nostra
547 1466 723 1493 familiaritate
735 1465 872 1500 gaudens;
892 1469 918 1492 ct
931 1465 1030 1491 idcirco

242 1513 338 1546 rediit,
352 1517 381 1539 et
393 1513 469 1539 olivae
484 1512 590 1539 surculo
605 1511 716 1538 multum
732 1511 818 1538 solatii
840 1511 912 1545 justo
931 1510 1027 1537 attulit.

241 1559 292 1586 Sed
304 1559 401 1586 dixerit
414 1558 525 1584 fortasse
537 1557 631 1592 aliquis
643 1566 648 1583 :
662 1557 696 1583 Et
707 1557 814 1583 ubinam
827 1557 927 1583 invenit
940 1556 1028 1583 folium

240 1603 336 1630 olivm?
352 1602 447 1630 Totum
464 1602 514 1629 hoc
535 1601 631 1629 factum
652 1606 693 1628 est
712 1601 911 1636 dispensatione
930 1601 1027 1634 divina,

238 1655 264 1677 ιιι
280 1647 348 1682 quod
364 1647 485 1674 columba
509 1647 656 1679 invenerit,
672 1651 699 1673 et
712 1646 783 1681 quod
797 1653 844 1673 ore
859 1646 989 1681 receperit
1004 1652 1028 1674 et

240 1694 271 1720 ad
284 1694 383 1728 justum
397 1701 504 1720 reversa
521 1693 555 1719 sit
570 1701 576 1719 :
592 1693 709 1727 alioquin
724 1696 750 1719 et
763 1692 842 1719 arbor
855 1692 912 1719 haec
925 1700 1030 1727 semper

242 1739 330 1765 virens
342 1743 393 1771 est,
409 1738 606 1772 verisimileque
619 1741 671 1770 est,
688 1742 825 1772 postquam
839 1745 915 1773 aqua:
927 1746 1030 1773 regres-

240 1792 276 1810 sa:
290 1787 367 1815 sunt,
385 1783 506 1810 arborem
520 1782 588 1809 hanc
604 1782 691 1809 adhuc
706 1782 830 1810 habuisse
845 1782 967 1810 foliorum
983 1791 1029 1810 co-

242 1837 322 1855 mam.
339 1828 380 1855 l2.
394 1828 427 1854 Et
440 1833 466 1854 ut
479 1829 641 1863 exspectavit,
656 1828 751 1862 inquit,
766 1828 849 1854 adhuc
862 1834 955 1862 septem
966 1829 1030 1856 alios

240 1875 303 1906 dies,
319 1874 401 1901 emisit
411 1873 551 1900 columbam
565 1893 572 1905 ,
588 1878 610 1900 et
623 1881 672 1900 non
688 1874 779 1908 adjecit
794 1878 820 1900 ut
835 1875 869 1900 ad
883 1875 956 1901 illum
969 1875 1027 1902 red-

240 1921 295 1946 iret.
312 1919 378 1946 Vide
389 1918 522 1954 quomodo
537 1919 622 1952 iustus
636 1919 662 1946 in
678 1919 801 1946 omnibus
818 1920 1028 1948 consolationem

241 1965 362 1992 idoneam
386 1965 506 1999 accipiat.
523 1964 589 1991 Nam
612 1969 640 1991 ut
662 1964 730 1991 bona
751 1971 799 1999 spe
821 1969 955 1993 recreatus
976 1971 1027 1999 est,

240 2018 300 2037 cum
324 2010 436 2042 redirrt,
458 2014 485 2036 et
505 2009 581 2036 oliva:
605 2009 695 2036 folium
722 2009 748 2036 in
770 2017 816 2037 ore
839 2010 920 2038 ferret
935 2019 941 2036 ι
957 2011 990 2037 ita
1004 2016 1030 2038 et

241 2063 312 2083 nunc
326 2063 386 2082 cum
400 2062 505 2090 egressa
522 2063 573 2082 non
588 2054 672 2088 redit,
688 2056 830 2082 maximum
846 2056 882 2082 illi
903 2056 1029 2084 indicium

241 2101 299 2133 fuit,
320 2108 377 2127 eam
399 2099 572 2127 sufﬁcientem
597 2100 730 2126 invenisse
752 2099 982 2133 rcfociltatiOnem,
1002 2106 1030 2128 et

240 2152 321 2180 aquas
336 2144 360 2170 in
375 2144 526 2170 universum
541 2144 663 2171 desiisse.
680 2144 712 2171 Et
725 2145 775 2171 hoc
789 2145 823 2171 ita
838 2152 906 2177 esse,
922 2146 983 2172 audi
996 2153 1029 2173 ex

241 2189 421 2224 sequentibus.
440 2190 481 2216 15.
498 2188 530 2215 Ει
543 2189 637 2223 factum
651 2194 701 2221 est,
718 2189 816 2224 inquit,
830 2190 856 2216 in
872 2198 921 2217 uno
933 2195 957 2218 et
970 2199 1029 2218 sea:-

240 2236 373 2262 centesimo
386 2243 452 2262 anno
465 2236 522 2262 vita:
541 2235 596 2262 Noe
605 2256 613 2268 ,
628 2236 709 2270 primo
728 2243 811 2262 ntente
829 2236 919 2270 defecit
933 2244 999 2271 aqua
1013 2246 1029 2264 a

242 2281 306 2315 facie
325 2285 407 2307 terrm.
423 2280 454 2307 Et
470 2281 568 2315 aperuit
582 2280 638 2306 Noe
655 2285 744 2306 tectum
756 2288 823 2307 arca:
839 2281 905 2316 quod
925 2284 1026 2316 fecerat,

241 2333 262 2354 rt
276 2327 336 2354 vidit
349 2327 415 2362 quod
428 2327 516 2363 defecit
531 2335 596 2360 aqua
608 2335 623 2352 ιι
637 2327 702 2362 facie
714 2330 795 2354 terrm.

275 2374 302 2400 5.
323 2373 419 2400 lterum
434 2373 475 2399 hic
490 2381 531 2399 me
545 2376 637 2406 stupor
650 2372 758 2404 invadit,
768 2377 797 2399 ut
809 2373 932 2400 admirari
949 2381 1028 2408 cogar

238 2419 300 2453 justi
321 2418 398 2453 hujus
411 2418 551 2449 virtutem,
575 2423 601 2444 et
622 2417 667 2444 Dei
687 2418 865 2446 clementiam.
889 2419 1027 2453 Quomodo

239 2465 320 2496 enim,
342 2471 441 2498 quaeso,
458 2468 517 2498 post
539 2467 639 2489 tantum
663 2468 776 2497 tempus,
799 2469 828 2491 ut
840 2472 868 2492 se
883 2466 937 2492 aeri
952 2473 1026 2492 eom-

240 2510 321 2542 misit,
345 2515 371 2537 ct
384 2509 475 2536 oculos
487 2509 519 2535 ad
533 2510 625 2536 carlum
640 2510 811 2544 spectandum
827 2511 949 2545 intendit,
972 2521 1024 2539 non

240 2560 333 2589 captus
346 2559 387 2581 est
401 2554 484 2581 oculis
496 2559 523 2581 et
536 2560 683 2582 excmcatus
693 2556 704 2582 ?
716 2555 801 2583 Probe
814 2564 928 2592 namque
940 2559 1024 2591 scitis,

241 2600 290 2626 hoc
305 2600 457 2634 contingere
472 2599 622 2627 hominibus
636 2600 736 2633 solere,
758 2601 836 2628 etiam
861 2603 893 2629 ad
917 2609 1024 2637 parvam

240 2646 290 2673 diei
313 2651 414 2680 partem
437 2646 462 2672 in
484 2646 632 2673 tenebrosis
646 2647 849 2682 caliginosisque
863 2647 927 2675 locis
942 2655 1023 2682 agen-
1048 2660 1053 2664 -

240 2692 318 2724 tibus,
341 2699 400 2718 cum
416 2692 503 2718 subito
523 2692 547 2719 in
567 2691 633 2719 lucis
646 2691 775 2727 fulgorem
788 2693 908 2726 aspicere
921 2693 1021 2720 volunt.

237 2736 327 2763 Justus
339 2741 427 2763 autent
451 2737 496 2764 ille
515 2745 585 2764 anno
608 2737 720 2772 integro,
739 2742 764 2764 et
781 2741 820 2764 tot
840 2737 974 2765 mensibus
996 2738 1022 2765 in

239 2788 302 2809 arca
313 2803 320 2816 ,
343 2783 417 2817 quasi
441 2783 467 2810 in
484 2783 599 2811 tenebris
613 2789 704 2818 agens,
729 2783 808 2810 etiam
825 2791 894 2811 nunc
912 2787 1022 2819 repente

598 97 625 124 S.
646 94 784 124 .lO.'tNNlS
802 92 1040 122 CHRYSOSTOMI
1060 92 1218 120 ARCHIEP.
1239 91 1505 120 CONSTANTlNOP.

1819 93 1877 119 256

1086 149 1141 176 viso
1162 149 1227 176 lucis
1243 149 1346 183 iubare,
1372 149 1438 177 nihil
1463 149 1514 176 tale
1528 152 1654 183 expertus
1672 153 1722 176 est.
1736 149 1784 176 Dei
1805 151 1875 176 enim

1083 194 1167 229 gratia
1192 199 1259 227 erat,
1284 199 1311 221 et
1334 194 1457 229 patientia
1484 193 1517 220 ab
1539 200 1572 220 co
1592 193 1630 220 illi
1651 200 1790 227 concessa,
1817 201 1876 227 qua:

1083 241 1163 267 etiam
1187 240 1306 274 corporis
1331 246 1425 266 sensus
1451 238 1582 266 ﬁrmiores
1608 238 1770 271 reddiderat,
1785 243 1875 272 etpo-

1085 285 1211 312 tentiores
1230 292 1309 318 quam
1333 284 1377 318 qui
1399 283 1581 317 corporalibus
1599 283 1801 310 necessitatibus
1821 284 1876 310 vin-

1083 336 1215 357 cerentur.
1238 330 1281 356 14.
1306 328 1339 355 1η
1360 337 1444 355 mente
1465 333 1548 355 autem
1569 328 1679 355 secundo
1704 330 1817 363 arefacta
1841 333 1878 355 est

1084 379 1160 408 terra,
1176 376 1290 402 vicesimo
1304 380 1326 402 et
1339 375 1445 410 septitno
1457 375 1498 401 die
1511 375 1611 401 mensis.
1632 374 1690 401 Non
1710 375 1811 409 absque
1833 383 1873 402 ra-

1084 420 1155 448 tione
1180 425 1278 447 tantam
1298 419 1461 454 diligentiam
1484 419 1593 446 adhibet
1615 418 1701 446 divina
1722 419 1876 454 Scriptura,

1083 466 1129 493 sed
1150 471 1177 493 ut
1197 466 1331 493 discamus
1354 473 1438 500 usque
1459 464 1493 492 ad
1515 465 1629 500 primum
1643 465 1713 492 diem
1728 467 1791 492 anui
1807 465 1876 492 illius

1083 512 1338 539 consummationem
1355 511 1464 539 dilatam
1485 511 1580 543 fuisse,
1607 518 1661 546 quo
1681 516 1878 538 monstraretur

1081 557 1145 592 jnin
1160 558 1295 592 patientia,
1309 562 1336 584 et
1351 557 1432 585 totius
1447 557 1520 584 orbis
1534 557 1656 591 purgatio
1674 557 1759 584 fieret.
1777 557 1877 584 Deinde

1084 608 1222 638 postquam
1249 603 1324 638 quasi
1351 611 1366 630 a
1389 603 1469 630 sorde
1488 603 1600 637 quadam
1622 603 1710 629 abluta
1731 607 1772 630 est
1790 603 1877 630 omnis

1083 653 1214 681 creatura,
1231 653 1254 676 et
1272 649 1391 683 deposuit
1406 656 1512 676 omnem
1530 648 1669 682 maculam,
1685 656 1764 684 quam
1779 657 1809 676 ex
1826 649 1872 676 hu.

1083 701 1160 720 mana
1174 698 1344 721 contraxerat
1357 694 1465 726 malitia,
1481 693 1616 729 faciesque
1635 694 1660 721 ei
1681 702 1744 729 pura
1769 694 1872 721 reddita

1082 744 1122 766 est
1145 748 1152 765 :
1177 744 1239 766 tunc
1256 739 1370 774 denique
1386 739 1501 774 prtccipii
1517 745 1545 765 ιιι
1557 739 1643 773 justus
1658 745 1690 766 ex
1706 746 1765 766 arca
1788 745 1874 771 exi-at,

1086 786 1205 820 liberque
1218 793 1231 812 a
1247 786 1319 820 gravi
1335 785 1380 812 illo
1394 792 1502 812 carcere
1514 785 1575 817 fiat,
1590 789 1617 811 et
1630 784 1714 819 inquit
1728 793 1735 811 :
1751 785 1795 812 15.
1807 784 1877 812 Dixit

1083 831 1206 858 Dominus
1225 830 1294 858 Dens
1313 830 1346 857 ad
1362 830 1419 857 Noe
1435 830 1500 858 :16.
1514 829 1638 865 Egredere
1651 834 1689 863 tu,
1701 835 1725 857 et
1740 838 1804 857 uxor
1816 836 1875 862 tua,

1082 882 1106 903 et
1119 877 1166 911 filii
1179 877 1224 907 tui,
1250 881 1273 903 et
1295 885 1384 903 uxores
1408 877 1519 911 filiorum
1541 881 1641 902 tuorum
1657 880 1737 902 tecum
1759 884 1769 903 .'
1792 877 1836 904 l7.
1854 881 1877 904 et

1083 930 1167 948 omnes
1180 921 1264 948 bestia:
1285 929 1445 957 qutecumque
1465 926 1522 948 sunt
1536 926 1626 953 tecum,
1643 926 1666 948 et
1680 922 1761 948 omnis
1781 930 1840 949 caro
1860 931 1876 949 α

1082 967 1225 993 volatilibus
1238 975 1316 1001 usque
1325 967 1358 993 ad
1374 975 1474 1001 pecora,
1488 971 1511 993 et
1535 974 1608 993 omne
1627 967 1717 1001 reptile
1736 968 1803 1002 quod
1820 976 1876 994 mo-

1082 1017 1153 1038 vetur
1165 1020 1240 1047 super
1254 1017 1345 1038 terram
1359 1011 1422 1038 educ
1435 1017 1515 1038 tecum
1525 1031 1533 1043 ,
1554 1016 1577 1038 et
1598 1012 1701 1039 crescite
1713 1016 1735 1038 et
1750 1012 1874 1047 multipli-

1083 1058 1174 1083 camini
1195 1065 1272 1092 super
1294 1062 1396 1084 terram.
1426 1056 1552 1091 Expende
1574 1056 1617 1084 hic
1639 1056 1685 1084 Dei
1712 1057 1874 1090 bonitatem,

1082 1102 1216 1136 quomodo
1227 1110 1273 1137 per
1286 1102 1374 1129 omnia
1386 1102 1487 1137 justum
1501 1102 1662 1129 consolatur.
1678 1101 1743 1130 Nam
1754 1103 1815 1138 quia
1826 1103 1876 1130 im-

1083 1147 1184 1182 peravit
1199 1147 1247 1180 illi,
1268 1152 1297 1174 ut
1317 1148 1402 1175 exiret
1418 1155 1449 1175 ex
1472 1154 1532 1174 arca
1557 1147 1624 1182 ipse,
1643 1152 1672 1175 et
1684 1155 1761 1181 uxor,
1773 1153 1801 1176 et
1816 1148 1875 1181 ﬁlii,

1083 1198 1110 1220 et
1127 1201 1223 1221 uxores
1244 1193 1368 1224 ﬁliorum,
1392 1197 1420 1220 et
1441 1193 1533 1220 bestiae
1549 1201 1642 1221 omnes
1656 1202 1664 1220 :
1678 1198 1706 1220 ut
1721 1201 1754 1221 ne
1767 1198 1793 1221 et
1805 1194 1875 1221 istud

1084 1238 1170 1273 ipsum
1194 1246 1337 1265 nia-rorem
1351 1238 1467 1273 aliquem
1481 1239 1505 1265 ei
1520 1238 1636 1270 afferret,
1659 1243 1686 1266 et
1708 1239 1815 1266 anxium
1828 1247 1875 1266 re-

1082 1283 1215 1318 linqueret
1229 1284 1389 1318 cogitantem
1405 1283 1537 1318 quomodo
1552 1284 1577 1311 in
1593 1283 1735 1311 solitudine
1747 1288 1818 1311 esset
1832 1284 1875 1311 fu-

1082 1333 1167 1361 turus,
1187 1333 1287 1355 tantam
1312 1333 1390 1356 terra:
1418 1328 1583 1356 latitudinem
1607 1330 1680 1356 solus
1706 1329 1874 1363 inhabitans,

1082 1375 1155 1401 nullo
1171 1374 1225 1408 jam
1247 1374 1300 1400 alio
1315 1374 1422 1401 vivente.
1439 1383 1445 1401 :
1462 1374 1522 1402 ideo
1535 1378 1675 1409 postquam
1691 1374 1757 1402 dixit
1771 1383 1777 1401 :
1792 1375 1876 1410 Egre-

1081 1419 1145 1446 dere
1167 1427 1199 1446 ex
1221 1426 1293 1451 arca,
1311 1423 1337 1446 et
1357 1419 1425 1446 educ
1439 1419 1528 1446 omnia
1541 1424 1639 1452 tecum,
1653 1419 1726 1453 addit
1742 1429 1749 1447 :
1764 1420 1874 1448 Crescite

1081 1470 1104 1491 et
1118 1465 1320 1500 multiplicamini
1334 1474 1410 1500 super
1425 1466 1528 1492 terram.

1118 1509 1175 1537 Noe
1196 1512 1343 1546 ferrumtum
1365 1511 1462 1537 mundi.
1487 1525 1524 1530 —
1548 1510 1613 1538 Vide
1635 1511 1769 1546 quomodo
1787 1512 1877 1546 justus

1082 1556 1125 1583 ille
1146 1555 1234 1583 denuo
1254 1563 1398 1590 supernam
1425 1556 1522 1590 accipit
1544 1556 1768 1590 benedictionem,
1795 1565 1876 1592 quam

1081 1608 1143 1630 ante
1168 1603 1407 1637 transgressionem
1432 1607 1572 1637 acceperat
1593 1602 1687 1630 Adam.
1711 1602 1776 1630 Nam
1806 1603 1877 1630 sicut

1081 1648 1187 1682 quando
1214 1648 1258 1675 ille
1279 1648 1408 1675 formatos
1432 1653 1483 1681 est,
1511 1648 1612 1674 audivit
1630 1656 1636 1674 :
1656 1647 1688 1674 Et
1701 1648 1876 1675 beiietliriteit

1084 1693 1161 1726 Dens,
1178 1694 1263 1720 dicens
1281 1701 1289 1721 :
1310 1694 1418 1721 Crescite
1441 1698 1463 1720 et
1483 1693 1696 1729 multiplicamini,
1720 1699 1743 1720 et
1761 1694 1875 1721 domina-

1082 1741 1144 1767 mini
1165 1745 1239 1768 tcrrte
1261 1739 1337 1775 (Gen.
1355 1740 1380 1767 ι.
1397 1739 1443 1775 28)
1463 1749 1469 1767 :
1486 1740 1521 1766 ita
1543 1744 1575 1767 et
1592 1739 1653 1767 huic
1669 1747 1739 1766 nunc
1756 1740 1854 1767 dicitur
1868 1749 1876 1766 ι

1081 1786 1189 1813 Crescite
1208 1791 1230 1813 et
1251 1786 1452 1820 multiplicamini
1475 1794 1552 1820 super
1573 1790 1674 1812 (errant.
1689 1785 1791 1820 Quippe
1806 1785 1878 1812 sicut

1082 1834 1126 1860 ille
1149 1833 1224 1868 origo
1246 1837 1273 1860 et
1298 1832 1372 1860 radix
1395 1832 1443 1859 fuit
1464 1831 1585 1859 omnium
1602 1832 1646 1866 qui
1661 1833 1714 1858 nati
1729 1836 1791 1858 sunt
1813 1835 1878 1858 ante

1081 1877 1206 1904 diluvium
1230 1886 1237 1905 :
1259 1878 1293 1904 ita
1313 1882 1338 1904 et
1358 1877 1446 1912 justus
1465 1877 1508 1904 hic
1531 1877 1691 1904 fermentum
1717 1876 1874 1911 quoddam,

1081 1924 1165 1957 origo,
1179 1928 1207 1950 et
1221 1923 1296 1950 radix
1308 1928 1349 1950 est
1363 1923 1481 1950 onminm
1499 1923 1544 1957 qui
1559 1927 1618 1957 post
1635 1922 1761 1949 diluvium
1777 1921 1853 1949 fuere
1867 1931 1875 1949 :

1082 1973 1108 1994 et
1127 1968 1189 1995 hinc
1211 1973 1300 2002 postea
1333 1968 1456 1994 humanae
1493 1968 1690 1994 constitution's
1714 1967 1873 2002 principium

1082 2012 1179 2039 factum
1209 2017 1260 2039 est.
1289 2012 1415 2039 Creatnra
1440 2019 1546 2047 quoque
1565 2012 1654 2039 omnis
1674 2019 1750 2038 suum
1772 2012 1876 2046 accepit

1081 2062 1214 2089 ornatum,
1228 2061 1299 2084 terra
1314 2057 1347 2084 ad
1365 2056 1491 2084 ferendos
1511 2056 1612 2084 fructus
1626 2056 1721 2084 idonea
1736 2056 1805 2084 facta
1821 2062 1873 2089 est,

1081 2103 1186 2137 aliaque
1200 2103 1289 2130 omnia
1304 2111 1362 2138 qlae
1376 2107 1485 2138 propter
1496 2103 1612 2130 hominis
1622 2103 1798 2130 ministerium
1813 2109 1876 2131 sunt

1081 2149 1197 2176 condita.
1211 2149 1254 2176 18.
1270 2148 1301 2176 Et
1316 2157 1429 2184 egressus
1442 2155 1478 2176 est
1493 2149 1559 2182 Noe,
1572 2149 1666 2184 inquit,
1677 2154 1700 2176 et
1713 2157 1777 2176 uxor
1791 2150 1872 2181 illius,

1081 2199 1103 2220 et
1117 2194 1253 2228 filiiillius,
1274 2198 1296 2221 et
1318 2202 1408 2221 uxores
1424 2195 1535 2228 ﬁliorum
1556 2195 1626 2221 illitis
1643 2203 1700 2221 cum
1715 2203 1744 2222 eo
1752 2203 1762 2226 ,'
1785 2195 1828 2222 i9.
1850 2200 1876 2222 et

1083 2247 1168 2266 omnes
1192 2239 1292 2272 (restire,
1317 2245 1340 2266 et
1367 2239 1453 2266 omnia
1472 2248 1582 2274 pecora,
1610 2245 1633 2266 et
1659 2248 1733 2266 omne
1759 2240 1873 2272 volatile,

1080 2289 1103 2310 et
1122 2292 1194 2311 onore
1208 2284 1296 2319 reptile
1309 2284 1375 2319 quod
1392 2289 1502 2311 movetur
1516 2292 1592 2319 super
1603 2289 1695 2311 terram
1703 2285 1780 2320 juxta
1794 2293 1874 2320 genus

1080 2338 1155 2356 suum
1175 2330 1288 2356 exierunt
1303 2338 1335 2356 ea;
1348 2338 1418 2357 arca.
1448 2330 1590 2365 Postquam
1604 2331 1705 2365 accepit
1718 2330 1872 2358 mandatum

1080 2383 1094 2402 a
1123 2375 1234 2402 Domino
1259 2380 1285 2402 et
1311 2375 1522 2403 benedictionem
1543 2376 1692 2407 dicentem,
1709 2376 1820 2404 Crescite
1847 2381 1871 2402 et

1080 2421 1298 2455 multiplicamini,
1332 2421 1397 2448 exiit
1420 2428 1452 2448 ex
1480 2428 1541 2448 area
1564 2428 1624 2448 cum
1650 2421 1709 2448 aliis
1735 2421 1871 2448 omnibus.

1081 2465 1114 2492 Et
1139 2465 1249 2500 posthac
1275 2466 1300 2493 in
1326 2470 1378 2492 tota
1404 2470 1475 2493 terra
1499 2466 1571 2493 solus
1591 2466 1696 2494 vivebat
1717 2466 1805 2500 justus
1828 2467 1872 2494 ille

1079 2519 1140 2538 cum
1167 2519 1259 2545 uxore,
1285 2516 1311 2539 et
1335 2512 1404 2545 ﬁliis,
1427 2516 1454 2538 et
1473 2511 1600 2538 uxoribus
1621 2512 1736 2539 illorum.
1753 2512 1812 2539 Mox
1826 2521 1873 2540 au-

1079 2563 1132 2586 tem
1157 2562 1184 2585 ut
1204 2565 1326 2592 egressus
1348 2562 1399 2588 est,
1425 2565 1502 2584 suum
1527 2557 1665 2584 declarans
1689 2562 1792 2592 gratum
1811 2559 1871 2585 ani-

1079 2610 1150 2629 mum
1165 2623 1173 2635 ,
1199 2607 1252 2629 tam
1279 2611 1326 2637 pro
1346 2603 1377 2630 iis
1393 2611 1453 2638 quin
1476 2603 1677 2637 prseterieraut.
1703 2611 1782 2638 quam
1810 2612 1871 2638 qua!

1078 2647 1163 2674 futura
1188 2653 1273 2679 erant,
1292 2648 1391 2682 gratias
1406 2649 1518 2674 Domino
1542 2648 1646 2682 agebat.
1665 2648 1760 2675 Verum
1776 2648 1798 2675 si
1811 2650 1869 2683 pla.

1077 2697 1129 2725 ccl,
1152 2700 1185 2720 ne
1209 2701 1296 2720 sermo
1319 2693 1352 2719 sit
1373 2693 1485 2727 longior,
1511 2700 1678 2720 reservemus
1694 2694 1722 2719 in
1736 2693 1806 2720 diem
1823 2701 1871 2727 po-

1077 2743 1178 2765 sterum
1206 2746 1265 2772 qua:
1292 2738 1326 2765 ad
1352 2744 1455 2773 gratum
1483 2738 1548 2773 justi
1575 2738 1692 2765 animum
1715 2739 1871 2774 pertinent,

1080 2784 1187 2812 missum
1218 2784 1259 2811 hic
1285 2784 1411 2811 facientes
1439 2791 1589 2812 sermonem
1618 2794 1623 2811 :
1649 2789 1675 2812 et
1697 2784 1871 2812 obsecrantes
