2058 3123
187 136 240 164 257

182 199 253 234 μεθα
262 198 295 224 τὰ
309 197 378 224 κατὰ
389 195 436 231 τὴν
448 195 655 231 εὐγνωμοσύνην
664 196 710 223 τοῦ
723 196 839 230 δικαίου,
854 196 936 231 μέχρι
947 195 1008 222 τού-

181 251 226 268 του
239 241 387 275 στήσαντες
403 239 447 266 τδν
462 239 551 273 λόγον,
564 240 611 265 καὶ
622 239 860 274 παρακαλέσαντες
871 240 885 265 ὐ
890 238 947 274 μῶν
960 238 1009 273 τὴν

180 283 291 318 ἀγάπην
306 282 437 318 διηνεκῶς
454 282 549 308 τοῦτον
563 282 608 308 τὸν
620 283 752 316 μακάριον
770 283 799 308 ὲν
817 282 919 316 διανοίᾳ
932 289 1010 316 περι-

180 327 316 363 στρέφειν,
335 326 381 353 καὶ
395 326 446 360 τῆς
462 325 562 361 ἀρετῆς
576 324 658 351 αὐτοῦ
673 325 741 359 μετὰ
754 325 893 359 ἀκριϐείας
905 324 953 359 τὴν
966 324 1010 350 εὐ-

181 369 300 406 μορφίαν
323 369 550 404 καταμανθάνειν,
571 368 618 394 καὶ
633 367 755 402 ζηλωτάς
775 368 857 394 αὐτοῦ
877 367 1010 401 γίνεσθαι.

181 413 280 440 Σκόπει
292 413 347 448 γάρ
363 421 407 447 μοι
419 412 502 443 πόσος
519 410 601 437 αὐτοῦ
620 411 671 445 τῆς
688 411 788 446 ἀρετῆς
801 411 815 436 ό
829 409 952 440 πλοῦτος,
971 410 1009 435 ὅτι

182 457 304 491 σήμερον
318 457 346 483 ὲν
359 455 502 486 τοσαύταις
519 454 636 490 ἡμέραις
648 453 682 480 τὰ
702 453 763 479 κατ’
778 453 858 479 αὐτὸν
868 451 1013 487 διηγούμε-

183 508 235 530 νοι,
249 499 356 526 οὐδέπω
370 499 416 525 καὶ
427 499 474 525 νῦν
487 498 562 529 τέλος
575 496 649 533 [252]
669 496 801 523 ἐπιθεῖναι
817 495 965 530 ἰσχύσαμεν
978 497 1011 529 τῇ

183 542 243 569 κατ’
254 542 336 569 αὐτὸν
348 542 484 568 ὑποθέσει.
497 541 550 567 Καὶ
567 540 593 566 τί
604 540 675 574 λέγω
686 539 762 570 τέλος
775 538 904 565 ἐπιθεῖναι
916 547 924 571 ;
942 538 1013 564 Ὅσα

183 585 218 611 ἃν
240 585 373 619 εἴπωμεν,
397 585 426 610 οὐ
444 583 580 618 δυνάμεθα
603 582 744 617 ἐφικέσθαι
757 590 764 597 ’
782 581 850 608 ἀλλὰ
870 583 921 608 κᾶν
934 583 1012 616 ἡμεῖς

184 627 268 654 πολλὰ
294 627 451 662 δυνηθῶμεν
467 628 563 658 εἰπεῖν,
587 626 640 652 κᾶν
653 625 678 652 οί
696 625 754 660 μεθ’
768 625 852 660 ἡμᾶς,
868 624 929 650 οὐδὲ
943 624 1013 650 οὕτω

184 671 252 706 πρὸς
264 671 294 697 τὸ
305 671 379 702 τέλος
390 670 489 704 φθάσαι
500 669 669 704 δυνησόμεθα
677 677 685 685 ”
696 668 822 695 τοσοῦτόν
833 669 906 694 ἐστιν
917 667 1012 703 ἀρετή.

189 714 252 742 Ἐὰν
266 714 320 749 γὰρ
336 713 521 748 βουληθῶμεν,
547 713 655 740 ἃπασαν
675 711 754 747 ήμῶν
775 711 823 746 τὴν
839 711 918 744 φύσιν
938 708 1014 741 οὗτος

185 757 329 784 παιδεῦσαι
342 757 522 792 δυνήσεταιλ,
539 756 585 782 καὶ
598 755 666 791 πρὸς
683 755 727 781 τὸν
747 755 795 789 τῆς
815 754 914 789 ἀρετῆς
934 753 1014 788 ζῆλον

184 801 338 834 ὲναγαγεῖν.
358 799 442 825 ’Όταν
463 799 517 833 γὰρ
543 798 590 824 καὶ
622 796 722 833 μεταξὺ
737 797 871 823 τοσούτων
890 797 1014 831 πονηρῶν

185 843 422 878 ἀναστρεφόμενος
432 837 508 873 οὗτος
521 842 536 868 ό
547 841 657 873 δίκαιος,
669 841 715 867 καλ¹
731 840 833 876 μηδένα
846 840 914 874 ἔχων
925 840 1015 875 εὑρεῖν

184 884 343 920 όμότροπον,
371 885 439 920 πρὸς
461 883 586 910 τοσοῦτον
607 884 705 919 μέτρον
724 883 821 918 εὑρέθη
835 883 943 916 φθάνων
966 883 1015 918 τῆς

187 925 294 961 ἀρετῆς,
310 926 352 957 τίς
367 927 432 961 ἡμῖν
448 925 523 951 ἔσται
540 925 672 958 ἀπολογία
686 926 741 955 τοῖς
755 924 821 959 μηδὲ
836 923 953 950 τοσαῦτα
967 932 1017 950 κω-

187 969 293 1004 λύματα
306 969 407 1004 έχουσι,
429 969 474 994 καὶ
488 967 641 1003 ῥᾳθυμοῦσι
659 967 726 1002 πρὸς
743 967 791 1002 τὴν
805 966 906 1002 ταύτης
918 967 1017 1002 κατόρ-

187 1012 268 1038 θωσιν
280 1021 287 1043 ;
300 1012 346 1047 Μὴ
357 1012 410 1047 γάρ
423 1020 469 1046 μοι
485 1011 534 1046 τὴν
550 1012 580 1037 ὲν
602 1012 658 1042 τοῖς
676 1010 861 1041 πεντακοσίοις
871 1009 942 1036 ἔτεσι
957 1010 1015 1036 δια-

187 1054 277 1090 γωγὴν
291 1055 352 1088 λέγε
366 1055 454 1089 μόνον⁷
480 1054 521 1080 ὅτι
546 1053 760 1088 κωμῳδούμενος
783 1053 830 1078 καὶ
855 1052 1017 1087 χλευαζόμεο

187 1107 231 1131 νος
242 1098 353 1125 διετέλει
371 1098 422 1124 ὑπὸ
443 1098 495 1124 τῶν
520 1098 570 1132 τὴν
594 1097 693 1123 κακίαν
710 1097 867 1131 μετιόντων,
882 1095 949 1122 ἀλλὰ
970 1095 1017 1122 καὶ

186 1142 236 1176 τὴν
259 1143 288 1166 ὲν
308 1142 340 1175 τῇ
362 1140 469 1175 κιϐωτῷ
484 1140 634 1175 διατριϐήν.
657 1140 685 1166 '0
702 1140 755 1175 γὰρ
775 1139 896 1171 ἐνιαυτὸς
915 1140 1017 1170 ἐκεῖνος

187 1183 347 1219 ἀντίρροπος
362 1180 429 1209 εἷναί
446 1191 491 1217 μοι
507 1183 580 1208 δοκεῖ
601 1182 648 1208 τοῦ
673 1181 771 1212 παντὸς
786 1181 882 1216 χρόνου
895 1190 900 1195 -
922 1180 1017 1207 τοσαύ-

186 1236 236 1262 την
249 1228 306 1253 ὲκεῖ
319 1227 369 1261 τὴν
383 1226 471 1260 θλίψιν
491 1226 635 1260 ὑπομένειν
648 1226 663 1251 ὁ
675 1225 777 1256 δίκαιος
796 1223 976 1258 ἠναγκάζετο,
989 1225 1018 1250 ἐν

188 1270 353 1305 στενοχωρίᾳ
371 1269 480 1305 τοιαύτῃ
502 1269 653 1303 τυγχάνων,
676 1267 723 1294 καὶ
749 1267 815 1302 μηδὲ
831 1268 959 1294 ἀναπνεῖν
974 1267 1018 1293 δυ-

187 1314 314 1349 νάμενος,
329 1315 375 1340 καὶ
389 1313 437 1348 τῆς
451 1312 522 1347 μετὰ
532 1313 587 1338 τῶν
602 1311 704 1347 θηρίων
719 1311 828 1337 καὶτῶν
840 1310 943 1345 ἀλόγων
960 1311 1018 1337 δια-

187 1357 282 1392 γωγῆς
296 1356 468 1391 ἀνεχόμενος,
495 1356 541 1382 καὶ
556 1355 599 1382 διά
621 1355 728 1381 πάντων
751 1354 856 1386 δεικνὺς
873 1354 954 1381 αὐτοῦ
970 1355 1019 1389 τῆς

188 1399 301 1434 γνώμης
317 1399 347 1426 τὸ
357 1398 479 1434 στερρὸν,
492 1398 579 1425 καὶτὸ
587 1397 694 1429 ἁκλινὲς
707 1397 757 1432 τῆς
767 1398 961 1432 προαιρέσεως,
974 1397 1020 1423 καὶ

187 1443 237 1478 τὴν
253 1443 343 1469 πίστιν
358 1444 390 1477 ἣν
405 1442 468 1477 περὶ
484 1442 529 1468 τὸν
554 1441 620 1468 Θεὸν
635 1441 818 1472 ἐπεδείκνυτο,
841 1440 873 1466 δι’
889 1440 921 1475 ἣν
932 1441 1020 1467 πάντα

189 1486 284 1522 πράως
296 1486 343 1513 καὶ
355 1485 462 1519 κούφως
473 1484 565 1520 ἔφερε.
576 1484 625 1510 Δία
640 1492 682 1510 τοι
698 1483 786 1515 τοῦτο,
799 1483 892 1518 ἐπειδὴ
907 1483 941 1509 τὰ
954 1484 1019 1518 παρ’

189 1529 272 1556 αὐτοῦ
280 1529 368 1555 πάντα
377 1529 528 1562 εἰσήνεγκε,
537 1527 646 1554 καὶτῶν
655 1526 729 1561 παρὰ
736 1526 782 1553 τοῦ
793 1526 861 1552 Θεοῦ
871 1526 938 1560 μετὰ
944 1525 1020 1559 δαψι-

190 1572 267 1604 λείας
283 1573 450 1606 ἁπήλαυσεν.
462 1572 492 1597 Εἰ
511 1570 565 1605 γὰρ
577 1571 624 1596 καὶ
646 1569 827 1604 στενοχωρίαν
856 1569 954 1604 πολλὴν
971 1569 1022 1595 ὐπ-

191 1616 288 1651 έμενεν
300 1616 329 1641 ὲν
345 1616 378 1650 τῇ
387 1615 507 1649 διαγωγῇ
523 1615 571 1648 τῆς
585 1613 711 1644 κιϐωτοῦ,
723 1612 781 1639 ἀλλ’
798 1613 872 1647 ὅμως
884 1613 914 1638 τὺ
922 1612 1021 1638 κλυδώ-

189 1666 245 1686 νιον
260 1659 291 1684 τὸ
301 1658 414 1692 φοϐερὸν
430 1658 476 1684 καὶ
501 1657 549 1692 τὴν
572 1656 758 1691 πανωλεθρίαν
772 1656 880 1690 ἐκείνην
899 1656 1020 1689 διέφυγε.

191 1702 246 1729 Καὶ
261 1701 305 1728 διὰ
321 1701 398 1727 τοῦτο
429 1700 497 1735 μετὰ
517 1700 565 1735 τὴν
582 1700 762 1734 στενοχωρίαν
779 1699 886 1734 ἐκείνην
900 1699 946 1725 καὶ
974 1698 1022 1733 τὴν

191 1746 326 1781 ἀφόρητον
335 1744 455 1779 εἱρκτὴν,
467 1745 511 1770 καὶ
531 1744 622 1774 ἀδείας
633 1743 681 1769 καὶ
696 1743 814 1774 ἀνέσεως
829 1743 962 1778 ἀπήλαυε,
977 1743 1022 1769 καὶ

191 1789 241 1824 τῆς
257 1789 333 1823 παρὰ
347 1787 394 1814 τοῦ
409 1788 475 1814 Θεοῦ
492 1787 615 1820 εὐλογίας
627 1786 746 1821 ἠξιοῦτο,
767 1787 813 1813 καὶ
825 1786 906 1813 πάλιν
921 1786 969 1821 τὴν
983 1788 1022 1812 οἱ-

192 1833 269 1859 κείαν
279 1831 485 1867 εὐγνωμοσύνην
502 1830 544 1857 διὰ
554 1830 607 1857 τῶν
620 1830 706 1865 ἔργων
717 1829 844 1864 ἐπλήρου·
861 1830 907 1856 καὶ
920 1838 1022 1856 παντα-

193 1876 240 1911 χοῦ
251 1876 280 1902 ab
286 1875 376 1910 ρήσεις
382 1874 430 1905 τὰς
441 1873 527 1908 ἀρχὰς
537 1874 601 1908 παρ’
615 1872 696 1899 αὐτοῦ
709 1873 1024 1908 είσφερομένας.Ὦσπερ

192 1919 220 1945 δὲ
231 1919 280 1953 τὴν
292 1917 402 1953 πρώτην
420 1917 528 1944 ἅπασαν
542 1916 651 1951 ήλικίαν
662 1916 712 1951 τὴν
730 1915 830 1950 ἀρετὴν
846 1916 1022 1950 μεταδιώξας,

193 1961 240 1988 καὶ
254 1961 303 1996 τῆς
318 1960 415 1988 κακίας
431 1960 541 1986 ἐκείνων
555 1959 632 1990 έκτδς
643 1958 804 1993 γεγονὼς,οὐ
820 1959 1024 1994 συναπήλαυσεν

193 2006 282 2036 αὐτοῖς
296 2005 346 2039 τῆς
358 2004 504 2039 τιμωρίας,
525 2003 593 2030 ἀλλὰ
607 2003 715 2030 πάντων
730 2003 903 2038 ὐποδρυχίων
915 2003 1024 2038 γινομέ-

193 2054 245 2072 νων
260 2046 338 2077 αὐτὸς
358 2046 437 2080 μόνος
451 2044 602 2076 διεσώζετο·
622 2044 693 2070 οὕτω
713 2043 793 2071 πάλιν
807 2044 900 2079 ἐπειδὴ
926 2044 1024 2079 πολλὴν

192 2089 242 2124 τὴν
256 2089 345 2115 πίστιν
360 2088 512 2123 εἰσήνεγκε,
539 2087 586 2113 καὶ
603 2088 660 2122 μετ’
676 2087 851 2123 εὐχαριστίας
866 2087 915 2122 τῆς
938 2088 967 2114 ὲν
990 2089 1024 2122 τῇ

193 2132 300 2167 κιϐωτῷ
315 2133 447 2167 οίκήσεως
463 2131 598 2166 ἠνέσχετο,
626 2130 706 2157 πάλιν
729 2130 763 2156 τά
789 2130 862 2165 παρὰ
891 2130 937 2156 τοῦ
958 2130 1025 2157 Θεοῦ

192 2174 356 2209 ἠκολούθησε
369 2174 438 2208 μετὰ
464 2173 564 2207 πολλῆς
576 2174 624 2208 τῆς
636 2173 800 2207 φιλοτιμίας,
816 2173 862 2198 καὶ
876 2171 1025 2207 ἐξενεχθεὶς

193 2218 242 2251 τῆς
259 2216 384 2248 κιϐωτοῦ,
401 2217 448 2242 καὶ
465 2216 506 2247 εἰς
519 2216 567 2250 τὴν
585 2215 718 2250 προτέραν
735 2215 871 2250 διαγωγὴν
887 2215 1025 2243 ἀποκατα-

194 2260 313 2291 σταθεὶς,
331 2259 428 2290 εὐθέως
454 2259 578 2292 εὐλογίας
593 2258 726 2291 ἀξιοῦται,
757 2259 804 2284 καὶ
821 2258 901 2285 πάλιν
918 2259 966 2294 τὴν
985 2261 1023 2286 οἰ-

193 2303 271 2329 κείαν
285 2300 493 2336 εὐγνωμοσύνην
511 2301 724 2336 ὲπιδειξάμενος,
745 2301 790 2327 καὶ
799 2301 848 2335 τὴν
864 2301 932 2328 κατὰ
945 2302 1024 2328 δύνα-

195 2355 241 2381 μιν
255 2344 426 2380 εὐχαριστίαν
441 2343 632 2378 ποιησάμενος,
647 2344 693 2370 καὶ
709 2343 780 2370 οὓτω
796 2344 925 2379 μειζόνων
937 2345 1025 2377 ἀξιοῦ-

192 2399 237 2416 ται
251 2389 325 2424 παρὰ
339 2388 385 2414 τοῦ
399 2387 586 2423 φιλανθρώπου
597 2387 674 2414 Θεοῦ.
693 2387 747 2413 Καὶ
758 2387 811 2422 γὰρ
828 2387 887 2419 ἔθος
899 2387 978 2415 τοῦτο
988 2389 1026 2423 τῷ

192 2434 263 2469 Θεῷ,
278 2433 386 2460 ἐπειδὰν
407 2431 493 2468 μικρὰ
521 2432 568 2458 καὶ
581 2431 676 2466 εὐτελῆ
693 2430 757 2466 παρ’
773 2431 852 2466 ήμῶν
875 2432 1025 2468 είσενεχθῇ,

193 2479 267 2513 ὅμως
283 2478 304 2504 δ’
317 2475 364 2504 οὖν
377 2476 528 2511 είσενεχθῇ,
552 2475 652 2510 πολλὴν
662 2476 726 2510 ἡμῖν
737 2475 786 2510 τὴν
803 2476 866 2510 παρ’
882 2476 963 2502 αὐτοῦ
976 2476 1027 2503 δω-

194 2519 300 2556 ρεῖσθαι
317 2517 480 2553 φιλοτιμίαν.
493 2517 548 2544 Καὶ
559 2517 601 2543 ἵνα
615 2517 703 2552 μάθῃς
729 2517 776 2543 καὶ
791 2517 840 2552 τῆς
855 2517 1027 2552 ἀνθρωπίνης

195 2563 330 2594 εὐτελείας
344 2562 393 2596 τὴν
411 2560 572 2597 ὑπερὸολὴν,
586 2561 632 2587 καὶ
644 2560 690 2586 τοῦ
709 2560 843 2586 Δεσπότου
860 2569 906 2586 σου
915 2560 965 2595 τὴν
981 2569 1027 2594 φι-

195 2607 330 2641 λοτιμίαν,
347 2605 443 2631 σκόπει
461 2613 506 2640 μοι
520 2604 647 2631 ἐνταῦθα.
661 2604 719 2630 Κᾶν
736 2604 790 2639 γὰρ
809 2603 983 2638 βουληθῶμέν
1000 2612 1026 2629 τι

196 2650 368 2683 είσενεγκεῖν,
378 2648 404 2674 τί
420 2647 545 2675 τοσοῦτον
558 2647 737 2682 δυνησόμεθα,
750 2646 767 2682 ἦ
778 2647 838 2673 ὅσον
855 2646 903 2681 τὴν
913 2646 958 2672 διὰ
973 2646 1027 2673 τῶν

194 2695 280 2728 λόγων
296 2691 470 2728 εὐχαριστίαν
481 2691 663 2724 ἐπιδείξασθαι
677 2698 684 2722 ;
701 2690 741 2716 Τὰ
754 2690 803 2725 μέν
815 2698 856 2716 τοι
868 2690 931 2725 παρ’
946 2689 1027 2716 αὐτοῦ

194 2738 240 2764 διὰ
257 2737 310 2764 τῶν
324 2735 413 2771 ἔργων
431 2736 470 2767 εἰς
488 2735 560 2771 ἡμᾶς
574 2734 767 2770 ὲκπληροῦται.
783 2733 838 2760 Ποῦ
862 2731 909 2760 οὖν
923 2733 956 2760 ἂν
973 2732 1028 2760 ἴσον

230 2834 241 2848 ⁸
255 2831 324 2858 Mulli
337 2839 392 2860 mu.
403 2833 466 2857 οὕτω
475 2831 600 2856 παιδεῦσαι
611 2830 765 2861 δυνησόμεθα.

556 136 584 164 S.
607 137 746 165 JOANNIS
765 136 1007 166 CHRYSOSTOMI
1032 137 1191 166 ARCHIEP.
1213 134 1483 165 CONSTANTINOP.

1063 197 1166 230 γένοιτο
1177 196 1245 232 ἔργα
1263 195 1310 222 καὶ
1324 195 1413 229 λόγοι;
1435 190 1571 226 Ἀνενδεὴς
1586 188 1640 232 γὰρ
1657 189 1694 216 ὣν
1705 188 1778 232 [255]
1791 188 1868 232 ήμῶν
1880 187 1896 214 ὕ

1064 230 1212 272 Δεσπότης,
1229 237 1333 267 οὐδενος
1340 236 1425 262 δεῖται
1437 233 1490 261 τῶν
1504 233 1568 267 παρ’
1579 231 1668 266 ήμῶν,
1685 232 1709 257 εί
1725 230 1763 265 μὴ
1776 230 1829 272 τῶν
1845 231 1895 265 ῥη-

1066 279 1159 312 μάτων
1178 271 1267 312 μὸνον·
1288 277 1335 304 καὶ
1349 276 1433 310 αὐτὴν
1448 275 1476 301 δὲ
1490 273 1539 308 τὴν
1553 271 1597 299 διὰ
1608 272 1663 298 τῶν
1679 272 1765 306 λόγων
1785 271 1896 312 εὐχαρι-

1066 311 1142 345 στίαν
1155 311 1282 349 ἀπαιτεῖ,
1297 318 1345 352 οὐχ
1361 317 1398 348 ὡς
1411 316 1512 350 ταύτης
1541 313 1649 350 χρῄζων
1663 313 1754 343 αὐτὸς,
1771 311 1827 338 ἀλλ’
1851 311 1895 337 ἵνα

1065 360 1138 395 ἡμᾶς
1157 359 1288 394 παιδεύσῃ
1301 358 1475 392 εὐγνώμονας
1489 353 1567 387 εἶναι,
1585 355 1632 381 καὶ
1647 353 1836 395 ἐπιγινώσκειν
1849 351 1896 379 τὸν

1065 394 1119 428 τῶν
1141 400 1252 435 ἀγαθῶν
1271 399 1396 435 χορηγόν.
1423 398 1472 424 Διά
1492 397 1570 423 τοῦτο
1593 397 1639 423 καὶ
1661 394 1765 426 Παῦλος
1784 394 1896 435 γράφων

1065 434 1172 476 ἔλεγεν,
1183 434 1362 475 Εὑχάριστοι
1377 440 1502 474 γίνεσθε⁴
1515 437 1595 464 Οὐδὲν
1611 437 1664 472 γὰρ
1677 435 1763 467 οὕτως
1775 434 1896 470 ἐπιζητεῖ

1066 483 1129 518 παρ’
1143 482 1220 517 ήμῶν
1236 483 1250 508 ὁ
1271 481 1417 515 Δεσπότης,
1446 480 1483 511 ὡς
1509 478 1588 505 τοῦτο
1605 478 1635 504 τὸ
1657 476 1828 512 κατόρθωμα.
1850 476 1896 518 Μὴ

1066 524 1153 551 τοίνυν
1173 522 1328 558 ἀγνώμονες
1344 521 1491 556 γινώμεθα,
1512 520 1577 555 μηδὲ
1591 519 1623 545 δι’
1642 519 1728 553 έργων
1742 517 1900 552 εὐεργετούο

1069 573 1143 600 μενοι
1160 565 1247 596 αὐτοὶ,
1267 563 1390 598 ὀκνῶμεν
1411 562 1459 597 τὴν
1484 561 1527 588 διὰ
1548 559 1602 587 τῶν
1616 560 1702 593 λόγων
1725 558 1900 594 εὐχαριστίαν

1067 599 1212 640 ἀναφέρειν
1237 604 1276 639 τῷ
1292 604 1423 640 Δεσπότῃ·
1451 602 1531 628 πάλιν
1548 601 1602 636 7&9
1620 601 1660 632 είς
1675 602 1748 635 ἡμᾶς
1763 600 1792 626 τὸ
1805 599 1900 633 κέρδος

1069 646 1249 682 περιίσταται.
1282 645 1344 672 Ἐὰν
1362 646 1417 680 γὰρ
1433 644 1479 670 ἐπὶ
1503 645 1558 674 τοῖς
1585 642 1718 677 φθάσασιν
1744 641 1899 676 εὐχάριστοι

1069 689 1215 724 γινώμεθα,
1230 690 1277 715 καὶ
1286 688 1351 724 πρὺς
1361 688 1392 714 τὸ
1401 687 1454 714 τῶν
1470 686 1599 722 μειζόνων
1614 686 1704 720 τυχεῖν
1718 686 1823 715 ἑαυτοῖς
1836 683 1901 710 πολ-

1069 733 1117 767 λὴν
1128 732 1374 767 προευτρεπίζομεν
1384 732 1433 766 τὴν
1444 729 1609 765 παρρησίαν.
1623 729 1719 759 Μόνον,
1738 726 1899 760 παρακαλῶ,

1069 776 1128 803 καθ’
1145 776 1262 811 ἑκάστην
1286 776 1394 812 ἡμέραν
1411 774 1456 801 καὶ
1469 774 1553 809 ὥραν,
1573 774 1597 799 εί
1613 770 1667 798 οἷόν
1682 780 1722 801 τε,
1737 769 1901 804 ἀναλογιξώ-

1072 819 1140 855 μεθα
1157 819 1217 846 καθ’
1231 819 1343 849 ἑαυτοὺς
1359 818 1396 853 μὴ
1409 817 1459 848 τὰς
1472 816 1563 847 κοινάς
1591 816 1669 851 μόνον
1686 814 1852 849 εὐεργεσίας,
1867 812 1901 843 ἃς

1070 864 1143 898 πάσῃ
1156 863 1188 898 τῇ
1203 862 1282 896 φύσει
1297 863 1312 888 ὁ
1323 861 1377 887 τῶν
1393 861 1460 887 ὅλων
1475 859 1636 895 δημιουργὸς
1652 858 1820 893 κεχάρισται,
1833 856 1901 883 ἀλλὰ

1070 907 1117 933 καὶ
1129 906 1176 937 τὰς
1189 905 1241 941 ίδίᾳ
1257 906 1304 932 καὶ
1317 904 1376 931 καθ’
1386 904 1500 930 ἕκαστον
1514 904 1579 937 ἡμῖν
1592 901 1789 936 παρεχομένας.

1105 958 1160 984 Καὶ
1173 957 1198 983 τί
1210 957 1281 990 λέγω
1292 956 1341 987 τὰς
1355 955 1407 990 ἰδίᾳ
1423 955 1468 981 καὶ
1483 954 1542 980 καθ’
1559 954 1672 980 ἕκαστον
1695 950 1900 987 παρεχομένας;

1071 1003 1125 1028 Καὶ
1139 1002 1208 1036 ὑπὲρ
1218 997 1254 1026 ὧν
1271 999 1429 1034 ἀγνοοῦντες
1449 996 1673 1033 εὐεργετούμεθα,
1691 995 1738 1022 καὶ
1755 995 1824 1030 ὑπὲρ
1839 995 1902 1021 τού-

1071 1053 1124 1072 των
1137 1044 1352 1080 εὐχαριστῶμεν.
1375 1041 1483 1076 Ἐπειδὴ
1498 1041 1562 1076 ,γὰρ
1578 1040 1686 1075 κήδεται
1702 1039 1749 1074 τῆς
1766 1039 1904 1073 ἡμετέρας

1072 1089 1217 1124 σωτηρίας,
1247 1087 1331 1113 πολλὰ
1345 1085 1444 1120 καὶμὴ
1468 1084 1569 1115 εἰδότας
1584 1085 1658 1118 ἡμᾶς
1681 1083 1828 1118 εὐεργετεῖ,
1856 1083 1904 1108 καὶ

1072 1132 1200 1162 πολλάκις
1214 1130 1259 1157 καὶ
1272 1129 1400 1156 κινδύνων
1412 1128 1569 1163 ἐξαρπάζει,
1581 1128 1628 1153 καὶ
1641 1126 1734 1161 ἑτέρας
1745 1125 1904 1160 εὐεργεσίας

1072 1178 1112 1206 είς
1126 1176 1199 1210 ἡμᾶς
1210 1173 1392 1201 κατατίθεται.
1404 1171 1482 1207 Πηγὴ
1491 1171 1545 1207 γάρ
1557 1172 1614 1197 ὲστι
1631 1169 1844 1204 φιλανθρωπίας,
1857 1169 1906 1194 καὶ

1072 1219 1197 1246 οὐδέποτε
1212 1217 1327 1244 παύεται
1346 1216 1380 1243 τὰ
1394 1215 1497 1242 ἐκεῖθεν
1512 1214 1620 1249 νάματα
1638 1215 1669 1248 τῇ
1686 1213 1738 1239 τῶν
1755 1212 1906 1247 ἀνθρώπων

1074 1263 1153 1297 φύσει
1169 1261 1333 1297 προχέουσα.
1354 1261 1401 1286 Ἂν
1426 1259 1517 1285 τοίνυν
1540 1257 1625 1284 ταῦτα
1654 1255 1833 1290 λογιζώμεθα,
1859 1255 1908 1281 καὶ

1074 1305 1268 1340 σπουδάζωμεν
1281 1304 1328 1330 καὶ
1344 1303 1414 1338 ὑπὲρ
1424 1302 1478 1328 τῶν
1495 1301 1654 1335 φθασάντων
1670 1300 1719 1330 τὰς
1733 1299 1908 1333 εὐχαριστίας

1073 1349 1219 1384 ἀναφέρειν
1244 1348 1284 1382 τῷ
1297 1347 1428 1382 Δεσπότῃ,
1453 1345 1500 1372 καὶ
1513 1345 1583 1380 ὑπὲρ
1601 1344 1655 1370 τῶν
1683 1344 1745 1378 ἑξῆς
1770 1342 1908 1374 τοιούτους

1074 1393 1185 1424 ἑαυτοὺς
1200 1391 1426 1423 κατασκευάζειν,
1443 1389 1513 1416 ὥστε
1528 1388 1564 1424 μὴ
1587 1387 1711 1419 ἀναξίους
1723 1386 1837 1421 φανῆναι
1852 1386 1907 1412 τῶν

1075 1436 1140 1471 παρ’
1154 1435 1235 1461 αὐτοῦ
1250 1433 1424 1469 εὐεργεσιῶν,
1439 1431 1607 1467 δυνησόμεθα
1631 1430 1678 1456 καὶ
1694 1429 1829 1456 πολιτείαν
1844 1428 1908 1464 ἀρίο

1077 1488 1142 1514 στην
1162 1477 1356 1510 ἐπιδείξασθαι,
1381 1476 1429 1502 καὶ⁸
1445 1475 1494 1510 τῆς
1511 1474 1610 1505 κακίας
1625 1473 1672 1508 τὴν
1696 1474 1792 1507 πεῖραν
1813 1472 1908 1506 διαφυ-

1076 1524 1144 1557 γεῖν.
1164 1522 1196 1548 'll
1219 1521 1274 1556 γὰρ
1292 1521 1386 1555 μνήμη
1403 1518 1456 1545 τῶν
1470 1517 1631 1552 εὐεργεσιῶν
1648 1516 1726 1551 ἱκανὴ
1749 1516 1909 1546 διδάσκαλος

1075 1567 1140 1601 ἡμῖν
1156 1565 1231 1591 ἔσται
1244 1564 1294 1598 τῆς
1308 1564 1367 1589 κατ’
1382 1561 1481 1597 ἀρετὴν
1494 1560 1639 1592 πολιτείας,
1654 1560 1703 1586 οὐκ
1715 1559 1826 1594 ἀφιεῖσά
1843 1567 1908 1585 ποτε

1076 1610 1115 1641 είς
1127 1608 1261 1644 ρᾳθυμίαν
1286 1606 1453 1642 ἐμπεσόντας
1466 1605 1513 1631 καὶ
1528 1604 1622 1640 λήθην,
1641 1603 1709 1638 πρὸς
1735 1603 1782 1638 τὴν
1809 1602 1909 1629 κακίαν

1076 1652 1267 1687 αὐτομολῆσαι.
1285 1651 1316 1676 'H
1331 1650 1385 1684 7&9
1401 1650 1523 1684 νήφουσα
1539 1648 1585 1674 καὶ
1609 1648 1775 1681 ὲγρηγορυῖα
1787 1646 1861 1680 ψυχὴ
1878 1645 1909 1672 οὐ

1076 1697 1136 1723 τότε
1152 1696 1231 1731 μόνον
1244 1694 1352 1721 ἐπειδὰν
1378 1692 1448 1719 κατὰ
1465 1692 1528 1727 ῥοῦν
1554 1691 1669 1727 φέρηται
1686 1690 1720 1716 τὰ
1746 1690 1908 1725 πράγματα,

1077 1738 1284 1774 εὐγνωμοσύνην
1296 1736 1485 1766 ἐπιδείκνυται,
1502 1734 1569 1761 ἀλλὰ
1584 1734 1634 1760 κᾶν
1649 1733 1758 1760 ἐναντία
1779 1741 1821 1763 τις
1838 1741 1910 1767 πρα-

1077 1782 1188 1817 γμάτων
1212 1780 1371 1815 περίστασις
1388 1777 1625 1812 παρακολουθήσῃ,
1642 1775 1689 1801 καὶ
1699 1775 1758 1800 τότε
1774 1774 1824 1809 τὴν
1850 1774 1910 1807 ἴσην

1077 1825 1251 1861 εὐχαριστίαν
1271 1822 1411 1857 ἀναφέρει,
1429 1820 1506 1847 οὐδὲν
1531 1819 1585 1846 άπδ
1599 1819 1648 1854 τῆς
1664 1818 1718 1844 τῶν
1741 1817 1912 1851 πραγμάτων

1080 1860 1228 1904 μεταϐολῆς
1242 1865 1419 1902 χαυνουμένη,
1436 1863 1503 1890 άλλά
1519 1863 1603 1898 ταύτῃ
1620 1861 1718 1897 μᾶλλον
1732 1860 1911 1896 νευρουμένη,

1078 1913 1124 1939 καὶ
1136 1911 1185 1946 τὴν
1200 1911 1301 1944 ἄφατον
1316 1909 1362 1936 τοῦ
1377 1907 1444 1935 Θεοῦ
1457 1906 1617 1942 κηδεμονίαν
1628 1905 1800 1940 λογιζομένη,
1815 1905 1863 1931 καὶ
1874 1905 1912 1935 Lb;

1079 1955 1193 1989 εὔπορος
1208 1953 1245 1980 ὣν
1270 1953 1318 1980 καὶ
1346 1952 1499 1986 εὐμήχανος
1523 1950 1634 1976 δύναται
1655 1949 1700 1975 καὶ
1727 1948 1760 1974 δι’
1783 1947 1912 1974 ἐναντίων

1080 1998 1248 2034 πραγμάτων
1261 2016 1268 2028 ,
1298 1997 1321 2022 εἰ
1337 1996 1383 2022 καὶ
1399 1995 1479 2030 ἡμεῖς
1498 1994 1547 2029 τὴν
1573 1993 1673 2028 ἀκριδῆ
1700 1992 1851 2025 κατάληψιν
1875 1991 1912 2025 μὴ

1081 2041 1216 2077 ἰσχύωμεν
1232 2040 1357 2070 συνιδεῖν,
1368 2038 1416 2072 τὴν
1429 2037 1525 2064 ἑαυτοῦ
1537 2036 1699 2072 κηδεμονίαν
1714 2034 1912 2066 ἐπιδείξασθαι.

1115 2088 1151 2116 ς’.
1171 2084 1248 2111 υύτω
1268 2083 1357 2110 τοίνυν
1374 2083 1481 2109 ἅπαντα
1499 2081 1534 2107 τὰ
1549 2080 1610 2107 καθ’
1629 2080 1703 2114 ἡμᾶς
1719 2077 1912 2113 παραχωροῦν-

1078 2137 1133 2160 τες,
1143 2128 1214 2159 ’ὀπως
1224 2128 1255 2154 ἂν
1263 2127 1378 2161 φέρηται
1392 2126 1425 2152 τὰ
1439 2125 1597 2160 πράγματα,
1609 2124 1688 2158 ἡμεῖς
1702 2122 1731 2148 ἓν
1742 2122 1820 2157 μόνον
1833 2121 1913 2157 ἔργον

1080 2171 1196 2206 έχωμεν,
1210 2170 1239 2197 τὸ
1253 2169 1383 2204 διηνεκῶς
1400 2167 1474 2202 αὐτῴ
1498 2167 1667 2202 εὐχαριστεῖν
1690 2165 1758 2200 ὑπὲρ
1773 2164 1912 2191 ἁπάντων.

1080 2216 1128 2242 Διά
1141 2215 1194 2250 γάρ
1211 2214 1290 2241 τοῦτο
1303 2212 1406 2246 λογικοί
1419 2220 1490 2243 τινες
1511 2211 1672 2245 γεγόναμεν,
1688 2208 1834 2242 καὶταύτῃ
1858 2207 1913 2233 τῶν

1079 2260 1183 2294 ἀλόγων
1197 2258 1387 2293 διεστήκαμεν,
1408 2256 1451 2283 ῐνα
1466 2256 1514 2287 τὰς
1526 2254 1660 2289 εὐφημίας
1674 2254 1720 2279 καὶ
1735 2253 1796 2284 τοὺς
1811 2251 1913 2286 ὕμνους

1080 2304 1126 2331 καὶ
1137 2303 1272 2338 διηνεκεῖς
1285 2299 1438 2334 δοξολογίας
1465 2299 1644 2333 ἀναφέρωμεν
1668 2297 1706 2332 τῷ
1722 2296 1775 2322 τῶν
1787 2296 1856 2322 ὅλων
1868 2295 1913 2330 δη-

1082 2345 1214 2381 μιουργῷ.
1229 2344 1278 2371 Διὰ
1289 2344 1367 2370 τοῦτο
1379 2344 1426 2370 καὶ
1437 2343 1524 2378 ψυχὴν
1538 2343 1603 2377 ἡμῖν
1613 2339 1820 2371 ἑνέπνευσε,καὶ
1829 2338 1913 2372 γλῶσ-

1082 2398 1130 2416 σαν
1143 2389 1297 2424 ἐχαρίσατο,
1319 2388 1362 2414 ἵνα
1371 2387 1426 2413 τῶν
1438 2386 1502 2421 παρ’
1516 2385 1597 2412 αὐτοῦ
1616 2385 1655 2415 εἰς
1665 2384 1738 2419 ἡμᾶς
1749 2380 1914 2417 εὐεργεσιῶν

1080 2434 1119 2464 είς
1133 2432 1258 2467 αἴσθησιν
1272 2432 1422 2466 ἐρχόμενοι,
1443 2430 1489 2456 καὶ
1504 2429 1552 2462 τὴν
1564 2427 1720 2454 δεσποτείαν
1731 2425 1913 2459 ἐπιγινώσκω-

1082 2485 1142 2511 μεν,
1152 2476 1198 2502 καὶ
1207 2476 1257 2510 τὴν
1271 2473 1480 2509 εὐγνωμοσύνην
1494 2471 1568 2507 [256]
1581 2468 1789 2504 ἔπιδειξώμεθα,
1810 2468 1858 2494 καὶ
1867 2467 1914 2511 τήν

1081 2510 1152 2547 κατὰ
1169 2519 1283 2553 δύναμιν
1297 2517 1470 2553 εὐχαριστίαν
1483 2515 1661 2550 ἀναφέρωμεν
1675 2513 1714 2547 τῷ
1727 2511 1862 2546 Δεσπότῃ.
1883 2510 1914 2536 Et

1082 2565 1135 2599 γὰρ
1159 2562 1296 2598 ἄνθρωποι
1326 2563 1349 2587 οί
1363 2561 1412 2595 τῆς
1426 2559 1510 2594 αὐτῆς
1526 2559 1590 2593 ἡμῖν
1601 2557 1705 2592 φύσεως
1712 2554 1914 2599 κοινωνοῦντες,

1085 2598 1184 2642 μικράν
1199 2615 1258 2632 τινα
1275 2605 1402 2635 πολλάκις
1424 2603 1470 2630 καὶ
1485 2601 1579 2636 εὐτελῆ
1593 2601 1642 2642 "at;
1656 2600 1728 2634 ἡμᾶς
1754 2598 1914 2642 εὐεργεσίαν

1082 2641 1269 2684 καταθέμενοι.
1283 2647 1427 2674 ἀπαιτοῦσι
1442 2645 1491 2680 τὴν
1507 2645 1576 2680 ὑπὲρ
1588 2641 1625 2670 ὧν
1649 2642 1822 2676 πεπόνθαμεν
1834 2641 1913 2675 εὐχα-

1084 2683 1204 2729 ριστίαν,
1221 2692 1251 2719 οὐ
1266 2691 1309 2718 διὰ
1330 2690 1379 2725 τὴν
1393 2689 1530 2724 ἡμετέραν
1546 2683 1850 2729 εὐγνωμοσύνην,ῌάλλ¹
1871 2683 1914 2729 ῖνα

1083 2725 1130 2763 καὶ
1142 2736 1217 2763 αὐτοὶ
1229 2735 1352 2762 ἐντεῦθεν
1367 2732 1550 2768 λαμπρότεροι
1566 2730 1720 2765 φαίνωνται·
1737 2726 1826 2761 πολλῷ
1845 2725 1914 2761 μᾶλ-

1082 2780 1128 2807 λον
1142 2780 1187 2806 ὲπῖ
1200 2779 1247 2805 τοῦ
1260 2777 1451 2813 φιλανθρώπου
1461 2775 1528 2802 Θεοῦ
1547 2773 1626 2801 τοῦτο
1645 2772 1730 2799 πλείω
1743 2771 1830 2796 ποιεῖν
1841 2769 1914 2804 ἡμᾶς

1083 2823 1147 2859 χρὴ,
1162 2823 1208 2849 τοῦ
1222 2814 1265 2848 διά
1276 2821 1324 2856 τὴν
1337 2820 1474 2855 ἡμετέραν
1494 2819 1626 2852 ὠφέλειαν
1646 2816 1725 2852 μόνον
1753 2814 1832 2842 τοῦτο
1843 2813 1913 2847 γίνε-
