2058 3123
177 115 232 147 237

165 183 281 206 vestram
306 179 457 213 cariLatent,
486 184 513 208 ut
537 180 661 208 continuo
686 181 791 208 beattttn
816 181 895 208 istum
920 180 949 207 in

167 223 296 250 memoria
323 229 411 251 vestra
432 225 547 259 geratis,
572 230 599 252 et
619 226 698 253 'illius
717 226 820 253 virtutis
838 225 953 259 pulchri-

165 268 283 295 tudinem
306 269 375 296 bene
399 269 523 301 diseatis.
541 277 594 304 quo
613 277 674 297 eum
695 271 844 298 imitemini.
858 271 951 298 Anim-

163 313 273 340 adverte
293 314 363 341 enim
375 335 383 346 ,
401 315 529 346 obsecro,
546 321 663 349 quantus
679 315 783 342 virtutis
810 315 879 341 illius
895 316 952 342 lbe-

162 366 267 390 saurus,
293 360 354 393 quia
374 367 433 386 cttm
462 367 508 394 per
534 364 571 387 tot
592 360 650 388 dies
671 360 705 387 de
724 360 769 387 illo
794 360 952 387 disserueri-

163 410 232 434 tnus,
256 403 372 430 nondum
393 403 473 431 linem
497 404 637 438 imponere
657 404 802 431 narrationi
817 404 951 438 potuimus

163 455 254 475 eorum
269 456 328 482 qua:
348 448 380 475 ad
404 449 477 476 illum
491 450 613 476 attinent.
628 449 695 482 Quid
717 449 776 476 dico
796 449 874 476 finem
899 449 950 476 im-

163 492 286 526 ponere?
306 498 516 528 quantacumque
539 493 699 525 dixerimus,
725 501 777 520 non
806 493 951 527 poterimus

162 536 194 562 ad
205 537 309 564 culmen
319 538 470 572 pertingere
486 547 492 565 :
507 538 554 566 sed
569 539 688 572 quamvis
699 542 725 565 et
739 545 787 564 nos
801 542 828 565 et
839 538 948 572 posteri,

163 583 244 609 multa
260 582 293 609 de
307 583 352 610 illo
367 583 455 610 dicere
469 583 614 615 valeamus,
643 592 694 610 non
719 587 805 609 tamen
824 583 856 609 ad
872 582 950 609 finem

164 628 303 661 pervenire
318 628 463 661 poterimus
479 638 485 654 :
503 633 572 655 tanta
594 636 637 655 res
658 633 699 655 est
723 629 814 655 virtus.
840 627 866 655 Si
881 628 949 655 enim

163 673 324 699 voluerimus
336 692 343 704 ,
371 674 466 707 poterit
480 673 521 700 hic
534 674 683 700 universam
698 677 813 700 nostram
832 678 949 699 naturam

163 716 300 743 instituere
315 718 335 748 ί,
349 721 375 744 et
387 717 421 744 ad
434 717 537 744 virtutis
551 718 723 745 imitationem
737 717 870 745 inducere.
885 717 949 744 Nam

162 762 183 787 si
196 761 241 788 ille
254 762 323 791 inter
338 767 375 788 tot
391 762 526 796 improbos
546 769 654 789 versans
665 782 673 795 ,
688 769 772 796 neqtte
790 762 890 789 habens
910 761 950 787 fa—

164 807 296 834 miliarem
310 807 435 842 aliquem,
460 808 486 835 in
501 812 602 835 tantum
617 808 721 835 virtutis
736 807 866 842 fastigium
889 815 950 841 per-

163 855 267 881 venisse
282 855 403 881 inventus
415 860 456 881 est
472 863 478 880 :
495 863 553 889 qum
567 859 657 882 nostra
670 854 720 881 erit
734 854 878 885 excusatio,
890 861 950 880 cum

163 906 212 926 nec
225 899 286 926 talia
301 900 377 926 nobis
390 899 442 927 sint
457 899 654 933 impedimenta,
668 903 695 925 et
709 902 796 927 tamen
815 897 950 931 negligen-

163 949 204 971 tes
222 945 307 972 sinms
335 946 367 972 ad
394 945 461 971 bona
489 945 589 978 opera?
607 944 673 971 Nolo
699 944 769 971 enim
792 943 863 971 dicas
887 942 951 970 mihi

162 990 246 1016 solam
261 990 331 1016 illam
353 991 556 1024 quingentorum
576 997 705 1017 annorum
727 989 819 1020 vitam,
845 988 951 1023 quando

162 1035 374 1062 sobsannabatur
409 1040 435 1062 et
468 1035 642 1067 irridebatur,
685 1034 889 1069 versabalurque
923 1035 949 1061 in

162 1080 252 1107 medio
276 1081 464 1115 flagitiosorum
489 1089 496 1109 :
520 1080 567 1107 sed
592 1084 620 1106 et
638 1086 735 1106 annum
762 1079 845 1111 illum,
871 1086 950 1113 quem

166 1130 251 1153 totum
276 1125 302 1152 in
327 1133 388 1152 arca
410 1125 545 1159 transegit,
567 1124 611 1159 qui
625 1131 688 1150 sane
700 1122 875 1150 conferendus
887 1123 950 1149 mihi

165 1171 272 1198 videtur
296 1171 342 1198 toti
367 1171 478 1205 tempori
499 1169 628 1204 superiori
643 1177 651 1197 ς
667 1173 766 1195 tantam
784 1168 819 1195 ibi
833 1167 952 1194 afﬂictio-

163 1224 224 1244 nem
251 1217 320 1244 ferre
340 1217 483 1251 cogebatur
498 1216 586 1250 justus
608 1214 667 1247 ille,
691 1215 716 1241 in
737 1214 818 1240 tantis
841 1220 950 1240 versans

162 1262 302 1296 angustiis,
327 1269 412 1296 neque
431 1261 561 1295 respirare
575 1260 676 1291 valens,
691 1264 718 1286 et
733 1259 845 1285 ferarum
861 1258 951 1284 bruti).

162 1313 275 1341 rumque
288 1307 435 1333 convictum
452 1305 540 1332 ferens
556 1313 563 1331 :
576 1305 620 1338 qui
631 1308 657 1330 et
667 1304 693 1330 in
706 1303 827 1330 omnibus
835 1306 950 1329 mentem

163 1359 238 1378 suam
261 1351 372 1378 solidam
394 1350 554 1382 declarabat,
580 1353 607 1375 et
629 1348 789 1376 voluntatem
811 1346 880 1375 ﬂecti
904 1353 950 1373 ne-

162 1397 256 1429 sciant,
283 1401 311 1424 et
331 1396 408 1423 fidem
435 1403 496 1430 erga
512 1395 604 1427 Deum,
620 1401 667 1428 per
679 1400 758 1428 quam
774 1392 849 1421 facile
868 1397 891 1419 et
909 1391 948 1418 le—

162 1442 231 1468 riter
251 1441 339 1469 omnia
357 1441 513 1468 sustinebat.
532 1441 618 1474 Atque
633 1438 742 1470 idcirco,
757 1437 879 1472 quoniam
893 1444 952 1471 qua)

162 1493 209 1513 sua
223 1490 300 1513 erant
313 1485 399 1513 omnia
413 1485 551 1516 afferebat,
574 1491 668 1512 eorum
689 1482 768 1510 etiam
788 1489 846 1517 quae
869 1490 883 1508 a
899 1483 951 1509 Deo

163 1535 250 1563 erant,
262 1530 367 1559 abunde
382 1531 479 1565 potitus
488 1534 538 1557 est.
550 1529 675 1562 Quamvis
688 1528 759 1555 enim
773 1527 882 1554 multant
898 1526 951 1554 fer-

163 1581 204 1604 ret
219 1577 245 1605 in
257 1584 319 1603 arca
334 1577 491 1611 angustiam,
513 1579 628 1601 attamen
645 1573 788 1600 terribilem
810 1577 951 1607 tempt-SIa—

163 1627 215 1649 tum
230 1627 256 1649 et
271 1629 439 1650 communem
453 1621 569 1651 omnium
583 1619 790 1647 internecionem
800 1617 950 1651 effugiebat.

163 1667 196 1694 Et
219 1672 359 1702 propterea
380 1671 440 1701 post
457 1666 605 1700 angustiam
629 1664 700 1691 illam
721 1668 747 1690 et
761 1663 951 1690 intolerabilem

162 1720 308 1744 carcerem,
331 1711 498 1739 securitatem
522 1715 548 1737 et
570 1710 684 1744 quietem
710 1709 821 1742 adeptus
839 1713 880 1734 est
900 1716 951 1735 una

162 1766 221 1785 cum
237 1758 326 1785 divina
340 1758 542 1789 benedictione;
559 1757 706 1790 iterumque
722 1760 825 1789 gratum
835 1754 950 1781 aninmm

162 1804 289 1838 opt-ribus
307 1803 442 1835 indicavit,
463 1807 491 1830 et
514 1802 611 1836 ubique
639 1801 757 1828 invenies
778 1800 850 1826 illunt
868 1799 951 1833 prima

161 1850 317 1877 contulisse.
338 1850 403 1876 Nam
428 1849 497 1876 sicut
518 1849 543 1875 in
564 1847 647 1883 prima
661 1852 857 1873 :etateomucm
871 1845 953 1872 virtu-

163 1901 216 1922 tom
231 1900 346 1922 sectatus
360 1899 411 1926 est,
434 1898 458 1920 ct
473 1901 489 1920 a
503 1894 573 1920 vitiis
592 1900 620 1919 se
635 1891 768 1922 alienavit,
791 1890 885 1925 quibus
905 1891 948 1924 qui

163 1947 227 1969 tmte
249 1941 380 1972 vivebant,
407 1939 495 1966 infecti
510 1942 586 1966 erant
602 1946 609 1965 :
626 1937 696 1964 unde
714 1943 800 1970 neque
815 1942 952 1969 pmnarum

163 1988 297 2022 particeps
321 1987 379 2018 fuit,
400 1990 427 2013 et
439 1992 499 2012 cum
523 1984 568 2011 alii
591 1989 684 2010 omnes
708 1982 950 2015 submergerentur,

163 2034 221 2067 ipse
246 2033 318 2059 Solus
340 2036 459 2060 servatus
481 2034 522 2057 est
536 2038 542 2056 :
559 2030 593 2055 ita
610 2034 700 2054 rursus
713 2028 773 2061 quia
794 2026 872 2052 fidem
887 2033 952 2059 quo—

162 2086 216 2110 que
241 2078 347 2110 habuit,
370 2081 397 2104 et
418 2083 478 2102 cum
490 2075 632 2110 gratiarum
647 2072 751 2100 actione
765 2078 838 2098 suam
852 2071 879 2096 in
892 2076 952 2096 arca

164 2123 354 2150 habitationem
377 2121 452 2153 tulit,
474 2121 567 2148 iterum
587 2118 674 2146 divina
695 2117 763 2144 dona
787 2115 893 2150 copiose
917 2114 951 2141 illi

163 2176 292 2196 concessa
308 2172 387 2199 sunt,
407 2170 434 2193 et
452 2173 511 2193 cum
533 2171 656 2200 egressus
676 2171 707 2190 ex
721 2170 791 2194 arca,
815 2163 881 2189 etin
900 2160 953 2195 pri-

164 2215 262 2241 stioum
276 2218 372 2240 statum
385 2212 520 2239 restitutus
534 2214 621 2241 esset,
635 2209 722 2236 statim
736 2207 946 2237 benedictionem

164 2262 343 2292 consequutus
358 2261 408 2289 est,
426 2261 452 2283 et
476 2257 569 2282 iterum
589 2255 692 2281 solitam
706 2261 759 2288 prie
773 2260 802 2279 se
817 2252 875 2283 tulit
885 2251 952 2286 grati

164 2304 245 2333 animi
256 2303 423 2338 probitatem,
437 2302 585 2334 emissaque
599 2300 741 2334 gratiarum
755 2298 857 2324 actione
872 2297 951 2323 etiam

166 2355 229 2377 tunc
244 2348 388 2382 majoribus
402 2346 536 2374 beneficiis
549 2353 563 2371 a
585 2345 641 2372 Deo
660 2342 806 2370 cumulatus
825 2347 875 2369 est.
897 2341 953 2368 Mos

165 2395 237 2422 enim
261 2394 307 2421 Dei
327 2398 378 2425 est,
400 2397 429 2419 ut
453 2393 474 2418 si
490 2399 537 2417 nos
553 2390 639 2419 tenuia
653 2389 772 2424 quaedam
787 2392 813 2418 et
826 2388 886 2414 vilia
901 2387 950 2414 ob-

166 2440 320 2469 tulerimus.
338 2438 384 2468 sed
405 2443 492 2465 tamen
506 2437 688 2467 obtulerimus,
703 2435 784 2462 multa
798 2434 953 2462 liberalitate

166 2494 214 2513 nos
228 2488 390 2513 remaneret.
413 2483 446 2510 Et
458 2487 486 2509 ut
500 2482 587 2509 discas
601 2485 697 2516 quanta
718 2480 752 2507 sit
778 2479 890 2506 humana
913 2483 953 2505 te-

166 2531 264 2563 nuitas,
290 2535 386 2565 quanta
411 2529 455 2556 Dei
477 2527 680 2562 magnificentia,
703 2525 748 2552 hic
767 2529 880 2551 mentem
905 2523 953 2550 ad-

166 2577 239 2604 hibe.
266 2575 321 2604 Nos
333 2576 403 2603 enim
417 2575 438 2602 si
454 2574 515 2609 quid
529 2573 690 2601 voluerimus
702 2571 808 2603 offerre,
821 2569 884 2605 qtiid
898 2578 954 2596 am—

167 2623 236 2657 plius
248 2622 347 2650 offerre
363 2627 513 2656 possumus,
536 2627 613 2653 quam
633 2622 758 2654 quantum
786 2616 874 2643 verbis
894 2623 954 2651 gra-

167 2670 218 2694 tias
241 2666 402 2695 referimus?
417 2666 454 2692 Ea
473 2672 537 2691 sane
561 2672 620 2697 qua:
647 2663 703 2697 ipse
725 2661 849 2693 exhibet,
874 2667 954 2694 opere

167 2714 244 2742 nobis
264 2716 383 2746 praestat.
404 2711 488 2744 Quam
513 2709 621 2743 imparia
643 2712 730 2735 autem
749 2711 811 2734 sunt
832 2705 910 2733 verba
927 2708 954 2732 et

200 2791 208 2806 ι
227 2790 289 2814 lilttlli
306 2793 370 2817 Mss,
383 2787 407 2813 si
415 2786 478 2812 attint
495 2785 647 2816 ιιοιιιενὶπιιις,
669 2784 798 2816 poterimus
820 2782 952 2808 universam

167 2825 279 2846 naturam
290 2823 395 2845 nostram
410 2818 445 2843 sic
454 2817 584 2842 instituere.

673 119 704 150 ΙΝ
725 122 798 150 CAP.
821 122 883 149 Ylll.
907 122 1028 151 CENES.
1050 124 1161 153 IIOMIL.
1184 124 1276 155 XXVI.

1735 129 1787 162 233

1004 182 1105 216 opera?
1123 188 1149 210 et
1165 184 1289 211 Dominus
1303 185 1432 212 nullarum
1445 191 1532 215 rerum
1548 188 1651 224 indigus
1664 194 1715 222 estI
1730 192 1787 217 nul-

1005 227 1081 262 laquc
1105 235 1194 255 rerum
1215 235 1362 256 nostrarum
1386 236 1455 265 eget.
1481 237 1655 268 prmterquam
1676 234 1786 263 verbis:

1003 279 1080 306 atque
1095 272 1162 300 hanc
1172 273 1254 308 ipsam
1268 275 1354 302 verbis
1368 276 1495 309 prolatam
1507 278 1648 312 gratiarum
1657 280 1787 309 actionem

1003 316 1093 351 exigit,
1117 325 1169 344 non
1190 318 1260 352 quod
1287 326 1317 345 ea
1341 319 1397 353 ipse
1418 328 1484 354 opus
1507 321 1610 352 habeat.
1627 323 1674 351 sed
1690 328 1717 350 ut
1740 331 1787 350 nos

1003 361 1095 389 doceat
1114 368 1202 396 gratos
1224 371 1294 394 esse,
1315 368 1341 391 et
1356 371 1499 399 agnoscere
1513 371 1644 394 tantorum
1658 368 1787 396 bonorum

1003 408 1236 441 suppeditatorem.
1263 410 1295 436 Et
1319 410 1390 437 illam
1404 411 1439 438 ob
1452 418 1558 438 causam
1574 412 1670 440 Paulus
1683 421 1788 448 quoque

1005 453 1122 480 scribens
1135 453 1238 481 dicebat
1254 467 1261 481 .-
1276 455 1349 482 Grati
1362 461 1438 484 estote
1460 457 1570 492 (Colon.
1588 459 1613 486 5.
1629 459 1664 485 15
1674 458 1693 492 ).
1715 457 1788 486 Nihil

1003 499 1072 524 enim
1096 499 1133 525 sic
1146 500 1255 533 requirit
1272 508 1286 526 a
1306 501 1381 528 nobis
1402 502 1535 533 Dominus,
1557 507 1586 529 ut
1604 503 1673 530 istud
1692 504 1788 538 ipsum.

1004 543 1116 570 Proinde
1138 552 1171 571 ne
1194 546 1277 573 simus
1292 546 1396 580 ingrati,
1422 555 1506 581 neque
1518 547 1580 574 dum
1596 556 1624 575 re
1638 548 1693 581 ipsa
1708 548 1790 576 benc—

1002 587 1060 615 ficia
1084 590 1250 623 experimur,
1286 598 1428 625 gravemur
1447 592 1542 620 offerre
1563 592 1675 619 Domino
1700 593 1788 620 verbis

1003 634 1099 662 nostris
1112 634 1254 667 gratiarum
1279 636 1408 664 actionem
1426 646 1432 662 :
1449 637 1542 663 iterttm
1555 637 1625 664 enim
1639 638 1740 664 lucrum
1761 638 1786 663 iu

1003 685 1051 704 nos
1065 678 1201 707 redundat.
1215 679 1289 713 Quod
1302 680 1324 707 si
1337 680 1371 707 do
1383 681 1472 714 primis
1485 682 1551 716 grati
1565 681 1702 714 fuerimus,
1723 689 1788 715 prte-

1003 726 1120 757 terquam
1140 723 1210 758 quod
1230 725 1329 758 majora
1350 725 1536 759 nanciscimur,
1569 720 1647 752 etiam
1664 726 1787 753 fidttciam

1003 767 1078 794 nobis
1099 775 1219 802 magnam
1241 776 1435 803 comparamus.
1453 770 1537 797 Unum
1565 771 1632 804 hoc,
1659 771 1786 802 obsecro,

1002 811 1111 846 singulis
1131 812 1223 840 diebus
1239 817 1267 841 et
1281 813 1363 845 ltoris,
1391 815 1412 841 si
1431 814 1486 841 fieri
1506 819 1602 848 potest,
1619 821 1789 850 snpputemus

1002 857 1150 888 nobiscum.
1175 865 1228 885 non
1250 859 1397 886 communia
1412 863 1513 885 tantum
1528 859 1654 887 beneficia
1668 867 1727 894 qtae
1743 860 1789 886 toti

1002 907 1102 929 natura:
1125 904 1241 930 omnium
1260 903 1351 938 Opifex
1373 904 1501 938 contulit,
1523 904 1569 931 sed
1592 909 1619 932 et
1638 905 1739 939 privata
1763 910 1789 932 et

1002 947 1162 981 quotidiana.

1037 991 1163 1026 Bene/irin
1184 992 1250 1019 Deus
1270 993 1339 1020 nobis
1354 993 1460 1028 confert,
1475 994 1548 1021 etiam
1562 995 1661 1022 nesciis.
1675 1009 1710 1015 —
1719 995 1786 1028 Quid

1002 1037 1062 1064 dico
1085 1038 1183 1071 privata
1199 1043 1225 1066 et
1239 1039 1411 1073 quotidiana?
1427 1039 1512 1066 Etiam
1525 1047 1556 1066 ea
1568 1048 1627 1074 qua;
1644 1040 1789 1075 ignoranti—

1003 1082 1051 1108 bus
1063 1082 1139 1109 nobis
1152 1083 1264 1115 confert,
1278 1091 1378 1118 proque
1396 1083 1436 1111 his
1450 1084 1547 1118 gratias
1568 1091 1687 1118 agamus.
1699 1084 1788 1118 Quan-

1002 1125 1143 1163 doquidem
1157 1128 1227 1154 enim
1242 1135 1288 1161 pro
1302 1128 1386 1154 salute
1399 1133 1487 1155 nostra
1500 1129 1627 1156 sollicitus
1641 1133 1690 1160 est,
1707 1128 1787 1155 nutlta

1003 1172 1080 1198 etiam
1097 1172 1121 1198 iu
1142 1179 1190 1199 nos
1205 1173 1308 1199 nescios
1331 1172 1458 1200 beneficia
1476 1173 1593 1204 confert,
1616 1181 1687 1208 stupe
1706 1175 1788 1201 etiam

1003 1225 1018 1243 e
1033 1217 1156 1251 periculis
1169 1217 1257 1250 eripit,
1272 1222 1351 1252 atque
1369 1218 1417 1244 alia
1437 1217 1563 1245 beneficia
1578 1223 1693 1252 praestat.
1717 1213 1789 1246 Fons

1002 1264 1072 1289 enim
1087 1268 1127 1289 est
1146 1262 1306 1295 clementiae,
1322 1270 1368 1290 sua
1383 1263 1480 1290 fluenta
1493 1268 1598 1297 semper
1612 1263 1728 1292 humano
1741 1271 1787 1298 ge-

1003 1309 1060 1336 neri
1081 1308 1251 1343 prof'undens.
1268 1309 1348 1343 Igitur
1368 1310 1389 1337 si
1411 1309 1468 1336 haec
1488 1310 1643 1344 cogitemus,
1665 1316 1789 1343 operam-

1002 1362 1053 1389 que
1067 1354 1160 1382 demns
1173 1359 1203 1382 ut
1217 1360 1244 1382 et
1259 1363 1306 1389 pro
1320 1355 1412 1389 primis
1437 1355 1491 1382 suis
1507 1356 1583 1384 donis
1601 1356 1699 1390 gratias
1719 1355 1770 1382 olle

1004 1408 1092 1427 ramus
1116 1401 1237 1433 Domino,
1265 1405 1291 1428 et
1307 1408 1355 1435 pro
1369 1400 1462 1427 futuris
1475 1400 1514 1428 sic
1529 1408 1576 1427 nos
1592 1406 1769 1435 pnepareittus
1780 1420 1788 1431 ,

1003 1450 1031 1472 ut
1046 1453 1098 1472 non
1113 1445 1247 1473 videamur
1267 1446 1365 1480 indigni
1378 1446 1435 1480 cjus
1447 1445 1590 1478 beneficiis,
1604 1447 1693 1473 statim
1706 1446 1786 1473 vitam

1003 1491 1133 1525 egregiam
1159 1491 1305 1524 instituere,
1331 1495 1358 1519 et
1381 1491 1488 1518 malitia:
1510 1491 1653 1525 periculum
1672 1490 1788 1526 effugere

1005 1535 1157 1570 poterimus.
1176 1535 1363 1562 Beneﬁciorum
1379 1536 1449 1563 enim
1466 1536 1593 1563 memoria
1605 1536 1697 1562 idonea
1713 1535 1790 1563 nobis

1004 1586 1045 1608 est
1058 1582 1182 1616 magistra
1198 1581 1229 1607 ad
1243 1582 1323 1608 vitam
1347 1582 1442 1608 virtute
1460 1581 1607 1615 prteditam,
1635 1587 1686 1608 non
1699 1581 1789 1608 sinetis

1003 1634 1053 1654 nos
1066 1626 1091 1653 in
1101 1631 1233 1661 torporem
1246 1627 1457 1661 oblivionemqne
1468 1626 1595 1659 incidere,
1608 1631 1635 1654 et
1648 1627 1680 1653 ad
1691 1627 1788 1654 malum

1003 1672 1145 1699 declinare.
1169 1672 1241 1699 Mens
1254 1672 1324 1699 enim
1338 1671 1425 1698 sobria
1440 1676 1468 1699 et
1485 1672 1606 1705 vigilans,
1631 1679 1682 1698 non
1697 1671 1784 1698 solum

1002 1725 1062 1744 cttm
1073 1717 1183 1745 feliciter
1196 1725 1238 1744 res
1255 1716 1410 1748 succedunt,
1425 1716 1472 1744 sed
1487 1718 1565 1743 etiam
1576 1716 1680 1751 quando
1693 1720 1788 1751 praeter

1003 1762 1159 1789 sententiam
1186 1767 1303 1788 nostram
1326 1761 1435 1788 adversa
1459 1761 1600 1795 eveniunt,
1626 1768 1679 1788 non
1702 1761 1789 1787 minus

1003 1807 1100 1842 gratias
1114 1807 1177 1841 agit,
1198 1807 1331 1842 nihiloque
1349 1813 1380 1832 cx
1398 1814 1485 1833 rcruot
1501 1805 1682 1832 vicissitudine
1694 1806 1787 1832 remis-

1003 1852 1057 1879 sior
1080 1852 1108 1878 fit
1128 1860 1135 1877 :
1156 1851 1203 1878 srd
1226 1851 1309 1886 magis
1330 1851 1487 1884 roboratur,
1513 1855 1541 1877 et
1560 1849 1717 1878 ineffabilem
1738 1847 1787 1876 Dei

1004 1897 1192 1931 providentiam
1203 1896 1361 1928 considerat,
1373 1897 1416 1930 qui
1431 1903 1491 1922 cum
1504 1896 1538 1922 sit
1550 1895 1623 1922 dives
1631 1899 1660 1923 et
1671 1896 1788 1930 sapiens,

1003 1942 1081 1968 etiant
1099 1949 1144 1976 per
1155 1949 1198 1968 res
1211 1941 1352 1972 adversas,
1378 1940 1498 1974 quamvis
1509 1939 1558 1966 hoc
1574 1939 1720 1973 intelligere
1735 1946 1787 1966 non

1003 1988 1145 2022 possimus,
1169 1995 1242 2014 suam
1258 1987 1393 2016 declarare
1409 1990 1494 2020 potest
1508 1985 1709 2020 providentiam.

1038 2034 1065 2060 6.
1086 2032 1193 2059 Mor-alis
1214 2032 1365 2059 exhortatio.
1392 2046 1427 2050 —
1448 2030 1529 2065 Igitur
1541 2030 1579 2057 sic
1590 2034 1618 2056 et
1632 2037 1680 2056 nos
1699 2029 1787 2056 omnia

1004 2084 1094 2107 nostra
1115 2079 1259 2110 faciamus,
1285 2083 1313 2104 ut
1343 2076 1568 2112 qualitercumque
1588 2075 1699 2107 cadant,
1731 2074 1789 2101 uni—

1003 2132 1063 2151 cum
1074 2129 1192 2152 nostrum
1205 2130 1270 2158 opus
1283 2123 1317 2150 sit
1330 2122 1455 2150 continuo
1469 2128 1516 2156 pro
1531 2121 1581 2148 illis
1592 2121 1687 2155 gratias
1699 2127 1787 2155 agere.

1004 2170 1115 2204 Propter
1129 2169 1179 2198 hoc
1202 2169 1272 2196 enim
1287 2167 1430 2194 rationales
1443 2166 1504 2193 facti
1519 2174 1621 2199 sumus,
1634 2170 1662 2193 et
1676 2173 1689 2191 a
1705 2165 1789 2193 brutis

1004 2214 1158 2245 tlili‘crimus,
1181 2218 1209 2240 ut
1231 2213 1365 2241 laudemus
1378 2233 1385 2246 ,
1403 2212 1585 2243 celebremus,
1611 2210 1787 2244 glorificemus

1002 2260 1099 2294 jugitcr
1115 2259 1254 2285 Dominum
1269 2258 1386 2284 omnium
1401 2257 1576 2285 conditorem.
1596 2254 1741 2290 Eaproptcr
1762 2258 1789 2283 et

1004 2305 1118 2331 animam
1142 2303 1217 2330 nobis
1234 2303 1380 2337 inspiravit,
1403 2307 1430 2329 et
1450 2302 1564 2337 linguam
1588 2301 1671 2333 dedit,
1693 2307 1720 2327 ut
1731 2301 1788 2334 ejus

1006 2351 1030 2376 in
1047 2357 1095 2376 nos
1112 2348 1237 2376 beneficia
1252 2355 1330 2378 sensu
1343 2348 1528 2382 percipientes,
1543 2346 1688 2373 dominium
1706 2353 1789 2379 agno-

1005 2403 1119 2426 scamus,
1134 2400 1161 2422 et
1182 2401 1229 2421 nos
1249 2398 1338 2428 gratos
1361 2393 1545 2425 rxhibeamus,
1569 2398 1600 2418 ac
1623 2398 1670 2425 pro
1690 2390 1789 2417 viribus

1007 2441 1116 2468 Domino
1134 2440 1232 2474 gratias
1254 2445 1372 2472 agamus.
1396 2436 1460 2463 Nam
1486 2436 1510 2462 si
1531 2435 1665 2467 homines,
1694 2435 1789 2469 quibus

1004 2487 1097 2514 eadem
1110 2490 1150 2512 est
1164 2489 1255 2511 natura
1271 2484 1417 2510 nobiscum.
1441 2489 1500 2508 ctnn
1522 2487 1631 2514 parvum
1648 2479 1789 2514 aliquando

1005 2541 1035 2560 ac
1051 2533 1101 2559 vile
1114 2531 1189 2558 ttobis
1206 2529 1361 2557 beneficium
1375 2526 1552 2562 prmstiteriut,
1565 2525 1671 2559 exigunt
1683 2532 1698 2550 a
1713 2524 1789 2550 nobis

994 2578 1148 2613 gratiarum
1164 2575 1304 2605 actionem,
1326 2580 1376 2599 non
1400 2571 1471 2606 quod
1486 2575 1602 2596 nostrum
1622 2564 1716 2595 curent
1729 2575 1785 2602 gra:

1007 2612 1061 2650 tum
1084 2622 1219 2651 animum,
1240 2618 1286 2646 sed
1313 2622 1342 2643 ut
1369 2616 1419 2650 ipsi
1443 2614 1502 2641 inde
1522 2613 1682 2640 celebriores
1700 2612 1765 2639 fiant
1778 2620 1787 2638 τ

1005 2673 1103 2704 quanto
1123 2667 1205 2701 magis
1227 2664 1251 2692 id
1269 2663 1345 2690 nobis
1360 2660 1505 2688 faciendum
1527 2660 1552 2686 in
1578 2659 1608 2685 iis
1626 2666 1684 2694 quae
1704 2665 1717 2684 a
1735 2658 1788 2684 Deo

1006 2714 1172 2748 accepimus,
1197 2711 1239 2744 qui
1268 2709 1318 2735 hoc
1339 2707 1423 2735 solum
1449 2705 1484 2732 ob
1510 2709 1626 2731 no~lram
1651 2703 1787 2731 utilitatem

1007 2760 1062 2786 vult
1080 2758 1156 2785 fieri?
1183 2755 1248 2782 Nam
1271 2753 1339 2780 sicut
1363 2759 1421 2778 cum
1444 2751 1510 2785 grati
1524 2757 1614 2776 sumus
1627 2748 1791 2779 hominibus,

1005 2806 1049 2841 qui
1070 2803 1145 2831 nobis
1165 2799 1371 2830 benefeccruut,
1405 2796 1465 2823 illos
1486 2795 1612 2822 clariores
1634 2792 1784 2823 reddimus;
