2058 3123
262 138 320 169 ‘25!)

269 194 303 219 ita
326 195 354 219 et
378 191 401 218 si
421 190 448 216 in
472 188 612 223 benignum
638 186 719 213 Deum
739 184 866 212 fuerimus
885 181 972 218 grati,
1001 187 1050 207 nos

269 239 341 271 ipsos
360 234 518 262 illustriores
541 232 671 263 facimus;
692 230 816 264 quoniam
841 235 893 255 non
917 231 946 254 ut
964 229 1052 252 nostra

269 270 446 309 celebratione
471 285 538 313 opus
560 276 670 308 habens,
696 275 747 302 ltoc
770 273 825 301 fieri
847 273 903 299 vult
923 281 930 298 :
952 270 998 298 sed
1024 274 1054 296 ut

270 325 394 361 quidquid
420 324 445 352 id
470 323 536 351 lucri
562 326 613 353 est,
629 322 723 348 iterum
743 319 776 346 ad
794 325 842 345 nos
863 317 962 349 redeat,
974 315 1052 343 etdi-

268 378 335 406 gnos
349 370 477 397 faciamus
490 376 537 395 nos
553 368 625 402 ipsos
646 365 790 400 majoribus
808 363 942 391 subsidiis.
956 362 1053 394 Quam-

270 417 310 444 vis
330 422 417 443 autem
441 422 493 442 non
516 413 648 448 possimus
669 411 693 438 id
712 410 808 442 facere,
831 413 861 436 ut
872 409 979 442 dignum
993 410 1051 434 est:

269 463 313 497 qui
336 462 405 489 enim
426 460 476 488 hoc
499 459 557 486 fieri
573 461 672 493 posset,
697 463 757 483 cum
780 459 834 482 tam
850 454 932 488 fragili
953 457 1054 479 natura:

268 496 366 542 alligati
393 505 494 533 simus?
522 509 550 531 et
571 503 633 538 quid
657 502 716 529 dico
743 501 883 528 humanam
912 496 1053 525 naturam?

269 553 358 587 Neque
388 553 450 587 ipsre
474 551 636 584 incorporea:
658 552 685 575 et
708 545 854 574 invisibiles
873 544 1000 574 virtutes,
1026 546 1054 570 et

269 598 429 632 principatus
442 600 470 623 et
483 599 641 630 potestates,
654 597 681 620 et
693 590 848 623 Cherubin),
862 593 888 616 et
902 587 1050 622 Scrapltim,

269 647 298 670 ut
323 643 430 677 dignum
454 646 509 673 est,
543 639 678 667 celebrare
711 637 784 664 illum
810 639 930 670 possunt,
950 633 1052 661 etiamsi

269 695 318 722 pro
330 687 428 714 viribus
441 686 551 721 gloriam
565 685 600 711 illi
616 683 727 711 offerant
744 690 752 709 :
772 680 943 708 nihilominus
954 679 1053 713 justum

271 733 348 761 fuerit
371 740 419 767 pro
444 731 544 759 viribus
568 731 709 765 gratiarum
730 727 860 754 actionem
887 725 1001 756 offerre,
1026 729 1052 750 et

270 778 451 805 indesinenter
475 776 611 803 celebrare
637 774 776 801 Dominum
802 776 931 802 nostrum,
959 774 986 796 et
1009 776 1055 803 per

271 823 376 850 laudum
391 829 480 853 voces,
504 825 531 848 et
550 828 595 854 per
605 820 685 846 vitam
705 818 842 852 optimam.
866 815 915 842 lsta
930 814 1000 841 enim
1014 818 1055 840 est

273 867 418 896 clarissima
434 866 479 893 Dei
489 864 642 896 celebratio,
657 862 762 897 quando
777 869 824 896 per
839 861 990 887 innumeras
1002 858 1053 885 lin-

272 919 335 946 guas
347 912 458 947 gloriam
481 910 531 945 ipsi
550 909 693 936 offerimus.
718 907 783 935 Nam
807 906 852 940 qui
871 906 967 932 virtute
988 911 1056 938 ρεπιι-

272 959 343 986 ditus
364 961 415 989 est,
439 956 464 984 id
484 955 565 983 efficit
584 958 614 982 ut
634 960 737 984 omnes,
761 952 804 987 qui
827 952 963 978 intuentur
983 957 1054 981 eunt,

274 1004 411 1031 Dominum
437 1002 494 1037 ejus
519 1001 626 1028 laudent
641 1009 648 1026 ς
663 1005 690 1026 et
712 997 854 1026 celebratio
877 997 933 1023 lia-c
954 995 988 1026 ei,
1012 994 1062 1035 qui

272 1048 437 1076 occasionem
468 1046 595 1081 praebuit,
628 1051 750 1078 magnam
774 1047 801 1069 et
822 1040 980 1068 ineffabilem
1011 1039 1055 1066 Dei

273 1093 481 1121 benevolentiam
504 1090 636 1118 conciliat.
664 1088 732 1122 Quid
759 1087 836 1122 igitur
859 1086 934 1113 nobis
955 1084 1057 1112 beatius

274 1139 354 1170 foret,
378 1139 400 1165 si
425 1145 476 1164 non
501 1137 585 1164 solum
609 1135 705 1162 nostris
727 1134 822 1168 linguis
850 1132 947 1159 bonum
974 1131 1055 1157 Deum

273 1184 355 1219 gloria
380 1183 563 1214 afficerentus,
597 1180 644 1207 sed
669 1184 696 1206 et
718 1179 851 1213 proximos
870 1184 991 1211 quoque,
1029 1180 1059 1202 ut

274 1234 364 1255 nostro
384 1227 491 1254 nomine
512 1233 573 1254 eum
594 1225 768 1256 celebrarent,
785 1222 975 1250 incitaremus?
987 1222 1057 1248 Tan-

274 1281 328 1302 tum
348 1275 418 1302 enim
442 1273 546 1300 virtutis
571 1273 651 1299 robur
674 1277 723 1302 est,
747 1274 777 1297 ut
802 1270 949 1297 innumeris
962 1268 1058 1303 linguis

275 1319 445 1346 Conditorem
470 1317 579 1345 laudare
601 1322 689 1351 queat.
722 1315 790 1342 Nihil
811 1315 901 1350 utique
919 1314 980 1340 vitm
1005 1314 1058 1340 \‘ir-

275 1366 336 1392 Iutis
354 1364 478 1392 studiosae
502 1363 648 1396 comparari
675 1365 772 1395 potest,
798 1359 903 1387 dilecte.
929 1358 1003 1386 Unde
1031 1362 1058 1385 et

276 1411 402 1438 Dominus
413 1409 516 1436 diccbat
533 1417 539 1435 :
554 1407 645 1435 Luceat
660 1407 704 1433 lux
717 1411 797 1433 vestra
811 1413 895 1432 coram
907 1404 1056 1435 hominibus,

276 1461 302 1482 ut
321 1455 419 1482 videant
437 1462 513 1488 opera
535 1458 616 1480 vestra
639 1452 718 1483 bona,
741 1455 763 1477 et
788 1450 928 1486 gloriﬁcent
955 1448 1058 1475 Patrem

275 1504 381 1528 vestrum
404 1500 497 1535 quiest
518 1499 544 1524 in
562 1498 629 1524 aclis
644 1496 747 1532 (Matth.
762 1496 788 1523 5.
806 1495 862 1529 l6).
878 1494 971 1521 Vidisti
993 1501 1058 1528 quo-

278 1544 357 1571 modo
383 1545 470 1571 lumen
492 1551 551 1570 cum
573 1544 742 1576 apparuerit,
767 1540 890 1575 (lispellat
914 1539 1059 1567 tenebras?

277 1590 312 1616 lta
325 1593 352 1617 et
364 1589 456 1621 virtus,
477 1589 499 1616 si
525 1587 666 1622 conspicua
690 1586 778 1618 fuerit,
803 1591 829 1614 et
850 1585 976 1612 malitiam
989 1585 1060 1619 fugat

277 1641 302 1663 et
324 1636 421 1663 erroris
445 1634 567 1662 tenebras
593 1633 694 1668 abigit,
718 1637 887 1666 mentemque
911 1631 1056 1658 videntium

277 1681 374 1708 excitat
392 1680 425 1707 ad
446 1680 526 1707 Deum
549 1678 748 1707 celebrandum.
769 1677 896 1710 Quocirca
910 1681 1060 1711 salagamus

278 1733 305 1753 ut
326 1726 364 1753 sic
381 1725 485 1753 luceant
503 1731 582 1758 opera
606 1728 706 1755 nostra,
733 1730 785 1758 quo
808 1726 836 1750 et
858 1722 986 1749 Dominus
1012 1728 1062 1748 no-

277 1777 332 1799 ster
344 1771 503 1798 celebretur.
520 1770 583 1797 llasc
609 1775 695 1797 autem
719 1769 786 1796 dixit
804 1769 934 1801 Christus,
960 1776 1011 1795 non
1033 1773 1061 1795 ut

278 1817 310 1843 ad
333 1816 536 1843 ostentationem
558 1815 656 1850 aliqttid
677 1815 823 1847 faciamus;
847 1814 916 1842 absit
936 1823 943 1840 :
965 1813 1011 1841 sed
1034 1818 1062 1840 ut

279 1862 426 1896 diligenter,
440 1866 466 1888 et
481 1866 509 1887 ut
532 1861 580 1895 ipsi
604 1861 739 1895 probatur,
763 1861 842 1886 vitam
867 1867 986 1894 agamus,
1009 1866 1060 1886 non

280 1906 449 1941 blasphemia:
461 1907 573 1940 cuipiam
598 1906 682 1933 loctrm
697 1905 882 1937 concedentes,
907 1905 953 1932 sed
965 1905 989 1931 id
1003 1904 1059 1932 effi-

278 1953 399 1985 cientes,
425 1957 453 1979 ut
484 1952 560 1979 bonis
593 1952 718 1986 operibus
747 1953 772 1978 in
800 1951 903 1978 laudem
932 1951 976 1978 Dei
1002 1958 1063 1985 pro-

280 2003 402 2027 rumoant
422 2005 516 2025 omnes
533 1998 577 2032 qui
603 2005 652 2024 nos
674 1997 774 2024 vident.
800 1997 875 2023 Tunc
892 1997 978 2028 enim,
1002 2001 1063 2023 tunc

278 2044 363 2078 ipsius
375 2042 450 2069 nobis
463 2043 573 2076 gratiam
588 2042 714 2076 majorem
727 2041 941 2072 conciliabimus.
961 2047 988 2068 ct
1009 2048 1064 2075 pm-

280 2095 340 2114 nam
354 2087 479 2120 effugere,
491 2087 612 2121 bonaque
631 2086 772 2113 ineffabilia
784 2086 893 2120 adipisci
907 2085 1063 2120 poterimus,

281 2131 363 2165 gratia
385 2137 410 2157 et
432 2131 612 2158 tnisericordia
637 2131 739 2158 Domini
768 2131 850 2158 nostri
870 2130 933 2158 Jesu
952 2130 1064 2164 Christi,

282 2183 341 2202 cum
360 2183 414 2209 quo
436 2176 505 2202 Patri
529 2176 605 2202 simul
626 2180 653 2202 ct
674 2176 782 2210 Spiritui
802 2181 894 2203 saneto
916 2177 950 2203 sit
971 2176 1064 2210 gloria,

284 2221 440 2254 imperium,
466 2221 561 2252 honor,
591 2228 660 2248 nunc
684 2225 711 2247 et.
731 2228 847 2255 semper,
870 2225 897 2248 et
922 2221 947 2248 in
971 2222 1066 2248 smcula

282 2266 448 2293 saeculorum.
474 2266 568 2293 Amen.

542 2310 678 2338 HOMILIA
699 2309 803 2337 XXV“.

286 2358 317 2384 Et
331 2357 464 2391 a'di/icovit
482 2356 538 2383 Nae
557 2356 636 2382 altare
653 2355 777 2388 Dommo,
799 2360 822 2382 et
837 2357 931 2390 accepit
945 2357 975 2383 de
986 2357 1068 2383 ωηιιὶ-

320 2405 365 2430 bus
390 2402 518 2438 pecoribus
542 2402 660 2441 mundis,
694 2405 716 2428 et
742 2403 773 2428 de
792 2402 906 2429 onmibus
929 2403 1069 2430 volucribus

319 2449 419 2475 mundis
431 2468 438 2480 ,
459 2452 480 2474 et
504 2447 591 2474 obtulit
614 2447 784 2474 holocaustum
804 2456 878 2481 super
897 2448 977 2474 altare
991 2447 1067 2483 (Gen.

321 2496 346 2521 8.
362 2494 426 2523 20).

323 2540 349 2566 1.
365 2538 546 2572 Beneficiorum
560 2536 608 2564 Dei
621 2537 750 2564 memoria.
764 2552 798 2557 —
821 2537 930 2565 Vidistis
946 2538 1001 2565 heri
1015 2539 1069 2566 cle.

289 2585 386 2612 mentis
399 2583 499 2615 Domini
515 2582 657 2609 bonitatem
670 2603 678 2615 ,
701 2583 836 2617 quomodo
851 2591 882 2610 ex
897 2591 957 2610 arca
970 2583 1069 2618 justum

290 2631 389 2662 eduxit,
403 2629 436 2656 ab
449 2629 506 2663 ejus
522 2628 681 2655 habitatione
695 2629 831 2660 liberavit,
847 2636 879 2656 ex
900 2629 945 2656 illo
959 2629 1025 2656 tristi
1041 2635 1072 2656 ac

290 2676 402 2702 molesto
411 2681 518 2700 carcere
532 2673 637 2707 eripuit,
660 2677 686 2700 et
703 2673 854 2707 patientiam
867 2673 935 2700 illius
949 2680 1072 2700 remune-

287 2721 368 2752 ravit,
392 2719 508 2745 dicens:
528 2717 634 2745 Crescite
651 2722 673 2744 et
697 2718 909 2750 multiplicamini.
937 2718 1072 2745 Discamus

290 2767 369 2794 hodie
386 2771 464 2797 quam
485 2762 628 2790 benevolus
638 2784 645 2795 ,
660 2767 687 2790 et
700 2770 777 2796 quam
791 2767 871 2797 grattc
886 2763 981 2790 anima:
995 2762 1074 2790 fuerit

291 2810 358 2845 Noe,
390 2809 450 2836 inde
464 2809 519 2844 ipse
533 2809 616 2836 multo
634 2809 782 2836 uberiorem
805 2809 849 2836 Dei
870 2816 930 2844 erga
949 2816 977 2837 Se
993 2809 1074 2836 benc-

620 132 648 160 S.
668 126 804 158 lOANNlS
821 122 1057 155 CllRYSOSTOMl
1077 123 1234 153 ARClllEP.
1247 125 1509 155 CONSTANTINOP.

1830 129 1890 158 *ιω

1106 180 1247 209 volentiam
1269 182 1319 209 sibi
1343 183 1530 209 conciliaverit.
1557 182 1621 209 Nam
1646 180 1715 209 solet
1731 181 1804 212 Deus
1826 189 1888 212 'e'rnn

1105 225 1218 260 aliquem
1232 226 1303 254 videt
1324 226 1368 260 qui
1386 231 1477 260 gratus
1500 227 1535 253 sit
1556 226 1590 253 de
1614 226 1765 260 prioribus,
1790 228 1889 263 largius

1104 277 1131 298 et
1145 272 1301 299 cumulatius
1315 279 1362 299 stta
1374 272 1442 298 dona
1463 271 1489 298 in
1508 272 1582 298 illum
1603 271 1773 306 profundere.
1789 273 1888 301 Demus

1105 315 1183 350 igitur
1202 320 1229 343 et
1251 324 1299 343 nos
1313 323 1421 350 operam
1434 336 1441 348 ,
1456 320 1485 343 ut
1498 317 1641 350 gratiarum
1661 317 1778 344 actiones
1790 325 1838 352 pro
1850 319 1887 345 vi-

1105 360 1146 386 rili
1160 360 1271 387 Domino
1285 359 1426 388 offeramus
1444 368 1493 394 pro
1514 361 1590 387 donis
1605 369 1663 395 qua:
1685 361 1718 388 ab
1733 369 1766 389 eo
1785 363 1888 396 pridem

1105 405 1180 431 nobis
1195 406 1311 439 prazstita
1334 411 1406 438 sunt,
1420 410 1448 432 ut
1460 411 1486 432 et
1497 406 1594 440 majora
1609 407 1669 433 inde
1681 414 1886 442 consequamur,

1104 453 1132 476 et
1152 457 1294 484 numquam
1316 450 1502 477 obliviscamur
1517 450 1563 477 Dei
1587 451 1713 478 beneficia
1729 452 1756 478 in
1772 459 1820 479 nos
1833 453 1889 480 col-

1105 494 1168 526 lata,
1183 495 1230 521 sed
1243 503 1348 528 semper
1361 503 1390 522 ca
1405 496 1429 522 in
1447 500 1534 522 mente
1547 501 1635 522 nostra
1649 504 1795 530 versemus,
1811 502 1839 524 ut
1854 498 1887 524 ad

1103 539 1254 566 continuam
1268 539 1409 573 gratiarum
1423 540 1553 566 actionem
1569 548 1660 567 eorum
1676 542 1802 568 memoria
1817 549 1890 569 eom-

1104 584 1233 619 pellantur
1244 604 1251 616 ,
1273 586 1375 611 tametsi
1395 590 1433 611 tot
1446 585 1508 617 sint,
1527 590 1554 612 ut
1569 593 1644 613 mens
1658 593 1747 613 nostra
1767 595 1817 614 non
1833 588 1891 615 suf-

1106 630 1174 656 ficiat
1182 629 1215 656 ad
1227 630 1504 663 comprehendendum
1513 637 1538 657 ct
1548 632 1757 658 enumerandrrrn
1768 640 1890 667 magnam

1105 682 1163 707 qua:
1188 674 1262 701 nobis
1280 675 1388 708 contigit
1401 683 1432 701 ex
1450 677 1507 709 ejus
1522 676 1678 703 liberalitate
1691 677 1804 711 copiam.
1821 677 1892 711 Quo-

1106 718 1184 745 modo
1197 719 1267 745 cnim
1283 719 1341 754 quis
1362 720 1477 754 cogitare
1491 725 1581 754 posset
1592 728 1622 747 ea
1638 728 1697 755 qua:
1719 721 1745 748 in
1765 729 1814 748 nos
1835 722 1890 756 jam

1106 767 1167 790 sunt
1186 763 1280 790 collata
1294 783 1301 794 ,
1323 771 1381 798 quze
1399 765 1462 790 item
1482 764 1611 799 promissa
1625 786 1632 797 ,
1653 773 1711 799 qua:
1729 771 1756 793 et
1772 767 1892 801 quotidie

1106 807 1276 835 conferuntur
1292 816 1298 835 :
1313 808 1382 842 quod
1394 817 1425 835 ex
1441 809 1523 836 nihilo
1542 809 1696 843 produxerit
1715 815 1742 837 ιιι
1760 819 1891 842 essemus,

1107 853 1175 887 quod
1190 860 1286 888 corpus
1298 858 1324 880 et
1336 854 1449 880 animam
1469 854 1585 886 dederit,
1603 855 1673 889 quod
1688 856 1830 882 rationales
1843 864 1893 883 nos

1108 898 1267 929 formaverit,
1281 898 1350 933 quod
1363 906 1452 925 aerem
1467 900 1892 936 respirationiconccsserit.quud

1108 947 1254 970 creaturam
1268 950 1373 969 orunem
1388 947 1495 978 propter
1509 944 1650 971 lmmanum
1665 953 1748 979 genus
1762 946 1893 979 produxe-

1108 988 1159 1019 rit,
1176 988 1245 1022 quod
1267 989 1323 1022 ipse
1336 989 1441 1023 quidem
1456 989 1489 1015 ab
1503 990 1577 1016 initio
1591 991 1705 1017 voluerit
1717 990 1851 1018 hominem
1867 992 1894 1018 in

1109 1034 1231 1068 paradiso
1245 1035 1325 1061 vitam
1346 1042 1426 1069 agere
1445 1035 1511 1062 citra
1525 1043 1630 1063 otnnem
1645 1036 1764 1064 dolorem
1777 1042 1805 1064 ct
1819 1037 1894 1064 labo-

1109 1087 1181 1111 rem,
1199 1084 1225 1106 ct
1243 1079 1307 1106 nihil
1321 1081 1408 1107 minus
1421 1080 1560 1108 habentem
1576 1082 1677 1116 angelis
1691 1087 1717 1108 et
1732 1082 1896 1116 incorporeis

1110 1125 1164 1152 illis
1177 1126 1328 1159 virtutibus,
1343 1127 1514 1154 exsistentem
1530 1128 1555 1154 in
1567 1135 1689 1162 corpore,
1702 1128 1749 1155 sed
1763 1133 1788 1155 et
1801 1135 1895 1162 corpo-

1109 1171 1207 1198 ralibus
1220 1171 1419 1198 necessitatibus
1430 1180 1480 1198 non
1494 1172 1658 1199 obnoxium?
1674 1172 1773 1199 Deinde
1787 1173 1894 1207 quando

1109 1217 1143 1244 ob
1159 1217 1342 1251 negligentiam
1362 1217 1518 1251 deceptione
1538 1217 1667 1244 diabolica
1684 1226 1730 1252 per
1743 1224 1894 1252 serpeotctn

1109 1262 1187 1288 allata
1199 1263 1381 1296 supplantatus
1395 1262 1442 1289 fuit
1452 1284 1458 1293 ,
1475 1270 1560 1297 neque
1574 1263 1613 1290 sic
1626 1263 1726 1290 destitit
1740 1265 1895 1298 prmvaricm

1110 1307 1160 1334 tori
1185 1307 1340 1334 benefacere
1355 1316 1362 1333 ε
1376 1307 1420 1334 sed
1443 1313 1470 1334 et
1491 1315 1538 1341 per
1561 1308 1604 1334 illa
1622 1309 1692 1341 ipsa,
1716 1316 1763 1342 per
1776 1316 1835 1342 qua:
1848 1315 1895 1342 ptr-

1110 1353 1194 1380 nierat
1205 1373 1214 1385 ,
1230 1353 1298 1380 sicut
1312 1353 1367 1380 heri
1380 1353 1505 1385 diximus,
1521 1353 1698 1381 excellentem
1713 1361 1788 1380 suam
1802 1353 1896 1380 huma-

1110 1398 1218 1425 nitatem
1232 1398 1390 1430 declaravit,
1407 1403 1486 1433 atque
1502 1399 1597 1425 multas
1609 1399 1673 1426 alias
1689 1399 1896 1433 innumerasque

1109 1444 1298 1471 beneficiorum
1311 1445 1414 1478 species
1436 1445 1461 1471 in
1478 1445 1549 1471 illum
1573 1445 1723 1472 collocavit.
1750 1445 1782 1471 Et
1805 1449 1895 1478 postea

1111 1489 1271 1524 procedente
1283 1493 1402 1524 tempore
1414 1494 1439 1517 cl
1447 1494 1583 1517 crescente
1592 1497 1698 1524 genere,
1713 1497 1743 1517 ac
1755 1490 1780 1516 in
1789 1497 1896 1517 omnem

1111 1535 1237 1562 malitiam
1253 1539 1388 1569 vergente,
1409 1535 1470 1569 quia
1482 1535 1587 1562 videbat
1598 1535 1750 1562 incurabilia
1764 1542 1824 1562 esse
1838 1535 1898 1561 vol-

1112 1588 1185 1614 nera,
1199 1581 1321 1614 nequilia:
1336 1585 1490 1615 operatores
1501 1601 1509 1613 ,
1534 1581 1608 1616 quasi
1632 1581 1791 1608 fermentum
1807 1580 1878 1614 quod
1889 1595 1895 1600 -

1111 1625 1171 1653 dam
1194 1626 1292 1652 malum
1311 1625 1426 1658 delevit,
1442 1625 1536 1653 relicto
1554 1626 1626 1660 justo
1648 1626 1693 1652 illo
1715 1626 1758 1659 qui
1783 1625 1856 1652 radix
1871 1629 1899 1651 ct

1112 1673 1185 1708 origo
1202 1673 1275 1700 fieret
1287 1673 1390 1707 generis
1405 1672 1523 1699 humani.
1538 1672 1640 1699 Etvide
1651 1672 1756 1702 iterum,
1771 1675 1896 1706 quantam

1111 1727 1173 1755 erga
1184 1719 1284 1754 justum
1301 1719 1372 1746 illum
1387 1718 1506 1746 declaret
1517 1719 1712 1746 liberalitatem.
1734 1717 1830 1744 Totum
1846 1717 1897 1743 hu-

1112 1772 1218 1792 manutn
1232 1772 1315 1799 genus
1329 1764 1362 1790 ab
1377 1771 1409 1790 eo
1421 1768 1449 1791 et
1471 1763 1531 1790 filiis
1545 1764 1602 1798 ejus
1628 1763 1800 1793 instauravit,
1824 1767 1851 1788 ct
1871 1762 1898 1788 in

1113 1815 1213 1837 tantam
1234 1809 1431 1837 multitudinem
1448 1816 1602 1836 excrescerc
1615 1809 1715 1835 curavit
1730 1829 1736 1839 ,
1759 1808 1901 1842 paulatim-

1113 1864 1164 1890 que
1173 1856 1260 1890 justos
1274 1855 1384 1889 eligens,
1400 1855 1562 1889 patriarchas
1576 1854 1646 1885 dico,
1661 1859 1838 1887 prtcceptores
1852 1852 1900 1880 de-

1114 1901 1152 1928 dit
1169 1901 1270 1935 reliquo
1292 1900 1427 1927 hominum
1443 1900 1554 1934 generi,
1569 1899 1613 1933 qui
1628 1906 1675 1925 sua
1692 1899 1788 1924 virtute
1806 1905 1901 1925 omnes

1115 1955 1163 1974 nos
1177 1948 1315 1974 instituere
1329 1967 1336 1978 ,
1348 1952 1374 1974 et
1385 1967 1391 1979 ,
1415 1947 1489 1981 quasi
1503 1946 1598 1973 medici
1610 1966 1617 1978 ,
1632 1950 1792 1981 aegrotantes
1805 1952 1902 1971 curare

1116 1995 1227 2028 possint.
1250 1994 1281 2020 Et
1294 1993 1372 2020 utodo
1387 2001 1433 2020 eos
1449 1993 1474 2019 in
1489 1992 1655 2019 Palaestinam
1667 2012 1673 2023 ,
1688 1990 1768 2018 modo
1779 1991 1804 2018 in
1817 1989 1902 2025 {Egy-

1117 2043 1189 2072 ptum
1200 2037 1321 2070 deducit,
1342 2037 1420 2064 simul
1431 2041 1458 2064 et
1476 2043 1613 2063 servorum
1627 2043 1733 2062 suorum
1747 2033 1901 2069 patientium

1117 2090 1264 2115 exercens,
1287 2087 1315 2109 et
1338 2090 1412 2109 suam
1430 2082 1554 2108 virtutem
1573 2081 1713 2108 clariorem
1736 2084 1902 2111 monstrans,

1118 2127 1266 2161 mansitque
1283 2133 1389 2160 semper
1403 2126 1497 2154 cedent
1512 2125 1592 2152 modo
1607 2125 1727 2152 humanae
1749 2124 1842 2151 salutis
1856 2131 1904 2150 cu-

1118 2180 1173 2199 ram
1188 2179 1281 2207 gerens
1295 2179 1303 2198 :
1319 2172 1439 2199 exhibuit
1458 2172 1600 2206 prophetas
1611 2191 1618 2203 ,
1636 2175 1663 2197 et
1680 2178 1728 2205 per
1750 2170 1809 2197 illos
1827 2170 1903 2204 signa

1118 2223 1145 2245 et
1159 2217 1274 2252 prodigia
1288 2217 1381 2244 edidit.
1405 2217 1500 2250 Atque,
1516 2221 1544 2243 ut
1560 2216 1665 2243 brevius
1683 2216 1767 2242 dicam
1784 2224 1791 2241 :
1807 2222 1901 2249 quem-

1119 2262 1260 2289 admodum
1276 2262 1346 2288 cnim
1356 2262 1436 2289 maris
1451 2261 1546 2288 fluctus
1556 2281 1563 2293 ,
1578 2261 1700 2296 quamvis
1713 2261 1863 2288 sexcenties
1879 2260 1904 2287 id

1119 2314 1257 2339 conemur,
1269 2315 1425 2334 enumerare
1437 2314 1578 2341 numquam
1587 2307 1731 2340 poterimus
1746 2317 1751 2333 :
1769 2306 1803 2332 ita
1819 2313 1906 2340 neque

1121 2352 1308 2379 beneficiorum
1325 2352 1388 2385 Dei,
1403 2359 1462 2386 qua:
1475 2352 1500 2378 in
1515 2357 1631 2379 nostram
1646 2351 1757 2378 contulit
1770 2357 1904 2382 naturam,

1121 2398 1285 2425 varietatem.
1299 2397 1417 2424 Tandem
1432 2397 1475 2424 ubi
1488 2397 1552 2424 vidit
1566 2402 1625 2431 post
1640 2401 1738 2424 tantam
1753 2404 1828 2423 suam
1845 2403 1908 2430 pro.

1121 2443 1264 2470 videntiam
1283 2443 1370 2471 adhtrc
1385 2443 1465 2470 multa
1479 2447 1506 2470 et
1525 2442 1649 2470 ineffabili
1670 2441 1851 2469 misericordia
1868 2441 1908 2467 io~

1122 2491 1212 2525 digere
1240 2490 1383 2516 humanum
1407 2495 1509 2523 genus,
1533 2492 1560 2515 et
1579 2488 1643 2514 nihil
1667 2488 1725 2521 plus
1748 2487 1843 2513 fecisse
1866 2486 1908 2512 vel

1123 2535 1296 2570 patriarchas,
1313 2534 1353 2561 vel
1368 2534 1520 2568 prophetas,
1536 2533 1577 2560 vel
1593 2534 1666 2568 signa
1675 2533 1849 2563 admirabilia,
1868 2533 1909 2558 Vel

1124 2589 1233 2616 prunas,
1256 2581 1296 2607 vel
1319 2579 1512 2606 admonitiones
1529 2578 1586 2605 illas
1607 2578 1820 2613 frequentissime
1834 2577 1906 2604 adhi-

1125 2628 1192 2655 bitas
1204 2647 1212 2658 ,
1229 2631 1256 2653 et
1267 2625 1431 2660 captivitates
1445 2624 1503 2651 illas
1517 2624 1566 2650 sibi
1588 2624 1699 2650 invicem
1713 2622 1888 2650 succedentes
1904 2630 1912 2648 :

1125 2674 1199 2707 quasi
1213 2673 1354 2700 miseratus
1366 2677 1449 2705 genus
1462 2676 1578 2697 nostrum
1590 2689 1597 2700 ,
1614 2670 1684 2696 misit
1703 2668 1736 2695 ad
1752 2675 1801 2695 nos
1813 2668 1902 2694 anima

1126 2726 1184 2745 rum
1209 2722 1401 2751 corporumque
1425 2715 1555 2742 mcdicutn
1567 2735 1576 2747 ,
1601 2714 1764 2748 unigenitum
1779 2720 1857 2740 suum
1873 2712 1917 2739 Fi—

1127 2763 1189 2790 lium
1201 2783 1207 2794 ,
1229 2770 1260 2789 ex
1276 2761 1408 2796 paternis,
1429 2764 1458 2787 ut
1478 2759 1511 2786 ita
1525 2759 1609 2786 dicam
1625 2779 1632 2790 ,
1657 2759 1759 2785 sinibus
1773 2756 1899 2783 excitans
1918 2762 1925 2776 ε

1128 2809 1210 2836 Voluit
1221 2812 1341 2842 suscepta
1357 2807 1424 2833 servi
1442 2805 1526 2832 forma
1539 2812 1554 2832 e
1568 2803 1675 2839 Virgine
1691 2804 1773 2836 nasci,
1794 2801 1896 2832 etnobi
1910 2815 1924 2820 -
