2058 3123
118 139 169 166 239

119 201 181 244 σθαι
197 201 373 238 βουλομένου.
392 204 498 241 Ὠσπερ
514 206 568 241 γὰρ
581 206 628 232 ἐπὶ
645 207 700 234 τῶν
715 207 867 242 ἀνθρώπων
881 209 898 243 ἡ
913 217 955 244 γι-

118 243 219 279 νομένη
245 245 406 280 εὐχαριστία
429 247 468 278 εἰς
493 247 556 279 τοὺς
584 248 809 284 εὐεργετηκότας,
836 249 955 281 ἐκείνους

118 284 327 321 λαμπροτέρους
345 287 500 322 ἐργάζεται,
514 289 600 320 οὕτως
624 290 670 316 ἐπὶ
690 290 738 316 τοῦ
763 290 954 325 φιλανθρώπου

117 329 187 355 Θεοῦ
199 330 263 356 ὅταν
279 329 358 357 τοῦτο
372 331 502 366 ποιῶμεν,
526 333 638 364 ἑαυτοὺς
652 333 858 369 λαμπροτέρους
871 335 956 370 ἀπερ-

118 370 269 412 γαζόμεθα·
283 371 375 407 ἐπειδὴ
386 373 446 407 οὐχῖ¹
460 372 510 408 τῆς
521 375 584 409 παρ’
593 375 670 410 ἡμῶν
683 376 808 411 δεόμενος
819 376 955 412 εὐφημίας

118 411 200 438 τοῦτο
217 412 340 446 βούλεται
352 414 483 447 γίνεσθαι,
501 414 558 441 ἀλλ’
573 415 617 444 ἵνα
631 417 711 443 πάλιν
727 418 767 449 είς
789 418 862 453 ἡμᾶς
879 411 956 453 περι-

120 454 170 488 στῇ
188 454 219 480 τὸ
233 454 338 490 κέρδος,
352 456 399 482 καὶ
414 456 537 490 μείζονος
551 458 708 493 συμμαχίας
735 459 847 490 ἑαυτοὺς
863 459 955 492 ἀξίους

119 498 345 532 καταστήσωμεν.
359 499 391 525 Εἰ
403 499 458 534 γάρ
468 499 515 526 καὶ
528 500 564 535 μὴ
576 501 713 536 δυνάμεθα
725 503 786 528 κατ’
800 502 878 535 ἀξίαν
890 502 954 529 ποτὲ

119 537 200 564 τοῦτο
213 538 334 574 ποιῆσαι·
350 539 409 570 πῶς
427 541 494 576 γὰρ,
505 542 623 577 τοσαύτῃ
631 542 758 578 ἀσθενείᾳ
773 543 881 578 φύσεως
891 551 954 570 συν-

118 579 274 614 δεδεμένοις
291 581 338 607 καὶ
348 581 373 608 τί
383 580 454 615 λέγω
467 582 516 617 τὴν
529 582 704 619 ἀνθρωπίνην
714 584 794 618 φύσιν
806 593 814 618 ;
828 584 884 611 ἀλλ’
895 584 955 611 οὐδὲ

119 620 200 648 αὐταὶ
209 622 238 648 αί
247 622 385 657 ἀσώματοι
395 623 443 650 καὶ
452 624 562 659 ἀόρατοι
573 624 711 659 δυνάμεις,
719 626 766 652 καὶ
777 626 805 652 αί
814 626 897 662 ἀρχαὶ
907 626 954 652 καὶ

120 663 149 688 αἱ
160 663 290 695 ἐξουσίαι,
301 665 349 691 καὶ
363 665 397 691 τὰ
411 665 560 701 Χερουϐὶμ,
575 666 621 693 καὶ
632 667 666 693 τὰ
676 667 815 702 Σεραφεὶμ
828 668 877 703 τὴν
893 668 954 694 κατ’

120 704 200 737 ἀξίαν
214 705 366 740 δοξολογίαν
378 707 524 743 ἀναφέρειν
547 708 769 744 εὐχαριστοῦντες
785 709 952 744 δυνήσονται·

120 746 177 772 ἀλλ’
195 747 270 782 ὅμως
279 747 328 782 τὴν
341 747 411 774 κατά
425 748 538 784 δύναμιν
555 750 710 783 ἀνενεγκεῖν
723 751 898 786 εὐχαριστίαν
916 751 955 777 δί-

119 796 197 815 καιον
211 788 243 815 ἀν
254 789 308 824 είη,
319 791 366 816 καὶ
379 789 510 824 διηνεκῶς
525 790 645 823 δοξάζειν
654 791 700 818 τὸν
714 793 847 828 ἡμέτερον
857 794 888 818 Δε
894 794 956 819 σπό-

117 836 169 863 την
190 830 237 856 καὶ
247 829 291 856 διὰ
301 830 353 865 τῆς
364 831 419 857 τῶν
433 830 520 865 λόγων
541 832 686 867 εὐφημίας,
704 834 750 860 καὶ
759 833 803 860 διὰ
821 834 871 868 τῆς
895 835 954 870 ἀρί-

120 877 188 905 στης
211 871 359 902 πολιτείας.
388 872 462 907 Αὕτη
486 873 541 908 γὰρ
568 874 684 908 μάλιστα
711 875 758 900 καὶ
776 874 954 911 λαμπροτέρα

118 912 225 954 γένοιτο
236 914 253 948 ή
269 914 401 949 εὐφημία,
418 915 482 940 ὅταν
496 915 540 954 διὰ
558 915 661 951 μυρίων
676 916 804 949 γλωσσῶν
817 916 865 952 τὴν
880 917 953 951 δοξο-

117 952 213 987 λογίαν
224 954 415 990 ἀναφέρωμεν.
439 955 467 982 Ὀ
489 952 543 991 γὰρ
563 957 689 992 ἐνάρετος
703 957 818 984 ἕκαστον
838 958 892 984 τῶν
913 959 954 991 είς

117 994 200 1021 αὐτὸν
213 995 338 1031 ὁρώντων
364 997 567 1031 παρασκευάζει
582 998 627 1024 τὸν
642 998 724 1024 αὐτοῦ
739 998 877 1034 Δεσπότην
908 1000 954 1026 ἀν-

117 1039 226 1073 υμνείνο
243 1039 290 1066 καὶ
304 1040 320 1076 ἡ
337 1040 402 1076 παρ’
417 1041 528 1068 ἐκείνων
555 1041 692 1075 δοξολογία
711 1042 810 1077 πολλὴν
826 1043 872 1069 καὶ
883 1043 953 1077 ἀφα-

115 1089 163 1106 τον
176 1080 216 1116 τῷ
235 1081 284 1117 τὴν
304 1082 394 1108 αἰτίαν
415 1083 561 1118 παρέχοντι
587 1083 726 1118 χαρίζεται
751 1084 800 1118 τὴν
815 1084 890 1119 παρὰ
905 1085 952 1112 τοῦ

117 1123 255 1149 Δεπότου
272 1123 387 1151 εὔνοιαν.
406 1124 439 1149 Τί
452 1122 498 1150 οὖν
513 1124 546 1151 ἂν
568 1125 646 1160 ἡμῶν
661 1126 891 1162 μακαριστότερον
904 1127 953 1160 γέ-

115 1172 199 1196 νοιτο,
213 1165 238 1191 εί
247 1165 388 1199 μέλλοιμεν
403 1166 440 1201 μὴ
456 1167 536 1201 μόνον
551 1167 627 1193 αὐτοὶ
639 1167 682 1194 διὰ
695 1168 744 1203 τῆς
756 1168 858 1200 οἰκείας
868 1168 954 1202 γλώτ-

115 1213 166 1240 της
186 1205 309 1238 δοξάζειν
332 1206 379 1233 τὸν
405 1207 507 1241 ἀγαθὸν
520 1208 596 1240 Θεὸν,
609 1208 677 1235 ἀλλά
699 1209 745 1236 καί⁸
763 1209 866 1241 πάντας
890 1211 953 1242 τοὺς

114 1246 259 1280 ὁμογενεῖς
285 1246 429 1282 διεγείρειν
449 1249 489 1279 εἰς
517 1248 566 1284 τὴν
593 1250 662 1284 ὑπὲρ
680 1250 759 1285 ἡμῶν
778 1250 950 1286 δοξολογίαν;

114 1287 241 1328 Τοσαύτη
253 1287 308 1323 γάρ
317 1288 367 1323 τῆς
381 1289 483 1324 ἀρετῆς
498 1290 513 1324 ἡ
533 1291 609 1325 ἰσχὺς
621 1311 627 1322 ,
652 1291 690 1322 ὡς
716 1292 822 1327 μυρίοις
838 1293 952 1328 στόμασι

113 1327 246 1354 δύνασθαι
258 1329 304 1355 τὸν
313 1329 477 1365 δημιουργὸν
499 1331 635 1366 ἀνυμνεῖν.
652 1333 734 1359 Οὐδὲν
761 1333 814 1368 γὰρ
839 1327 952 1369 ἀρίστης

114 1370 255 1402 πολιτείας
272 1372 329 1398 ἴσον
343 1371 463 1404 γένοιτο,
485 1372 620 1407 ἀγαπητέ.
646 1374 696 1400 Διά
720 1374 798 1401 τοῦτο
813 1375 858 1401 καὶ
869 1376 882 1402 ὁ
897 1376 952 1402 Κύ-

115 1419 175 1445 ριος
197 1411 286 1446 ἐλεγε-
311 1412 461 1447 Λαμψάτω
487 1413 521 1439 τὸ
542 1413 604 1448 φῶς
618 1415 701 1448 ὑμῶν
715 1415 884 1450 ἔμπροσθεν
894 1417 953 1444 τῶν

113 1451 289 1492 ἀνθρώπων,
312 1453 392 1485 ὅπως
413 1453 518 1480 Ζδωσιν
537 1454 621 1488 ὑμῶν
643 1455 680 1482 τὰ
711 1457 789 1483 καλὰ
803 1458 886 1492 ἔργα,
903 1458 952 1485 καὶ

112 1491 270 1533 δοξάσωσι
281 1493 334 1520 τὸν
353 1494 470 1528 Πατέρα
484 1494 566 1529 ὑμῶν
594 1496 649 1522 τὸν
662 1497 697 1523 ἐν
721 1497 784 1530 τοῖς
802 1499 950 1533 οὐρανοῖς.

113 1530 194 1564 Εἶδες
208 1534 267 1566 πῶς
285 1535 409 1570 καθάπερ
424 1536 454 1562 τὸ
466 1536 523 1570 φῶς
536 1536 618 1570 φανὲν
642 1538 787 1565 ἀπελαύνει
802 1530 950 1573 τδ-σκότος,

112 1574 189 1602 οὕτω
202 1576 249 1602 καὶ
265 1577 282 1611 ἡ
293 1576 377 1612 ἀρετὴ
384 1577 498 1611 ὀφθεῖσα
509 1578 555 1604 καὶ
566 1578 616 1614 τὴν
627 1579 726 1606 κακίαν
741 1580 895 1614 φυγαδεύει,
905 1583 952 1610 καὶ

111 1617 166 1652 τῆς
182 1617 287 1653 πλάνης
302 1618 333 1645 τὸ
344 1619 439 1651 σκότος
452 1619 611 1646 ἀπελάσασα
625 1620 694 1655 πρὸς
707 1621 859 1656 δοξολογίαν
884 1626 953 1650 κινεῖ

111 1659 170 1685 τῶν
186 1659 311 1695 ὁρώντων
329 1660 378 1696 τὴν
401 1660 536 1693 διάνοιαν;
553 1661 629 1687 Οὖτω
655 1662 743 1688 τοίνυν
761 1663 951 1700 σπουδάζωμεν

112 1700 195 1735 ἡμῶν
209 1700 328 1736 λάμπειν
341 1701 375 1728 τά
389 1701 467 1736 ἔργα,
487 1702 524 1734 ὡς
541 1702 586 1728 τὸν
596 1703 728 1738 ἡμέτερον
738 1703 894 1736 δοξάζεσθαι
905 1709 952 1732 Δε-

114 1743 230 1777 σπότην.
247 1743 339 1769 Ταῦτα
351 1743 378 1769 δὲ
392 1743 486 1777 ἔλεγεν
509 1745 523 1770 ό
540 1745 670 1779 Χριστὸς.
691 1746 740 1780 οὐχ
757 1746 800 1772 ἵνα
809 1747 876 1782 πρὸς
894 1749 952 1774 ἐπί-

114 1783 201 1817 δειξίν
215 1793 241 1811 τι
256 1785 430 1820 πράττωμεν·
449 1785 486 1820 μὴ
511 1785 624 1819 γένοιτο·
639 1786 695 1812 ἀλλ’
716 1787 758 1813 ’ίνα
788 1788 856 1823 μετά
871 1790 950 1825 ἀκρι-

112 1825 193 1857 σείας
206 1825 332 1853 καὶκατὰ
344 1825 374 1852 τὸ
387 1825 462 1860 αὐτῷ
470 1826 565 1852 δοκοῦν
577 1826 778 1862 πολιτευόμενοι
787 1830 854 1864 μήτε
869 1829 950 1864 βλασ-

115 1866 212 1902 φημίᾳ
244 1867 297 1894 τινὶ
321 1867 414 1902 χώραν
430 1867 605 1902 παρέχωμεν,
633 1869 679 1895 καὶ
693 1869 737 1896 διὰ
751 1870 800 1905 τῆς
820 1871 873 1897 τῶν
883 1873 951 1905 ἀγα-

113 1909 171 1935 θῶν
182 1909 272 1945 ἔργων
287 1908 415 1944 πράξεως
432 1910 685 1945 παρασκευάζωμεν
699 1911 761 1943 τοὺς
771 1912 891 1948 ὁρῶντας
910 1913 952 1939 δο-

113 1951 208 1983 ξάζειν
220 1951 266 1977 τὸν
288 1951 342 1977 τῶν
356 1951 424 1977 ὅλων
435 1951 511 1977 Θεόν.
524 1951 590 1977 Τότε
603 1952 667 1988 γὰρ,
682 1953 743 1979 τότε
758 1955 804 1980 καὶ
819 1955 868 1989 τὴν
885 1954 950 1990 παρ’

112 1991 198 2020 αὐτοῦ
215 1991 322 2018 εὔνοιαν
335 1991 466 2026 μειζόνως
482 1992 701 2026 ἐπισπασόμεθα.
719 1994 765 2020 καὶ
782 1993 830 2029 τὴν
842 1995 951 2022 κόλασιν

111 2034 257 2068 διαφυγεῖν
269 2033 449 2069 δυνησόμεθα,
461 2033 508 2059 καὶ
517 2032 572 2059 τῶν
585 2034 750 2069 ἀπορρήτων
761 2036 870 2069 ἀγαθῶν
889 2037 951 2062 ἐπι-

112 2078 215 2111 τυχεῖν,
231 2076 322 2113 χάριτι
338 2076 384 2102 καὶ
401 2074 590 2110 φιλανθρωπίᾳ
603 2075 649 2101 τοῦ
663 2076 765 2112 Κυρίου
776 2077 950 2113 ἠμῶνῚησοῦ

113 2117 192 2153 1255]
211 2116 340 2152 Χριστοῦ,
371 2116 430 2151 μεθ’
445 2113 475 2143 οὗ
493 2115 532 2150 τῷ
557 2115 644 2151 Πατρὶ
663 2116 721 2152 ἃμα
751 2118 798 2144 καὶ
817 2119 856 2154 τῷ
882 2119 951 2154 ἁγίῳ

114 2158 256 2194 [ινιύματι
272 2157 345 2190 δόξα,
361 2158 470 2193 κράτος,
481 2157 559 2192 τιμὴ,
572 2157 619 2184 νῦν
636 2158 684 2184 καὶ
706 2158 759 2191 ἀεὶ,
773 2160 821 2186 καὶ
837 2161 876 2192 είς
887 2161 951 2192 τοὺς

112 2201 215 2233 αἰῶνας
225 2199 280 2227 τῶν
290 2199 404 2226 αἰώνων.
425 2199 521 2235 Ἀμήν.

413 2279 534 2307 ΟΜῘΛΙΑ
551 2281 596 2307 ΚΖ
604 2285 611 2291 ’

114 2352 168 2380 Kal
179 2351 356 2386 ᾠκοδόμησε
372 2350 436 2377 Νῶε
461 2350 679 2384 θυσιαστήριον
704 2349 744 2383 τῷ
762 2353 868 2385 Κυρίῳ.
901 2354 949 2380 καὶ

147 2395 258 2422 ἐλαϐεν
270 2393 330 2421 ἀπὸ
342 2392 462 2419 πάντων
475 2391 535 2418 τῶν
549 2392 667 2426 κτηνῶν
677 2392 736 2419 τῶν
748 2394 951 2428 καθαρῶν,καί

146 2436 208 2464 ἀπὸ
217 2434 338 2462 πάντων
350 2433 409 2460 τῶν
419 2433 562 2460 πετεινῶν
570 2433 716 2468 καθαρῶν,
725 2434 773 2461 καὶ
786 2434 951 2470 ἀνήνεγκεν

148 2476 363 2510 όλοκάρπωσιν
380 2476 424 2508 είς
442 2475 476 2502 τὸ
492 2475 716 2509 θυσιαστήριον.

147 2532 184 2557 α’.
192 2528 285 2555 Είδετε
300 2527 364 2563 χθὲς
376 2526 425 2554 τοῦ
441 2527 630 2562 φιλανθρώπου
645 2527 780 2554 Δεσπότου
795 2528 844 2564 τὴν
854 2530 952 2563 ἀγαθό-

111 2579 193 2606 τητα,
209 2571 284 2601 ὅπως
292 2569 339 2595 τὸν
363 2568 465 2595 δίκαιον
479 2568 611 2603 ἐξήγαγεν
625 2570 658 2595 ἐκ
667 2569 716 2604 τῆς
735 2570 861 2604 κιῦωτοῦ,
881 2572 951 2599 ἐλευ-

113 2614 238 2651 θερώσας
256 2613 304 2640 καὶ
318 2613 367 2647 τῆς
379 2612 438 2638 ἐκεῖ
448 2611 597 2645 διαγωγῆς,
609 2612 656 2638 καὶ
671 2612 828 2646 ἀπαλλάξας
839 2614 886 2640 τοῦ
899 2624 949 2650 χα-

112 2655 196 2683 λεποῦ
213 2655 319 2681 ἐκείνου
330 2653 376 2680 καὶ
389 2653 464 2685 ξένου
477 2653 672 2688 δεσμωτηρίου,
689 2654 735 2680 καὶ
746 2654 796 2689 τῆς
812 2655 950 2692 ὑπομονῆς

112 2700 187 2734 αὐτῷ
198 2699 248 2730 τάς
258 2697 376 2733 ἀμοιϐὰς
394 2696 561 2723 ἀποδέδωκεν
585 2695 679 2722 είπών’
695 2697 867 2729 Αὐξάνεσθε
900 2700 948 2726 καὶ

112 2741 317 2775 “uadi-eoas.
332 2738 471 2772 Μάθωμεν
492 2738 612 2772 σήμερον
636 2736 682 2763 τοῦ
704 2738 764 2764 Νῶε
782 2738 831 2774 τὴν
846 2739 949 2774 εὐγνω-

116 2783 245 2818 μοσύνην,
256 2782 305 2808 καὶ
320 2780 370 2815 τὴν
384 2780 542 2814 εὐχάριστον
552 2777 650 2813 ψυχήν,
659 2777 692 2803 δι’
701 2775 734 2813 ἧς
743 2779 823 2806 πάλιν
839 2780 949 2808 πλείονα

115 2825 159 2852 καὶ
170 2823 262 2858 πολλῷ
278 2821 390 2858 μείζονα
401 2820 580 2852 ἐξεκαλέσατο
589 2820 635 2846 τοῦ
645 2820 712 2846 Θεοῦ
727 2821 775 2855 τὴν
792 2822 853 2856 περὶ
868 2821 948 2849 αὐτὸν

114 2863 227 2895 εὔνοιαν.
241 2864 298 2893 Καὶ
308 2864 363 2899 γὰρ
378 2861 497 2894 τοιοῦτος
511 2863 525 2888 ὁ
543 2861 619 2893 Θεόςν
633 2861 739 2889 ἐπειδὰν
760 2861 801 2896 ἴδῃ
824 2863 868 2890 ἐπὶ
891 2864 946 2895 τοῖς

687 149 721 177 ΙΝ
737 149 813 178 CAP.
837 149 892 177 νιιι
911 149 1029 177 GENES.
1049 150 1162 178 IIOMIL.
1185 151 1288 179 XXV".

1787 155 1843 182 τεο

1008 208 1142 242 φθάσασιν
1157 209 1330 245 εὐγνώμονας
1343 211 1550 246 γεγενημένους,
1566 212 1781 247 ἐπιδαψιλεύεται
1791 215 1839 245 τὰς

1008 250 1072 284 παρ’
1088 250 1184 277 ἑαυτοῦ
1196 251 1308 287 δωρεάς.
1319 251 1514 286 Σπουδάξωμεν
1529 251 1617 279 τοίνυν
1626 253 1671 280 καὶ
1685 254 1764 289 ἡμεῖς
1791 254 1839 289 τὴν

1008 292 1078 318 κατὰ
1093 291 1207 327 δύναμιν
1220 293 1394 327 εὐχαριστίαν
1412 294 1556 329 ἀναφέρειν
1575 293 1613 328 τῷ
1628 295 1749 331 Δεσπότῃ
1770 295 1839 330 ὑπὲρ

1008 332 1061 359 τῶν
1075 332 1326 369 ὑπαρξάντωνὴμῖν
1345 335 1410 369 παρ’
1420 334 1502 361 αὐτοῦ
1519 335 1638 368 ἀγαθῶν,
1652 336 1695 362 ἵνα
1714 337 1761 362 καὶ
1778 345 1838 371 μει-

1009 374 1092 405 ζόνων
1103 374 1273 409 ἀξιωθῶμεν,
1297 375 1344 402 καὶ
1372 375 1505 411 μηδέποτε
1522 375 1762 411 ἐπιλανθανώμεθα
1785 377 1839 404 τῶν

1008 415 1084 450 παρὰ
1095 415 1141 441 τοῦ
1154 415 1222 442 Θεοῦ
1239 416 1403 450 εὐεργεσιῶν
1415 417 1455 448 είς
1470 417 1542 452 ἡμᾶς
1556 418 1754 452 γεγενημένων,
1772 417 1840 444 ἀλλά

1008 456 1051 481 ἀεὶ
1065 455 1151 483 ταῦτα
1169 456 1328 492 στρέφωᾳεν
1341 457 1387 483 ἐπὶ
1394 457 1444 492 τῆς
1456 457 1574 489 διανοίας
1581 458 1629 492 τῆς
1641 458 1788 492 ἡμετέρας,
1798 458 1840 484 ίνα
1858 484 1860 491 ,

1009 498 1061 525 ὑπὸ
1076 499 1127 533 τῆς
1139 500 1250 535 μνήμης
1262 499 1458 535 συνωθούμενοι
1475 501 1585 536 διηνεκῆ
1604 501 1652 536 τὴν
1668 500 1840 535 εὐχαριστίαν
1857 494 1859 538 ί

1010 539 1158 575 ποιώμεθα,
1179 542 1202 567 εἰ
1217 542 1263 567 καὶ
1276 540 1403 568 τοσαῦται
1414 541 1446 568 τὸ
1457 541 1557 576 πλῆθός
1571 543 1648 571 εἰσιν,
1665 541 1702 572 ὡς
1718 541 1784 576 μηδέ
1791 541 1841 576 ἀρ-
1857 544 1860 584 ι

1008 585 1067 610 κεῖν
1084 583 1130 610 τὸν
1148 584 1275 619 λογισμὸν
1285 585 1329 611 τὸν
1341 584 1476 620 ἡμέτερον
1495 584 1727 620 ἐξαριθμήσασθαι
1740 585 1790 619 τὴν
1801 585 1840 616 είς
1857 585 1861 603 ί

1009 628 1081 662 ἡμᾶς
1097 627 1253 662 φιλοτιμίαν
1269 628 1351 654 αὐτοῦ
1364 628 1560 663 γεγενημένην.
1578 627 1610 653 Τί
1624 628 1678 663 γὰρ
1696 628 1728 654 ἀν
1744 636 1785 658 τις
1801 627 1842 653 λο-

1008 668 1114 701 γίσαιτο
1128 668 1161 694 τὰ
1171 669 1221 704 ἤδη
1236 669 1276 700 εἰς
1291 670 1365 704 ἡμᾶς
1389 670 1568 704 γεγενημένα,
1594 669 1627 695 τά
1639 668 1839 703 ἐπηγγελμένα,

1008 707 1041 733 τὰ
1059 708 1119 734 καθ’
1135 710 1253 745 ἑκάστην
1265 709 1370 745 ἡμέραν
1385 710 1523 744 γινόμενα’
1538 710 1578 736 ὅτι
1594 711 1625 735 ἐκ
1648 709 1694 735 τοῦ
1712 709 1749 744 μὴ
1765 709 1841 742 ὄντος

1009 749 1048 780 είς
1057 750 1087 774 τὸ
1097 747 1166 776 εἶναι
1179 751 1348 785 παρήγαγεν,
1364 751 1404 777 ὅτι
1416 751 1462 776 καὶ
1479 751 1558 786 σῶμα
1584 751 1631 777 καὶ
1648 751 1735 786 ψυχὴν
1753 752 1841 786 ἐχαρί-

1010 791 1136 822 σατο,δτι
1150 791 1273 825 λογικοὺς
1301 792 1374 827 ἡμᾶς
1398 792 1623 827 ἐδημιούργησεν,
1647 793 1687 818 ὅτι
1714 791 1759 818 τὸν
1772 793 1840 827 ἀέρα

1008 831 1101 857 τοῦτον
1118 832 1247 858 ἀναπνεῖν
1270 833 1426 867 ἐχαρίσατο,
1444 833 1484 858 ὅτι
1502 833 1551 867 τὴν
1568 833 1655 858 κτίσιν
1674 832 1782 859 ἃπασαν
1798 833 1841 859 διὰ

1008 873 1056 907 τὴν
1069 872 1242 908 ἀνθρωπίνην
1269 874 1349 908 φύσιν
1363 874 1533 908 παρήγαγεν,
1545 874 1585 899 ὃτι
1601 873 1682 904 αὐτὸς
1703 873 1752 908 μὲν
1763 873 1841 899 ἐϐου-

1007 913 1076 949 λήθη
1087 915 1118 940 ἐκ
1131 914 1282 950 προοιμίων
1290 916 1338 949 τῆς
1346 914 1393 941 τοῦ
1408 916 1569 950 παραδείσου
1579 915 1682 950 διαίτης
1695 915 1840 942 ἀπολαύειν

1007 955 1052 982 τὸν
1069 955 1220 992 ἄνθρωπον,
1246 956 1293 982 καὶ
1322 956 1455 983 ἀνώδυνον
1476 955 1531 991 βίον
1554 956 1635 992 ἔχειν,
1664 958 1710 983 καὶ
1739 955 1839 992 μόχθου

1007 999 1107 1030 παντὸς
1124 999 1342 1034 ἀπηλλαγμένον,
1362 1000 1408 1026 καὶ
1421 1000 1503 1035 μηδὲν
1515 1000 1623 1027 ἔλαττον
1638 999 1710 1035 ἔχειν
1723 1000 1777 1027 τῶν
1791 1001 1840 1035 ἀγ‹

1007 1039 1093 1073 γέλων
1103 1041 1149 1066 καὶ
1162 1041 1216 1066 τῶν
1232 1041 1386 1075 ἀσωμάτων
1404 1042 1516 1068 ἐκείνων
1542 1042 1680 1077 δυνάμεων
1691 1043 1720 1068 ἐν
1735 1042 1839 1077 σώματι

1007 1081 1184 1116 τυγχάνοντα,
1202 1081 1270 1108 ἀλλὰ
1288 1083 1334 1108 καὶ
1353 1082 1487 1118 ἀνώτερον
1514 1081 1581 1109 εἶναι
1596 1083 1650 1109 τῶν
1678 1083 1840 1118 σωματικῶν

1006 1122 1152 1156 ἀναγκῶν;
1170 1120 1235 1149 Εἶτα
1249 1123 1342 1158 ἐπειδὴ
1356 1123 1400 1150 διὰ
1413 1124 1549 1159 ῥαθυμίαν
1560 1124 1668 1159 ὑπήχθη
1691 1124 1723 1158 τῇ
1749 1124 1840 1160 ἀπάτῃ

1006 1161 1052 1188 τοῦ
1067 1161 1188 1189 διαϐόλου
1204 1163 1236 1197 τῇ
1250 1162 1294 1188 διὰ
1309 1163 1356 1189 τοῦ
1378 1163 1466 1197 ὁφεως
1483 1163 1677 1199 προσαχθείσῃ,
1692 1163 1751 1189 οὐδὲ
1769 1162 1840 1189 οὕτω

1006 1202 1107 1230 διέλιπε
1124 1203 1170 1230 τὸν
1180 1204 1369 1238 ἡμαρτηκότα,
1386 1204 1431 1230 τὸν
1450 1204 1661 1239 παραῦεὸηκότα
1679 1204 1838 1239 εὐεργετῶν.

1006 1247 1132 1273 ἀλλὰκαὶ
1146 1243 1225 1273 δι’ών
1240 1247 1440 1282 ἐτιμωρήσατο,
1470 1247 1597 1282 καθάπερ
1624 1247 1671 1273 καὶ
1694 1247 1757 1281 χθὲς
1782 1247 1840 1273 ἐλέ-

1006 1299 1099 1325 γομεν,
1124 1290 1174 1326 τῆς
1191 1290 1296 1322 οίκείας
1321 1290 1526 1326 φιλανθρωπίας
1539 1290 1587 1325 τὴν
1618 1289 1768 1325 ὑπερϐολὴν
1793 1290 1840 1315 ἐπ-

1005 1333 1134 1366 εδείξατο,
1158 1333 1205 1360 καὶ
1222 1333 1306 1360 πολλὰ
1323 1334 1404 1369 ἐτερα
1421 1333 1467 1360 καὶ
1480 1333 1652 1369 ἀναρίθμητα
1675 1332 1841 1368 εὐεργεσιῶν

1006 1377 1065 1413 εἴδη
1079 1379 1118 1409 εἰς
1132 1377 1214 1404 αὑτὸν
1231 1377 1369 1404 κατέθετο.
1389 1378 1443 1404 Καὶ
1469 1377 1560 1404 λοιπὸν
1575 1377 1622 1404 τοῦ
1650 1377 1745 1412 χρόνου
1772 1385 1840 1412 προ-

1005 1422 1106 1453 ϊόντος,
1129 1421 1176 1447 καὶ
1199 1420 1246 1447 τοῦ
1272 1421 1366 1455 γένους
1378 1421 1558 1456 αὐξανομένου
1574 1440 1581 1452 ,
1609 1420 1654 1446 καὶ
1678 1421 1717 1451 είς
1741 1420 1839 1446 κακίαν

1005 1464 1207 1495 ἀποκλίναντος,
1235 1464 1327 1499 ἐπειδὴ
1348 1464 1421 1500 ἐώρα
1436 1464 1532 1491 ἀνίατα
1554 1463 1682 1498 γινόμενα
1705 1463 1739 1489 τὰ
1754 1462 1838 1498 τραύ-
1874 1492 1877 1494 γ

1007 1516 1090 1542 ματα,
1101 1507 1227 1543 καθάπερ
1244 1507 1333 1543 ζύμην
1356 1507 1417 1534 τινὰ
1440 1506 1571 1542 πονηρὰν,
1589 1507 1652 1538 τοὺς
1672 1506 1720 1541 τῆς
1739 1507 1838 1538 κακίας

1006 1552 1123 1586 ἐργάτας
1134 1551 1265 1585 ἠφάνισε,
1310 1550 1468 1578 καταλιπὼν
1505 1550 1551 1576 τὸν
1585 1550 1687 1576 δίκαιον
1725 1551 1836 1583 τοῦτον,

1007 1595 1084 1629 ῥίζαν
1101 1595 1148 1621 καὶ
1169 1595 1255 1629 ἀρχὴν
1272 1594 1397 1629 γενέσθαι
1417 1594 1463 1621 τοῦ
1484 1593 1538 1620 τῶν
1560 1593 1710 1629 ἀνθρώπων
1731 1593 1836 1628 γένους.

1006 1639 1059 1664 Καὶ
1081 1638 1161 1665 πάλιν
1177 1638 1274 1664 σκόπει
1299 1637 1384 1672 πόσην
1402 1638 1467 1672 περὶ
1486 1637 1566 1664 αὐτὸν
1590 1637 1770 1663 ἐπιδείκνυται
1787 1637 1837 1672 τὴν

1005 1682 1169 1716 φιλοτιμίαν.
1187 1681 1253 1707 ’Δπδ
1263 1681 1310 1707 τοῦ
1320 1681 1423 1708 δικαίου
1435 1680 1529 1707 τούτου
1541 1681 1588 1707 καὶ
1602 1680 1656 1707 τῶν
1665 1680 1759 1707 τούτου
1771 1680 1837 1706 υἱῶν

1006 1725 1114 1752 ἃπασαν
1138 1725 1188 1760 τὴν
1203 1725 1258 1751 τῶν
1280 1724 1432 1760 ἀνθρώπων
1453 1724 1533 1758 φύσιν
1552 1725 1592 1756 εἰς
1615 1723 1741 1750 τοσοῦτον
1762 1723 1836 1759 [256]

1006 1769 1106 1803 πλῆθος
1129 1768 1274 1795 ἐπιδιδόναι
1292 1768 1490 1804 παρεσκεύασε,
1506 1769 1553 1795 καὶ
1575 1768 1645 1795 κατὰ
1661 1768 1758 1803 μικρὸν
1774 1768 1838 1799 τοὺς

1004 1812 1122 1843 δικαίους
1140 1811 1329 1846 ἐκλεξάμενος,
1344 1812 1407 1843 τοὺς
1423 1812 1596 1847 πατριάρχας
1610 1811 1691 1845 λέγω,
1711 1811 1838 1838 διδασκά-

1005 1855 1066 1886 λους
1084 1855 1217 1890 ἐπέστησε
1238 1855 1277 1890 τῷ
1290 1855 1376 1890 λοιπῷ
1393 1855 1447 1881 τῶν
1462 1855 1612 1890 ἀνθρώπων
1627 1855 1711 1889 γένει,
1729 1854 1773 1881 διὰ
1789 1855 1838 1889 τῆς

1004 1899 1106 1930 οἰκείας
1130 1899 1232 1934 ἀρετῆς
1257 1899 1379 1929 ἃπαντας
1411 1899 1554 1932 ἐναγαγεῖν
1583 1898 1759 1932 δυναμένους,
1789 1898 1837 1924 καὶ

1005 1942 1130 1977 καθάπερ
1149 1942 1267 1977 ἰατροὺς,
1278 1943 1341 1973 τοὺς
1357 1942 1536 1976 νενοσηκότας
1551 1941 1712 1976 θεραπεύειν
1722 1940 1839 1976 δυναμέ-

1005 1994 1075 2016 νους.
1091 1986 1159 2012 Ποτὲ
1176 1985 1225 2020 μὲν
1240 1986 1282 2016 εἰς
1299 1986 1349 2020 τὴν
1365 1985 1555 2019 Παλαιστίνην,
1572 1985 1635 2011 ποτέ
1654 1985 1682 2011 δὲ
1700 1985 1738 2016 εἰς
1755 1985 1838 2018 Λίγυ-

1004 2038 1070 2056 πτον
1087 2029 1210 2063 κατάγει,
1227 2028 1295 2063 ὁμοῦ
1309 2028 1422 2055 καὶτῶν
1442 2027 1524 2054 αὐτοῦ
1540 2028 1640 2054 δούλων
1659 2028 1837 2063 ἐγγυμνάζων

1004 2073 1053 2107 τὴν
1068 2072 1216 2107 ὑπομονὴν,
1235 2072 1282 2098 καὶ
1293 2072 1341 2107 τὴν
1355 2072 1457 2098 οἰκείαν
1476 2071 1590 2106 δύναμιν
1607 2072 1837 2107 περιφανεστέραν

1004 2115 1127 2147 δεικνύς·
1146 2115 1192 2141 καὶ
1218 2115 1349 2150 διηνεκῶς
1374 2114 1446 2141 οὕτω
1467 2115 1599 2141 διετέλεσε
1623 2115 1773 2150 φροντίζων
1787 2114 1835 2149 τῆς

1004 2158 1058 2185 τῶν
1085 2158 1235 2191 ἀνθρώπων
1259 2158 1406 2193 σωτηρίας,
1429 2159 1570 2193 προφήτας
1595 2158 1761 2189 ἀναδεικνὺς,
1791 2157 1835 2183 καὶ

1005 2203 1105 2237 σημεῖα
1117 2202 1163 2228 καὶ
1177 2200 1304 2236 θαύματα
1316 2201 1349 2227 δι’
1360 2201 1638 2228 αὐτῶνέπιτελεῖσθαι
1654 2201 1745 2228 ποιῶν.
1761 2199 1833 2234 Εἶτα,

1004 2246 1048 2272 ἵνα
1062 2244 1202 2280 συντεμὼν
1217 2244 1286 2271 είπω
1299 2251 1305 2258 ·
1321 2244 1447 2280 καθάπερ
1461 2245 1514 2280 γὰρ
1530 2245 1579 2279 τῆς
1596 2245 1730 2280 θαλάττης
1744 2245 1778 2272 τὰ
1793 2245 1840 2272 κύ-

1006 2298 1088 2324 ματα,
1105 2289 1156 2315 κᾶν
1171 2288 1300 2324 μυριάκις
1318 2287 1486 2323 βιασώμεθα,
1502 2289 1552 2314 οὐκ
1569 2289 1601 2315 ἄν
1615 2297 1679 2315 ποτε
1695 2288 1836 2324 δυνηθείη-

1006 2341 1055 2368 μεν
1068 2324 1282 2367 ἐξαριθμεῖσθαι.
1301 2331 1387 2363 οὕτως
1404 2332 1464 2358 οὐδὲ
1477 2331 1508 2358 τὸ
1528 2331 1648 2358 ποικίλον
1660 2331 1714 2358 τῶν
1727 2333 1834 2367 εὐεργε-

1005 2377 1070 2402 σιῶν
1084 2375 1130 2402 τοῦ
1144 2375 1222 2407 Θεοῦ,
1234 2372 1271 2401 ὧν
1285 2376 1348 2410 περὶ
1364 2375 1412 2410 τήν
1427 2375 1561 2410 ἡμετέραν
1574 2375 1654 2410 φύσιν
1670 2375 1834 2407 ἐπεδείξατο,

1005 2419 1040 2445 Τὺ
1053 2419 1081 2445 δὲ
1096 2418 1258 2450 τελευταῖον,
1282 2418 1376 2453 ἐπειδὴ
1393 2417 1446 2444 εἶδε
1470 2418 1538 2453 μετά
1561 2418 1694 2453 τοσαύτην
1709 2419 1836 2454 πρόνοιαν

1003 2462 1044 2488 ἔτι
1057 2461 1158 2496 πολλῆς
1175 2462 1221 2488 καὶ
1237 2462 1340 2495 ἀφάτου
1354 2461 1557 2496 φιλανθρωπίας
1571 2462 1701 2497 δεομένην
1717 2462 1768 2496 τὴν
1782 2462 1836 2489 τῶν

1004 2505 1154 2540 ἀνθρώπων
1170 2504 1260 2535 φύσιν,
1276 2505 1322 2531 καὶ
1337 2505 1412 2531 οὐδὲν
1431 2504 1510 2531 πλέον
1532 2505 1704 2539 ίσχύσαντας,
1720 2505 1750 2531 οὐ
1772 2507 1836 2537 τοὺς

1004 2549 1184 2584 πατριάρχας,
1206 2548 1236 2574 οὐ
1251 2548 1314 2578 τοὺς
1334 2549 1484 2583 προφήτας,
1502 2548 1532 2574 οὐ
1548 2548 1583 2574 τὰ
1604 2548 1729 2583 θαύματα
1745 2550 1833 2576 ἐκεῖνα

1002 2592 1037 2618 τά
1052 2591 1199 2627 παράδοξα,
1224 2591 1255 2618 οὐ
1275 2590 1324 2622 τὰς
1343 2591 1476 2626 τιμωρίας
1497 2592 1544 2618 καὶ
1563 2591 1612 2623 τὰς
1631 2592 1769 2624 νουθεσίας
1785 2593 1835 2625 τὰς

1003 2635 1063 2662 καθ’
1075 2635 1188 2662 ἕκαστον
1201 2634 1382 2669 ἐπαγομένας,
1399 2634 1446 2660 καὶ
1459 2635 1507 2666 τὰς
1528 2635 1715 2669 αἰχμαλωσίας
1728 2636 1834 2668 ὲκείνας

1002 2679 1051 2711 τὰς
1066 2679 1242 2714 ἐπαλλήλους,
1255 2678 1349 2712 ὥσπερ
1358 2677 1494 2714 οἰκτείρας
1509 2678 1539 2704 τὸ
1554 2679 1630 2712 γένος
1646 2679 1676 2705 τὸ
1690 2680 1833 2716 ἡμέτερον,

1002 2723 1056 2749 τῶν
1071 2722 1165 2757 ψυχῶν
1185 2722 1232 2748 καὶ
1253 2721 1307 2747 τῶν
1323 2721 1455 2756 σωμάτων
1478 2721 1578 2757 ἰατρὸν,
1598 2722 1643 2748 τὸν
1663 2723 1727 2749 Υἱὸν
1752 2723 1833 2750 αὐτοῦ

1002 2766 1047 2792 τὸν
1068 2765 1199 2801 μονογενῆ
1225 2765 1257 2791 ἐκ
1279 2764 1332 2791 τῶν
1353 2764 1460 2791 κόλπων
1483 2765 1649 2800 ἀναστήσας,
1675 2765 1711 2798 ὡς
1735 2767 1833 2798 εἰπεῖν,

1001 2809 1055 2836 τῶν
1069 2807 1218 2843 πατρικῶν,
1230 2807 1322 2834 δούλου
1336 2807 1442 2843 μορφὴν
1453 2808 1619 2836 ἀναλαϐόντα
1630 2810 1834 2845 παρεσκεύασεν

1003 2854 1035 2880 ἐκ
1048 2851 1183 2889 παρθένου
1200 2851 1336 2887 τεχθῆναι,
1354 2852 1398 2878 καὶ
1417 2850 1464 2877 σὺν
1482 2851 1545 2887 ἡμῖν
1559 2851 1770 2889 ἀναστραφῆναι,
1785 2852 1832 2880 καὶ
