2058 3123
221 136 268 164 ω

218 200 279 220 cum
305 191 478 224 conversari,
500 194 527 218 et
541 189 629 219 omnia
652 194 742 217 nostra
763 189 850 221 ferre,
878 193 906 216 ut
923 196 1006 223 genus

218 242 338 265 nostrum
352 237 468 272 peccatis
482 242 638 271 oppressum
650 235 742 269 jacens
752 242 767 261 a
783 235 859 261 terris
873 234 898 261 in
913 234 1006 262 caelum

219 282 368 310 sulm-here
383 282 473 316 possit.
488 281 521 308 Et
535 281 586 308 hoc
599 280 790 314 obstupescens
805 278 912 306 tonitrui
926 279 1003 311 ﬁlius,

217 327 444 361 tousideransque
459 325 607 353 dilectionis
616 324 712 352 divina:
722 324 915 356 excellentiam,
927 331 1006 358 quam

217 378 280 405 erga
294 378 378 405 genus
393 374 511 398 nostrum
526 366 685 401 declaravit,
698 369 829 396 clamabat
842 372 871 395 et
881 368 986 396 dicebat
998 375 1005 395 :

219 417 264 443 Sic
276 417 342 443 eitint
363 416 434 443 Deus
456 415 545 442 diluit
568 415 690 442 mundum
712 414 801 450 (Jaau.
817 414 915 450 5.16).
940 415 1006 442 Vide

217 467 317 496 quanto
329 461 459 488 miraculo
474 461 551 495 plena
565 460 622 488 tunc
635 460 715 488 dictio
730 469 736 487 ε
752 460 796 487 Sic
806 481 813 492 ,
828 460 862 486 ait
875 481 881 492 ,
896 461 934 487 rei
949 468 1007 487 ma-

216 506 381 542 gnitudinem
396 506 560 541 expendens,
574 507 652 540 quam
664 506 781 532 dicturus
791 510 848 532 erat
864 514 870 532 :
886 510 1005 540 propter-

216 560 247 578 ea
267 551 300 578 ad
323 551 392 578 hunc
411 551 519 578 modum
549 558 663 578 exorsus
681 555 745 578 est:
766 550 811 577 Sic
835 550 932 578 dilexit.
959 551 1006 578 Dic

217 596 297 631 igitur
307 596 397 628 nobis,
413 596 490 623 beate
502 596 619 623 Joannes
629 615 636 628 ,
649 595 782 629 quomodo
794 595 839 622 Sic
850 595 862 621 ?
873 595 917 622 die
929 603 1005 622 men-

216 649 326 675 suram,
348 641 391 669 die
410 640 617 676 magnitudinem
630 662 638 672 ,
661 640 728 667 doce
744 647 793 668 nos
806 640 1003 667 excellentiam.

217 687 262 714 Sic
275 687 340 714 enim
353 687 440 713 dilexit
456 686 523 713 Deus
540 686 663 712 mundum
674 705 683 718 ,
704 690 730 712 ut
748 684 772 711 F
773 686 844 712 ilium
858 693 932 712 suum
945 686 1004 712 uni-

215 733 326 767 genitum
341 732 421 764 daret,
437 736 464 759 ut
477 732 556 758 omnia
567 731 609 766 qui
619 731 697 758 credit
709 731 735 757 in
749 731 833 762 illum,
849 739 899 757 non
908 735 1002 765 pereat,

215 777 259 803 ml
272 777 360 803 habeat
374 777 450 803 vitam
463 782 593 803 wlernam.

251 822 335 848 Causa
347 822 466 848 adventus
479 821 581 848 Christi.
593 836 630 842 —
642 821 734 848 Vidisti
748 828 853 849 causam
874 822 1004 848 adventus

215 867 275 894 Filii
297 868 365 894 hanc
378 875 447 900 esse,
464 871 493 894 ut
514 875 562 902 per
576 866 654 895 ﬁdem
668 867 780 894 inillqu
796 867 813 894 ii
832 867 876 901 qui
892 867 1001 902 perituri

214 919 301 945 erant,
317 913 411 940 salutis
422 913 587 940 occasionem
603 912 773 940 invenirent?
788 912 927 945 Quomodo
940 913 999 947 quis

214 963 303 987 mente
323 959 474 993 conceperit
493 965 616 993 magnam
635 963 662 985 et
675 958 857 990 admirabilem
871 958 962 991 illam,
976 963 1002 985 et

214 1011 275 1038 qua:
297 1011 403 1032 omnem
425 1004 554 1031 rationem
573 1004 672 1036 vincit,
699 1003 901 1036 liberalitatem,
924 1011 1003 1038 quam

213 1054 317 1076 natura;
330 1054 427 1076 nostra:
438 1057 484 1084 per
492 1049 589 1076 donum
601 1049 723 1084 baptismi
732 1049 873 1080 concessit,
883 1050 1000 1076 omnium

215 1101 385 1129 peccatorum
408 1100 559 1122 nostrorum
581 1095 642 1122 data
663 1095 840 1122 remissione?
866 1095 918 1122 Sed
940 1095 1002 1130 quid

213 1140 322 1167 dicam?
335 1148 420 1175 neque
435 1148 509 1167 luens
524 1140 620 1167 sufﬁcit
632 1161 638 1172 ,
662 1148 748 1174 neque
761 1147 849 1167 sermo
861 1140 930 1167 valet
950 1148 1003 1167 ca:-

214 1190 270 1212 tcra
284 1192 450 1224 enumerare.
465 1185 530 1212 Nam
540 1185 708 1219 quantumvis
720 1185 822 1218 dixero,
834 1185 918 1212 multo
929 1186 1002 1219 plura

212 1231 292 1259 dictis
315 1236 452 1266 pnetereo.
478 1231 536 1259 iam
556 1231 616 1266 quis
638 1231 800 1266 paenitentia:
821 1231 889 1257 viam
904 1231 1004 1266 cogita-

214 1277 292 1308 verit,
319 1284 397 1311 quam
422 1277 537 1303 humano
559 1277 649 1310 generi
674 1280 764 1302 nostro
786 1275 820 1302 ob
843 1275 1001 1302 ineffabilem

213 1322 424 1349 misericordiam
440 1329 515 1349 suam
530 1321 675 1353 concessit,
689 1325 717 1347 et
732 1325 791 1354 post
806 1320 928 1354 baptismi
943 1328 1003 1355 gra-

214 1368 278 1394 tiam
289 1387 296 1399 ,
315 1367 445 1394 mirabilia
468 1367 512 1394 illa
533 1367 655 1393 mandata
670 1387 678 1399 ,
693 1373 739 1400 per
752 1373 829 1400 quae,
844 1366 865 1392 si
879 1365 1002 1400 velimus,

216 1413 362 1447 poterimus
375 1413 433 1447 ejus
445 1411 522 1439 nobis
530 1412 639 1446 gratiam
651 1410 813 1438 conciliare?

249 1457 277 1485 '2.
293 1457 408 1491 Vidisti,
432 1458 528 1485 dilecte
538 1478 544 1489 ,
568 1458 693 1492 abyssum
708 1457 778 1484 illius
790 1456 978 1484 beneﬁciorum
991 1457 1003 1483 Ὺ

214 1503 303 1529 vidisti
318 1508 415 1537 quanta
428 1503 672 1530 enumeraverimns
685 1523 691 1533 ,
706 1502 752 1529 sed
767 1502 883 1528 uetulum
894 1509 1002 1536 parvam

214 1556 309 1575 eorum
323 1553 421 1582 partem
434 1549 524 1575 dicere
539 1549 671 1582 potuimus
683 1547 695 1574 ?
717 1546 854 1580 Quomodo
867 1547 938 1574 enim
953 1547 1001 1573 hu-

214 1602 294 1621 mana
310 1594 396 1629 lingua
409 1602 467 1628 qua:
478 1601 491 1620 a
504 1594 558 1621 Deo
573 1593 649 1620 nobis
662 1593 757 1620 collata
769 1597 831 1620 sunt
845 1597 1004 1627 pertractare

214 1640 325 1673 posset?
348 1641 382 1666 At
393 1640 454 1667 licet
469 1640 510 1666 illa
526 1643 596 1666 tanta
608 1646 640 1666 ac
653 1639 713 1665 talia
729 1639 792 1671 sint,
807 1639 889 1665 multo
904 1639 1003 1672 majora

214 1691 243 1712 et
262 1686 435 1712 inell'ahiliora
450 1689 512 1712 sunt
527 1685 653 1712 bcnelicia
666 1705 673 1717 ,
689 1692 749 1719 quae
762 1684 787 1711 iu
803 1684 891 1711 futuro
905 1684 1004 1711 smculo

215 1739 265 1766 per
277 1732 401 1758 virtutum
415 1732 484 1758 viam
497 1731 679 1758 incedentibus
689 1751 696 1763 ,
712 1735 740 1757 et
754 1730 815 1756 hinc
829 1729 1003 1763 migrantibus

214 1777 338 1803 daturum
351 1784 381 1803 se
391 1777 524 1811 promisit.
544 1776 661 1810 Quorqu
675 1775 881 1810 magnitudinem
898 1779 926 1801 ut
939 1782 1006 1809 pau-

214 1823 255 1849 cis
266 1823 354 1849 verbis
367 1823 442 1849 nobis
457 1822 655 1849 commendaret
668 1821 762 1848 beatus
776 1821 872 1848 Paulus
882 1841 891 1854 ,
905 1821 1002 1855 inquit:

216 1868 282 1899 Qui:
294 1868 381 1894 oculus
395 1876 444 1894 non
461 1868 520 1894 vidit
532 1887 540 1900 ,
563 1872 586 1893 et
599 1867 668 1894 auris
679 1875 729 1893 non
742 1866 836 1892 audivit
848 1886 856 1899 ,
879 1871 902 1892 et
921 1868 948 1892 in
962 1874 1005 1893 cor

216 1913 326 1939 hominis
338 1921 388 1939 non
401 1913 564 1939 ascenderunt
574 1932 581 1943 ,
601 1920 657 1947 qua:
672 1912 822 1946 praeparavit
836 1911 904 1938 Deus
917 1912 949 1938 iis
961 1912 1005 1946 qui

215 1959 325 1994 diligunt
343 1967 371 1985 se
388 1959 427 1993 (l.
443 1958 502 1985 Cor.
516 1958 542 1985 2.
554 1959 592 1992 9).
622 1958 714 1984 Vidisti
736 1957 804 1984 dona
826 1957 1003 1984 excellentia?

216 2005 304 2031 vidisti
320 2003 448 2031 beneﬁcia
463 2004 532 2030 illius
543 2011 648 2030 omnem
664 2003 806 2029 humanam
817 2003 1003 2037 cogitationem

216 2049 454 2076 transcendentia?
470 2049 537 2076 Dicit
546 2049 626 2079 enim.
642 2048 674 2074 In
686 2056 730 2074 cor
739 2048 847 2074 hominis
859 2056 909 2074 non
921 2055 1003 2074 ascen-

216 2095 317 2120 derant.
332 2094 359 2121 Si
373 2094 452 2129 igitur
465 2094 586 2121 volumus
599 2093 641 2120 illa
656 2093 745 2120 animo
757 2093 905 2124 revolvere.
919 2098 946 2120 et
956 2100 1004 2128 pro

215 2140 317 2167 viribus
339 2140 436 2167 nostris
459 2140 557 2174 gratias
575 2146 670 2173 agere,
695 2139 840 2173 poterimus
853 2139 935 2166 multo
950 2145 1005 2165 ma-

214 2187 302 2219 jorem
317 2185 388 2211 illius
400 2185 510 2219 gratiam
527 2184 602 2211 nobis
614 2183 756 2211 conciliare
766 2203 774 2216 ,
787 2188 814 2210 et
826 2183 859 2210 ad
880 2184 1003 2211 virtutem

215 2231 301 2265 magis
323 2230 413 2257 idonei
435 2230 503 2259 ﬁeri.
528 2229 653 2257 Meritoria
668 2229 738 2256 enim
754 2229 942 2256 beneﬁciorum
958 2228 1004 2256 Dei

216 2276 353 2303 sufﬁciens
364 2279 414 2308 est,
427 2283 486 2310 qua:
494 2275 527 2302 ad
537 2275 661 2302 virtutum
670 2274 772 2301 labores
783 2281 830 2300 nos
837 2273 1004 2307 adhortetnr,

215 2325 245 2348 ct
258 2325 387 2355 praparet
397 2325 426 2347 ut
438 2319 577 2354 prmentia
590 2319 679 2346 omnia
691 2319 868 2353 despiciamus
879 2339 886 2351 ,
900 2323 927 2346 et
938 2323 967 2346 ut
980 2319 1004 2345 ei

215 2367 261 2401 qui
287 2371 358 2392 tanta
382 2365 408 2392 in
435 2372 484 2392 nos
505 2365 631 2391 beneﬁcia
657 2364 784 2395 contulit,
811 2363 1003 2395 adhtcreamus,

216 2420 335 2440 amorem
350 2412 375 2439 in
390 2411 462 2439 illum
480 2411 589 2446 singulis
601 2410 695 2437 diebus
714 2414 820 2437 auctum
837 2409 1003 2436 exhibentes.

218 2457 285 2485 llinc
299 2457 397 2484 etenim
413 2456 505 2483 beatus
518 2456 568 2482 iste
583 2459 681 2482 tantam
698 2454 743 2481 Dei
757 2454 867 2488 gratiam
880 2458 908 2480 et
919 2453 1004 2480 hono-

218 2510 275 2529 rem
289 2501 339 2528 sibi
353 2501 518 2532 couciliavit,
536 2500 596 2535 quia
610 2500 644 2527 de
659 2499 791 2534 prioribus
803 2499 902 2534 gratias
917 2497 1005 2524 reddi-

217 2547 266 2573 dit.
290 2546 342 2573 Sed
364 2550 393 2573 ut
407 2546 571 2573 manifestior
589 2545 663 2572 nobis
677 2544 721 2572 ille
737 2551 826 2571 sermo
841 2544 885 2570 tiat
895 2563 902 2576 ,
916 2550 1005 2577 opera:

218 2591 332 2626 pretium
343 2595 385 2618 est
396 2610 404 2623 ,
419 2596 447 2617 ut
459 2591 562 2617 initium
576 2598 668 2617 eorum
682 2597 740 2624 qua:
755 2588 834 2616 hodie
848 2588 917 2615 lecta
930 2592 1003 2621 sunt,

217 2636 321 2664 caritati
348 2641 442 2663 vestrm
465 2643 620 2669 proponam.
647 2635 713 2662 Nam
740 2638 878 2669 postquam
891 2641 924 2660 ex
943 2640 1004 2660 arca

218 2683 299 2710 exivit
317 2682 462 2710 secundum
484 2682 636 2708 mandatum
650 2681 751 2708 Domini
766 2701 773 2713 ,
797 2687 858 2707 cum
881 2679 943 2706 ﬁliis
954 2699 961 2712 ,
977 2683 1005 2706 et

219 2736 266 2755 sua
279 2736 378 2761 uxore,
394 2732 421 2756 et
434 2728 560 2755 uxoribus
574 2727 687 2755 liliorum
707 2734 826 2759 suorum,
842 2729 869 2752 et
881 2725 1005 2753 munibus

221 2774 283 2800 teris
294 2777 322 2800 et
334 2773 504 2805 volatilibus,
527 2776 554 2800 et
578 2776 638 2807 post
658 2779 794 2807 egressum
807 2770 909 2805 accepit
921 2776 936 2796 a
949 2769 1004 2797 Deo

222 2816 434 2845 benedictionem
456 2817 527 2846 illam
546 2821 646 2844 tantum
668 2816 717 2844 sibi
740 2816 891 2843 allercntcm
903 2816 1003 2844 solatii:

726 133 759 160 IN
778 132 853 161 CAP.
873 132 939 160 Vili.
960 132 1080 161 GENES.
1101 133 1216 162 HOHIL.
1230 133 1336 162 XXVII.

1795 135 1846 163 2i!

1062 188 1103 216 bis
1114 189 1202 216 verbis
1214 189 1336 217 :Creacite
1345 195 1368 217 et
1379 190 1588 225 multiplicamini,
1598 192 1697 220 docens
1711 200 1760 221 nos
1771 193 1843 221 Scri-

1061 239 1136 267 ptura
1157 233 1221 267 justi
1241 238 1343 268 gratum
1357 234 1473 262 animum
1484 255 1492 268 ,
1512 236 1575 264 dicit
1591 245 1597 263 :
1611 236 1656 265 9.0.
1673 237 1704 264 Et
1714 238 1846 272 adiﬁcavit

1065 278 1122 305 Noe
1134 278 1215 305 altare
1229 278 1354 311 Domino,
1374 284 1397 306 et
1415 280 1510 313 accepit
1529 281 1560 307 de
1580 282 1693 310 carnibus
1718 284 1845 317 pecoribus

1061 323 1171 355 mundis,
1182 327 1205 349 et
1220 323 1251 349 de
1259 323 1373 350 omnibus
1386 323 1527 351 volatilibus
1537 326 1646 359 mundis,
1661 331 1683 353 et
1697 328 1784 355 obtulit
1796 329 1843 355 ho-

1063 367 1199 394 toeaustum
1219 375 1294 403 super
1307 367 1397 395 altare.
1426 369 1570 404 Diligenter
1588 371 1727 399 considera
1739 393 1748 406 ,
1761 375 1844 401 caris-

1059 413 1146 446 sime,
1169 421 1202 441 ex
1223 414 1396 448 prtesenﬁhus
1411 415 1516 448 verbis,
1542 416 1676 450 quomodo
1700 416 1726 444 in
1750 423 1843 446 natura

1060 463 1149 485 ucstra
1161 460 1281 486 omnium
1288 458 1416 487 Conditor
1427 460 1522 488 iusevit
1533 466 1633 488 certam
1644 462 1751 490 virtutis
1764 463 1845 490 scieu.

1061 502 1133 530 timn.
1149 503 1222 531 Unde
1236 504 1306 531 enim
1320 526 1326 538 ,
1347 505 1389 532 dic
1399 526 1405 537 ,
1420 512 1478 538 oro,
1491 505 1564 540 justo
1575 506 1612 533 illi
1628 507 1678 534 hoc
1691 507 1717 535 iu
1729 514 1844 536 mentem

1059 547 1195 576 venisset?
1215 548 1307 576 Nullus
1326 555 1382 577 erat
1397 550 1463 577 alius
1477 559 1555 585 quem
1570 552 1680 579 videret.
1703 553 1754 580 Sed
1775 555 1845 581 sicut

1059 590 1085 618 in
1101 592 1231 626 principio
1244 594 1310 621 Abel
1333 595 1377 622 ille
1393 596 1468 629 primi
1490 596 1602 624 hominis
1624 597 1710 629 ﬁlius,
1726 606 1740 624 a
1756 599 1844 633 seipso

1058 638 1236 665 commonitus
1247 658 1254 671 ,
1277 646 1370 673 inagna
1384 639 1518 675 diligentia
1533 641 1693 669 oblationem
1708 643 1819 677 perfecit
1835 652 1842 670 :

1059 682 1097 709 sic
1112 683 1201 717 utique
1216 691 1285 711 nunc
1298 689 1325 711 et
1341 685 1430 719 justus
1445 686 1488 713 ille
1499 707 1508 719 ,
1522 694 1568 714 sna
1583 687 1719 714 voluntate
1731 693 1758 715 et
1771 689 1842 715 arbi-

1059 727 1109 754 trio
1122 735 1206 760 sano,
1230 734 1355 763 quantum
1379 730 1501 758 humanis
1516 732 1614 759 viribus
1636 734 1739 766 potuit,
1764 739 1844 768 utque

1059 772 1206 799 faciendum
1229 775 1345 808 putavit,
1362 775 1474 803 Domino
1489 783 1535 810 per
1550 776 1678 805 sacriﬁcia
1699 779 1842 812 gratiarum

1057 817 1187 844 actionem
1203 819 1302 846 retulit.
1313 819 1346 846 Et
1361 820 1420 847 vide
1433 825 1531 855 quanta
1545 822 1675 856 sapientia
1689 824 1797 857 exsequi
1812 831 1842 850 ur

1057 863 1156 889 omnia.
1172 863 1262 898 Neque
1273 865 1342 892 enim
1358 865 1497 900 splendido
1509 873 1576 901 opus
1592 867 1703 894 habebat
1718 868 1840 900 a-dilicio,

1057 915 1143 942 neque
1171 909 1286 943 templo,
1315 917 1404 944 neque
1429 910 1509 937 domo
1534 912 1656 946 quapiam
1681 912 1841 944 admirabili.

1057 959 1143 987 neque
1154 953 1207 980 alio
1220 954 1312 988 quovis
1328 964 1335 981 :
1351 956 1452 983 sciebat
1466 956 1536 983 enim
1548 977 1555 989 ,
1569 957 1670 984 sciebat
1685 957 1774 992 utique
1787 958 1840 984 Do-

1056 999 1156 1026 minum
1177 1005 1293 1027 mentem
1310 1000 1393 1028 solam
1414 1001 1567 1036 requirere;
1591 1007 1620 1030 et
1641 1008 1776 1030 exstructo
1799 1009 1839 1030 ιιι-

1056 1044 1195 1072 multuaria
1216 1053 1296 1080 opera
1318 1046 1412 1080 altari,
1433 1055 1492 1074 cum
1514 1049 1661 1082 accepisset
1673 1049 1794 1083 quadam
1809 1058 1839 1077 ex

1055 1091 1212 1118 animalibus
1227 1091 1331 1119 mundis
1343 1112 1350 1123 .
1373 1097 1401 1120 et
1419 1101 1451 1120 ex
1472 1093 1565 1121 avibus
1577 1095 1700 1128 mundis,
1714 1094 1833 1122 holocau‘

1056 1139 1126 1162 stum
1144 1136 1257 1169 obtulit,
1281 1141 1437 1172 gratamque
1460 1145 1535 1165 suam
1559 1139 1721 1166 voluntatem
1744 1144 1841 1174 quanta

1056 1181 1140 1216 potuit
1162 1182 1284 1210 facultate
1305 1183 1441 1210 ostendit:
1461 1191 1538 1218 quam
1564 1184 1715 1218 approbatis
1738 1185 1842 1212 miseri-

1055 1233 1116 1253 cors
1126 1227 1196 1254 Deus
1209 1232 1237 1254 et
1250 1228 1411 1255 voluntatem
1428 1228 1584 1260 coronavit,
1607 1233 1634 1255 et
1655 1230 1751 1257 iterum
1766 1237 1841 1256 suam

1056 1272 1238 1300 liberalitatem
1253 1280 1316 1308 erga
1331 1273 1404 1300 illum
1419 1273 1572 1301 declaravit.
1598 1275 1665 1302 Dicit
1682 1275 1753 1301 enim
1769 1275 1841 1302 Scri-

1057 1323 1132 1352 ptura
1149 1327 1156 1345 :
1176 1319 1220 1346 2i.
1236 1319 1269 1345 Et
1288 1319 1407 1346 odoratus
1420 1324 1456 1346 est
1470 1319 1592 1346 Dominus
1606 1320 1708 1347 adorent
1722 1322 1840 1355 fragran-

1056 1364 1106 1390 titz.
1136 1363 1200 1391 Vide
1223 1364 1355 1398 quomodo
1378 1365 1482 1392 animus
1506 1365 1642 1392 oﬁ‘erentis
1669 1365 1790 1396 fumum.
1813 1371 1840 1394 et

1056 1409 1176 1436 nidorem
1189 1430 1196 1442 ,
1216 1414 1242 1437 et
1254 1418 1360 1437 omnem
1374 1418 1433 1445 qua:
1448 1411 1509 1438 inde
1523 1412 1641 1438 nascitur
1653 1412 1839 1438 insnavitatem

1056 1455 1136 1481 multa
1152 1454 1294 1489 fragrantia
1308 1455 1436 1491 implevit.
1457 1456 1558 1484 ideirco
1572 1462 1599 1484 et
1611 1457 1708 1484 Paulus
1721 1457 1841 1484 scribens

1054 1499 1160 1527 diccbat
1174 1508 1181 1527 :
1195 1499 1282 1527 Bonus
1295 1501 1358 1528 odor
1371 1501 1463 1528 Christi
1478 1510 1566 1529 sumus
1578 1522 1585 1535 ,
1600 1502 1626 1528 in
1639 1502 1670 1529 iis
1682 1503 1723 1536 qui
1737 1502 1840 1529 salvan-

1056 1551 1113 1579 tur,
1133 1551 1156 1574 et
1176 1546 1202 1573 in
1218 1547 1248 1573 iis
1262 1547 1305 1581 qui
1319 1552 1444 1581 pereunt:
1463 1552 1486 1574 et
1506 1548 1537 1575 iis
1558 1548 1657 1581 quidem
1676 1547 1740 1575 odor
1754 1548 1841 1575 nwrtis

1055 1593 1081 1619 in
1095 1597 1210 1625 mortem,
1224 1592 1275 1619 illis
1286 1597 1370 1619 autem
1383 1593 1445 1619 odor
1458 1593 1513 1620 vitaz
1524 1594 1551 1620 in
1564 1595 1648 1620 vitam.
1663 1593 1771 1620 Odorem
1785 1595 1838 1628 [ra-

1055 1638 1178 1672 grantite‘
1193 1637 1230 1673 (2.
1246 1637 1306 1664 Cor.
1322 1638 1349 1664 2.
1364 1638 1421 1672 i5.)

1090 1684 1142 1711 Cur
1156 1683 1224 1710 Deus
1236 1684 1362 1717 sacriﬁcia
1376 1685 1493 1719 exegerit.
1506 1684 1666 1712 Circumcisio
1681 1685 1745 1711 nihil
1765 1686 1841 1720 per/i-

1056 1738 1110 1757 cere
1123 1734 1203 1764 potest
1215 1730 1249 1756 ad
1261 1730 1376 1757 salutem.
1393 1745 1429 1749 —
1453 1730 1492 1757 Ne
1506 1730 1649 1758 oﬂendaris
1669 1731 1751 1757 verbo
1770 1738 1841 1758 eras-

1056 1776 1126 1803 siore
1140 1783 1148 1801 :
1163 1776 1209 1803 sed
1225 1775 1304 1811 hujus
1317 1776 1387 1803 verbi
1411 1780 1611 1811 attemperatam
1635 1777 1764 1803 rationem
1790 1782 1839 1803 tua:

1057 1822 1202 1850 inﬁrmitati
1216 1822 1370 1850 adscribens
1381 1823 1496 1857 intellige
1510 1823 1581 1856 hinc,
1606 1828 1740 1858 acceptam
1761 1823 1840 1849 fuisse

1057 1869 1113 1896 Deo
1125 1869 1285 1896 oblationem
1308 1869 1383 1903 justi.
1410 1869 1444 1896 Ut
1455 1869 1525 1896 enim
1544 1876 1592 1904 per
1604 1876 1649 1896 res
1659 1869 1730 1904 ipsas
1743 1869 1840 1895 sciatur

1057 1914 1198 1941 Dominum
1214 1915 1309 1941 nullius
1324 1914 1451 1949 indigere,
1465 1919 1492 1941 et
1502 1919 1609 1949 propter
1619 1914 1684 1941 nihil
1699 1913 1770 1941 aliud
1784 1913 1841 1940 lucc

1057 1960 1113 1987 ﬁeri
1128 1960 1279 1993 permisisse
1292 1981 1299 1992 ,
1312 1967 1390 1994 quam
1400 1964 1429 1987 ut
1439 1960 1559 1987 homines
1569 1959 1600 1986 ad
1609 1964 1712 1994 gratum
1723 1959 1840 1986 animum

1055 2005 1200 2032 adduceret
1216 2013 1222 2031 :
1241 2008 1379 2039 propterea
1403 2005 1537 2032 concessit
1557 2008 1586 2031 ut
1613 2005 1673 2039 igne
1695 2011 1839 2031 consume-

1057 2056 1158 2084 rentur,
1171 2056 1199 2078 ut
1213 2058 1244 2078 ex
1262 2051 1293 2078 iis
1317 2058 1376 2085 quae
1398 2050 1464 2077 ﬁunt
1477 2071 1484 2082 ,
1499 2050 1602 2077 discant
1616 2050 1634 2077 ii
1646 2050 1692 2085 qui
1713 2049 1838 2082 oli‘erunt,

1056 2099 1144 2125 omnia
1160 2104 1265 2132 propter
1276 2105 1368 2125 eorum
1383 2097 1521 2125 utilitatem
1539 2097 1607 2125 ﬁeri.
1621 2097 1709 2131 Quare
1730 2103 1818 2124 autem
1831 2118 1838 2128 ,

1056 2144 1109 2176 die,
1124 2150 1225 2177 quzeso,
1241 2143 1297 2170 ha‘c
1323 2143 1380 2169 ﬁeri
1400 2142 1508 2169 omnino
1531 2142 1659 2177 permittit
1671 2143 1683 2169 ‘i
1696 2142 1728 2168 Et
1748 2142 1775 2168 in
1790 2141 1841 2168 hoc

1058 2194 1157 2216 nostrae
1171 2189 1331 2216 inﬁrmitatis
1342 2187 1454 2215 habetur
1466 2187 1542 2214 ratio.
1555 2187 1621 2220 Quia
1636 2187 1709 2215 enirn
1719 2186 1841 2213 homines

1057 2235 1180 2271 paulatim
1194 2243 1209 2262 a
1221 2241 1284 2262 vero
1298 2234 1343 2261 Dei
1356 2233 1427 2260 cultu
1441 2233 1568 2260 defecturi
1582 2236 1669 2264 erant,
1677 2236 1706 2260 et
1715 2232 1764 2259 sibi
1774 2231 1845 2259 deus.

1056 2281 1217 2316 cooptaturi,
1230 2281 1326 2315 quibus
1337 2279 1466 2307 sacriﬁcia
1477 2279 1655 2312 immolarent,
1673 2278 1745 2313 prius
1758 2278 1841 2305 voluit

1056 2331 1085 2354 ut
1097 2326 1147 2354 sibi
1163 2326 1232 2353 dona
1243 2324 1413 2358 offerrentur,
1425 2331 1480 2359 quo
1492 2324 1535 2351 vel
1546 2324 1585 2351 sic
1595 2323 1739 2357 depelleret
1750 2330 1765 2350 a
1780 2330 1839 2357 per-

1056 2372 1157 2399 nicioso
1169 2377 1259 2398 errore
1273 2377 1320 2397 eos
1331 2369 1427 2404 quibus
1440 2368 1500 2395 inde
1515 2368 1659 2402 periculum
1672 2367 1836 2394 imminebat.
1883 2381 1885 2383 -

1057 2418 1089 2444 Et
1111 2421 1141 2444 ut
1166 2416 1297 2450 intelligas
1326 2415 1382 2442 haec
1401 2414 1492 2441 omina
1513 2420 1640 2441 concessa
1653 2412 1734 2440 fuisse
1745 2413 1779 2440 ob
1789 2421 1838 2440 no-

1055 2469 1139 2491 stram
1154 2462 1331 2490 inﬁrmitatem
1343 2482 1350 2494 ,
1370 2460 1476 2488 attende
1496 2459 1630 2494 quomodo
1654 2464 1746 2494 postea
1769 2464 1838 2487 tem-

1057 2517 1121 2545 pore
1135 2509 1302 2544 procedente,
1319 2507 1432 2534 voluerit
1458 2505 1685 2532 circmncisionem
1708 2512 1757 2539 pro
1782 2505 1839 2539 lego

1056 2554 1146 2586 statui,
1161 2561 1212 2580 non
1226 2552 1296 2587 quod
1318 2552 1350 2578 ad
1374 2551 1469 2578 anima:
1493 2551 1604 2576 salutem
1630 2549 1759 2584 perﬁcere
1782 2550 1838 2577 lucc

1055 2597 1246 2636 possitaliqnid
1261 2614 1268 2627 ,
1289 2596 1337 2622 sed
1356 2599 1385 2622 ut
1395 2597 1448 2623 hoc
1482 2595 1552 2631 grati
1586 2594 1666 2622 animi
1687 2594 1811 2621 indicium
1826 2615 1835 2628 ,

1056 2646 1130 2682 quasi
1145 2645 1248 2680 signum
1264 2647 1291 2670 et
1304 2641 1417 2675 sigillum
1430 2640 1630 2666 circnmlerrent
1642 2639 1728 2666 .Indtci
1740 2659 1747 2672 ,
1761 2644 1789 2666 et
1802 2647 1836 2666 ne

1052 2692 1143 2719 liceret
1154 2691 1194 2717 eis
1207 2685 1374 2716 commisceri
1388 2685 1505 2720 gentium
1517 2684 1715 2718 congreSsibus.

1077 2783 1086 2799 ¹
1103 2780 1184 2806 Morel.
1197 2783 1223 2805 et
1233 2778 1303 2804 savii.
1316 2778 1355 2803 hic
1365 2781 1489 2809 repetunt.
1508 2780 1531 2803 et
1541 2778 1654 2805 odoratus
1665 2782 1700 2806 est
1712 2779 1829 2806 Dominus

1045 2813 1142 2838 adorent
1152 2810 1300 2843 fragrantia,
1312 2815 1367 2842 qua:
1378 2809 1403 2834 in
1415 2813 1468 2833 Mss.
1479 2809 1576 2835 desunt.
