2058 3123
233 146 287 177 913

262 200 289 226 5.
303 198 369 225 llittc
381 197 474 224 beatus
489 194 586 222 Paulus
601 194 704 229 signum
728 194 778 221 hoc
792 197 869 221 vocat
879 214 886 227 ,
898 195 991 221 dicens
1006 203 1012 219 :

229 243 260 270 Et
270 244 369 278 lignum
383 240 450 268 dedit
464 240 669 272 circumcisionis,
684 239 794 274 sigillum
808 239 895 274 (Rom.
909 238 936 265 ι.
948 239 975 265 Η
992 239 1012 273 ).

227 289 291 316 Nam
305 287 376 322 quod
387 286 421 313 ad
443 285 572 321 justitiam
600 284 664 311 nihil
693 283 835 315 conducat,
852 291 916 310 ecce
930 287 958 310 et
971 282 1013 310 hic

227 333 310 366 iustus
322 351 331 364 ,
344 331 461 359 nondum
485 334 583 357 statuta
604 329 818 360 circutttcisiotte,
833 328 866 355 ad
893 329 1013 355 eamdem

228 378 348 412 pervenit
371 378 506 404 virtutem.
533 376 565 403 Et
587 374 650 410 quid
678 374 761 401 dico?
784 373 842 409 Ipse
867 373 1014 408 patriarcha

228 424 371 456 Abraham,
386 424 537 458 priusquam
552 420 783 448 circumcisionem
798 420 946 454 acciperet,
962 418 1014 446 ﬁde

226 471 282 497 sola
293 469 453 504 justifieatus
471 471 522 495 est.
540 466 605 493 Nam
620 468 682 492 ante
707 463 937 491 circumeisionem
952 483 959 496 ,
975 464 1014 489 itt-

226 515 293 550 quit,
309 514 421 542 Credidit
436 513 562 540 Abraham
581 511 634 539 Deo
649 532 655 543 ,
673 516 696 537 et
709 514 850 545 reputatum
865 513 901 536 est
922 509 961 535 illi
979 508 1014 535 ad

227 561 348 593 iustitiam
361 559 447 595 (Rom.
463 559 490 586 4,
506 559 546 592 3).
562 557 630 591 Quid
657 557 738 590 igitur
752 554 875 589 superbis
888 575 896 587 ,
910 553 1012 586 .Indtre,

227 607 254 636 in
269 604 490 633 circumcisione?
504 603 581 630 Disce
596 607 657 629 ante
671 601 739 628 hanc
752 600 834 627 fuisse
844 601 930 634 justos
942 599 1012 625 ntul-

227 655 278 677 tos.
291 649 396 677 Etenim
408 648 473 675 Abel
481 648 531 674 ﬁde
540 647 700 674 oblationem
710 646 782 677 fecit,
791 643 1013 679 quemadmodum

231 700 258 722 et
271 694 368 722 Paulus
380 693 446 720 dicit
461 700 468 718 :
484 691 550 719 Fide
569 691 707 718 uberiorem
722 690 828 716 hostiam
850 689 939 715 obtulit
953 688 1013 715 Abel

232 739 296 772 Deo,
308 747 383 774 quant
395 738 458 766 Cain
476 739 485 773 (
498 737 576 764 Hebr.
591 737 635 764 II.
649 736 666 763 4
680 735 707 771 ):
722 740 749 762 et
766 734 857 761 Ettoch
872 734 1013 761 translatus

226 789 277 818 est,
288 789 314 811 et
333 784 389 811 Noe
410 783 444 810 ob
457 783 564 809 multam
578 781 707 816 justitiam
730 783 913 814 tempestatem
941 779 1012 806 illam

226 829 409 863 gravissimam
438 827 529 862 elfugit
543 835 551 859 ;
565 831 593 853 et
617 825 750 853 Abraham
779 829 840 851 ante
862 821 954 854 hanc,
978 823 1013 850 ob

229 882 304 901 suam
319 874 345 900 in
358 874 440 901 Deum
463 872 541 900 fidem
563 872 714 899 celebratus
734 870 794 898 fttit.
811 870 856 897 Sic
879 870 913 895 ab
938 869 1013 895 initio

228 927 278 953 per
293 919 371 946 ﬁdem
387 920 530 945 butuanum
542 924 625 952 genus
638 917 750 943 salutem
767 919 938 949 assequutum
960 919 1010 941 est.

227 966 297 993 Sane
315 968 456 1000 propterea
471 963 590 998 permisit
604 963 733 997 benignus
747 961 873 988 Dominus
883 960 1011 987 sacriﬁcia

225 1011 274 1037 sibi
286 1010 386 1043 otii-vri,
399 1015 427 1037 ut
441 1009 565 1044 quoniam
578 1013 671 1036 natura
687 1012 776 1034 nostra
791 1006 970 1041 imperfectius
984 1013 1013 1033 se

226 1055 357 1087 habebat,
371 1055 451 1082 simul
474 1059 502 1082 et
525 1061 600 1081 suam
615 1058 717 1088 gratam
740 1052 902 1079 voluntatem
925 1051 1013 1078 deela-

228 1108 297 1132 rarc,
313 1105 341 1128 et
355 1100 486 1127 idolorum
504 1099 683 1134 perniciosum
700 1097 802 1125 cultum
818 1097 934 1132 effugere
949 1104 1012 1131 pos-

225 1147 269 1173 sit.
285 1146 351 1173 Nam
364 1147 396 1177 si,
410 1153 470 1173 cum
485 1149 585 1172 tantum
599 1143 675 1171 nobis
691 1143 827 1170 indulserit
843 1143 921 1173 Deus,
937 1142 1012 1169 multi

224 1196 312 1218 tamett
332 1199 346 1217 a
363 1191 437 1218 ruina
459 1191 509 1217 sibi
530 1197 582 1216 non
597 1194 745 1216 caverunt:
766 1188 787 1214 si
803 1187 854 1214 Itoc
870 1195 922 1213 non
945 1186 1010 1213 fuis-

223 1241 264 1264 set
277 1237 372 1264 factum
386 1257 393 1268 ,
416 1244 468 1270 qtto
486 1240 561 1270 pacto
580 1235 639 1270 quis
652 1234 777 1261 damnum
791 1233 842 1260 hoc
854 1233 1011 1268 effugisset?

226 1280 257 1308 Et
276 1282 394 1308 odoratu:
411 1286 447 1307 est
464 1280 588 1307 Dominus
602 1279 672 1306 Deus
691 1280 791 1306 adorent
805 1278 962 1313 fragrantiaz.
978 1278 1012 1304 At

223 1335 276 1354 tton
291 1327 326 1354 ita
344 1333 384 1354 est
398 1327 431 1353 tle
446 1327 555 1361 ingratis
566 1325 665 1353 Judaeis
679 1333 686 1351 ε
701 1324 748 1352 sed
768 1323 919 1359 quontodo?
942 1322 1010 1350 Audi

224 1372 379 1406 prophetam
399 1371 530 1398 dicentem
552 1379 559 1397 :
580 1369 731 1405 Thymiama
753 1369 779 1395 in
801 1368 1011 1394 abominationem

222 1417 285 1443 ntihi
298 1421 333 1443 ut
347 1416 421 1452 (lsat‘.
439 1416 464 1442 l.
479 1415 522 1450 l5)
540 1423 546 1441 ι
563 1414 638 1449 quasi
653 1413 776 1441 ostendat
788 1413 930 1440 voluntatis
945 1412 1010 1439 olle-

223 1461 334 1487 tetttiuttt
346 1461 481 1488 malitiam.
497 1458 724 1493 Quemadmodum
740 1458 810 1485 ettim
827 1457 942 1491 lticjusti
957 1457 1011 1484 vir-

223 1511 265 1533 tus
283 1506 384 1533 fumum
398 1510 426 1532 et
446 1505 566 1533 nidorem
588 1504 649 1532 fecit
661 1503 770 1530 odorem
787 1502 937 1536 fragrantia:
951 1510 958 1529 :
972 1502 1010 1528 sic

222 1551 292 1585 apud
307 1551 366 1578 illos
381 1551 547 1578 offerentium
565 1549 681 1584 nequitia
696 1549 765 1576 bene
780 1549 854 1575 olens
867 1548 1008 1582 thymiama

225 1596 252 1623 itt
275 1595 478 1623 abominabilem
504 1594 614 1622 odorem
639 1594 780 1621 convertit.
810 1593 889 1628 Igitur
913 1593 1009 1627 ubique

220 1641 383 1673 studeatnus,
396 1649 496 1675 quaeso,
509 1645 624 1668 mentem
637 1639 732 1667 alferre
746 1640 937 1673 incorruptam.
948 1639 1009 1666 lla-c

220 1686 291 1715 enim
305 1693 383 1713 causa
399 1691 440 1713 est
457 1686 577 1712 omnium
599 1685 739 1712 bonorum.
763 1685 852 1711 Bonus
866 1684 935 1711 ettint
955 1685 1008 1711 Do—

222 1732 309 1760 utiuus
331 1739 382 1758 non
405 1731 543 1758 consuevit
564 1731 703 1759 attendere
724 1730 757 1757 ad
777 1737 808 1757 ea
830 1738 888 1764 quae
902 1737 916 1756 a
932 1730 1008 1757 nobis

220 1777 295 1809 fiunt,
304 1777 350 1805 sed
358 1776 391 1804 ad
401 1777 531 1805 internum
540 1780 665 1808 tuentem,
674 1784 688 1802 a
697 1783 757 1810 qua,
768 1780 796 1802 ttt
804 1774 861 1802 hate
870 1774 1006 1807 faciamus,

220 1823 390 1857 impellimur,
405 1828 432 1850 et
445 1823 477 1849 ad
492 1823 559 1849 hanc
573 1827 695 1856 spectans
710 1821 751 1848 vel
766 1821 895 1856 approbat
904 1828 934 1847 ea
948 1827 1007 1855 qua:

219 1876 233 1898 α
248 1869 324 1896 nobis
338 1868 401 1895 fiuttt
415 1889 422 1900 ,
443 1869 483 1895 vel
498 1872 646 1896 aversatur.
675 1867 767 1902 Itaque
786 1867 842 1894 sive
857 1874 1004 1901 precemur,

219 1915 275 1941 sive
294 1914 464 1949 jejnnemus,
487 1914 543 1941 sive
564 1914 760 1948 eleemosyttam
776 1912 902 1940 faciamus
924 1912 1007 1946 (ipsae

218 1959 288 1988 enim
313 1964 375 1986 sunt
401 1959 550 1994 spiritttales
575 1963 672 1986 nostra).
696 1958 832 1991 hostiae),
856 1958 912 1984 sive
935 1956 1005 1984 aliud

217 2005 352 2040 spirituale
366 2005 498 2040 quoddam
508 2009 574 2039 opus
588 2004 724 2036 faciamus,
739 2003 789 2031 ltoc
799 2003 925 2030 faciamus
937 2002 1005 2029 bona

219 2055 308 2078 mente
329 2051 428 2078 incitati
444 2059 451 2078 :
466 2055 494 2077 ut
516 2055 544 2077 et
569 2050 706 2076 labortbus
727 2050 833 2084 dignam
860 2049 1006 2079 referamus

217 2103 353 2125 coronam.
366 2095 443 2122 Esset
457 2096 528 2123 enim
544 2095 743 2129 perabsurdum,
754 2095 871 2122 laborem
884 2102 932 2121 nos
944 2101 1004 2121 sns-

217 2142 314 2173 tinere,
331 2145 358 2168 et
377 2141 499 2170 mercede
519 2140 652 2172 fraudari,
675 2141 697 2167 si
711 2141 817 2175 quidem
833 2148 885 2167 non
908 2147 1005 2167 secun—

217 2186 280 2212 dum
302 2186 374 2220 leges
395 2186 429 2215 ab
451 2186 498 2213 illo
521 2186 596 2212 nobis
609 2186 685 2212 datas
701 2186 823 2212 virtutem
839 2192 1003 2214 exercemus.

217 2230 290 2259 Fieri
308 2235 395 2259 autem
412 2235 498 2264 potest
508 2230 542 2257 ob
557 2238 677 2265 magnam
691 2230 737 2257 Dei
753 2231 941 2265 benignitatem
955 2250 962 2263 ,
977 2235 1005 2257 ut

217 2284 298 2311 opere
321 2277 440 2305 nondum
461 2277 614 2311 completo,
639 2284 765 2304 coronam
787 2277 846 2311 quis
861 2277 973 2311 accipiat
988 2285 1004 2305 a

216 2323 273 2350 sola
289 2323 331 2357 pia
344 2327 444 2352 mente.
466 2323 498 2350 Et
512 2326 540 2350 ut
553 2322 603 2349 hoc
616 2322 704 2350 discas
715 2342 723 2353 ,
737 2322 846 2349 adverte
858 2342 865 2353 ,
880 2322 1003 2355 obsecro,

216 2368 268 2398 hoc
289 2368 314 2395 in
335 2367 514 2403 eleemosyna.
537 2367 603 2395 Nam
625 2367 646 2394 si
669 2367 774 2401 quando
786 2367 861 2393 vides
873 2367 1003 2400 iacentem

216 2415 243 2441 in
255 2414 312 2441 foro
322 2433 330 2446 ,
343 2418 370 2441 et
384 2419 501 2442 extrema
518 2414 605 2447 inopia
619 2413 768 2445 detentum,
781 2417 808 2440 et
820 2413 956 2446 condoles,
972 2421 1003 2441 ac

216 2464 305 2490 tuente
318 2461 344 2488 in
359 2460 452 2488 cazlum
472 2460 575 2487 sublata
596 2459 694 2493 gratias
714 2466 771 2493 agis
794 2459 922 2491 Domino,
948 2463 1002 2486 tum

218 2511 326 2541 propter
339 2514 369 2533 ea
383 2513 442 2540 quae
456 2505 503 2532 tibi
516 2511 643 2532 concessa
660 2508 722 2531 sunt
732 2524 739 2536 ,
755 2509 810 2531 tum
837 2509 943 2539 propter
964 2505 1004 2532 in-

215 2551 274 2585 opis
288 2550 459 2586 patientiam:
473 2549 576 2577 etiatnsi
589 2557 641 2576 non
652 2550 738 2583 possis
751 2549 858 2584 explere
869 2553 897 2576 et
909 2549 1003 2576 sedare

215 2597 285 2627 illius
300 2596 408 2628 famem,
422 2601 531 2630 propter
545 2595 643 2622 bonum
658 2596 821 2629 propositum
834 2603 1003 2622 consumma-

216 2646 269 2671 tam
290 2641 403 2674 recipies
424 2639 584 2670 mercedem.
612 2640 647 2667 Et
667 2647 698 2667 ea
717 2639 751 2667 de
774 2648 852 2667 causa
876 2641 1003 2668 Dominus

214 2694 320 2721 quoque
333 2686 437 2715 diccbat
454 2694 461 2713 :
476 2685 507 2713 Si
528 2686 583 2720 quia
598 2691 684 2721 potum
703 2687 797 2713 dederit
811 2687 916 2713 calicem
932 2694 1004 2720 aqutz

215 2732 317 2767 frigida:
331 2737 427 2761 tantum
439 2732 466 2758 in
487 2732 586 2759 nomine
602 2732 738 2767 discipuli,
758 2740 829 2758 amen
847 2733 903 2758 dico
923 2732 1001 2763 vobis,

215 2786 267 2811 uolt
281 2779 366 2812 perdet
381 2777 519 2809 ntercedem
532 2785 603 2806 suam
617 2777 720 2812 (Matth.
732 2778 774 2805 l0.
787 2777 843 2810 42).
860 2777 926 2804 Nam
941 2776 1003 2811 quid

221 2825 315 2865 poculo
329 2833 403 2867 aqua:
417 2825 516 2866 frigidm
531 2825 656 2855 tenuius?
674 2824 729 2853 Sed
742 2824 845 2855 animus
860 2824 918 2864 pius
929 2831 997 2852 mer-

612 145 641 173 S.
661 142 802 173 JOANNIS
821 140 1055 169 CHRYSOSTOMI
1074 142 1231 170 ARCHIEP.
1252 143 1514 172 CONSTANTINOP.

1801 141 1852 170 ΞΗ

1064 198 1157 226 cedem
1173 199 1234 226 inde
1252 199 1302 227 sibi
1321 201 1454 228 conciliat.
1482 200 1537 228 Hoc
1551 204 1578 228 et
1597 200 1623 227 in
1637 201 1759 236 opposito
1774 201 1848 229 invc-

1064 245 1176 271 niemus.
1190 245 1283 280 Operae
1295 247 1408 280 pretium
1421 247 1491 273 enitn
1504 251 1562 279 est,
1579 250 1607 273 ut
1620 245 1654 273 de
1667 246 1699 273 iis
1711 247 1851 280 loquamur

1062 290 1166 317 caritati
1188 295 1301 325 vestras,
1326 299 1379 326 qtto
1399 291 1473 318 vobis
1492 291 1549 318 hate
1564 296 1687 319 accurate
1704 292 1850 319 scientibus

1063 335 1200 369 probitatis
1221 341 1337 364 tutamen
1352 337 1520 371 comparetis.
1536 337 1603 364 Audi
1617 337 1688 364 enim
1704 337 1766 372 quid
1779 337 1852 365 dicat

1061 380 1181 408 Christus
1201 390 1207 408 :
1224 382 1274 414 Qui
1295 382 1396 416 respicit
1418 382 1547 409 mulierem
1570 383 1605 409 ad
1624 383 1850 417 concupiscendum

1061 434 1116 452 eam
1129 446 1136 456 ,
1156 427 1213 461 jam
1228 427 1364 454 moechatus
1383 432 1418 454 est
1434 436 1489 454 eam
1507 428 1534 454 in
1553 428 1628 454 corde
1641 436 1686 454 mo
1702 427 1806 462 (Matth.
1820 428 1847 455 5.

1059 470 1117 505 28).
1133 470 1212 498 Vides
1225 475 1252 498 et
1274 471 1316 498 hic
1335 472 1430 498 iterum
1444 472 1539 498 malam
1561 477 1676 500 utentem
1692 473 1767 507 sequi
1780 481 1847 499 eon-

1061 515 1257 543 dentnationem
1270 537 1278 549 ,
1294 521 1322 544 et
1333 518 1367 544 ob
1380 517 1602 544 inconsideratum
1615 518 1738 544 intuitum
1751 539 1758 549 ,
1773 519 1847 552 quasi

1060 561 1220 595 completum
1234 566 1307 589 esset
1319 562 1441 589 adulterii
1453 570 1529 597 opus,
1546 570 1650 598 poenam
1667 563 1779 591 inferri?
1795 565 1846 590 ltzt-

1060 614 1112 641 que
1126 615 1187 634 cum
1208 607 1265 634 hate
1287 608 1403 634 sciamus
1416 628 1423 640 ,
1450 609 1566 643 undique
1588 615 1705 636 mentem
1730 614 1848 637 nostram

1061 652 1129 679 bene
1144 653 1294 679 muniamus
1305 673 1312 685 ,
1330 656 1358 679 lll
1377 660 1424 687 per
1436 660 1495 680 eam
1512 653 1575 680 ﬂant
1591 658 1699 688 accepta
1713 662 1772 689 quae
1785 653 1848 680 faci-

1061 703 1129 723 mus.
1156 696 1219 723 Nam
1241 697 1264 724 si
1288 697 1387 724 fumum
1403 701 1429 724 et
1448 697 1567 724 nidorem
1591 699 1668 725 tertit
1690 699 1716 724 in
1737 698 1848 726 odorem

1061 740 1220 776 fragranliw,
1233 741 1296 776 quid
1310 749 1362 768 non
1376 750 1390 768 e
1403 743 1534 776 spirituali
1547 748 1638 770 nostro
1652 743 1750 771 faceret
1762 745 1845 772 cultu.

1060 789 1087 812 et
1100 791 1224 820 quantam
1244 794 1296 813 nott
1320 787 1431 821 gratiam
1455 787 1557 814 caelitus
1576 787 1652 814 nobis
1676 790 1849 822 procuraret?

1060 830 1220 857 Etodoratus
1233 836 1280 864 est,
1295 832 1388 866 inquit,
1406 831 1528 858 Dominus
1538 831 1607 859 Deus
1618 833 1719 859 adorent
1731 835 1848 868 fragran-

1060 876 1110 902 τίω.
1135 876 1227 903 Vidisti
1246 884 1304 911 qum
1318 877 1411 904 fecerit
1421 877 1509 911 justus
1523 898 1530 909 ,
1553 878 1686 912 quontodo
1697 899 1704 909 ,
1719 883 1847 913 qttatttuttt

1059 920 1092 947 ad
1114 926 1252 948 externum
1277 922 1457 956 spectaculum
1482 923 1612 957 pertinet,
1637 930 1692 949 rem
1716 931 1845 957 parvam;

1059 970 1186 1000 quantum
1199 971 1287 993 autem
1311 967 1343 993 ad
1364 967 1498 999 attintutn,
1519 968 1711 1002 permagnam?
1732 968 1848 996 Attende

1060 1015 1149 1038 autem
1161 1011 1287 1046 deinceps
1301 1012 1456 1039 immensam
1469 1012 1609 1040 elementis
1624 1013 1726 1040 Domini
1741 1013 1847 1040 bonita-

1059 1059 1122 1082 tem.
1148 1054 1179 1081 Et
1194 1056 1258 1082 dixit
1272 1055 1395 1083 Dominus
1415 1055 1482 1083 Deus
1497 1057 1523 1084 in
1542 1062 1623 1084 mente
1634 1066 1680 1084 sua
1699 1065 1708 1084 :
1727 1058 1771 1085 2i.
1785 1058 1846 1085 Non

1058 1100 1177 1135 adjiciam
1197 1101 1264 1127 ultra
1285 1106 1311 1127 ut
1334 1102 1483 1128 maledicam
1503 1106 1576 1129 terra:
1597 1107 1698 1136 propter
1711 1111 1787 1137 opera
1800 1104 1846 1129 Ιιο-

1058 1145 1170 1178 mittunt,
1194 1145 1253 1180 quia
1273 1146 1392 1172 incumbit
1410 1155 1479 1173 metu
1497 1146 1605 1173 hominis
1620 1148 1713 1174 intente
1731 1149 1756 1174 itt
1777 1149 1845 1174 mala

1057 1198 1133 1224 opera
1147 1199 1162 1216 (ι
1174 1191 1312 1226 juventute.
1336 1191 1396 1218 Non
1415 1192 1492 1227 igitur
1511 1192 1646 1227 adjiciunt,
1668 1197 1694 1219 ut
1709 1193 1845 1229 percutiam

1058 1243 1155 1262 omnem
1167 1244 1267 1262 carnem
1281 1237 1401 1263 viventem
1412 1258 1419 1267 ,
1434 1239 1500 1264 sicut
1514 1237 1564 1271 Ieci
1573 1257 1580 1270 ,
1602 1237 1647 1265 22.
1662 1237 1776 1265 omnibus
1787 1238 1844 1264 die.

1057 1281 1103 1307 bu:
1116 1285 1196 1308 terrai.

1095 1365 1122 1392 4.
1136 1364 1256 1400 Magnum
1267 1365 1448 1393 beneﬁcentiae
1461 1365 1579 1400 pondus;
1594 1368 1686 1400 ingens
1699 1365 1847 1393 clementia:

1059 1410 1232 1446 magnitudo;
1250 1411 1562 1449 itteliitbilistolerantize
1587 1412 1782 1445 exsuperantia.
1813 1411 1847 1438 Et

1060 1455 1123 1481 dixit
1135 1455 1258 1482 Dominus
1273 1455 1341 1482 Deus
1353 1456 1379 1482 in
1393 1461 1473 1482 mente
1487 1465 1542 1482 sua.
1561 1456 1636 1487 Illud,
1651 1456 1684 1483 In
1699 1461 1778 1483 mente
1788 1465 1846 1489 sua,

1060 1500 1154 1528 iterum
1168 1501 1284 1528 humano
1295 1510 1369 1529 more
1384 1502 1457 1535 dicit,
1473 1507 1500 1530 et
1510 1503 1583 1537 quasi
1598 1507 1717 1529 naturain
1729 1508 1846 1529 nostrum

1060 1548 1214 1582 respiciens.
1244 1547 1304 1575 Non
1329 1549 1448 1582 adjiciunt
1466 1549 1533 1575 ultra
1554 1554 1582 1575 ut
1605 1549 1752 1575 maledicam
1774 1554 1848 1574 terra:

1060 1598 1161 1628 propter
1178 1601 1254 1627 Opera
1269 1594 1407 1620 hominum.
1437 1594 1470 1621 Et
1483 1594 1600 1627 homini,
1620 1594 1664 1629 qui
1678 1594 1779 1628 primus
1792 1594 1847 1621 for-

1055 1642 1144 1667 matus
1157 1643 1199 1665 est
1210 1659 1217 1670 ,
1242 1638 1347 1666 ἀίει-δίη
1358 1659 1366 1670 ,
1381 1646 1442 1665 cutn
1457 1639 1493 1666 illi
1507 1639 1676 1666 malediceret
1690 1647 1696 1665 :
1713 1639 1808 1673 Spinas
1822 1645 1846 1666 et

1059 1684 1162 1711 tribulos
1185 1685 1334 1720 germittabit
1356 1685 1400 1711 tibi
1416 1684 1525 1721 (lienes.
1540 1686 1566 1712 5.
1586 1685 1629 1712 I8.
1647 1690 1670 1712 et
1684 1685 1710 1712 4.
1726 1685 1797 1720 12);
1819 1690 1847 1712 et

1057 1730 1140 1756 (Iaino
1151 1730 1281 1757 similiter.
1297 1730 1362 1764 Quia
1373 1735 1460 1757 autem
1468 1738 1538 1758 nunc
1549 1738 1716 1758 communem
1725 1731 1843 1758 omnium

1058 1775 1192 1802 invexerat
1213 1775 1347 1802 interitum
1361 1795 1369 1808 ,
1393 1781 1422 1803 ut
1435 1776 1643 1803 consolationem
1664 1776 1710 1803 det
1727 1776 1800 1810 justo
1818 1782 1845 1803 et

1057 1819 1180 1847 fiduciam
1194 1820 1217 1847 ei
1231 1820 1329 1853 addat,
1355 1828 1388 1847 tte
1409 1819 1477 1848 forte
1498 1821 1595 1854 cogitet
1619 1820 1687 1855 apud
1710 1828 1757 1852 se,
1780 1820 1844 1853 Qua:

1057 1865 1154 1892 utilitas
1166 1864 1235 1892 datte
1250 1865 1466 1892 benedictionis?
1481 1870 1507 1892 et
1519 1865 1589 1900 quod
1604 1865 1716 1898 dixerit,
1736 1865 1845 1892 Crescite

1058 1914 1081 1936 et
1092 1909 1295 1944 multiplicamini
1311 1910 1387 1943 (Gen.
1405 1911 1430 1937 l.
1445 1910 1493 1945 28)
1503 1931 1510 1942 ,
1533 1910 1556 1937 si
1571 1911 1665 1937 iterum
1675 1929 1684 1943 ,
1698 1911 1740 1937 ubi
1755 1910 1844 1938 multi‘

1056 1955 1142 1988 plicati
1157 1955 1303 1987 fuerimus,
1320 1956 1484 1990 pereundum
1497 1956 1532 1982 sit
1547 1956 1644 1982 nobis?
1665 1956 1729 1983 Nam
1741 1957 1804 1984 olim
1817 1961 1841 1983 et

1055 2000 1158 2027 Adattto
1172 2000 1275 2027 dixerat
1290 2009 1296 2026 :
1313 2000 1421 2027 Crescite
1434 2006 1457 2027 et
1471 2001 1671 2035 multiplicamini
1686 2009 1694 2028 :
1710 2005 1738 2028 et
1750 2009 1846 2036 Super-

1056 2048 1128 2074 venit
1142 2052 1229 2074 tamen
1251 2047 1390 2074 diluvittm.
1419 2046 1452 2074 Ut
1467 2054 1530 2081 ergo
1550 2055 1584 2074 tte
1598 2047 1739 2081 cogitando
1749 2055 1840 2073 seettttt

1056 2092 1117 2120 talia
1138 2093 1165 2119 in
1190 2097 1317 2127 perpetuo
1338 2099 1436 2126 angore
1452 2096 1542 2125 esset,
1571 2091 1633 2119 vide
1655 2092 1842 2126 benignitatem

1057 2138 1170 2165 Dotttini.
1184 2137 1245 2164 Non
1260 2137 1396 2172 adjiciam,
1411 2137 1513 2172 inquit,
1528 2137 1597 2164 ultra
1610 2138 1759 2164 maledicere
1771 2144 1844 2165 terra:

1055 2188 1158 2218 propter
1177 2191 1254 2217 opera
1267 2183 1406 2209 hatninunt.
1423 2182 1487 2210 Vide
1501 2183 1634 2218 quomodo
1646 2183 1799 2215 declaravit,
1814 2191 1843 2210 se

1056 2234 1165 2265 propter
1189 2230 1282 2256 horum
1309 2230 1434 2256 malitiam
1458 2229 1672 2256 maledictionetn
1698 2234 1776 2256 terra:
1801 2230 1843 2256 itt-

1055 2276 1168 2302 vexisse.
1184 2274 1283 2302 Deinde
1294 2279 1322 2301 ut
1336 2282 1369 2301 ne
1388 2279 1510 2308 putemus
1524 2275 1608 2309 ipsum
1622 2274 1681 2302 ideo
1696 2274 1763 2301 hanc
1779 2282 1843 2309 pro--

1055 2320 1209 2347 missionem
1231 2319 1326 2347 fecisse
1337 2339 1345 2352 ,
1370 2320 1431 2354 quia
1447 2319 1497 2354 ipsi
1515 2319 1570 2353 jam
1587 2320 1612 2346 in
1628 2321 1722 2347 melius
1735 2327 1765 2348 se
1779 2328 1844 2347 cott-

1055 2369 1199 2398 verterant,
1211 2365 1296 2399 inquit
1310 2374 1315 2391 :
1332 2365 1397 2397 Quia
1417 2365 1534 2391 incumbit
1548 2373 1617 2391 mens
1627 2365 1736 2392 hominis
1750 2366 1844 2392 intente

1054 2411 1158 2438 inmota
1173 2419 1250 2446 opera
1263 2412 1425 2446 ajuuentute.
1450 2411 1517 2437 Rara
1541 2410 1709 2446 benignitatis
1729 2411 1841 2445 species.

1056 2458 1132 2490 Quia,
1149 2457 1243 2492 inquit,
1257 2457 1376 2484 incumbit
1389 2465 1458 2484 mens
1472 2458 1580 2484 hominis
1596 2458 1728 2492 diligenter
1738 2458 1764 2484 in
1776 2459 1845 2484 mala

1054 2511 1130 2538 opera
1142 2511 1157 2529 α
1166 2503 1297 2538 jtwentute
1306 2524 1314 2535 ,
1329 2508 1436 2537 propter
1451 2503 1511 2534 hoc,
1528 2503 1588 2530 Non
1602 2505 1671 2531 ultra
1682 2504 1800 2538 adjiciam
1817 2509 1843 2530 ut

1055 2548 1204 2575 maledicam
1225 2553 1307 2575 terrm.
1324 2549 1378 2583 Ego
1392 2549 1478 2581 enim,
1493 2549 1596 2583 inquit,
1612 2557 1670 2584 qua)
1683 2549 1716 2576 ad
1729 2557 1770 2576 me
1783 2557 1845 2584 per.

1056 2593 1140 2620 tinent
1150 2613 1158 2625 ,
1174 2592 1257 2620 semel
1275 2598 1355 2627 atque
1376 2594 1470 2620 iterum
1485 2594 1613 2621 exhibui:
1628 2594 1688 2629 quia
1700 2599 1788 2621 autem
1801 2595 1843 2621 vi-

1054 2638 1105 2664 deo
1124 2637 1252 2665 malitiam
1268 2637 1302 2664 ita
1323 2638 1474 2666 increscere
1486 2659 1493 2670 ,
1508 2639 1635 2673 promitto
1649 2646 1691 2666 me
1705 2646 1757 2666 non
1774 2640 1843 2666 ultra

1055 2683 1256 2710 tnaledicturum
1272 2688 1360 2710 terrte.
1376 2683 1475 2711 Deinde
1488 2684 1632 2711 ostendens
1650 2691 1705 2711 sum
1720 2684 1841 2719 benigni-

1028 2740 1031 2742 ·
1056 2730 1116 2756 tatis
1131 2729 1338 2764 magnitudinem
1350 2750 1357 2763 ,
1375 2731 1531 2765 subiunxit:
1548 2730 1608 2757 Non
1623 2731 1743 2765 adjiciam
1762 2731 1842 2765 igitur

1055 2775 1123 2801 ultra
1137 2778 1164 2800 ut
1179 2774 1317 2808 percutiam
1330 2783 1428 2802 attinent
1444 2783 1544 2802 carnem
1558 2775 1678 2802 uiuentem
1688 2795 1695 2808 ,
1708 2776 1772 2802 sicut
1782 2776 1843 2809 feci,

1058 2819 1171 2848 omnibus
1186 2819 1283 2848 diebus.
1309 2818 1375 2848 Vide
1387 2839 1395 2854 ,
1406 2820 1528 2852 obsecro.
1546 2825 1669 2859 quantam
1683 2818 1842 2849 consolatiw
