2058 3123
84 150 134 177 ἰιδ

120 211 156 239 γ’.
175 205 227 233 Διὰ
246 205 328 234 τοῦτο
344 206 391 232 καὶ
411 206 426 232 ό
449 205 581 241 μακάριος
604 203 709 235 Παῦλος
725 204 836 239 σημεῖον
856 202 922 229 αὑτδ

87 252 162 278 καλεῖ
169 249 272 284 λέγων·
283 249 339 277 Καὶ
346 249 473 284 σημεῖον
483 248 574 274 ἔδωκε
584 246 755 281 περιτομῆς,
764 246 922 281 σφραγῖδα.

90 295 151 322 Ὀτι
166 294 223 330 γὰρ
240 294 311 328 πρὸς
333 294 383 328 τὴν
407 291 581 327 δικαιοσύνην
600 291 676 318 οὐδὲν
700 291 769 325 αὑτὴ
794 290 926 322 συντελεῖ,

91 339 145 366 ἰδοὺ
160 338 208 366 καὶ
222 335 300 370 οὗτος
311 339 325 365 ὸ
336 337 439 369 δίκαιος
455 336 567 371 μηδέπω
580 336 630 371 τῆς
650 336 801 372 περιτομῆς
813 336 927 370 νομοθε-

88 382 220 418 τηθείσης
237 381 307 417 πρὸς
322 380 456 415 τοσαύτην
470 379 586 415 ἔφθασεν
604 381 715 415 ἀρετήν.
732 380 784 406 Καὶ
798 379 823 406 τί
837 378 926 413 λέγω;

90 426 178 458 Αὐτὸς
197 427 212 452 ὁ
237 425 410 461 πατριάρχης
431 424 567 459 Ἀϐραὰμ,
589 424 653 459 πρὶν
677 424 692 458 ἢ
711 423 761 457 τὴν
777 422 928 459 περιτομὴν

92 471 230 504 δέξασθαι,
246 470 301 497 ἀπὸ
318 469 368 505 τῆς
384 468 501 500 πίστεως
520 468 603 503 μόνης
625 466 781 502 ἐδικαιώθη.
802 467 859 502 Πρὸ
875 467 929 501 γὰρ

91 516 142 550 τῆς
159 514 320 550 περιτομῆς,
340 513 417 548 φησὶ,
430 513 477 539 καὶ
497 513 676 539 Ἐπίστευσε
694 510 728 538 δὲ
749 511 877 545 Ἀϐραὰμ
892 510 931 543 τῷ

94 559 166 592 Θεῷ,
184 559 234 585 καὶ
252 558 394 592 ἐλογίσθη
412 556 492 589 αὐτῷ
510 557 554 588 είς
569 555 774 589 δικαιοσύνην.
793 555 825 581 Τί
840 555 930 581 τοίνυν

96 604 166 639 μέγα
181 604 300 638 φρονεῖς,
316 599 339 628 ὦ
364 601 484 630 Ίουδαϊε,
507 601 553 627 ἐπὶ
570 601 601 636 τῇ
622 601 773 635 περιτομῇ;
791 598 930 630 Μάνθανε,

95 649 136 675 ὅτι
158 647 211 684 πρὸ
239 646 341 681 ταύτης
364 645 456 673 πολλοὶ
484 644 582 672 δίκαιοι
605 645 742 678 γεγόνασι.
767 643 822 670 Καὶ
836 643 891 678 γὰρ
917 644 932 670 ό

97 692 182 718 ’Δεελ
196 692 228 718 ὲκ
242 691 358 722 πίστεως
370 690 419 726 τὴν
435 688 617 726 προσαγωγὴν
634 688 791 723 ἐποιήσατο,
803 687 929 721 καθάπερ

97 737 144 762 καὶ
167 735 273 767 Παῦλός
297 743 395 770 φησιν·
425 734 529 760 Πίστει
556 733 682 759 πλείονα
712 731 822 758 θυσίαν
848 731 931 756 Ἅϐελ

97 780 175 813 παρὰ
187 779 263 806 Κὰἵν
278 778 467 812 προσήνεγκε
479 776 519 809 τῷ
532 775 593 808 Θεῷ
605 784 611 790 ⁸
628 776 674 802 καὶ
691 775 777 809 Ἑνὼχ
789 773 931 809 μετετέθη,

97 824 145 850 καὶ
157 824 171 849 ὀ
185 823 248 850 Νῶε
270 822 342 849 κατὰ
353 821 403 856 τὴν
422 820 520 855 πολλὴν
546 819 720 853 δικαιοσύνην
735 818 766 845 τδ
789 817 933 845 κλυδώνιον

97 869 187 894 ἱκεῖνο
202 867 233 893 τὸ
252 866 370 901 χαλεπὸν
387 864 462 901 [9.59]
481 863 605 898 διέφυγε·
632 864 678 890 καὶ
698 863 713 889 ό
733 862 858 896 Ἀὔραὰμ
880 860 934 896 πρὸ

96 911 201 946 ταύτης
219 910 273 937 ἀπὺ
289 909 339 944 τῆς
351 910 390 940 είς
401 908 447 935 τὸν
464 908 529 933 Θεὸν
544 906 668 938 πίστεωςι
678 905 862 941 ἀνεκηρύχθη.
883 903 935 931 Οὖ-

97 963 151 986 τως
165 954 269 981 ἄνωθεν
286 953 334 980 καὶ
353 951 382 984 ἐξ
399 952 487 987 ἀρχῆς
504 951 557 978 ἀπὸ
579 951 695 981 πίστεως
713 950 744 976 τὺ
761 949 815 976 τῶν
830 947 936 984 ἀνθρώ-

99 1007 159 1024 πων
176 997 254 1031 γένος
281 996 330 1031 τῆς
357 995 493 1031 σωτηρίας
509 994 636 1029 ἐπέτυχε.
659 994 707 1020 Διά
729 1001 771 1019 τοι
785 992 864 1019 τοῦτο
888 991 936 1018 καὶ

97 1041 149 1073 τὰς
162 1040 258 1072 θυσίας
277 1039 466 1075 συνεχώρησεν
480 1039 494 1064 ὁ
511 1038 605 1073 φιλάνο
611 1046 699 1073 ρωπος
712 1036 849 1071 Δεσπότης
861 1035 936 1070 αὑτῷ

98 1084 296 1122 προσάγεσθαι,
313 1084 355 1111 ἵνα
375 1082 467 1118 ἐπειδὴ
482 1082 520 1108 ἔτι
537 1081 711 1117 άτελέστερον
726 1081 840 1107 διέκειτο
854 1081 870 1115 ὴ
887 1079 936 1114 φύ-

99 1139 142 1162 σις
157 1131 177 1166 ἡ
191 1128 325 1164 ἡμετέρα,
339 1127 407 1162 ὁμοῦ
422 1128 468 1154 καὶ
484 1126 532 1162 τὴν
549 1125 650 1153 οἰκείαν
666 1124 875 1160 εὐγνωμοσύνην
888 1123 937 1159 ἔχῃ

99 1172 314 1203 ἐπιδείκνυσθαι,
327 1171 374 1197 καὶ
387 1171 437 1206 τῆς
452 1170 519 1206 πρὸς
531 1170 564 1196 τὰ
580 1169 675 1196 εἴδωλα
689 1168 837 1204 θεραπείας
848 1168 935 1203 πάντη

99 1216 219 1253 διαφύγῃ
246 1215 294 1251 τὴν
313 1214 411 1250 λύμην.
432 1214 464 1241 EE
483 1214 548 1249 γὰρ,
570 1213 616 1239 καὶ
634 1212 767 1247 τοσαύτης
788 1211 938 1247 γενομένης

101 1259 343 1295 συγκαταΰάσεως,
361 1259 436 1293 ὅμως
460 1259 484 1284 οἱ
504 1257 596 1283 πολλοὶ
617 1257 647 1284 οὑ
672 1257 798 1290 διέφυγον
822 1255 868 1282 τὸν
884 1255 938 1282 ὄλι-

102 1304 174 1336 σθον,
188 1305 213 1330 εἰ
234 1304 272 1340 μὴ
293 1302 372 1330 τοῦτο
393 1302 499 1336 γέγονε,
516 1302 575 1333 πῶς
597 1301 629 1328 ἄν
647 1309 689 1333 τις
703 1301 752 1336 τὴν
776 1299 880 1326 ἐκεῖθεν
896 1300 937 1326 δι-

100 1350 184 1384 έφυγε
202 1348 320 1383 βλάϐην;
340 1346 394 1374 Καὶ
406 1345 568 1381 ὠσφράνθη
585 1345 694 1380 Κύριος
713 1347 729 1372 ό
746 1344 817 1377 Θεὸς
838 1343 939 1379 ὀσμὴν

99 1393 237 1426 εὐωδίας.
258 1391 328 1420 Ἀλλ’
347 1392 395 1418 οὑκ
409 1391 455 1417 ἐπὶ
477 1390 531 1417 τῶν
551 1390 716 1425 ἀγνωμόνων
742 1388 875 1415 Ἰουδαίων
894 1387 939 1414 οὖ-

99 1447 154 1470 τως
165 1446 174 1454 ·
189 1437 257 1464 ἀλλὰ
269 1437 311 1469 τί;
327 1437 426 1463 Ἀκουε
435 1436 482 1462 τοῦ
496 1436 635 1471 προφήτου
651 1434 785 1468 λέγοντος,
804 1433 940 1467 Θυμίαμα

99 1484 147 1515 εἰς
168 1479 330 1515 ,βδέλυτμά
354 1489 404 1515 μοι
434 1480 509 1512 ἐστὶ,
532 1479 672 1514 μονονουχὶ
696 1477 863 1508 δεικνύοντος
891 1477 940 1511 τῆς

100 1526 289 1562 προαιρέσεως
311 1524 365 1550 τῶν
385 1523 577 1559 προσαγόντων
593 1524 642 1557 τὴν
669 1521 830 1556 μοχθηρίαν.
848 1519 940 1546 Καθά-

99 1578 156 1605 περ
172 1570 228 1604 γὰρ
249 1567 366 1595 ἐνταῦθα
381 1569 397 1602 ἡ
421 1567 467 1593 τοῦ
482 1566 586 1593 δικαίου
610 1566 696 1601 ἁρετὴ
711 1564 755 1591 τὴν
776 1563 878 1591 καπνὸν
893 1564 939 1590 καὶ

100 1615 152 1649 τὴν
171 1613 283 1640 κνίσσαν
302 1611 390 1646 ὀσμὴν
408 1610 520 1642 εὐωδίας
539 1609 695 1645 εἰργάσατο,
709 1607 795 1639 οὕτως
814 1608 855 1634 ἐπ’
868 1607 939 1633 ὲκεί-

100 1665 155 1685 νων
170 1659 188 1692 ἡ
201 1657 255 1684 τῶν
271 1655 463 1692 προσαγόντων
480 1654 597 1690 πονηρία
612 1653 642 1680 τὸ
658 1653 783 1688 θυμίαμα
796 1652 826 1678 τὸ
842 1651 939 1682 εὑῶδες

101 1702 143 1732 είς
163 1700 302 1736 βδέλυγμα
329 1698 512 1734 όσφρανθῆναι
537 1704 550 1718 ι
574 1696 774 1733 παρεσκεύασε.
800 1694 938 1729 Πανταιχοῦ

101 1745 194 1772 τοίνυν
216 1743 421 1778 σπουδάζωμεν,
441 1741 604 1777 παρακαλῶ,
618 1741 731 1776 γνώμην
753 1740 818 1774 ὑγιῆ
840 1739 940 1766 ἐπιδεί-

103 1788 230 1816 κνυσθαι.
251 1787 326 1823 Αὑτη
345 1787 399 1823 γὰρ
414 1786 489 1813 αἰτία
503 1786 607 1820 γίνεται
624 1785 733 1811 πάντων
749 1783 803 1810 τῶν
821 1782 940 1817 ἀγαθῶν.

108 1833 140 1859 '0
153 1832 208 1868 γὰρ
225 1831 327 1866 ἀγαθὸς
341 1830 479 1866 Δεσπότης
497 1830 526 1856 οὑ
543 1830 601 1861 τοῖς
616 1829 680 1864 παρ’
693 1828 772 1863 ἡμῶν
790 1826 943 1862 γινομένοις

103 1877 251 1912 προσέχειν
263 1875 357 1902 εἴωθεν
370 1875 407 1906 ὼς
417 1876 451 1910 τῇ
466 1873 571 1900 ἔνδοθεν
582 1873 695 1908 διανοίᾳ,
707 1872 753 1905 ἀφ’
766 1869 799 1906 ἦς
814 1870 942 1906 ὁρμώμε-

103 1930 146 1947 νοι
167 1920 257 1947 ταῦτα
270 1918 502 1954 διαπραττόμεθα,
525 1917 572 1944 καὶ⁸
589 1916 658 1952 πρὸς
681 1916 789 1950 ἐκείνην
806 1915 910 1950 βλέπων
925 1915 942 1949 ἢ

105 1964 251 2000 προσίεται
267 1964 302 1990 τὰ
317 1964 361 1998 ὑφ’
377 1962 456 1999 ἡμῶν
475 1963 616 1997 γινόμενα,
630 1961 646 1996 ἢ
660 1960 874 1996 ἀποστρέφεται.
884 1959 942 1986 Κάν

103 2018 136 2036 τε
150 2007 198 2036 οὖν
220 2008 374 2044 εὐχώμεθα,
391 2009 443 2035 κᾶν
462 2016 491 2034 τε
508 2006 691 2042 νηστεύωμεν,
717 2006 766 2032 κᾶν
780 2014 809 2032 τε
832 2005 944 2039 ἐλεημο-

107 2053 192 2088 σύνην
210 2052 391 2088 ἐργαζώμεθα
403 2049 493 2086 (αὗται
513 2051 566 2086 γὰρ
581 2051 659 2086 ἡμῶν
673 2051 741 2077 εἰσιν
756 2050 783 2076 αἱ
797 2056 945 2083 πνευματι-

106 2098 155 2124 καὶ
174 2097 287 2130 θυσίαι),
301 2096 351 2124 κᾶν
367 2104 396 2122 τε
415 2095 508 2130 ἕτερόν
522 2104 548 2121 τι
563 2093 744 2130 πνευματικὸν
761 2093 840 2128 ἔργον
855 2093 946 2118 ἐπιτε-

105 2142 209 2176 λῶμεν,
225 2141 280 2167 ἀπὸ
302 2140 414 2175 γνώμης
434 2138 525 2173 ὑγιοῦς
542 2138 696 2173 ὁρμώμενοι
714 2137 794 2164 τοῦτο
814 2137 945 2170 διαπρατ-

107 2185 231 2220 τώμεθα,
249 2185 292 2210 ἵνα
307 2185 355 2210 καὶ
372 2184 426 2210 τῶν
446 2182 575 2217 καμάτων
589 2181 662 2214 ἄξιον
678 2181 723 2208 τὸν
746 2181 877 2214 στέφανον
901 2187 947 2205 κου

110 2228 266 2264 μισώμεθα.
280 2229 337 2254 Καὶ
357 2227 411 2262 γὰρ
435 2226 466 2254 ἂν
491 2227 533 2261 εἴη
550 2226 603 2252 τῶν
628 2224 809 2252 ἀτοπωτάτων
834 2224 878 2250 τὸν
897 2223 946 2258 μὲν

109 2273 192 2299 πόνον
207 2272 281 2307 ἡμᾶς
300 2271 454 2306 ὑπομένειν,
476 2270 526 2305 τῆς
542 2270 569 2297 δὲ
592 2269 709 2304 ἀμοιϐῆς
727 2266 945 2303 ἀποστερεῖσθαι,

109 2317 176 2343 ὅταν
190 2316 228 2351 μὴ
245 2315 316 2342 κατὰ
333 2315 395 2346 τοὺς
410 2315 455 2341 ὑπ’
472 2314 554 2342 αὑτοῦ
568 2313 693 2345 δοθέντας
709 2312 806 2348 νόμους
820 2312 869 2346 τὴν
884 2311 948 2346 ἀρε-

111 2360 162 2395 τὴν
180 2359 328 2395 μετίωμεν.
346 2358 424 2385 Ἔστι
436 2357 500 2393 γὰρ,
516 2357 572 2384 ἐστι
587 2357 632 2384 διὰ
643 2356 692 2391 τὴν
708 2356 811 2390 ἄφατον
822 2354 869 2381 τοῦ
880 2353 948 2380 Θεοῦ

113 2403 319 2438 φιλανθρωπίαν
339 2402 430 2429 καὶτὸ
448 2402 527 2436 ἔργον
543 2400 580 2436 μὴ
597 2399 814 2430 ἐπιτελέσαντας,
831 2397 886 2424 ἀπὸ
901 2397 949 2431 τῆς

113 2446 228 2482 γνώμης
244 2447 323 2482 μόνον
341 2447 386 2473 τὸν
411 2446 541 2480 στέφανον
558 2444 740 2480 κομίσασθαιε
765 2443 812 2469 καὶ
835 2442 878 2468 ἴνα
897 2441 949 2476 μά-

113 2491 175 2526 θῃς.
193 2492 290 2518 σκόπει
307 2499 352 2525 μοι
373 2490 453 2517 τοῦτο
470 2489 517 2516 ἐπὶ
537 2489 587 2523 τῆς
604 2486 802 2523 ἐλεημοσύνης·
820 2486 882 2512 ὅταν
896 2485 949 2519 γὰρ

114 2535 174 2571 ἴδῃς
184 2535 231 2562 τδν
243 2534 290 2562 ἐπὶ
305 2535 355 2569 τῆς
372 2533 474 2568 ἀγορᾶς
496 2531 661 2568 ἐρριμμένον
683 2530 729 2557 καὶ
748 2529 850 2566 ἐσχάτῃ
871 2527 951 2563 πενίᾳ

115 2575 307 2611 κατεχόμενον,
324 2575 370 2602 καὶ
391 2574 536 2610 συναλγῇς,
558 2573 649 2604 τείνας
664 2581 695 2598 τε
709 2571 758 2607 τὴν
779 2571 896 2598 διάνοιαν
911 2571 951 2601 εἰς

114 2621 161 2646 τὸν
181 2619 294 2654 οὐρανὸν
321 2618 520 2653 εὑχαριστὴσῃς
542 2616 579 2651 τῷ
596 2617 718 2651 Δεσπότῃ
739 2615 786 2641 καὶ
811 2613 880 2649 ὑπὲρ
897 2613 951 2639 τῶν

116 2663 189 2690 κατὰ
205 2663 313 2695 σαυτὸν,
328 2662 376 2688 καὶ
387 2661 457 2697 ὑπὲρ
476 2660 526 2695 τῆς
541 2659 678 2695 ὑπομονῆς
690 2658 737 2685 τοῦ
759 2657 883 2693 πένητος,
901 2656 952 2682 κᾶν

116 2708 156 2743 μή
169 2706 260 2734 δύναιο
272 2705 425 2742 ἐπαρκέσαι
439 2705 486 2730 καὶ
497 2704 576 2730 λῦσαι
590 2704 636 2730 τὸν
655 2703 743 2738 λιμὸν,
758 2702 812 2728 ἀπὸ
825 2701 874 2736 τῆς
887 2700 953 2735 γνώ-

118 2758 174 2785 μης
198 2749 404 2784 ἀπηρτισμένον
424 2747 520 2779 ἔλαῦες
543 2747 588 2772 τὸν
611 2746 718 2781 μισθόν.
733 2745 782 2771 Διά
809 2744 860 2779 γὰρ
877 2743 954 2770 τοῦτο

117 2794 166 2821 καὶ
183 2794 199 2819 ὸ
212 2793 351 2825 Δεσπότης
366 2791 457 2826 ἔλεγεν
469 2799 476 2806 ·
494 2791 544 2822 Ὃς
556 2790 610 2816 ἐὰν
621 2789 730 2822 ποτίσῃ
744 2789 886 2822 ποτήριον
898 2789 955 2821 ψυ-

118 2835 193 2871 χρ(ιῦ
207 2837 306 2871 μόνον
324 2836 368 2867 εὶς
388 2835 482 2869 ὄνομα
505 2833 649 2868 μαθητοῦ,
671 2833 752 2867 ἀμὴν·
766 2831 843 2866 λέγω
872 2831 952 2866 ὑμῖν,

117 2881 153 2907 οὺ
167 2880 211 2914 μὴ
224 2879 365 2913 ἀπολέσῃ
383 2879 436 2907 τὸν
447 2879 557 2914 μισθὸν
571 2877 672 2905 αὑτοῦ.
688 2877 732 2912 Μή
750 2885 774 2902 τι
786 2875 890 2911 ψυχροῦ
904 2884 951 2903 πο-

149 2942 163 2957 ⁸
174 2941 226 2971 ΑΠῙ
239 2941 349 2974 ὀφθῆναι.

658 146 690 173 ΙΝ
710 145 786 173 CAP.
810 140 863 172 VIII
877 142 999 172 GENES.
1017 143 1132 173 IIOMIL.
1148 145 1253 174 XXVII.

974 202 1068 246 ιιηρίου
1088 203 1298 240 εὑτελέστερον;
1322 205 1390 232 Ἀλλ’
1407 207 1424 242 ἡ
1445 206 1540 243 γνώμη
1561 207 1606 234 τδν
1633 208 1726 244 μισθὸν
1742 210 1820 246 αὑτῷ

976 245 1152 282 προεξένησε.
1173 248 1210 274 Τὸ
1231 248 1297 274 αὑτὸ
1320 249 1367 275 καὶ
1382 249 1430 276 ἐπὶ
1449 250 1497 277 τοῦ
1517 251 1637 278 ἐναντίου
1653 245 1816 289 εὑρήσομεν.

982 288 1052 314 Ἀλλ’
1067 289 1216 324 ἀναγκαῖον
1239 290 1305 325 γοῦν
1327 291 1415 318 ταῦτα
1442 294 1527 320 κινεῖν
1542 294 1588 321 ἐπὶ
1613 295 1663 330 τῆς
1683 288 1818 332 ὑμετέρας

976 332 1098 368 ἀγάπης,
1115 334 1160 360 ῐνα
1181 334 1284 361 τούτων
1301 335 1350 370 τὴν
1373 336 1516 371 ἀκρίῦειαν
1534 337 1632 369 ειδότες
1648 339 1748 374 πολλὴν
1769 341 1819 375 τῆς

978 377 1188 413 εὐγνωμοσύνης
1212 378 1328 413 ποιῆσθε
1353 379 1403 416 τὴν
1427 381 1588 416 ἀσφάλειαν.
1607 383 1706 409 ’Ἄκουε
1725 383 1779 419 γὰρ
1793 385 1819 411 τί

978 429 1060 456 φησιν
1075 422 1089 447 ὁ
1103 422 1221 454 Χριστός
1232 430 1239 438 ’
1262 423 1289 449 '0
1305 423 1459 458 ἐμϐλέψας
1475 424 1605 459 γυναῖκα
1620 425 1695 459 πρὸς
1711 427 1744 452 τὸ
1755 427 1819 453 ἐπι-

979 464 1112 499 θυμῆσαι
1125 465 1230 499 αὐτῆς,
1246 465 1305 500 ἤδη
1331 467 1512 501 ἐμοίχευσεν
1524 467 1621 502 αὐτὴν
1638 469 1673 496 ἐν
1692 469 1730 503 τῇ
1750 478 1820 503 καρ-

978 508 1029 542 δίᾳ
1043 509 1147 536 αὐτοῦ.
1170 510 1251 545 Ὁρᾷς
1262 510 1309 536 καὶ
1326 511 1442 537 ἐνταῦθα
1457 512 1538 538 πάλιν
1553 512 1607 538 ἀπὸ
1618 513 1667 547 τῆς
1679 513 1821 548 μοχθηρᾶς

979 552 1093 588 γνώμης
1105 554 1152 580 καὶ
1163 553 1211 589 τὴν
1223 554 1385 590 κατάκρισιν
1394 555 1541 591 ἑπομένην,
1553 557 1601 583 καὶ
1611 556 1654 583 διὰ
1664 556 1713 592 τὴν
1723 557 1819 592 ἀπερί-

981 604 1097 623 σκεπτον
1105 596 1176 631 δψιν,
1189 597 1264 633 [2601
1275 598 1313 630 ὡς
1325 600 1364 630 εἰς
1375 598 1454 634 ἔργον
1461 601 1511 634 τῆς
1525 600 1647 634 μοιχείας
1660 599 1821 635 ἐξελθούσης

981 640 1066 675 αὑτῷ,
1074 640 1123 676 τὴν
1136 641 1247 668 κόλασιν
1261 643 1469 678 ὲπηρτημένηνς
1484 643 1576 670 Ταῦτα
1595 644 1685 670 τοίνυν
1698 644 1820 671 ἐννοοῦν-

981 692 1036 716 τες,
1048 685 1184 720 πανταχοῦ
1192 686 1245 721 τὴν
1253 685 1365 721 γνώμην
1375 687 1454 722 ἡμῶν
1462 687 1686 722 ἀσφαλισώμεθα,
1696 688 1739 714 ἵνα
1751 688 1820 724 αὕτη

982 727 1016 754 τὰ
1032 728 1097 763 παρ’
1112 728 1190 763 ήμῶν
1210 729 1340 763 γινόμενα
1357 730 1553 765 παρασκευάσῃ
1578 730 1763 765 εὑπρόσδεκτα
1777 731 1821 764 γί-

983 771 1086 798 νεσθαι.
1103 772 1135 798 El
1148 771 1203 807 γὰρ
1217 773 1263 799 τὸν
1278 773 1379 800 καπνὸν
1394 774 1441 800 καὶ
1455 773 1503 809 τὴν
1525 774 1638 800 κνίσσαν
1652 774 1739 809 ὀσμὴν
1757 774 1823 800 εὐω-

983 814 1041 846 δίας
1055 815 1178 850 ἐποίησε,
1191 816 1217 842 τί
1225 817 1274 842 οὑκ
1286 817 1318 842 ἂν
1326 817 1476 852 ἐργάσηται
1487 817 1536 848 τὰς
1548 817 1732 852 πνευματικὰς
1744 817 1823 852 ἡμῶν

984 858 1086 890 ταύτας
1100 858 1237 894 λατρείας,
1250 860 1296 885 καὶ
1308 860 1395 894 πόσης
1409 861 1481 894 ἡμᾶς
1495 860 1525 886 οὑ
1545 860 1741 896 παρασκευάσῃ
1756 861 1823 887 ἀπο-

984 901 1082 928 λαῦσαι
1093 903 1143 937 τῆς
1161 902 1263 929 ἄνωθεν
1279 903 1401 935 εὐνοίας;
1416 904 1470 930 Καὶ
1485 903 1657 938 ὠσςςράνθη,
1677 904 1753 940 φησὶ,
1767 904 1822 931 Κύ-

981 954 1048 979 ριος
1064 947 1080 972 ό
1094 945 1166 978 Θεὸς
1177 945 1278 980 ὀσμὴν
1289 946 1423 979 εὐωδίας.
1439 946 1515 978 Εἶδες
1523 947 1557 973 τά
1574 947 1648 982 παρὰ
1659 948 1706 973 τοῦ
1719 947 1823 974 δικαίου

985 989 1164 1025 γεγενημένα,
1177 990 1246 1023 πῶς,
1259 990 1321 1016 ὅσον
1330 990 1379 1025 μὲν
1395 990 1462 1026 πρὸς
1472 991 1521 1026 τὴν
1531 990 1591 1025 δψιν
1600 991 1654 1017 τῶν
1662 992 1823 1025 γεγονότων.

986 1032 1081 1068 εὖτελῆ
1095 1033 1234 1068 τυγχάνει,
1257 1034 1310 1060 άπὸ
1325 1034 1353 1060 δὲ
1367 1034 1417 1068 τῆς
1433 1033 1526 1068 ὑγιοῦς
1546 1034 1627 1061 αὑτοῦ
1646 1034 1758 1070 γνώμης
1775 1035 1823 1062 καὶ

986 1075 1058 1102 πάνυ
1076 1076 1184 1111 μεγάλα
1200 1077 1355 1110 δείκνυται;
1370 1077 1469 1103 Σκόπει
1493 1086 1538 1112 μοι
1552 1077 1644 1104 λοιπὸν
1665 1077 1712 1104 τοῦ
1732 1078 1824 1111 φιλαν-

986 1119 1095 1155 θρώπου
1125 1120 1262 1147 Δεσπότου
1280 1120 1329 1155 τὴν
1354 1120 1466 1156 ἄπειρον
1489 1121 1655 1155 ἁγαθότητα.
1682 1121 1735 1148 Καὶ
1759 1119 1824 1148 εἶπε

986 1163 1094 1196 Κύριος
1121 1164 1137 1189 ὁ
1156 1163 1228 1196 Θεὸς
1248 1163 1430 1196 διανοηθείς·
1456 1164 1497 1190 Οὐ
1523 1164 1687 1197 προσθήσω
1701 1165 1743 1191 ἔτι
1770 1165 1825 1192 τοῦ

987 1206 1214 1239 καταράσασθαι
1233 1206 1290 1239 τὴν
1300 1206 1360 1240 γῆν
1376 1206 1424 1233 διὰ
1438 1207 1473 1233 τὰ
1492 1206 1564 1241 ἔργα
1577 1207 1635 1233 τῶν
1651 1207 1824 1241 ἀνθρώπων,

987 1249 1032 1276 ὅτι
1048 1249 1178 1284 ἔγκειται
1191 1251 1209 1283 ἡ
1228 1249 1344 1276 διάνοια
1362 1250 1416 1276 τοῦ
1434 1250 1592 1283 ἀνθρώπου
1608 1249 1754 1284 ἐπιμελῶς
1775 1250 1827 1278 ἐπὶ

986 1294 1023 1320 τὰ
1038 1294 1155 1328 πονηρὰ
1167 1295 1201 1321 ἐκ
1217 1294 1369 1328 νεότητος.
1392 1294 1433 1320 Οὐ
1450 1293 1614 1328 προσθήσω
1625 1292 1683 1321 οὖν
1697 1294 1827 1327 πατάξαι

988 1337 1091 1364 πᾶσαν
1112 1338 1212 1371 σάρκα
1234 1337 1331 1367 ζῶσαν
1363 1337 1459 1370 καθὼς
1484 1337 1623 1371 ἐποίησα,
1653 1338 1697 1364 ἑτι
1723 1337 1827 1373 πάσας

987 1380 1040 1413 τὰς
1053 1380 1165 1415 ἡμέρας
1180 1380 1234 1415 τῆς
1250 1380 1317 1415 γῆς.

1022 1425 1052 1451 δ’.
1071 1425 1158 1457 Πολὺς
1177 1425 1228 1460 τῆς
1244 1425 1404 1460 εὐεργεσίας
1418 1425 1432 1451 ὸ
1447 1424 1542 1459 ὄγκος,
1557 1425 1604 1451 καὶ
1622 1424 1688 1451 πολὺ
1703 1424 1753 1460 τῆς
1767 1425 1828 1460 φιλ-

988 1468 1146 1504 ανθρωπίας
1169 1468 1200 1494 τὸ
1218 1467 1342 1503 μέγεθος,
1366 1468 1414 1494 καὶ
1431 1467 1534 1503 ἄφατός
1547 1468 1596 1503 τῆς
1610 1467 1786 1500 ἀνεξικακίας
1808 1469 1825 1503 ἡ

988 1512 1136 1547 ὑπερϐολή.
1154 1511 1210 1538 Καὶ
1234 1509 1300 1537 εἶπε
1318 1511 1425 1544 Κύριος
1450 1513 1467 1538 ὁ
1490 1511 1562 1544 Θεὸς
1578 1511 1757 1545 διανοηθείς.
1778 1512 1826 1546 Τὺ,

989 1555 1171 1589 Διανοηθεις,
1190 1555 1272 1582 πάλιν
1288 1554 1477 1590 ἀνθρωπίνως,
1493 1555 1541 1581 καὶ
1555 1555 1592 1586 ὡς
1613 1555 1682 1590 πρὸς
1693 1556 1743 1591 τὴν
1757 1556 1828 1591 ἡμε-

988 1600 1071 1636 τέραν
1083 1599 1174 1634 φύσιν.
1188 1600 1228 1626 Οὐ
1242 1599 1406 1633 προσθήσω
1416 1599 1459 1625 ἔτι
1470 1598 1522 1625 τοῦ
1534 1599 1761 1632 καταράσασθαι.
1771 1598 1830 1634 τὴν

989 1643 1048 1678 γῆν
1058 1643 1106 1669 διὰ
1118 1642 1153 1669 τὰ
1164 1642 1235 1676 ἔργα
1247 1642 1306 1669 τῶν
1318 1642 1491 1676 ἀνθρώπων.
1504 1643 1558 1668 Καὶ
1571 1643 1625 1678 γὰρ
1636 1643 1683 1668 ἐπὶ
1693 1642 1740 1668 τοῦ
1753 1651 1830 1678 πρω-

989 1687 1138 1713 τοπλάστου
1154 1687 1329 1721 κατηράσατο
1343 1687 1438 1718 εἰπὼν,
1459 1685 1600 1719 Ἀκάνθας
1613 1685 1661 1712 καί
1675 1687 1830 1720 τριϐόλους

990 1730 1140 1758 ἀνατελεῐ-
1158 1731 1206 1756 καὶ
1229 1731 1275 1756 ἐπὶ
1293 1729 1340 1756 τοῦ
1366 1730 1434 1756 Κάῖν
1456 1729 1536 1756 πάλιν
1559 1730 1669 1765 ὁμοίως.
1691 1730 1767 1756 Ἐπεὶ
1782 1728 1830 1757 οὖν

991 1775 1038 1801 καὶ
1053 1774 1100 1801 νῦν
1113 1773 1164 1809 τὴν
1180 1773 1315 1809 τοσαύτην
1338 1772 1527 1808 πανωλεθρίαν
1543 1773 1695 1809 ἐπήγαγεν,
1718 1773 1761 1800 ἵνα
1774 1782 1828 1800 πα-

992 1817 1186 1853 ραμυθήσηται
1207 1817 1254 1844 τδν
1275 1817 1389 1848 δίκαιον,
1415 1817 1463 1844 καὶ
1483 1817 1592 1852 Θαρῤεῖν
1619 1819 1830 1854 παρασκευάσῃ,

991 1863 1039 1889 καὶ
1057 1862 1095 1898 μὴ
1116 1861 1200 1898 μέλλῃ
1214 1861 1369 1896 λογίζεσθαι
1389 1861 1449 1888 καθ’
1463 1861 1568 1894 ἑαυτὸν,
1582 1861 1610 1887 τί
1621 1861 1654 1887 τὸ
1672 1861 1766 1896 κέρδος
1778 1861 1831 1896 τῆς

991 1907 1178 1942 γεγενημένης
1193 1907 1331 1940 εὐλογίας;
1349 1905 1396 1932 καὶ
1415 1905 1462 1931 τοῦ
1479 1905 1759 1937 είπεῐν,Αὺξάνεσθε
1779 1906 1828 1932 καὶ

991 1952 1193 1985 πληθύνεσθε,
1209 1951 1233 1977 εί
1251 1950 1393 1986 μέλλοιμεν
1409 1949 1488 1976 πάλιν
1503 1950 1543 1981 εἰς
1556 1949 1657 1983 πλῆθος
1669 1949 1830 1981 ἐπιδιδόντες

992 1995 1177 2028 ἀπόλλυσθαι;
1201 1994 1258 2021 Καὶ
1277 1994 1331 2028 γὰρ
1346 1993 1393 2020 καὶ
1409 1993 1459 2028 ἤδη
1485 1990 1562 2019 εἶπεν
1589 1992 1636 2018 ἐπὶ
1659 1992 1705 2019 τοῦ
1733 1993 1829 2028 Ἀδὰμ,

989 2038 1162 2071 Αὺξάνεσθε
1190 2037 1239 2064 καὶ
1260 2037 1464 2070 πληθύνεσθε,
1488 2036 1535 2062 καὶ
1553 2036 1675 2071 ἐπήγαγε
1692 2036 1831 2063 κατακλυ-

995 2083 1072 2118 σμόν.
1090 2083 1148 2108 Ἵνα
1166 2080 1212 2108 οὖν
1229 2081 1266 2116 μὴ
1289 2080 1375 2106 ταῦτα
1398 2079 1571 2114 λογιζόμενος
1592 2080 1638 2106 καὶ
1662 2080 1785 2114 στρέφων
1800 2080 1832 2108 ἐν

993 2129 1025 2162 τῇ
1039 2125 1142 2160 διανοίᾳ
1156 2124 1285 2160 διηνεκῶς
1298 2124 1348 2157 τὴν
1360 2123 1478 2157 ἀγωνίαν
1489 2123 1548 2159 ἔχῃ,
1564 2123 1614 2158 ὅρα
1628 2122 1834 2158 φιλανθρωπίαν

994 2170 1140 2197 Δεσπότου.
1166 2170 1206 2196 Οὐ
1224 2167 1396 2202 προσθήσω,
1420 2167 1512 2202 φησὶν,
1535 2164 1579 2193 ἐτι
1606 2166 1832 2200 καταράσασθαι

994 2214 1052 2248 τὴν
1065 2213 1125 2248 γῆν
1141 2213 1189 2239 διὰ
1200 2212 1236 2239 τὰ
1251 2213 1321 2246 ἔργα
1342 2211 1402 2238 τῶν
1422 2210 1595 2245 ἀνθρώπων.
1611 2210 1682 2245 Ὅρα
1707 2210 1765 2241 πῶς
1784 2211 1833 2236 έπ-

995 2258 1161 2292 εσημήνατο,
1180 2256 1221 2281 ὅτι
1238 2254 1281 2281 διὰ
1298 2254 1347 2289 τὴν
1363 2253 1464 2280 τούτων
1477 2253 1628 2288 μοχθηρίαν
1642 2253 1690 2288 τὴν
1710 2253 1834 2288 κατάραν

996 2301 1120 2336 ἐπήγαγε
1133 2301 1165 2334 τῇ
1182 2299 1228 2334 γῇ.
1245 2297 1312 2324 Εἶτα
1326 2297 1370 2324 ἵνα
1389 2297 1426 2332 μὴ
1444 2292 1609 2331 νομίσωμεν,
1627 2296 1666 2322 ὃτι
1680 2296 1773 2331 ἐπειδὴ
1787 2296 1835 2322 ἐπὶ

996 2344 1026 2371 τὸ
1042 2343 1145 2380 βέλτιον
1161 2341 1350 2377 μετεϐάλοντο,
1365 2340 1408 2367 διὰ
1426 2339 1504 2366 τοῦτο
1521 2340 1602 2371 αὑτὸς
1617 2339 1718 2373 ταύτην
1739 2340 1833 2374 ἐποιή-

997 2397 1064 2415 σατο
1081 2387 1129 2422 τὴν
1144 2386 1302 2420 ὑπόσχεσιν,
1327 2385 1423 2419 φησίν·
1442 2384 1502 2409 ’Ὁτι
1524 2382 1652 2417 ἔγκειται
1674 2383 1692 2416 ἡ
1718 2382 1834 2409 διάνοια

997 2431 1050 2458 τοῦ
1062 2430 1219 2464 ἀνθρώπου
1231 2427 1378 2462 ἐπιμελῶς
1390 2426 1439 2454 ἐπὶ
1453 2426 1489 2453 τὰ
1500 2425 1618 2459 πονηρὰ
1635 2425 1670 2451 ἐκ
1680 2425 1834 2458 νεότητος.

997 2475 1078 2502 Ξένον
1095 2472 1300 2509 φιλανθρωπίας
1314 2469 1394 2501 εἶδος.
1418 2468 1538 2502 Ἐπειδὴ
1552 2469 1689 2502 ἔγκειται,
1708 2469 1800 2502 φησὶν,
1812 2468 1833 2501 ὴ

998 2519 1114 2546 διάνοια
1128 2517 1181 2544 τοῦ
1196 2516 1352 2549 ἀνθρώπου
1376 2512 1522 2548 ἐπιμελῶς
1540 2512 1590 2538 ἐπὶ
1616 2511 1653 2538 τὰ
1668 2511 1784 2545 πονηρὰ
1798 2512 1834 2538 ἐκ

999 2564 1152 2595 νεότητος,
1167 2560 1210 2587 διὰ
1224 2559 1313 2590 τοῦτο,
1328 2557 1435 2585 Οὐκέτι
1449 2555 1613 2590 προσθήσω
1632 2554 1685 2581 τοῦ
1709 2554 1835 2588 καταρά-

999 2609 1110 2634 σασθαι
1124 2607 1182 2639 τὴν
1198 2603 1267 2639 τῆν.
1291 2601 1361 2636 Ἐγὼ
1382 2601 1431 2636 μὲν
1447 2600 1511 2635 γὰρ,
1533 2599 1610 2634 φησὶ,
1625 2598 1660 2625 τὰ
1673 2598 1738 2634 παρ’
1748 2599 1836 2633 ὲμαυ-

999 2651 1046 2677 τοῦ
1061 2650 1109 2676 καὶ
1122 2648 1195 2682 ἅπαξ
1211 2647 1259 2674 καὶ
1274 2646 1400 2680 δεύτερον
1422 2643 1619 2678 ἐπεδειξάμηνο
1636 2642 1729 2677 ἐπειδὴ
1740 2642 1769 2668 δὲ
1779 2639 1836 2677 ὸρῶ

999 2694 1050 2730 τὴν
1069 2692 1167 2720 κακίαν
1192 2688 1389 2724 αὐξανομένην,
1406 2686 1609 2720 ἐπαγγέλλομαι
1633 2684 1731 2720 μηκέτι
1752 2693 1835 2711 κατα-

1002 2728 1136 2774 ράσασθαι
1150 2734 1198 2770 τὴν
1217 2733 1279 2768 γῆν.
1305 2729 1370 2758 Εἶτα
1394 2731 1501 2761 δεικνὺς
1515 2729 1596 2756 αὐτοῦ
1614 2729 1662 2764 τῆς
1681 2728 1836 2763 φιλανθρω-

1001 2770 1067 2813 πίας
1086 2781 1118 2807 τὸ
1134 2778 1258 2814 μέγεθος,
1287 2776 1427 2811 ἐπήγαγεν
1440 2783 1446 2789 ·
1467 2775 1509 2800 οὺ
1524 2772 1688 2807 προσθήσω
1709 2770 1767 2800 οὖν
1792 2772 1837 2798 ἔτι

1001 2825 1130 2857 πατάξαι
1142 2821 1244 2850 πᾶσαν
1253 2820 1351 2854 σάρκα
1362 2818 1469 2850 ζῶσαν,
1479 2817 1575 2850 καθὼς
1584 2817 1723 2850 ἐποίησα,
1735 2815 1837 2848 πάσας

1006 2871 1058 2902 τὰς
1070 2867 1191 2904 ἡμέρας.
1205 2866 1277 2901 Ὅρα
1293 2873 1337 2899 μοι
1356 2863 1415 2893 πῶς
1429 2863 1473 2888 διὰ
1487 2861 1595 2888 πάντων
1612 2860 1743 2904 μεγίστην
1760 2858 1836 2904 χαρί-

1007 2901 1132 2946 ζεταίτῷ
1149 2909 1244 2945 δικαίῳ
1265 2907 1312 2944 τὴν
1329 2905 1517 2943 παραμυθίαν’
1535 2904 1633 2940 μᾶλλον
1647 2903 1675 2929 δὲ
1694 2902 1724 2928 οὐ
1740 2901 1779 2936 τῷ
1795 2902 1837 2929 δι-
