2058 3123
181 139 234 166 9,ιὸ

182 203 242 222 ιιι-ιιι
255 195 334 222 affert
347 195 421 230 justo
434 204 441 222 :
456 195 509 222 imo
519 202 571 222 non
583 195 656 230 justo
669 199 771 223 tantum
781 217 789 229 ,
803 196 849 224 sed
869 203 897 224 et
911 205 972 232 pro-

182 246 240 274 pter
253 247 330 266 suam
344 241 489 268 bonitatem
503 240 583 268 etiam
597 241 722 268 universo
734 241 869 268 hominum
881 243 972 276 generi

180 289 239 320 post
254 285 328 311 illum
342 285 442 312 futuro.
454 285 517 312 Nam
526 285 596 320 quod
607 285 680 318 dicit,
696 285 756 312 Non
767 287 886 321 adjiciam
897 287 974 320 igitur

180 335 207 356 ut
220 330 361 363 percutiant
373 337 471 356 omnem
487 338 588 357 carnem
608 331 726 357 viventem
736 351 743 363 ,
758 335 786 358 ct
799 331 868 365 quod
885 332 968 363 addit,

179 376 252 403 Sicut
267 376 326 410 feci.
345 375 407 402 item
423 376 497 408 illud,
517 375 639 402 Omnibus
650 376 746 408 diebus,
763 376 881 403 declarat
894 377 971 403 nobis

179 427 231 447 non
246 421 313 447 ultra
328 421 380 448 tale
390 420 517 447 diluvium
531 425 670 448 venturum
682 428 752 453 esse,
770 429 856 456 neque
871 426 968 447 tantam

179 465 323 500 perniciem
333 473 457 500 umquam
466 470 549 493 totum
558 467 648 493 orbem
659 466 808 493 invasuram
815 473 875 493 esse
897 467 970 493 hein-

177 510 211 537 de
217 511 296 537 etiam
306 511 403 537 indicat
410 511 590 538 beneficentiae
596 518 650 538 suo:
659 512 858 546 perpetuitatem
868 521 875 538 :
885 512 968 539 Omni

177 557 231 587 bas,
241 557 334 591 inquit,
344 557 441 590 diebus,
457 557 506 584 hoc
515 561 571 584 est:
584 557 610 584 ln
621 564 699 584 omne
708 559 832 585 saeculum
843 559 968 593 promitto

177 610 220 628 me
235 609 287 628 non
303 603 471 630 inducturtnn
487 603 636 637 lmjusmodi
652 603 868 638 indignationem,
880 612 966 638 neque

175 648 305 674 facturum
329 653 427 675 tantum
451 648 633 675 confusionem
657 656 706 676 nec
729 649 755 675 in
780 654 965 684 tempestatum

175 692 290 724 ratione,
307 700 356 720 nec
369 694 395 720 in
416 694 607 720 elementorum
630 695 693 720 situ.
714 693 775 722 Ideo
795 695 899 722 subdit:
915 696 964 722 Se—

174 738 264 765 mentis
286 743 309 765 et
334 739 430 772 messis,
446 739 527 774 [rigas
549 745 573 765 ct
595 745 679 772 a'stus,
695 745 769 766 testas
787 745 811 767 et
824 748 867 767 ver
880 741 921 767 die
934 750 964 767 ac

172 788 246 809 nocte
258 792 309 810 non
322 784 486 818 requiescant.
503 783 658 816 lmmobilis,
673 785 768 819 inquit,
782 787 833 812 erit
847 785 904 812 iure
916 794 962 812 or-

170 829 275 856 dinatio
299 838 305 856 :
330 835 400 869 terra
422 838 565 865 numquam
588 830 692 858 desinet
710 832 880 866 suppeditare
902 839 963 866 qua:

171 874 309 902 hominum
322 875 414 910 generi
429 876 589 907 necessaria,
604 883 689 910 neque
706 876 821 903 cessabit
842 877 963 911 proferre

171 920 292 948 laborum
313 926 340 948 et
361 921 530 956 agriculturae
545 922 663 956 praemia,
678 929 764 954 neque
785 922 848 948 anni
871 927 962 956 partes

168 966 230 992 aliis
253 967 472 993 conversionibus
495 966 690 993 mutabuntur:
713 966 758 993 sed
781 971 808 994 ct
833 967 915 1002 frigus
934 972 961 994 et

168 1010 253 1042 calor,
269 1016 298 1038 et
318 1016 397 1038 testas
418 1016 445 1038 et
468 1019 515 1038 ver
540 1012 566 1038 in
591 1019 749 1046 unoquoque
774 1012 835 1038 anni
859 1012 960 1040 circulo

167 1061 257 1083 erunt.
272 1056 337 1084 Nam
359 1058 420 1091 quia
446 1065 492 1092 per
516 1058 609 1085 diluvii
633 1063 736 1092 tempus
763 1058 811 1085 fuit
837 1058 959 1085 confusio

166 1102 290 1136 qntcdam
311 1103 490 1131 totiusiistius
506 1104 618 1136 ordinis,
632 1108 659 1131 et
676 1104 764 1138 justus
784 1104 828 1130 ille
848 1104 873 1131 in
897 1111 957 1131 arca

165 1156 190 1174 ει
198 1153 225 1175 at
236 1153 292 1175 toto
306 1148 353 1175 illo
364 1154 483 1183 tempore
493 1149 567 1184 quasi
582 1150 705 1176 continua
720 1154 806 1182 nocte,
817 1149 878 1176 ideo
888 1157 957 1176 nunc

164 1194 251 1228 inquit
266 1203 273 1221 :
290 1191 380 1229 Neque
395 1203 458 1228 nox,
468 1203 555 1229 neque
570 1195 627 1222 dies
642 1203 720 1222 suum
735 1196 885 1230 relinquent
897 1203 956 1222 cur-

165 1246 237 1272 sum,
247 1239 294 1266 sed
310 1247 393 1274 usque
402 1240 434 1266 ad
449 1240 538 1267 saeculi
549 1241 804 1267 consummationem
818 1240 956 1267 immotum

164 1283 273 1311 illorum
289 1285 455 1319 permanebit
468 1285 656 1312 ministerium.
667 1285 761 1312 Vidisti
771 1285 877 1320 dignam
893 1293 957 1313 con-

163 1329 336 1363 solutionem,
351 1338 410 1364 qua:
430 1331 515 1365 potuit
525 1331 590 1365 justi
602 1331 720 1357 animum
733 1331 853 1365 erigere?
868 1331 955 1358 vidisti

162 1375 269 1409 qualem
289 1377 492 1404 retributionem
515 1377 647 1411 acceperit
663 1377 727 1411 justi
749 1377 884 1410 probitas?
902 1377 954 1404 Sed

161 1426 191 1447 et
204 1428 236 1447 ex
251 1422 424 1456 sequentibus
438 1422 533 1449 iterum
552 1422 613 1449 audi
636 1422 795 1448 ineffabilem
810 1421 955 1448 liberalita-

162 1471 226 1492 tem.
239 1467 264 1493 l.
275 1467 349 1501 (Cap.
359 1467 385 1501 9)
397 1467 428 1494 Et
441 1467 575 1498 benedixit,
585 1467 679 1502 inquit,
690 1466 756 1494 Deus
770 1467 837 1499 Noe,
852 1472 876 1493 et
887 1467 954 1501 ﬁlios

160 1511 240 1538 illius.
264 1511 296 1538 Et
315 1512 379 1539 dixit
398 1513 432 1539 eis
451 1521 459 1538 :
479 1512 505 1539 2.
521 1512 629 1540 Crescite
651 1517 674 1540 et
696 1513 916 1548 multiplicamini,
930 1518 953 1539 et

160 1555 263 1590 implete
277 1562 378 1588 terram,
397 1562 420 1584 et
437 1558 602 1584 dominamini
619 1559 651 1584 ei.
672 1557 706 1584 Et
724 1563 817 1584 tremor
833 1558 955 1592 timorque

164 1602 240 1627 vestri
252 1602 298 1627 erit
307 1610 383 1636 super
396 1611 481 1628 omnes
495 1603 585 1629 bestias
597 1607 678 1634 terrae,
690 1607 712 1629 et
725 1611 800 1637 super
813 1611 898 1630 omnes
911 1612 953 1630 vo-

163 1645 247 1672 lucres
260 1647 325 1677 (teli,
336 1653 357 1672 et
371 1655 446 1681 super
457 1648 544 1674 omnia
552 1655 608 1682 qua:
622 1652 751 1674 moventur
761 1655 837 1681 super
849 1652 951 1680 terram,

107 1684 116 1688 ⁴
160 1698 184 1718 et
202 1700 278 1725 super
300 1700 386 1719 omnes
399 1693 479 1726 pisces
502 1693 578 1718 maris
593 1701 601 1719 :
615 1693 640 1718 in
654 1701 743 1719 namus
760 1698 853 1719 vestras
868 1693 953 1719 omnia

160 1737 228 1763 dedi.
242 1738 270 1764 5.
287 1737 320 1764 Et
333 1746 406 1764 omne
423 1738 520 1772 reptile,
534 1738 602 1772 quod
616 1743 652 1765 est
672 1739 764 1770 vivens,
779 1738 846 1764 vobis
866 1739 911 1765 erit
926 1739 953 1765 in

159 1783 252 1810 cibum.
271 1783 351 1816 Quasi
361 1784 430 1810 olera
450 1785 583 1810 herbarum
596 1784 654 1811 dedi
665 1784 731 1811 vobis
745 1784 838 1810 onmia.
853 1784 880 1811 4.
904 1784 951 1811 Ve—

159 1833 302 1855 rumtamen
324 1837 424 1855 cantum
449 1830 475 1855 in
497 1830 618 1864 sanguine
639 1829 730 1856 anima:
754 1837 785 1856 ne
805 1830 949 1856 contedalis.

159 1874 273 1908 Dignum
288 1879 329 1901 est
353 1879 382 1901 ut
404 1874 447 1902 hic
470 1875 633 1901 admiremur
646 1875 820 1902 excellentem
849 1875 951 1902 Domini

159 1919 318 1946 bonitatem.
334 1919 401 1947 Vide
411 1920 481 1947 enim
493 1920 536 1946 hic
546 1919 679 1955 quomodo
690 1920 778 1954 justus
798 1920 842 1947 ille
856 1921 950 1947 iternnt

157 1965 281 1991 eamdem
291 1965 502 1992 benedictionem
511 1965 691 1999 consequitur,
698 1973 776 1999 quam
785 1965 847 1992 olim
856 1965 950 1998 Adam,

157 2015 185 2036 et
206 2015 328 2043 ereptum
346 2015 486 2044 recuperat
507 2011 682 2045 principatum
705 2011 804 2038 virtute
824 2018 882 2042 sua,
898 2011 951 2037 imo

157 2055 287 2082 ineffabili
299 2055 402 2082 Domini
413 2056 564 2083 clementia.
576 2055 641 2082 Natn
653 2056 721 2082 sicut
732 2056 765 2082 de
777 2055 822 2082 illo
835 2056 949 2088 dicebat,

158 2100 270 2127 Crescite
282 2105 305 2127 et
323 2101 535 2135 multiplicamini,
553 2106 576 2127 et
591 2101 756 2128 dominamini
769 2106 851 2133 terrw,
867 2107 889 2128 et
902 2102 951 2127 im-

158 2153 245 2181 perale
258 2148 368 2182 piscibus
382 2147 468 2179 maris,
481 2152 503 2173 et
521 2147 661 2182 reptilibus,
677 2152 699 2173 et
711 2147 863 2178 volatilibus,
874 2152 898 2173 et
911 2150 951 2182 fe-

157 2193 193 2219 ris
209 2192 287 2226 (Gen.
304 2193 329 2219 1.
343 2192 389 2226 28)
406 2201 411 2218 :
433 2193 472 2219 sic
485 2200 555 2219 nunc
569 2192 671 2229 inquit:
690 2191 721 2218 Et
735 2197 827 2219 tremor
840 2197 862 2218 et
877 2193 951 2218 timor

156 2238 232 2264 vestri
246 2237 292 2263 erit
304 2245 380 2272 super
390 2246 476 2264 omnes
487 2238 577 2264 bestius
589 2243 671 2268 terra,
685 2242 709 2264 et
722 2245 798 2271 super
811 2245 896 2263 clunes
909 2245 951 2263 ro-

156 2283 248 2309 lum-s.
265 2283 299 2309 Et
311 2291 384 2309 omne
396 2284 485 2317 reptile
499 2284 566 2317 quod
579 2284 614 2309 est
631 2282 723 2315 vivens,
736 2283 803 2308 vobis
814 2283 860 2308 erit
877 2283 902 2308 in
913 2282 950 2308 ci-

157 2330 226 2356 bum.
251 2329 331 2363 Quasi
350 2329 420 2356 olera
435 2329 567 2356 herbarum
580 2329 638 2356 dedi
651 2329 719 2355 vobis
731 2329 824 2355 omnia.
846 2328 951 2355 δἐι-ωηο

155 2380 240 2401 tamen
254 2383 355 2401 carnem
365 2375 391 2401 in
400 2375 523 2410 sanguine
534 2382 626 2401 ammte
637 2382 668 2401 ne
679 2375 826 2401 comedatis.
837 2374 952 2402 Attende

155 2421 278 2448 ermde
295 2421 424 2455 regulam,
440 2421 518 2448 aliter
532 2421 689 2448 servandam
711 2425 798 2447 tatnen
818 2428 877 2447 eam
891 2428 950 2454 qua:

157 2467 245 2502 primo
258 2467 358 2494 homini
375 2467 436 2495 data
448 2467 507 2495 fuit.
515 2468 589 2495 Sicut
601 2467 672 2494 enim
687 2472 759 2498 tunc,
775 2471 913 2502 postquam
927 2467 951 2494 ei

157 2513 285 2540 traditum
299 2519 341 2541 est
356 2513 501 2541 dominium
517 2513 544 2540 in
559 2513 659 2545 omnia,
675 2517 704 2540 ut
723 2513 772 2540 frui
789 2517 878 2547 possut
891 2520 950 2539 om-

157 2559 234 2586 nibus
256 2567 316 2593 qua:
334 2563 412 2586 erant
434 2559 460 2586 in
484 2559 617 2594 paradiso,
640 2559 773 2585 abstinere
796 2563 897 2585 tantum
919 2558 952 2584 ab

157 2606 237 2633 nnico
248 2606 419 2641 lignojussus
431 2611 488 2633 est:
501 2606 536 2632 ita
551 2610 579 2632 et
594 2605 635 2632 hic
651 2610 709 2640 post
726 2605 950 2636 benedictionem,

155 2656 184 2678 ct
200 2657 340 2686 postquam
354 2652 480 2679 terribilis
497 2651 582 2678 factus
596 2657 636 2678 est
652 2651 754 2683 bestiis,
769 2655 795 2677 et
809 2650 859 2676 sub
872 2642 951 2677 mauu

156 2698 216 2731 eius
237 2698 329 2732 posito:
352 2702 413 2725 sunt
428 2705 490 2725 aves
502 2702 529 2724 ct
542 2697 668 2728 volatilia,
686 2697 770 2731 inquit
785 2706 790 2722 :
810 2696 890 2723 Omne
910 2704 952 2723 re-

157 2744 219 2779 ptile
232 2745 315 2771 vivens
328 2745 396 2771 vobis
409 2745 456 2771 erit
466 2745 492 2770 in
505 2744 586 2770 cibum
597 2748 640 2769 :at
654 2744 722 2770 olera
735 2743 870 2770 herbarum
882 2743 951 2770 vobis

157 2790 216 2816 dedi
230 2790 325 2816 omnia.
347 2790 414 2817 Hinc
427 2789 531 2816 initium
545 2789 652 2815 ductum
665 2793 704 2816 est
717 2788 879 2816 edendorum
895 2793 952 2815 car-

157 2836 230 2865 nium
249 2845 254 2862 :
270 2844 322 2863 non
339 2841 366 2862 ut
380 2836 453 2870 ipsos
465 2835 498 2862 ad
513 2835 612 2862 ventris
627 2834 771 2869 ingluviem
785 2841 859 2870 paret
872 2839 898 2862 ct
913 2835 951 2861 inv

691 138 724 165 IN
743 138 817 167 CAP.
839 139 881 166 ιχ.
902 139 1021 167 GENES.
1043 141 1157 169 HOMIL.
1179 143 1284 171 XXVII.

1760 147 1814 176 2113

1027 202 1122 230 struat,
1137 199 1183 226 sed
1194 200 1255 234 quia
1271 207 1302 227 ex
1323 201 1388 235 ipsis
1401 200 1522 230 homines
1538 208 1615 231 erant
1627 205 1812 238 sacrificaturi,

1025 247 1051 270 et
1067 243 1122 270 Deo
1135 245 1234 277 gratias
1246 245 1340 278 acturi,
1357 250 1385 271 nt
1400 253 1433 273 ne
1453 246 1605 275 viderentur
1616 249 1690 283 quasi
1713 258 1727 276 a
1749 259 1812 277 cun.

1024 289 1135 315 socratis
1147 290 1281 316 abstinere
1297 297 1304 316 :
1327 290 1425 317 idcirco
1438 291 1533 318 edendi
1553 293 1699 321 facultatem
1715 302 1810 323 conoe-

1024 332 1064 359 dit
1082 338 1109 358 et
1128 333 1238 359 multam
1252 334 1298 360 dat
1312 334 1400 361 utendi
1422 334 1564 363 licentiam.
1580 337 1659 369 Quasi
1674 339 1742 365 olera
1757 341 1814 366 Iter-

1024 377 1112 404 baram
1135 376 1205 404 vobis
1227 379 1284 404 aedi
1311 379 1395 405 omnia
1423 379 1499 414 (Gen.
1525 380 1552 406 2.
1578 381 1633 416 l7).
1656 382 1721 409 Dein
1745 383 1813 410 sicut

1023 422 1108 449 Adam
1122 423 1226 450 cmteris
1241 423 1331 450 fruens
1344 424 1432 458 lignis,
1446 425 1536 458 jussus
1550 431 1591 452 est
1609 426 1643 453 ab
1665 435 1718 453 uno
1732 429 1813 455 absti—

1022 474 1087 493 nere
1104 475 1110 494 :
1127 467 1161 494 ita
1186 467 1228 494 hic
1249 468 1346 496 dictum
1368 474 1418 501 est,
1433 477 1494 496 cum
1520 471 1556 497 illi
1571 471 1658 498 omnia
1680 472 1713 498 ad
1735 479 1811 500 esum

1021 511 1104 539 libere
1116 513 1244 540 sumenda
1259 515 1387 548 permissa
1402 520 1508 542 essent:
1522 515 1547 542 Ii.
1571 515 1743 544 Verumtamen
1755 526 1813 545 car-

1020 565 1075 583 nem
1091 558 1116 584 in
1130 559 1252 593 sanguine
1264 560 1354 586 anima:
1366 568 1397 586 ne
1406 561 1551 587 comedatis.
1573 562 1640 593 Quid
1655 567 1695 589 est
1709 571 1771 590 caro
1783 564 1809 591 itt

1019 603 1146 636 sanguine
1168 604 1282 630 animm?
1306 605 1362 631 Hoc
1382 611 1433 638 est,
1448 607 1615 633 sallhcatuin.
1641 608 1714 634 Bruti
1736 609 1807 636 euitn

1018 650 1105 674 anima
1121 649 1227 683 sanguis
1238 655 1288 676 est.

1053 693 1080 720 5.
1101 693 1166 726 Quia
1180 694 1258 728 igitur
1269 695 1395 721 sacrificia
1418 696 1558 730 perfecturi
1572 702 1649 723 erant
1663 705 1694 724 cx
1714 698 1807 729 brutis,

1018 737 1068 764 hoc
1083 737 1138 764 fere
1151 739 1231 765 modo
1248 739 1324 765 docet
1339 740 1407 771 illos,
1422 740 1529 767 dicens:
1545 741 1612 773 Quia
1625 743 1733 776 sanguis
1744 744 1806 769 mihi

1015 788 1168 818 Segregatus
1187 789 1238 816 est,
1254 784 1329 811 vobis
1341 792 1412 811 caro.
1435 785 1490 812 lloc
1504 791 1593 813 autem
1614 786 1675 814 ideo
1690 787 1762 820 facit,
1777 793 1806 814 ut

1016 829 1108 862 primis
1123 828 1174 855 illis
1197 829 1359 863 temporibus
1379 830 1536 864 comprimat
1551 831 1657 857 illorum
1680 832 1806 866 impetum

1015 878 1038 899 et
1055 873 1259 907 propensionem
1273 875 1305 900 ad
1330 874 1481 902 homicidia.
1506 876 1538 902 Et
1555 876 1625 910 quod
1647 876 1698 903 hoc
1711 878 1746 903 sit
1758 885 1804 905 ve-

1015 926 1084 951 rum,
1101 927 1197 953 nempe
1217 920 1286 954 quod
1303 921 1363 947 hinc
1378 928 1425 947 eos
1445 922 1528 956 magis
1549 922 1606 955 pios
1626 922 1737 950 reddi-re
1757 931 1805 950 vo-

1014 964 1101 996 luerit,
1115 965 1176 992 audi
1191 973 1251 999 qua:
1271 971 1428 999 Sequuntur.
1449 966 1475 992 5.
1501 966 1601 993 Etenim
1625 973 1730 994 vestrum
1745 977 1806 995 sau-

1012 1010 1120 1044 guinem,
1147 1010 1245 1044 inquit,
1268 1010 1410 1037 animarum
1430 1017 1577 1043 vestrarum,
1594 1013 1724 1047 exquirant
1746 1023 1801 1040 eum

1011 1055 1043 1081 de
1055 1063 1131 1081 ntanu
1152 1056 1263 1082 omnium
1277 1055 1420 1082 bestiarum.
1437 1055 1472 1082 Et
1485 1057 1517 1083 de
1530 1065 1606 1083 manu
1628 1059 1736 1085 hominis
1750 1060 1804 1094 [ra-

1012 1100 1057 1126 tris
1077 1101 1204 1134 exquiram
1225 1101 1335 1126 animam
1350 1101 1467 1128 hominis.
1491 1101 1559 1134 Quid
1579 1104 1661 1136 ergo?
1681 1104 1804 1131 animane

1012 1145 1128 1172 hominis
1148 1146 1256 1180 sanguis
1271 1147 1331 1172 est?
1350 1146 1408 1173 Non
1429 1146 1480 1172 hoc
1494 1147 1569 1180 dicit,
1583 1148 1668 1174 absit:
1684 1148 1730 1175 sed
1752 1148 1802 1175 Ιιιιο

1011 1197 1088 1217 mana
1107 1190 1298 1217 consuetudine
1314 1198 1378 1217 usus
1389 1196 1440 1223 ρει,
1455 1199 1487 1218 ac
1499 1192 1521 1218 si
1534 1192 1593 1226 quis
1613 1192 1684 1220 dicat
1704 1194 1800 1221 alicui:

1009 1235 1168 1269 Sanguinem
1193 1240 1266 1262 tuum
1289 1240 1365 1270 porto
1387 1235 1413 1262 in
1435 1237 1557 1264 nmniluts
1580 1237 1668 1264 meis:
1685 1238 1798 1269 hoeest,

1010 1286 1168 1316 potestatem
1183 1282 1269 1309 habeo
1291 1282 1466 1309 interficiendi
1483 1287 1518 1309 te.
1540 1282 1605 1310 Nam
1620 1284 1690 1318 quod
1711 1284 1800 1311 anima

1009 1328 1125 1355 hominis
1146 1335 1198 1356 ιιοιι
1219 1328 1254 1355 sit
1274 1329 1392 1362 sanguis,
1412 1329 1473 1355 audi
1494 1329 1628 1356 Christum
1649 1330 1799 1358 dicentem:

1009 1374 1051 1400 Ne
1063 1374 1196 1400 (inmeritis
1207 1373 1237 1399 ab
1251 1374 1286 1400 eis
1297 1374 1340 1407 qui
1353 1374 1469 1399 occulunt
1483 1382 1585 1408 corpus,
1592 1375 1702 1401 animum
1717 1381 1799 1402 autem

1007 1420 1121 1446 occidere
1140 1427 1190 1446 non
1207 1424 1311 1454 possunt
1332 1419 1438 1453 (Matth.
1456 1420 1498 1447 10.
1515 1420 1572 1455 28).
1587 1420 1621 1447 Et
1635 1420 1695 1448 vide
1713 1429 1797 1456 quatis

1008 1470 1060 1492 tam
1083 1465 1282 1492 distinctionem
1308 1464 1410 1492 feCerit.
1435 1466 1463 1492 ὅ.
1488 1465 1538 1498 Qui
1560 1465 1686 1498 e/fudrrit,
1702 1467 1797 1501 inquit,

1006 1511 1154 1545 sanguinem
1167 1510 1284 1540 hominis,
1303 1518 1348 1544 pro
1369 1511 1491 1545 sanguine
1513 1511 1567 1544 eius
1590 1512 1693 1547 sanguis
1718 1512 1798 1546 ipsius

1006 1555 1149 1589 elfundetur
1161 1563 1170 1583 :
1183 1556 1241 1590 quia
1255 1556 1279 1582 in
1297 1556 1404 1590 imagine
1417 1556 1463 1583 Dei
1477 1557 1526 1592 feci
1540 1557 1676 1584 hominem.
1693 1557 1798 1591 Cogita,

1006 1601 1128 1632 obsecro,
1144 1605 1272 1635 quantum
1289 1607 1417 1628 terrorem
1433 1601 1482 1628 hoc
1497 1601 1577 1628 verbo
1595 1602 1717 1631 incussit.
1731 1602 1763 1629 Et
1775 1604 1797 1628 si

1006 1648 1076 1682 quod
1087 1647 1206 1682 ejusdem
1218 1652 1318 1674 natura:
1329 1648 1373 1680 sit,
1384 1648 1478 1682 inquit,
1490 1657 1541 1674 non
1557 1653 1582 1675 te
1595 1653 1698 1680 avoc:it,
1711 1656 1796 1683 neque

1005 1700 1020 1719 a
1033 1697 1086 1719 tam
1100 1700 1226 1727 perverso
1233 1696 1329 1719 conatu
1343 1693 1447 1726 repellit
1459 1697 1560 1720 natura:
1568 1694 1738 1720 communio:
1750 1694 1797 1720 sed

1005 1738 1027 1764 si
1041 1737 1274 1765 commiseratione
1293 1737 1409 1764 fraterna
1423 1737 1532 1771 depulsa
1545 1743 1616 1765 totus
1627 1739 1652 1765 in
1666 1738 1717 1766 hoc
1731 1738 1796 1765 faci-

1005 1791 1056 1811 nus
1071 1783 1232 1818 prorumpis,
1239 1783 1325 1818 cogita
1334 1791 1396 1810 eum
1405 1783 1438 1810 ad
1450 1783 1589 1817 imaginem
1598 1784 1643 1810 Dei
1655 1783 1796 1810 formatum

1005 1836 1074 1860 esse,
1089 1833 1116 1856 et
1129 1828 1234 1863 quantis
1252 1836 1312 1855 eum
1329 1828 1398 1856 Deus
1410 1828 1532 1863 dignatus
1552 1829 1588 1856 sit
1603 1829 1796 1863 przirogativis,

1004 1879 1031 1901 et
1044 1874 1114 1908 quod
1137 1875 1208 1901 omni
1231 1878 1352 1901 creatura
1377 1874 1518 1908 pra-fectus
1539 1875 1584 1906 sit,
1600 1882 1631 1901 ac
1651 1871 1764 1908 quiesce
1781 1883 1796 1900 a

1005 1919 1073 1946 mala
1089 1919 1233 1946 voluntate.
1256 1919 1324 1952 Quid
1338 1927 1401 1953 ergo
1416 1919 1437 1945 si
1467 1919 1622 1946 innunteras
1634 1919 1692 1953 quis
1707 1925 1794 1953 patra-

1005 1965 1072 1991 verit
1085 1965 1182 1996 caedes,
1199 1969 1226 1990 et
1247 1969 1350 1991 tantum
1365 1964 1502 1998 sanguinis
1516 1963 1649 1996 cffuden‘l,
1663 1965 1798 1998 quomodo

1004 2010 1110 2043 dignam
1123 2009 1195 2036 dabit
1209 2016 1313 2043 pmuam
1332 2008 1416 2036 effuso
1430 2009 1488 2035 solo
1501 2015 1549 2035 suo
1571 2009 1718 2042 sanguine?
1739 2009 1796 2036 Non

1004 2055 1054 2082 hoc
1075 2054 1230 2087 considera,
1256 2053 1351 2087 homo,
1376 2054 1422 2081 sed
1447 2054 1563 2089 intellige
1584 2061 1643 2080 eum
1669 2054 1720 2081 tale
1743 2062 1796 2082 non

1005 2100 1088 2127 multo
1107 2105 1168 2134 post
1184 2104 1355 2133 accepturum
1375 2107 1472 2134 corpus
1497 2098 1710 2133 incorruptibile,
1727 2099 1796 2133 quod

1005 2146 1101 2181 poterit
1110 2147 1261 2173 continuam
1273 2150 1300 2172 et
1309 2150 1434 2172 aeternam
1447 2153 1552 2179 pinnam
1566 2145 1645 2172 ferre.
1657 2144 1721 2172 Illud
1733 2145 1795 2171 item

1005 2192 1149 2227 perpende,
1174 2199 1252 2227 quam
1273 2191 1414 2226 diligenter
1437 2196 1598 2226 pra-ceptum
1613 2192 1657 2218 sit.
1680 2191 1747 2218 Nam
1763 2190 1797 2218 de

1005 2238 1124 2270 homine,
1139 2238 1240 2272 inquit,
1263 2237 1302 2264 Ne
1321 2236 1443 2264 elfundas
1463 2237 1640 2270 sanguinem:
1660 2236 1694 2263 de
1715 2236 1798 2263 brutis

1005 2290 1093 2311 autem
1113 2292 1166 2311 non
1181 2283 1258 2315 dixit,
1275 2283 1313 2310 Ne
1328 2282 1460 2315 eﬂ’undas,
1475 2283 1533 2314 sed,
1554 2281 1729 2308 Vet‘ttntlatm'n
1741 2290 1797 2308 car—

1005 2339 1062 2357 nem
1076 2330 1102 2356 in
1115 2329 1238 2365 sanguine
1251 2329 1343 2355 animat
1366 2336 1397 2354 ne
1420 2327 1566 2354 comedam.
1590 2327 1647 2354 Illic
1669 2327 1744 2359 dicit,
1759 2326 1798 2356 Nu

1005 2376 1144 2407 eliundas;
1162 2375 1214 2407 hic,
1233 2374 1272 2402 Ne
1287 2373 1423 2401 comedas.

1041 2422 1092 2450 Cur
1107 2430 1164 2449 esus
1175 2421 1306 2456 sanguinis
1320 2420 1419 2446 vetitus.
1430 2417 1554 2445 ——V'ides
1567 2424 1646 2451 quam
1662 2416 1727 2443 nillil
1738 2424 1796 2443 mo.

1004 2468 1099 2495 lt'Slulll
1117 2467 1232 2494 habeant
1245 2465 1304 2499 eius
1319 2464 1413 2500 leges?
1432 2463 1567 2498 quomodo
1589 2462 1654 2490 levia
1668 2466 1696 2488 et
1711 2461 1796 2488 facilia

1005 2513 1146 2540 mandata?
1167 2511 1302 2547 quomodo
1322 2509 1385 2537 nihil
1399 2516 1480 2544 grave
1495 2515 1580 2543 neque
1600 2515 1741 2534 onerosum
1756 2515 1796 2534 re-

1004 2558 1110 2594 quirita
1121 2563 1211 2584 nostra
1227 2555 1340 2583 natura?
1356 2554 1450 2582 Dicunt
1463 2554 1534 2581 enim
1547 2552 1637 2587 aliqui,
1656 2553 1794 2579 hrutoruia

1004 2605 1171 2640 sanguinem,
1187 2609 1305 2638 gravem.
1330 2604 1494 2630 terrestrem.
1514 2605 1539 2626 et
1556 2599 1700 2626 multarum
1716 2599 1793 2633 :cgri-

1005 2650 1125 2678 tudinum
1150 2655 1256 2676 causam
1283 2655 1289 2672 :
1315 2651 1343 2673 at
1363 2653 1411 2672 nos
1430 2653 1482 2671 non
1510 2650 1617 2679 propter
1645 2644 1798 2678 pra-dictum

1004 2702 1156 2723 sermonem
1178 2693 1262 2727 magis
1283 2692 1316 2719 ad
1339 2691 1535 2726 phiIOSophiam
1553 2690 1794 2720 acmnnmtulattnn,

1005 2741 1050 2769 sed
1067 2745 1175 2776 propter
1185 2738 1287 2766 Domini
1299 2736 1452 2764 mandatum
1467 2735 1492 2762 id
1503 2736 1646 2762 observare
1655 2735 1795 2762 debemus.

1005 2786 1107 2814 Deinde
1122 2791 1149 2813 ut
1161 2784 1296 2811 discamus
1308 2790 1392 2817 quare
1403 2786 1456 2808 tam
1471 2780 1612 2816 diligenter
1633 2780 1684 2807 ltoc
1699 2787 1800 2814 prince-

1008 2838 1079 2867 ptum
1099 2831 1200 2861 statuit,
1217 2837 1312 2864 nempe
1334 2833 1362 2856 ut
1375 2827 1513 2855 cohiberet
1535 2825 1672 2857 hominum
1688 2825 1794 2863 sattgui-
