2058 3123
220 147 270 176 ΞΠ

220 203 322 231 narium
335 201 464 233 animum,
475 199 557 227 dicit:
570 200 596 226 ’1.
618 197 667 225 Vos
679 202 761 225 autem
781 197 891 228 crescite,
906 201 928 224 et
941 196 1006 223 mul-

220 247 380 282 tiplicamini,
395 250 418 273 et
439 245 540 279 implete
562 248 663 275 terram,
681 247 704 269 et
719 242 884 268 dominamini
899 241 921 268 ei
933 249 942 268 :
957 248 1009 267 non

221 298 331 324 temere,
345 296 373 319 et
393 291 492 325 absque
506 296 586 317 eausa
605 288 680 320 dixit,
698 287 747 314 Vol
761 292 860 319 autem,
875 286 921 313 sed
936 285 1011 320 quasi

221 337 332 369 diceret,
343 336 396 363 Vos
406 336 450 371 qui
463 335 549 370 pauci,
560 338 588 361 et
600 340 682 368 parvo
697 339 808 359 numero
819 332 894 362 estis,
903 338 1010 358 omnem

224 386 322 410 terrain
349 381 467 416 implete,
482 385 509 407 ct
528 378 701 407 dominamini
714 378 738 404 ei
754 386 760 403 :
786 378 836 404 hoc
857 381 907 409 est,
925 376 1012 403 donti-

223 427 295 454 nium
310 426 414 458 habete,
430 431 456 453 et
480 429 647 459 potestatem,
661 427 687 450 et
702 422 826 448 fructum.
841 421 916 451 Vide.
932 421 1011 448 obse-

224 479 281 504 cro,
295 471 340 499 Dei
362 471 559 506 benignitatem,
575 469 708 504 quomodo
722 468 795 502 prius
815 474 909 501 magna
931 467 1013 493 bene-

228 518 287 545 ficia
299 517 390 550 donat,
402 523 429 544 et
442 522 505 544 tunc
518 517 623 543 unicum
638 519 665 542 et
678 515 735 541 leve
748 513 899 540 mandatum
913 513 968 540 dat.
982 512 1015 539 Et

224 563 293 589 sicut
306 563 419 596 Adamo,
433 567 570 597 postquam
584 561 717 588 concessit
732 564 760 586 ut
772 559 905 586 habitaret
920 559 945 585 in
968 566 1015 593 pa-

228 608 335 641 radiso,
352 612 378 635 et
400 613 439 635 tot
452 616 483 635 ac
505 608 586 634 tantis
599 607 739 638 frueretur,
752 605 858 632 tandem
881 605 1013 639 prtecepit,

229 659 256 680 ut
276 655 308 681 ah
329 654 407 681 unico
430 654 500 688 ligno
524 654 688 680 abstineret:
706 651 742 678 ita
761 655 788 678 et
814 651 855 677 hic
877 655 1014 684 postquam

229 699 349 734 promisit
363 707 415 726 non
429 700 496 726 ultra
508 699 585 726 talem
600 706 629 724 se
641 698 774 724 illaturmn
785 696 935 730 generalem
950 700 1016 722 stra-

228 754 300 780 gem,
317 753 403 780 neque
418 746 453 772 ita
475 753 504 773 se
519 745 723 779 indignaturum,
740 743 786 770 sed
801 751 885 778 usque
904 743 936 769 ad
951 750 1013 769 con-

228 790 433 816 summationem
461 789 553 816 mundi
587 789 694 815 immota
730 795 901 821 permansura
928 788 1016 814 omnia

228 835 376 866 elementa,
395 835 429 861 ita
446 839 475 861 ut
496 842 608 869 qumque
622 841 700 861 suum
723 841 829 861 cursum
852 838 879 861 et
897 834 1016 861 ordinem

229 880 371 914 impleant;
387 884 414 906 et
427 884 566 914 postquam
582 879 631 913 ipsi
647 879 858 906 benedictionem
879 883 940 906 sunt
954 886 1018 905 con-

230 925 346 959 sequuti,
361 925 503 959 donatique
524 925 633 958 pristina
648 932 729 958 super
749 924 825 951 brttta
840 925 928 951 omnia
942 929 1019 958 pote-

230 974 309 1002 state,
325 977 357 996 ac
375 969 493 996 carnium
514 976 560 995 esu
574 976 667 996 secure
691 969 831 1003 permisso,
847 973 908 995 tunc
923 969 1019 1003 inquit,

239 1014 413 1040 Verumtamen
426 1022 526 1040 carnem
539 1014 566 1040 in
589 1015 712 1049 sanguine
726 1016 817 1040 animo:
829 1022 860 1040 ne
873 1014 1021 1041 comedatis.

233 1059 326 1085 Vidisti
339 1059 471 1093 quomodo
493 1059 566 1094 prius
584 1060 744 1093 benignitate
757 1067 789 1086 ac
811 1059 935 1087 ineffabili
951 1060 1020 1087 libe-

233 1104 338 1131 ralitate
364 1105 455 1135 utitur,
483 1110 509 1132 et
534 1109 597 1132 tunc
622 1105 728 1132 demum
757 1105 892 1140 pratcipit?
917 1105 1022 1132 tametsi

235 1157 376 1184 numquam
400 1149 469 1176 istud
489 1150 558 1177 inter
574 1150 694 1176 homines
711 1150 766 1176 ﬁeri
786 1150 882 1178 soleat.
897 1149 1023 1176 Homines

233 1195 304 1221 enim
319 1196 431 1230 primum
445 1195 535 1222 volunt
550 1203 660 1229 ea.qna:
676 1195 843 1229 principium,
857 1202 937 1229 opere
951 1201 1024 1221 com-

236 1241 312 1274 pleri,
329 1248 438 1275 eosque,
449 1241 492 1275 qui
509 1241 631 1267 mandata
646 1241 780 1274 excipiunt
794 1245 820 1267 et
831 1245 1022 1274 exsequuntur,

236 1294 358 1320 nmgnam
371 1286 498 1314 exhibere
512 1286 736 1319 benevolentiam,
750 1294 782 1313 ac
795 1290 856 1313 tunc
870 1287 960 1320 utique
980 1294 1024 1312 co-

236 1331 321 1364 gitant
334 1331 367 1358 de
382 1331 584 1358 remunerandis
606 1331 638 1357 iis
651 1331 695 1366 qui
719 1331 827 1358 multam
847 1331 1024 1358 obedientiam

237 1383 291 1408 prae
312 1383 342 1402 se
357 1375 475 1402 tulerint.
489 1375 586 1402 Contra
602 1382 666 1402 vero
679 1376 826 1402 communis
839 1376 955 1402 omnium
971 1376 1025 1402 Do—

239 1420 327 1447 minus
343 1428 350 1446 :
366 1421 439 1454 prius
453 1421 523 1448 enim
547 1420 687 1452 benefacit,
703 1425 729 1447 et
743 1420 910 1447 multitudine
925 1420 1023 1447 benefi-

240 1466 343 1492 ciorum
359 1471 477 1493 nostram
498 1472 619 1493 naturam
635 1466 667 1492 ad
679 1473 707 1492 se
726 1466 818 1497 allicit,
832 1470 859 1493 et
873 1470 962 1500 postea
976 1465 1026 1492 im-

238 1517 313 1546 perat
328 1511 414 1538 facilia
428 1516 507 1545 atque
522 1512 599 1542 levia,
616 1515 644 1538 ut
659 1511 783 1538 facilitate
803 1511 987 1538 mandatorum
1002 1516 1029 1538 et

239 1557 373 1583 beneficiis
383 1557 513 1591 prioribus
519 1557 635 1588 excitati,
644 1556 677 1583 ad
685 1564 715 1584 ea
724 1556 855 1590 implenda
862 1556 1026 1584 inducamur.

275 1600 380 1626 litoralis
390 1601 549 1636 epilogus.—-
556 1600 594 1628 Ne
607 1601 687 1635 igitur
699 1601 861 1635 negligentes
881 1601 975 1632 simtts,
990 1600 1030 1627 di-

238 1645 310 1678 lecti,
327 1654 411 1680 neque
432 1646 498 1680 pigri
522 1646 554 1673 ad
576 1646 697 1672 mandata
724 1646 857 1680 implenda
874 1655 881 1672 :
902 1645 1029 1672 beneﬁcia

239 1691 325 1724 priora
334 1691 488 1725 cogitantes,
500 1695 527 1718 et
536 1690 719 1717 mandaturum
732 1691 895 1723 facilitatem,
908 1691 1031 1725 praunin-

239 1743 349 1770 rumque
366 1741 424 1769 post
438 1735 544 1770 impleta
558 1736 682 1762 mandata
696 1736 853 1770 promissam
868 1736 1027 1771 magnitudi-

240 1789 300 1808 nem
317 1789 324 1807 :
340 1780 387 1808 sed
406 1781 554 1816 vigilemus,
580 1787 606 1808 et
629 1781 786 1808 festinemus
808 1781 840 1808 ad
862 1782 1029 1816 exsequenda

242 1826 365 1853 mandata
378 1833 392 1852 a
409 1826 462 1853 Deo
477 1826 553 1853 nobis
568 1826 662 1853 tradita
678 1835 684 1853 :
698 1830 725 1853 ct
739 1834 772 1854 ne
786 1826 949 1854 dimittamus
964 1828 1029 1860 vias,

243 1878 310 1905 quas
332 1871 366 1897 ad
380 1871 565 1905 perﬁciendam
585 1872 733 1898 animarum
747 1876 897 1898 nostrarum
919 1872 1030 1899 salutem

243 1916 470 1951 prmscripsit,sed
486 1921 605 1951 tempore
622 1917 682 1943 vita:
702 1921 798 1944 nostra:
812 1917 881 1951 quod
902 1918 1032 1952 reliquum

241 1966 298 1994 cst,
311 1962 377 1989 bene
397 1966 511 1994 utamur,
527 1968 555 1999 et
569 1967 675 1996 peccata
693 1962 840 1995 abluantus,
861 1967 888 1989 et
910 1970 1031 1997 magnam

242 2008 319 2035 nobis
332 2007 454 2035 ﬁduciam
484 2008 554 2042 prius
580 2009 756 2042 acquiramus,
772 2009 940 2043 maximeque
964 2016 1033 2036 nunc

240 2061 301 2081 cum
316 2053 402 2081 adhuc
413 2054 517 2081 residua
532 2058 572 2081 est
585 2053 795 2088 Quadragesinne
811 2061 880 2088 pars.

279 2099 306 2126 6.
322 2099 452 2126 Modicum
467 2105 565 2133 tempus
576 2099 665 2133 sufficit
684 2100 716 2125 ad
741 2100 921 2134 pwnitendunt.
937 2099 1033 2125 Mentio

247 2145 276 2178 (it
294 2144 326 2170 de
340 2144 504 2178 confessione.
519 2158 553 2163 —-
572 2143 662 2177 Neque
676 2144 746 2170 enim
762 2150 858 2177 parvus
878 2148 918 2170 cst
931 2143 1032 2171 dierum

249 2196 375 2215 numerus
395 2189 439 2223 qui
462 2193 543 2215 restat
558 2209 565 2221 ,
586 2188 607 2214 si
633 2188 796 2215 voluerimus
823 2195 965 2222 parumper
989 2196 1032 2215 re—

247 2233 383 2267 sipiscere.
411 2233 466 2260 Hoc
482 2237 570 2260 autem
593 2232 668 2264 dixi,
694 2240 745 2259 non
772 2232 842 2266 quod
853 2232 938 2259 solum
960 2237 1033 2260 tanto

246 2283 365 2312 tempore
388 2285 454 2312 opus
474 2278 570 2305 habeat
590 2282 756 2312 peccatorum
773 2281 922 2304 nostrorum
944 2285 1033 2305 corre-

244 2323 308 2356 ctio,
325 2324 370 2351 sed
386 2326 445 2359 quia
457 2324 595 2350 Dominum
606 2323 734 2350 habemus
747 2323 903 2350 clementem
915 2328 944 2351 et
957 2324 1032 2351 beni-

245 2377 325 2404 gnum
340 2370 384 2403 qui
399 2377 451 2396 non
472 2369 571 2403 indiget
587 2369 670 2395 multo
686 2372 822 2402 tempore;
837 2369 858 2396 si
878 2369 957 2396 modo
972 2377 1031 2396 etim

246 2423 342 2450 magno
357 2415 459 2442 fervore
473 2420 499 2442 et
513 2414 646 2449 vigilantia
659 2414 691 2441 ad
707 2414 791 2449 ipsum
805 2415 971 2447 accedamus,
987 2423 1031 2443 re-

245 2461 324 2496 jectis
342 2461 512 2487 sa‘cufaribus
526 2460 597 2486 curis
609 2459 731 2486 omnibus
744 2480 751 2491 ,
766 2464 792 2486 et
807 2467 921 2494 superno
934 2460 1033 2487 auxilio

248 2506 312 2532 nisi.
327 2504 392 2531 Nam
413 2509 441 2531 et
461 2504 583 2530 Ninivita:
596 2508 666 2530 tanta
683 2507 850 2538 peccatorum
864 2504 1033 2532 multitudine

245 2551 378 2586 aggravati
391 2571 399 2583 ,
424 2550 484 2584 quia
497 2557 618 2584 magnam
632 2553 658 2576 et
670 2557 759 2576 veram
777 2550 957 2584 pmnitentiam
969 2558 1031 2585 ege-

247 2601 309 2623 runt
333 2595 417 2627 (Jan.
434 2595 525 2630 5.10)
541 2615 548 2626 ,
565 2603 616 2622 non
638 2603 705 2629 opus
727 2595 875 2622 habuerunt
903 2596 1032 2630 ampliore

247 2649 326 2676 quam
337 2641 414 2668 trium
423 2641 525 2668 dierum
540 2646 658 2675 tetnpore
669 2641 701 2668 ad
719 2641 911 2676 provocandam
926 2642 972 2669 Dei
986 2641 1033 2669 bo—

246 2687 365 2719 nitatem,
381 2690 409 2714 et
421 2687 521 2714 irritam
535 2686 705 2718 reddendam,
718 2694 777 2721 qua:
790 2687 929 2713 adversum
942 2693 971 2713 se
981 2687 1032 2713 lata

247 2737 305 2760 erat
316 2753 323 2764 ,
340 2732 510 2759 sententiam.
526 2732 558 2759 Et
571 2732 633 2766 quid
649 2732 709 2759 dico
726 2752 732 2764 ,
752 2731 875 2759 Ninivita:
888 2733 899 2758 Υ
914 2732 992 2758 Latro
1007 2732 1032 2759 in

249 2786 327 2806 cruce
340 2786 427 2813 neque
442 2786 495 2806 uno
506 2779 548 2806 die
561 2785 627 2813 opus
638 2778 738 2805 habuit.
761 2778 795 2805 Et
806 2778 869 2813 quid
889 2778 949 2805 dico
965 2799 972 2811 ,
988 2778 1034 2806 die

250 2825 323 2852 uno?
331 2822 424 2859 Neque
431 2823 504 2852 brevi
512 2824 589 2853 hora.
601 2824 689 2853 Tanta
713 2830 753 2853 est
767 2825 812 2852 Dei
826 2832 888 2860 erga
899 2832 947 2853 nos
960 2824 1035 2853 beni-

588 143 616 171 S.
637 141 774 170 JOANNIS
793 138 1029 169 CllRYSOSTOMl
1049 137 1207 166 ARCHIEP.
1227 135 1493 164 CONSTANTINOP.

1791 131 1852 159 258,

1060 194 1161 229 gnitas!
1175 193 1240 220 Nam
1249 193 1293 220 ubi
1305 193 1399 221 viderit
1410 191 1552 220 voluntatis
1565 195 1662 218 nostrae
1671 191 1774 218 ﬁrmum
1786 197 1844 225 pro-

1062 240 1176 274 positum
1191 258 1200 272 ,
1222 243 1249 265 et
1263 238 1373 266 ferventi
1385 245 1434 264 nos
1445 236 1578 264 desiderio
1591 236 1624 263 ad
1644 243 1673 263 se
1697 235 1826 262 accedere
1839 255 1849 266 .

1064 292 1118 311 non
1136 283 1239 315 tardat,
1261 291 1346 318 neque
1365 283 1454 309 differt
1468 292 1473 308 :
1487 281 1532 309 sed
1554 281 1684 308 accelerat
1699 302 1707 314 ,
1721 288 1851 315 suamque

1063 331 1166 356 soiitam
1182 329 1365 356 liberalitatem
1380 328 1520 360 exhibens,
1535 327 1616 354 dicit:
1633 326 1721 353 Adhuc
1735 327 1852 360 loquente

1065 379 1087 401 fe
1098 374 1180 400 dicam
1195 382 1204 400 :
1217 373 1279 400 Ecce.
1293 373 1383 399 adsunt
1392 372 1468 407 (Isni.
1479 372 1522 399 58.
1539 371 1578 406 9).

1099 417 1191 454 Itaque
1203 419 1374 445 exauditurus
1385 422 1425 445 est
1437 421 1463 444 et
1474 424 1532 450 nos,
1544 417 1566 444 si
1575 416 1736 444 voluerimus
1747 424 1772 443 in
1787 423 1853 450 pau—

1064 465 1103 492 cis
1114 464 1208 492 diebus
1223 465 1280 491 istis
1301 463 1380 490 studii
1395 463 1530 497 specimen
1544 462 1675 497 quoddam
1690 461 1801 493 afferre,
1826 467 1855 487 et

1063 510 1156 544 jejunii
1168 509 1286 537 subsidio
1298 516 1349 536 non
1361 508 1443 541 abuti,
1450 514 1528 542 atque
1536 515 1645 535 excussa
1656 507 1777 534 socordia
1786 515 1851 534 con-

1067 555 1147 581 tinuis
1156 554 1277 588 precibus
1287 554 1390 588 placare
1400 553 1539 579 Dominum
1548 572 1555 585 ,
1569 552 1682 579 fervidus
1693 551 1852 586 profundere

1067 599 1207 634 lacrymas,
1215 599 1309 626 delicta
1322 603 1409 625 nostra
1421 597 1513 624 sedqu
1525 597 1654 629 conﬁteri,
1665 597 1738 631 quasi
1750 596 1856 623 medico

1069 652 1215 678 proponere
1229 649 1317 671 nostra
1334 643 1452 674 vulnera,
1463 647 1491 670 et
1498 643 1647 669 animarum
1662 642 1749 669 ulcera
1761 642 1854 669 decla-

1068 698 1128 717 rare
1142 712 1148 722 ,
1163 698 1212 717 nec
1225 690 1341 724 abjiccre
1357 697 1434 724 quam
1445 689 1487 715 ille
1500 689 1546 715 dat
1558 688 1726 719 medicinam,
1740 695 1789 714 nec
1802 695 1855 714 non

1068 740 1094 763 et
1108 736 1158 762 alia
1178 743 1236 770 qua:
1256 742 1270 761 a
1290 734 1366 762 nobis
1380 734 1522 769 exiguntur
1536 733 1631 760 aﬁ‘crre
1645 741 1652 761 :
1669 733 1856 760 contritionem

1069 781 1167 812 cerdis,
1178 781 1408 814 compunctionem
1422 787 1522 812 veram,
1536 780 1633 813 largam
1645 779 1856 814 eleemosynam:

1070 827 1223 854 affectiones
1237 834 1295 862 quae
1311 830 1426 853 mentem
1442 829 1557 852 nostram
1576 824 1752 852 interturbant
1772 825 1856 851 refre-

1071 880 1143 904 nare,
1157 877 1184 900 et
1196 880 1228 899 ex
1243 872 1330 898 anima
1343 871 1497 903 eliminare;
1513 871 1546 897 ita
1562 875 1592 897 ut
1606 878 1691 905 neque
1705 870 1857 897 divitiarum

1071 918 1214 952 cupiditate
1228 925 1424 952 cxpugnemur,
1438 925 1524 951 neque
1543 916 1653 951 injurias
1671 917 1757 944 illatas
1769 917 1857 943 vindi-

1071 971 1133 990 care
1145 963 1282 997 cupiamus
1295 983 1301 993 ,
1314 970 1400 997 neque
1415 961 1546 988 hostiliter
1560 962 1584 988 in
1606 962 1753 996 proximum
1773 962 1862 989 affecti

1072 1010 1165 1036 simus.
1179 1009 1250 1035 Nihil
1262 1009 1344 1040 enim,
1359 1008 1423 1035 nihil
1437 1008 1526 1042 utique
1537 1008 1654 1034 omnium
1669 1007 1738 1034 Deus
1753 1008 1788 1034 ita
1806 1007 1863 1034 odit

1072 1059 1099 1081 et
1109 1058 1254 1087 aversatur,
1267 1058 1297 1081 ut
1310 1054 1442 1080 hominem
1455 1053 1561 1080 ultionis
1570 1052 1686 1085 avidum,
1698 1054 1760 1080 etin
1772 1053 1863 1080 animo

1073 1107 1122 1125 suo
1136 1104 1275 1133 perpetuas
1289 1098 1416 1125 adversus
1435 1098 1583 1132 proximum
1603 1103 1752 1125 servantem
1773 1099 1864 1125 inimi-

1073 1143 1158 1170 citias.
1172 1143 1287 1170 Tantum
1301 1143 1371 1170 enim
1384 1144 1442 1177 ejus
1455 1143 1554 1177 peccati
1569 1143 1693 1170 damnum
1708 1148 1758 1176 est,
1773 1147 1802 1170 ut
1815 1143 1866 1170 mi-

1075 1189 1246 1216 scricordiam
1269 1189 1314 1216 Dei
1337 1194 1462 1220 revocet,
1486 1197 1535 1216 nec
1557 1189 1643 1216 locum
1666 1189 1763 1216 habere
1781 1190 1863 1216 sinat.

1075 1233 1150 1268 Quod
1165 1239 1194 1261 ut
1207 1235 1307 1267 sciatis,
1320 1235 1497 1269 evangelicam
1513 1235 1589 1262 vobis
1602 1235 1752 1269 parabolam
1765 1235 1865 1269 refero,

1075 1279 1209 1313 quomodo
1225 1279 1269 1306 ille
1284 1279 1375 1306 decem
1396 1279 1506 1306 millium
1522 1280 1680 1307 talentorum
1694 1280 1808 1313 debitor,
1823 1289 1868 1308 re-

1077 1324 1229 1352 missionem
1238 1325 1356 1352 omnium
1364 1333 1378 1351 a
1385 1324 1493 1352 domino
1502 1330 1681 1360 consequutus
1691 1326 1734 1356 sit,
1742 1326 1865 1360 procidit,

1077 1375 1104 1397 et
1118 1370 1214 1397 oravit.
1237 1370 1410 1396 Misericordia
1430 1370 1500 1397 enim
1520 1375 1617 1402 titulus,
1636 1371 1736 1405 inquit,
1750 1371 1868 1398 dominus

1078 1415 1132 1449 ejus
1143 1435 1150 1448 ,
1166 1416 1240 1442 etiam
1253 1415 1360 1441 debitum
1374 1415 1397 1442 ei
1410 1416 1504 1442 remisit
1519 1414 1623 1449 (Matth.
1641 1415 1683 1442 18.
1699 1416 1756 1450 27).
1772 1416 1868 1443 Vidisti

1079 1461 1285 1488 misericordiam
1297 1461 1417 1488 domini?
1430 1461 1476 1488 llle
1490 1461 1611 1495 procidit,
1623 1467 1649 1488 et
1663 1462 1764 1496 rugat-it
1777 1468 1804 1488 ut
1816 1463 1870 1489 lon-

1078 1506 1136 1540 gius
1151 1506 1200 1533 sibi
1214 1509 1316 1540 tempus
1330 1507 1513 1540 prmﬁniretur.
1532 1506 1683 1533 Patientimn
1695 1508 1758 1534 habe
1771 1508 1797 1534 in
1812 1516 1851 1534 me
1860 1528 1870 1540 ,

1081 1551 1179 1585 inquit,
1195 1555 1218 1577 et
1230 1552 1314 1578 omnia
1327 1551 1371 1578 tibi
1382 1552 1495 1578 reddam.
1511 1551 1563 1579 Sed
1578 1552 1662 1579 bonus
1675 1552 1807 1584 dominus,
1824 1554 1870 1579 mi-

1080 1597 1194 1623 sericors
1205 1616 1212 1628 ,
1228 1596 1364 1631 nostrique
1377 1604 1467 1624 curam
1481 1603 1562 1631 agens
1571 1618 1578 1628 ,
1593 1597 1703 1631 supplici
1720 1598 1849 1631 propitius
1861 1618 1870 1630 ,

1082 1650 1132 1669 non
1154 1643 1238 1670 solum
1258 1648 1384 1677 quantum
1400 1643 1486 1678 petiit,
1503 1643 1549 1671 sed
1563 1648 1690 1678 quantum
1708 1652 1741 1671 ne
1755 1645 1872 1678 cogitare

1082 1688 1188 1722 quidem
1209 1696 1289 1715 ausus
1304 1688 1370 1721 fuit,
1385 1689 1467 1716 dedit.
1483 1689 1507 1715 ls
1522 1689 1593 1716 enim
1615 1689 1672 1723 ejus
1693 1697 1751 1716 mos
1768 1694 1809 1716 est
1820 1710 1827 1720 ,
1843 1694 1872 1716 ut

1082 1733 1188 1764 vincat,
1206 1737 1233 1760 et
1253 1734 1399 1768 prmveniat
1419 1734 1558 1768 petitiones
1578 1739 1692 1761 nostras.
1717 1734 1762 1761 Illo
1782 1735 1873 1768 itaque

1083 1782 1175 1805 orante
1189 1782 1218 1805 ut
1230 1779 1398 1806 severitatem
1413 1778 1534 1806 dominus
1549 1779 1710 1808 remitteret.
1724 1784 1750 1807 et
1763 1780 1873 1814 promit-

1084 1827 1155 1850 tente
1168 1823 1315 1850 soluturum
1331 1831 1360 1851 se
1371 1824 1470 1855 omnia,
1487 1824 1610 1851 dominus
1624 1825 1741 1851 bonitate
1753 1832 1799 1851 sua
1815 1825 1874 1851 vin-

1083 1875 1146 1895 cens
1158 1873 1245 1895 nostra
1259 1868 1364 1901 delicta,
1381 1869 1560 1896 misericordia
1575 1874 1670 1901 motus,
1685 1869 1785 1896 dimisit
1798 1878 1874 1903 eum,

1083 1913 1255 1948 debitumque
1270 1918 1352 1940 totum
1365 1914 1390 1941 ei
1403 1914 1513 1940 remisit.
1529 1914 1621 1942 Vidisti
1635 1915 1696 1948 quid
1711 1922 1804 1941 servus
1814 1923 1875 1942 ora-

1084 1959 1161 1991 verit,
1173 1963 1200 1985 ct
1209 1963 1334 1993 quantum
1345 1959 1368 1986 ei
1380 1959 1502 1986 dominus
1512 1959 1658 1986 dimiserit?
1670 1960 1733 1986 Vide
1743 1968 1758 1987 c
1768 1961 1875 1987 diverso

1085 2008 1111 2031 et
1131 2004 1201 2031 servi
1223 2004 1388 2031 insolentiam
1405 2013 1411 2030 :
1426 2012 1485 2031 cum
1508 2005 1617 2032 deberet
1636 2006 1706 2032 enim
1728 2005 1874 2033 Secundum

1085 2054 1185 2078 tantam
1199 2050 1387 2084 benignitatem
1398 2055 1424 2077 et
1438 2050 1594 2077 ineffabilem
1610 2051 1808 2078 beneficentiam
1823 2052 1874 2079 sibi

1085 2096 1238 2128 exhibitam,
1255 2101 1280 2123 et
1294 2097 1349 2130 ipse
1362 2104 1423 2131 erga
1438 2097 1585 2131 proximum
1599 2097 1667 2124 bene
1680 2098 1790 2125 affectus
1802 2105 1873 2131 esse,

1085 2143 1219 2169 contrario
1234 2150 1342 2176 prorsus
1355 2143 1434 2170 modo
1447 2150 1475 2169 se
1488 2143 1578 2177 gessit.
1591 2142 1714 2178 Egressus
1726 2145 1796 2170 enim
1809 2164 1816 2175 ,
1831 2145 1875 2170 in-

1085 2189 1141 2223 quit
1153 2209 1161 2221 ,
1175 2189 1218 2215 ille
1231 2189 1241 2223 (
1254 2188 1292 2214 Ib.
1305 2197 1330 2214 υ.
1342 2189 1377 2215 28
1387 2188 1406 2223 ),
1421 2189 1464 2222 qui
1480 2188 1571 2215 decem
1590 2188 1699 2215 millium
1715 2189 1875 2216 talentorum

1086 2234 1269 2261 remissionem
1284 2239 1442 2268 assequulus
1461 2237 1527 2260 erat.
1541 2233 1652 2266 Audite,
1667 2233 1779 2260 obsecro
1791 2254 1798 2265 ,
1811 2233 1874 2260 dili-

1085 2284 1178 2313 genter
1191 2287 1197 2305 :
1211 2286 1270 2313 qum
1283 2278 1319 2305 illi
1334 2278 1496 2308 acciderunt,
1508 2278 1638 2305 sufficiunt
1650 2278 1681 2305 ad
1692 2279 1876 2312 eorripiendas

1086 2324 1188 2350 animas
1204 2329 1324 2356 nostras,
1338 2330 1365 2351 et
1379 2323 1411 2350 ad
1430 2323 1640 2358 persuadendum
1656 2328 1684 2350 ut
1696 2324 1803 2350 tollatur
1815 2331 1877 2358 gra-

1086 2371 1124 2396 vis
1143 2370 1186 2396 ille
1208 2369 1317 2395 morbus
1338 2377 1353 2395 c
1372 2373 1460 2396 mente
1480 2373 1580 2396 nostra.
1595 2369 1645 2396 Hic
1658 2369 1755 2404 igitur,
1770 2369 1875 2404 inquit,

1084 2423 1199 2451 egressus
1216 2415 1308 2442 invenit
1327 2423 1406 2441 unum
1420 2423 1432 2441 e
1446 2416 1569 2442 conservis
1591 2416 1643 2441 suis
1654 2435 1662 2448 ,
1678 2415 1721 2449 qui
1737 2415 1840 2441 debebat
1854 2416 1877 2441 ei

1086 2465 1183 2487 θεων-υ
1200 2460 1326 2487 denarios.
1344 2459 1410 2487 Vide
1424 2464 1550 2494 qttantum
1566 2460 1684 2487 interest.
1706 2459 1753 2487 Hic
1766 2467 1876 2488 conser-

1087 2514 1132 2533 vra
1150 2505 1265 2532 debebat
1283 2509 1388 2531 centum
1405 2504 1527 2531 denarios
1537 2525 1544 2537 ,
1560 2504 1614 2532 illic
1626 2505 1749 2532 dominus
1763 2510 1820 2532 erat
1830 2505 1874 2540 qui

1087 2550 1221 2585 repetebat
1235 2551 1326 2578 decem
1341 2550 1422 2577 millia
1436 2550 1594 2577 talentorum
1608 2559 1614 2576 :
1628 2550 1801 2577 nihilominus
1815 2550 1877 2585 quia

1088 2596 1152 2623 vidit
1164 2595 1356 2630 supplicantem
1368 2600 1393 2622 et
1406 2601 1536 2629 orantem,
1549 2595 1657 2622 dimidt.
1671 2597 1705 2622 At
1718 2598 1767 2622 iste
1778 2595 1877 2629 Appro-

1088 2641 1192 2668 liensuut
1206 2649 1304 2668 servum
1315 2641 1455 2674 sntiatabat
1465 2662 1471 2672 .
1487 2641 1572 2668 dicens
1585 2649 1594 2667 :
1608 2640 1694 2668 Redde
1708 2641 1769 2667 mihi
1781 2641 1804 2667 si
1817 2641 1879 2676 quid

1088 2686 1169 2713 drbrs.
1183 2686 1250 2720 Quid
1273 2687 1366 2721 igitur?
1383 2685 1538 2718 Procidens,
1553 2686 1653 2721 inquit,
1673 2694 1805 2713 conserva:
1823 2687 1878 2721 ejus

1088 2731 1169 2767 (Ibid.
1184 2739 1207 2758 υ.
1222 2731 1280 2767 ‘29).
1293 2730 1359 2758 Vide
1371 2731 1504 2766 quomodo
1518 2732 1628 2759 subinde
1642 2731 1802 2766 evangelista
1815 2739 1878 2759 ver-

1089 2779 1161 2812 bum,
1177 2778 1326 2810 Conservus.
1339 2783 1434 2809 versat,
1450 2786 1501 2805 non
1519 2782 1629 2810 temere,
1643 2778 1690 2805 scd
1704 2782 1732 2805 ut
1744 2777 1879 2805 discamus

1090 2824 1148 2851 illos
1165 2831 1242 2858 pares
1255 2823 1365 2852 omnino
1380 2823 1461 2852 fuisse
1490 2823 1674 2852 Verumtamen
1693 2830 1840 2852 conservus
1854 2823 1879 2853 ei
