2058 3123
131 107 184 134 247

134 162 183 190 καὶ
201 163 404 196 πληθύνεσοε,
419 165 467 191 και
478 165 655 199 πληρώσατε
670 167 727 201 τὴν
741 167 809 202 γῆν,
822 165 871 193 καί
884 171 967 191 κατα-

133 207 312 240 κιφιεύσατε
326 208 422 243 αὐτῆς
434 218 440 224 ·
456 210 504 244 οὐχ
521 210 612 242 ἁπλῶς
627 208 712 242 εἶπεν,
733 211 824 245 Ὑμεῖς
838 211 881 243 δὲ,
902 209 969 237 ἀλλά

136 252 278 287 μονονουχὶ
288 252 385 286 λέγων,
405 253 482 288 ὑμεῖς
497 255 521 280 οἰ
541 255 636 289 ὀλίγοι,
649 256 673 282 οῐ
688 257 864 291 εὐαρίθμητοι
880 257 969 283 πᾶσαν

133 295 183 330 τήν
200 296 254 329 γῆν
278 296 451 331 πληρώσατε,
478 298 524 324 καὶ
538 299 770 335 κατακυριεύσατε
785 300 879 335 αὐτῆς,
896 300 968 326 τοῦτ’

136 338 205 369 ἔστι,
221 339 271 374 τὴν
291 340 378 374 ἀρχὴν
391 340 476 375 ἔχετε,
492 341 539 367 καὶ
563 342 612 377 τὴν
628 343 759 375 ἐξουσίαν,
777 343 824 370 καὶ
839 343 886 378 τὴν
900 343 968 370 ἀπό-

135 383 238 410 λαυσιν.
256 383 326 418 Ὅρα
339 392 382 418 μοι
396 384 463 410 Θεοῦ
474 385 686 420 φιλανθρωπίαν,
702 386 761 418 πῶς
776 386 906 422 πρότερον
925 396 970 422 με-

134 427 220 461 γάλας
236 428 285 459 τὰς
298 428 456 463 εὐεργεσίας
475 430 658 466 δωρούμενος,
675 430 735 457 τότε
756 431 804 457 καὶ
825 431 906 466 νόμον
921 432 969 457 καὶ

134 471 243 506 ἐντολὴν
260 472 358 498 δίδωσι.
381 473 436 499 Καὶ
455 474 578 509 καθάπερ
599 475 645 501 ἐπὶ
660 474 706 500 τοῦ
728 474 830 509 Ἀδὰμ,
854 475 922 509 μετά
937 475 968 501 τὸ

134 516 327 550 ἐγκατοικῆσαι
344 522 356 536 η
370 517 398 542 ἐν
410 517 449 552 τῷ
465 517 627 552 παραδείσῳ,
640 519 686 544 καὶ
701 518 749 552 τὴν
760 518 893 552 τοσαύτην
903 519 966 545 ἀπό·

133 559 228 585 λαυσιν
240 559 402 594 χαρίσασθαι
417 580 424 591 ,
447 561 508 587 τότε
525 561 574 595 τὴν
591 561 694 597 ἀποχὴν
708 562 754 588 τοῦ
774 561 852 594 ξύλου
867 563 966 588 ἐνετεί-

133 603 198 629 λατο
207 612 213 617 ·
226 603 296 629 οὕτω
309 603 354 630 καί
370 604 485 631 ἐνταῦθα
501 606 569 640 μετὰ
582 606 610 632 16
624 606 788 641 ὑποσχέσθαι
804 607 902 641 μηκέτι
912 615 966 633 τοι-

134 647 219 682 αύτην
232 648 342 681 ἐπάξειν
357 649 479 675 πανωλεο
484 650 553 684 ρίαν,
566 650 632 685 μηδὲ
642 651 828 686 ἀγανάκτησιν
841 651 967 685 τοιαύτην

133 691 326 724 ἐπιδείξασθαι,
345 691 411 718 ἀλλά
436 692 553 727 ἀκίνητα
578 693 658 728 μέχρι
682 695 731 728 τῆς
754 693 906 725 συντελείας
920 695 967 728 ὲᾷν

135 734 243 762 ᾶπαντα
254 735 289 761 τὰ
303 737 421 770 στοιχεῖα
432 735 578 769 διαμένειν,
595 737 710 763 ἕκαστον
730 737 775 764 τὸν
798 732 895 764 οἰκεῖον
908 737 968 772 δρό-

135 787 185 813 μον
202 779 250 805 καὶ
260 778 309 813 τὴν
324 779 427 805 οἰκείαν
443 779 519 811 τάξιν
531 780 740 815 ἀποπληροῦντα
751 800 759 812 ,
784 781 831 808 καὶ
845 781 967 818 εὐλογίας

133 823 231 854 αὐτοὺς
242 822 369 854 ἀξιῶσαι.
389 823 435 849 καὶ
448 823 496 857 τὴν
514 823 630 858 ἀρχαίαν
647 823 771 856 ἐξουσίαν
795 825 966 860 δωρήσασθαι

132 864 181 899 τὴν
194 865 266 891 κατὰ
277 864 331 890 τῶν
346 864 450 898 ἀλόγων
461 866 600 898 ἁπάντων,
613 867 659 893 καὶ
672 868 721 902 τῆς
735 868 907 902 κρεωφαγίας
918 867 967 902 τὴν

132 908 226 934 ἄδειαν
252 910 412 943 παρασχεῖν,
439 910 499 935 τότε
515 909 592 944 φησὶ,
610 910 696 942 Πλὴν
710 910 799 943 κρέας
814 911 848 937 ἐν
867 911 966 945 αἵματι

132 950 237 985 ψυχῆς
246 952 282 978 οὺ
295 951 435 986 φάγεσθε.
453 950 529 983 Εἶδες
547 953 604 984 πῶς
621 953 753 988 πρότερον
767 954 906 988 εὐεργετεῖ
919 954 966 980 καὶ

132 995 182 1027 τὴν
193 995 348 1030 φιλοτιμίαν
361 995 462 1030 ἄφατον
472 996 665 1026 ἐπιδείκνυται,
681 997 727 1023 καὶ
741 997 800 1023 τότε
815 998 964 1029 ἐπιτάττει;

133 1039 220 1065 καίτοι
236 1047 268 1072 γε
280 1039 324 1065 ἐπ’
336 1039 485 1075 ἀνθρώπων
503 1040 553 1066 οὐκ
574 1040 606 1066 ἄν
622 1049 686 1066 ποτε
709 1039 786 1067 τοῦτο
809 1041 921 1073 γένοιτο.
935 1042 966 1068 υἱ

131 1081 187 1118 γὰρ
201 1082 339 1118 ἄνθρωποι
355 1083 486 1118 πρότερον
500 1083 639 1117 βούλονται
657 1084 690 1110 τὰ
709 1085 774 1119 παρ’
791 1084 893 1110 ἑαυτῶν
907 1086 966 1112 ἐπι-

131 1125 284 1160 ταττόμενα
308 1127 346 1158 εξς
367 1126 445 1161 ἔργον
460 1126 584 1161 ἐκϐῆναι,
603 1127 651 1153 καὶ
667 1127 765 1163 πολλὴν
782 1127 966 1159 ἐπιδείξασθαι

131 1168 181 1203 τὴν
204 1168 311 1195 εὔνοιαν
336 1170 400 1200 τοὺς
422 1169 457 1196 τὰ
470 1169 643 1204 ἐπιτάγματα
672 1170 842 1205 δεχομένους,
861 1171 906 1198 καὶ
917 1171 966 1206 τὴν

132 1211 233 1238 τούτων
241 1212 414 1248 ἐκπλήρωσιν
427 1213 615 1248 ποιουμένους,
631 1214 678 1240 καὶ
693 1214 752 1240 τότε
770 1213 824 1248 ἄρα
838 1214 967 1248 ἀμείϐεσ-

132 1255 177 1281 θαι
194 1256 257 1287 τοὺς
267 1255 367 1291 πολλὴν
382 1256 430 1292 τὴν
450 1257 572 1292 ὑπακοὴν
596 1257 825 1292 ἐπιδειξαμένους.
848 1258 910 1285 Ἐπὶ
937 1259 966 1284 δέ

130 1298 179 1324 τοῦ
208 1299 300 1326 κοινοῦ
329 1301 437 1326 πάντων
466 1301 600 1327 Δεσπότου
621 1301 651 1327 τὸ
671 1301 808 1327 ἐναντίον·
836 1301 966 1337 πρότερον

131 1341 271 1376 εὐεργετεῖ
281 1342 327 1368 καὶ
342 1342 381 1378 τῷ
397 1343 493 1378 πλήθει
513 1344 566 1371 τῶν
582 1344 746 1379 εὐεργεσιῶν
762 1345 903 1378 ἐφέλκεται
917 1345 966 1380 τὴν

131 1385 268 1420 ἡμετέραν
288 1385 379 1418 φύσιν,
397 1387 445 1413 καὶ
461 1387 519 1413 τότε
537 1387 625 1421 κοῦφα
639 1387 687 1413 καὶ
715 1387 793 1422 ῥᾴδια
818 1388 964 1416 ἐπιτάττει,

131 1428 175 1454 ἵνα
193 1429 240 1454 καὶ
254 1430 286 1464 τῇ
301 1429 410 1463 εὐκολίᾳ
425 1429 480 1455 τῶν
500 1430 694 1464 ἐπιταγμάτων
711 1429 758 1457 καὶ
769 1431 830 1461 ταῖς
842 1430 965 1466 παραλα-

131 1471 243 1502 σούσαις
259 1472 428 1507 εὐεργεσίαις
453 1473 677 1508 διεγηγερμένοι,
701 1473 771 1508 πρὸς
792 1473 842 1508 τὴν
864 1475 966 1500 τούτων

131 1514 302 1550 ὲπειχθῶμεν
317 1515 501 1551 ἐκπλήρωσιν.

165 1559 212 1593 Μὴ
224 1559 312 1584 τοίνυν
327 1559 493 1594 ῥᾳθυμῶμεν
505 1579 513 1591 ,
539 1559 686 1594 ἀγαπητοὶ,
704 1560 771 1594 μηδέ
793 1561 965 1596 ὀκνηρότεροι

129 1601 270 1636 γινώμεθα
288 1602 351 1636 περὶ
362 1602 411 1637 τὴν
428 1603 550 1638 ὑπακοὴν
563 1602 617 1628 τῶν
634 1603 844 1638 ἐπιταχθέντων,
857 1604 904 1630 καὶ
916 1603 965 1635 τὰς

131 1645 341 1680 παραλαϐούσας
367 1645 526 1680 εὐεργεσίας
543 1645 723 1680 λογιζόμενοι,
745 1647 856 1673 καὶτῶν
872 1648 965 1674 ἐπιτα-

129 1688 243 1722 γμάτων
252 1688 301 1723 τὴν
310 1688 444 1719 εὐκολίαν,
458 1689 505 1715 καὶ
520 1689 573 1715 τῶν
585 1689 755 1723 ἐπαγγελιῶν
769 1690 823 1716 τῶν
838 1690 907 1725 μετὰ
916 1690 965 1726 τὴν

131 1732 305 1767 ἐκπλήρωσιν
320 1733 385 1767 ἡμῖν
399 1733 620 1767 τεταμιευμένων
637 1733 667 1758 τὸ
683 1733 798 1768 μέγεθος
809 1742 817 1749 ·
834 1734 902 1760 ἀλλά
917 1734 965 1769 νή-

130 1783 225 1809 φωμεν
241 1776 287 1802 καὶ
302 1775 365 1810 περὶ
379 1775 426 1809 τὴν
442 1776 574 1810 ἐργασίαν
588 1776 747 1811 σπεύδωμεν
760 1777 816 1803 τῶν
831 1777 906 1812 παρὰ
917 1777 964 1803 τοῦ

129 1817 196 1843 Θεοῦ
210 1817 359 1852 δεδομένων
373 1819 439 1852 ἡμῖν
453 1818 583 1850 ἐντολῶν,
601 1818 649 1845 καὶ
665 1818 715 1849 τὰς
729 1819 813 1850 ὀδοὺς,
827 1819 859 1851 ἃς
872 1819 964 1854 ἐχαρί-

129 1869 195 1886 σατο
211 1862 243 1895 τῇ
260 1860 383 1896 ἡμετέρᾳ
396 1861 474 1895 φύσει
490 1861 558 1896 πρὸς
571 1861 621 1896 τὴν
633 1862 687 1888 τῶν
702 1861 794 1896 ψυχῶν
810 1861 887 1896 ήμῶν
904 1871 965 1888 συν-

128 1903 260 1935 τελούσας
284 1904 430 1938 σωτηρίαν,
456 1903 493 1939 μὴ
508 1903 745 1939 ἁποπεμψώμεθα,
758 1904 826 1931 ἀλλά
844 1904 882 1940 τῷ
898 1905 963 1932 ὑπο-

127 1946 282 1981 λειπομένῳ
294 1947 343 1982 τῆς
362 1947 434 1981 ζωῆς
447 1947 524 1982 ἡμῶν
537 1947 624 1983 χρόνῳ
639 1948 680 1979 είς
702 1947 761 1974 δέον
785 1948 961 1983 χρησάμενοι,

129 1990 178 2016 καὶ
202 1991 236 2016 τά
254 1989 435 2025 ἡμαρτημένα
451 1990 658 2025 ἀπονιψώμεθα,
683 1990 729 2016 καὶ
743 1990 842 2026 πολλὴν
859 1992 964 2023 ἑαυτοῖς

129 2032 206 2069 [264]
218 2033 268 2069 τὴν
281 2033 436 2069 παρρησίαν
458 2033 686 2068 προαποθώμεθα,
712 2034 759 2061 καὶ
776 2034 892 2068 μάλιστα
906 2034 963 2067 νῦν,

128 2077 168 2108 ὠς
182 2077 220 2103 ἔτι
236 2077 364 2113 ἐνέστηκε
377 2077 407 2103 τὸ
422 2076 581 2112 λειπόμενον
591 2077 641 2112 τῆς
656 2077 734 2111 ἁγίας
746 2080 964 2114 τεσσαρακοστῆς

131 2120 226 2156 μέρος·

167 2164 205 2196 ς’.
224 2164 290 2190 Οὐδὲ
310 2163 364 2199 γὰρ
379 2164 468 2198 ὀλίγος
487 2164 561 2190 ἐστὶν
578 2164 592 2190 6
611 2163 665 2190 τῶν
679 2163 791 2198 ἡμερῶν
812 2163 928 2199 ἀριθμὸς
950 2165 964 2191 ό

129 2207 350 2242 ὑπολειπόμενος,
366 2208 390 2233 εί
406 2207 601 2242 βουληθείημεν
614 2207 710 2242 μικρὸν
722 2206 867 2240 ἀνανῆψαι.
881 2207 964 2233 Τοῦτο

127 2251 157 2277 δὲ
171 2249 259 2282 εἶπον,
279 2251 329 2277 οὐκ
343 2251 436 2286 ἐπειδὴ
450 2250 578 2277 τοσούτου
591 2250 687 2286 χρόνου
709 2251 788 2285 μόνον
808 2250 892 2276 δεῖται
910 2251 964 2277 τῶν

128 2294 332 2330 ἡμαρτημένων
347 2295 412 2329 ἡμῖν
426 2296 442 2330 ὴ
461 2295 621 2330 διόρθωσις,
640 2294 697 2321 ἀλλ’
717 2293 810 2329 ἐπειδὴ
827 2294 964 2329 Δεσπότην

128 2337 228 2373 ἔχομεν
241 2337 429 2373 φιλάνθρωπον
450 2339 497 2364 καὶ
510 2338 613 2373 ἥμερον
627 2357 634 2368 ,
653 2337 700 2364 καὶ
719 2337 750 2364 οὗ
768 2337 854 2363 δεῖται
868 2337 963 2373 χρόνου

129 2381 228 2407 πολλοῦ
240 2390 247 2398 ·
261 2382 341 2416 μόνον
352 2382 400 2408 ὲάν
415 2382 483 2417 μετὰ
502 2381 603 2415 πολλῆς
617 2381 666 2416 τῆς
678 2380 843 2416 θερμότητος
857 2380 963 2415 καὶτῆς

129 2425 236 2460 νήψεως
261 2425 336 2460 αὐτῷ
364 2425 530 2460 προσίωμεν,
551 2425 753 2458 ἀποστήσαντες
777 2424 889 2455 ἑαυτοὺς
910 2423 964 2450 τῶν

130 2469 304 2504 βεϐιωμένων
330 2469 468 2501 ἁπάντων,
495 2469 542 2496 καὶ
565 2467 790 2504 προσηλώσαντες
813 2467 845 2503 τῇ
863 2466 964 2494 ἀνωθεν

129 2513 211 2547 ῥοπῇ.
226 2513 280 2538 Καὶ
293 2513 348 2547 γὰρ
369 2513 394 2538 οί
414 2513 553 2539 Νινευῖται
570 2511 688 2546 τοσούτῳ
709 2510 806 2546 πλήθει
821 2511 964 2546 ἁμαρτιῶν

129 2555 322 2591 βεϐαρημένοι,
334 2556 428 2592 ἐπειδὴ
439 2556 522 2591 πολλῇ
531 2555 577 2582 καὶ
585 2554 694 2590 ἀκριϐεῖ
701 2555 735 2589 τῇ
747 2554 874 2589 μετανοίᾳ
886 2554 965 2588 ἐχρή-

131 2607 221 2630 σαντο,
236 2600 287 2625 οὐκ
313 2599 462 2634 ἐδεήθησαν
481 2599 591 2634 πλέονῆ
611 2598 694 2633 τριῶν
718 2596 829 2632 ἡμερῶν
851 2596 919 2631 πρὸς
935 2597 964 2623 τὸ

129 2642 332 2670 ἐκκαλέσασθαι
354 2643 401 2670 τοῦ
417 2642 484 2669 Θεοῦ
503 2642 552 2678 τὴν
578 2641 744 2677 ἀγαθότητα,
770 2640 817 2666 καὶ
837 2640 885 2675 τὴν
904 2641 965 2666 κατ’

128 2686 219 2712 αὐτῶν
232 2686 418 2721 ἐξενεχθεῖσαν
430 2687 565 2720 ἀπόφασιν
586 2686 685 2720 ἄκυρον
704 2685 852 2719 ἀποφῆναι.
868 2684 922 2710 Καὶ
937 2686 962 2710 τί

128 2728 210 2762 λέγω,
223 2731 248 2756 οἱ
264 2730 402 2756 Νινευίται
416 2738 422 2762 ;
447 2730 477 2756 ’0
490 2729 590 2764 λῃστὴς
607 2730 620 2755 6
634 2729 681 2755 ἐπὶ
706 2727 753 2754 τοῦ
773 2726 890 2762 σταυροῦ
903 2727 963 2753 οὐδὲ

130 2773 195 2805 μιᾶς
209 2770 317 2808 ἡμέρας
329 2773 438 2808 ἐδεήθη.
459 2773 514 2798 Καὶ
532 2772 557 2798 τί
574 2772 644 2806 λέγω
667 2771 730 2806 μιᾶς
750 2770 873 2805 ἡμέρας;
898 2770 962 2796 Οὐδὲ

129 2814 260 2850 βραχείας
282 2816 367 2850 ὥρας.
389 2816 512 2850 Τοσαύτη
531 2815 633 2849 ἐστὶνὴ
658 2814 722 2849 περὶ
739 2814 812 2848 ἡμᾶς
833 2813 878 2839 τοῦ
896 2812 961 2839 Θεοῦ

129 2858 331 2895 φιλανθρωπία.
355 2860 482 2887 Ἐπειδὰν
493 2860 545 2894 γὰρ
560 2859 603 2895 ἴδῃ
615 2859 659 2885 τὸν
675 2858 750 2884 τήνον
766 2856 814 2891 τῆς
828 2856 963 2891 ἡμετέρας

161 2905 174 2918 ⁸
184 2902 262 2928 Slvil.
278 2903 340 2934 conj.
352 2902 522 2934 ἐγκατοικίσαι,

683 108 717 137 IN
735 109 809 137 CAP.
844 106 877 134 IX
910 105 1031 134 GENES.
1054 106 1168 135 HOMXL.
1190 107 1296 135 XXVII.

1801 106 1855 138 268

1023 164 1143 199 γνώμης,
1157 165 1204 190 καὶ
1217 164 1291 199 πόθῳ
1308 162 1394 195 ζέοντι
1417 163 1576 199 προσιόντας
1603 165 1688 200 ἡμᾶς,
1702 164 1733 192 οὐ
1751 166 1855 200 μέλλει,

1020 206 1079 233 οὐδὲ
1096 207 1274 234 ἀναϐάλλεται
1287 215 1293 223 ·
1309 207 1376 234 ἀλλά
1392 209 1502 242 ταχεῖαν
1518 209 1631 244 παρέχει
1649 209 1699 242 τὴν
1713 210 1777 244 παρ’
1790 209 1855 236 ἐαυ-

1019 249 1067 276 τοῦ
1079 249 1233 285 φιλοτιμίαν
1245 269 1253 282 ,
1268 250 1315 277 καὶ
1329 250 1403 284 λέγει
1413 259 1420 266 ·
1438 251 1498 277 Ἔτι
1518 252 1687 285 λαλοῦντός
1702 260 1761 279 σου
1780 252 1837 287 ἐρῶ
1848 261 1855 269 ·

1026 292 1099 319 Ἰδοὺ
1110 293 1237 328 πάρειμι.

1056 337 1104 362 Ἂν
1123 337 1213 363 τοίνυν
1229 336 1402 372 βουληθῶμεν
1422 337 1436 356 δ
1452 337 1500 363 καὶ
1523 338 1603 372 ἡμεῖς
1619 339 1648 364 ἐν
1675 340 1734 370 ταῖς
1749 338 1855 373 ὀλίγαις

1019 380 1136 414 ἡμέραις
1149 380 1260 412 ταύταις
1275 380 1391 415 σπουδήν
1401 389 1461 406 τινα
1472 380 1666 413 ἐπιδείξασθαι,
1681 382 1727 407 καὶ
1737 383 1770 416 τῇ
1782 391 1854 417 cup.-

1021 423 1105 458 μαχίᾳ.
1118 424 1151 459 τῇ
1171 423 1225 450 ἀπὸ
1235 424 1285 459 τῆς
1296 424 1422 459 νηστείας
1437 425 1476 455 είς
1493 424 1551 451 δέον
1564 424 1726 460 χρήσασθαι,
1741 426 1788 451 καὶ
1805 426 1855 461 τήν

1020 465 1154 501 ρᾳθυμίαν
1178 466 1416 500 ἀποτιναξάμενοι,
1439 466 1521 502 εὐχὰς
1546 468 1666 498 ἐκτενεῖς
1691 469 1853 502 ποιήσασθαι

1019 509 1087 543 πρὸς
1097 510 1143 536 τὸν
1158 511 1305 546 Δεσπότην,
1321 511 1425 545 δάκρυα
1439 511 1527 546 θερμά
1544 511 1679 546 προχέειν,
1692 512 1854 548 κατηγορεῖν

1020 553 1138 588 συνεχῶς
1148 553 1201 580 τῶν
1214 555 1280 588 ἡμῖν
1298 555 1583 589 πεπλημμελημένων,
1599 555 1752 590 προτιθέναι
1769 556 1854 582 καθά-

1019 604 1071 632 περ
1089 597 1172 633 ἰατρῷ
1200 597 1232 624 τὰ
1247 598 1367 633 ἡμέτερα
1392 598 1546 633 τραύματα,
1570 598 1616 625 καὶ
1638 599 1672 625 τὰ
1695 600 1745 634 τῆς
1765 599 1854 635 ψυχῆς

1018 639 1082 673 ἕλκη
1099 640 1245 672 δεικνύναι,
1264 641 1312 667 καὶ
1327 642 1375 675 τὴν
1392 642 1455 676 παρ’
1468 642 1551 668 αὐτοῦ
1567 642 1688 678 ἰατρείαν
1702 643 1851 678 ἐπιζητεῖν,

1019 683 1066 709 καὶ
1078 683 1113 710 τὰ
1129 684 1196 711 ἄλλα
1209 685 1243 711 τὰ
1259 685 1323 719 παρ’
1350 685 1454 711 ἑαυτῶν
1468 685 1614 720 εἰσφέρειν,
1633 686 1778 722 συντριϐὴν
1791 687 1852 714 δια-

1017 727 1101 758 νοίας,
1116 727 1260 759 κατάνυξιν
1270 728 1381 762 ἀκριϐῆ,
1397 728 1582 763 ἐλεημοσύνην
1596 729 1707 764 δαψιλῆ,
1724 730 1757 756 τὰ
1772 730 1853 758 λοιπά

1018 770 1092 804 πάθη
1114 771 1148 796 τὰ
1172 771 1385 806 διαταράττοντα
1404 772 1480 806 ἡμῶν
1502 772 1548 798 τὸν
1562 773 1691 808 λογισμὸν
1716 774 1852 808 χαλινοῦν,

1017 813 1064 839 καὶ
1093 813 1224 848 ἐξορίζειν
1249 816 1299 849 τῆς
1311 815 1449 850 ἡμετέρας
1463 815 1561 850 ψυχῆς,
1580 816 1626 842 καὶ
1654 817 1721 851 μήτε
1739 818 1790 843 ὑπὸ
1802 817 1853 852 τῆς

1016 856 1071 882 τῶν
1087 857 1234 891 χρημάτων
1247 858 1394 892 ἐπιθυμίας
1405 859 1617 894 πολιορκεῖσθαι,
1634 861 1700 894 μήτε
1719 869 1851 895 μνησικα-

1017 901 1074 926 κεῖν
1086 900 1152 935 πρὸς
1163 901 1226 931 τοὺς
1241 901 1364 936 πλησίον,
1395 902 1441 927 καὶ
1462 902 1603 937 ἐχθρωδῶς
1619 903 1770 930 διακεῖσθαι
1785 905 1853 939 πρδς

1015 943 1079 974 τοὺς
1102 945 1251 978 ὁμογενεῖς.
1271 944 1353 970 Οὐδὲν
1367 945 1431 980 γὰρ,
1450 945 1525 971 οὐδὲν
1551 946 1637 977 οὕτως
1655 947 1669 972 6
1695 947 1762 978 Θεὸς
1779 948 1854 982 μισεῖ

1017 986 1063 1011 καὶ
1078 986 1287 1022 ἀποστρέφεται,
1299 987 1337 1018 ὼς
1351 987 1397 1014 τὸν
1415 988 1634 1022 μνησικακοῦντα
1649 990 1790 1024 ἄνθρωπον
1805 991 1852 1017 καὶ

1015 1029 1064 1063 τὴν
1081 1029 1179 1064 ἔχθραν
1191 1030 1240 1065 τὴν
1255 1030 1322 1065 πρὸς
1334 1031 1379 1056 τὸν
1394 1031 1507 1066 πλησίον
1529 1031 1574 1057 ἐπὶ
1595 1034 1643 1067 τῆς
1661 1034 1748 1068 ψυχῆς
1761 1033 1851 1069 διηνε-

1016 1072 1071 1104 κῶς
1087 1073 1263 1107 φυλ-ἐττοντα.
1281 1074 1403 1110 Τοσαύτη
1423 1075 1477 1109 γὰρ
1499 1075 1602 1110 ταύτης
1620 1077 1677 1102 ἐστὶ
1693 1079 1743 1112 τῆς
1762 1078 1851 1114 ἀμαρ-

1015 1115 1074 1147 τίας
1088 1117 1105 1151 ὴ
1117 1116 1199 1151 λύμη,
1213 1117 1254 1143 ὅτι
1271 1117 1317 1142 καὶ
1341 1117 1544 1152 φιλανθρωπίαν
1569 1118 1636 1145 Θεοῦ
1657 1119 1849 1148 ἀνεκαλέσατο.

1015 1159 1070 1185 Καὶ
1085 1159 1128 1185 ἵνα
1143 1160 1257 1194 μάθητε,
1272 1160 1426 1195 ὑπομνῆσαι
1439 1161 1510 1195 ὑμᾶς
1524 1162 1653 1197 βούλομαι
1667 1163 1717 1197 τῆς
1730 1164 1851 1199 παραῆοα

1015 1202 1064 1237 λῆς
1077 1204 1126 1237 τῆς
1143 1203 1171 1228 ἐν
1183 1200 1222 1236 τῷ
1233 1203 1391 1237 Εὐαγγελίῳ
1408 1204 1546 1238 κειμένης,
1565 1205 1638 1236 ὅπως
1653 1207 1753 1237 ἐκεῖνος
1769 1208 1783 1233 ό
1795 1207 1852 1234 τῶν

1017 1245 1122 1280 μυρίων
1134 1246 1273 1272 ταλάντων
1290 1246 1339 1281 τὴν
1357 1247 1528 1282 συγχώρησιν
1547 1247 1693 1282 δεξάμενος
1707 1249 1782 1284 παρὰ
1802 1250 1850 1277 τοῦ

1015 1288 1158 1319 δεσπότου,
1184 1289 1277 1324 ἐπειδὴ
1290 1289 1452 1324 προσέπεσε,
1469 1288 1514 1316 καὶ
1528 1290 1625 1325 ἐδεήθη
1636 1311 1643 1321 ,
1657 1291 1704 1317 καὶ
1719 1292 1850 1320 ἱκέτευσε.

1015 1332 1254 1366 Σπλαγχνισθεὶς
1268 1333 1332 1366 γὰρ,
1346 1334 1440 1367 φησιν,
1450 1335 1466 1359 ὁ
1478 1334 1581 1367 κύριος
1590 1334 1683 1361 αὐτοῦ
1695 1335 1852 1363 ἀπέλυσε-ν

1014 1374 1116 1404 αὑτὸν,
1146 1374 1195 1401 καί
1223 1375 1255 1401 τὸ
1280 1374 1401 1402 δάνειον
1426 1376 1641 1410 συνεχώρησεν
1661 1377 1750 1410 αὐτῷ.
1774 1376 1851 1407 Εἶδες

1014 1415 1214 1450 εὐσπλαγχνίαν
1229 1415 1357 1443 δεσπότου
1370 1425 1377 1449 ;
1395 1416 1510 1448 Ἐκεῖνος
1525 1418 1708 1452 προσέπιπτεν
1723 1419 1854 1446 ἱκετεύων

1015 1457 1183 1493 προθεσμίαν
1210 1458 1282 1493 αὐτῷ
1311 1459 1430 1495 δοθῆναι.
1456 1461 1697 1495 Μακροθύμησον
1721 1462 1777 1498 γὰρ
1801 1463 1850 1488 ἐπ’

1013 1501 1088 1535 ἐμοὶ,
1115 1501 1192 1536 φησὶ,
1219 1502 1267 1528 καὶ
1288 1502 1387 1529 πάντα
1404 1510 1454 1529 σοι
1466 1503 1621 1530 ἀποδώσω.
1639 1504 1733 1531 Ἀλλ’ό
1749 1505 1850 1539 ἀγαθὸς

1013 1543 1155 1578 δεσπότης,
1167 1545 1180 1570 6
1197 1544 1322 1579 κηδεμὼν
1335 1545 1383 1571 καὶ
1396 1545 1595 1580 φιλάνθρωπος,
1611 1546 1797 1582 ἐπικαμφθεὶς
1810 1547 1850 1577 τῷ

1016 1586 1101 1622 ίκέτῃ,
1119 1588 1167 1622 οὐχ
1190 1587 1251 1614 ὅσον
1269 1588 1364 1622 ᾔτησε,
1382 1588 1511 1614 τοσοῦτον
1536 1588 1672 1623 παρέσχεν
1686 1610 1693 1621 ,
1716 1590 1774 1616 ἀλλ’
1788 1590 1851 1617 ὅσον

1013 1630 1074 1656 οὐδὲ
1093 1630 1228 1665 ἐνενόησε.
1246 1630 1372 1657 Τοιοῦτον
1387 1631 1441 1666 γὰρ
1456 1631 1531 1666 αὐτῷ
1547 1631 1623 1668 [⁵265]
1644 1632 1704 1663 ἔθος
1717 1633 1760 1659 ἀεὶ
1771 1635 1851 1669 νικᾷν

1014 1673 1060 1699 καὶ
1078 1673 1242 1708 προφοάνειν
1253 1674 1302 1706 τὰς
1314 1675 1451 1709 ἡμετέρας
1470 1675 1601 1710 αίτήσεις.
1627 1676 1745 1702 Ἐκείνου
1759 1677 1851 1702 τοίνυν

1014 1716 1151 1752 ἐνδοθῆναι
1181 1717 1436 1752 παρακαλέσαντος.
1463 1719 1510 1744 καὶ
1536 1719 1720 1754 ὑποσχομένου
1759 1721 1849 1746 πᾶσαν

1014 1760 1178 1795 ποιήσασθαι
1194 1760 1243 1796 τὴν
1257 1760 1371 1792 ἔκτισιν,
1388 1762 1401 1788 ό
1418 1761 1566 1797 ἀγαθότητι
1581 1762 1662 1788 νικῶν
1679 1764 1713 1788 τὰ
1727 1762 1850 1798 ἡμέτερα

1014 1803 1253 1839 πλημμελήματα,
1272 1804 1479 1838 σπλαγχνισθεὶς
1495 1805 1588 1831 λοιπὸν
1604 1805 1737 1832 ἀπέλυσεν
1756 1806 1847 1837 αὑτὸν,

1014 1846 1060 1872 καὶ
1075 1846 1105 1872 τὺ
1119 1846 1222 1872 δάνειον
1238 1847 1342 1881 ἀφῆκεν
1356 1847 1440 1882 αὐτῷ.
1452 1846 1528 1879 Εἶδες
1542 1848 1570 1874 τί
1590 1849 1638 1883 μὲν
1654 1849 1668 1874 6
1680 1849 1771 1880 δοῦλος
1782 1850 1849 1884 ῂτή-

1015 1899 1089 1920 σατο,
1106 1890 1168 1916 ὅσον
1181 1890 1209 1916 δὲ
1223 1891 1237 1916 6
1256 1890 1388 1925 δεσπότης
1400 1892 1561 1926 ἐχαρίσατο;
1579 1892 1648 1926 Ὅρα
1665 1892 1745 1918 πάλιν
1766 1893 1849 1919 αὑτοῦ

1013 1933 1107 1959 τούτου
1124 1933 1172 1968 τὴν
1184 1933 1323 1961 ἀπόνοιαν.
1337 1934 1401 1960 Δέον
1415 1934 1469 1968 γὰρ
1485 1934 1557 1960 κατά
1580 1935 1631 1970 τὴν
1641 1935 1774 1970 τοσαύτην
1788 1936 1848 1970 φιλ-

1013 1976 1171 2012 ανθρωπίαν
1184 1976 1230 2002 καὶ
1247 1977 1296 2011 τὴν
1310 1977 1413 2011 ἄφατον
1423 1977 1583 2012 εὐεργεσίαν
1595 1978 1644 2013 τὴν
1659 1979 1700 2010 είς
1711 1980 1794 2006 αὑτὸν
1802 1988 1849 2014 γε‹

1013 2020 1165 2056 γενημὲνην
1180 2020 1407 2055 συμπαθέστατον
1423 2021 1504 2047 αὐτὸν
1523 2022 1690 2057 καταστῆναι
1708 2023 1771 2057 περὶ
1785 2023 1848 2055 τοὺς

1013 2064 1162 2098 ὁμογενεῖς,
1175 2064 1189 2090 6
1201 2063 1229 2090 δὲ
1238 2063 1269 2090 τὸ
1279 2064 1399 2090 ἐναντίον
1414 2064 1606 2091 ἐπιδείκνυται.
1620 2065 1768 2097 Ἐξελθὼν
1782 2066 1847 2102 γὰρ.

1013 2106 1104 2140 φησιν,
1120 2104 1208 2139 οὗτος
1217 2107 1307 2138 αὐτὸς,
1321 2107 1335 2133 6
1346 2107 1400 2133 τῶν
1411 2107 1515 2143 μυρίων
1530 2108 1667 2134 ταλάντων
1680 2109 1730 2143 τὴν
1743 2110 1849 2144 συγχώ-

1017 2158 1093 2186 ρησιν
1108 2148 1262 2184 δεξάμενος.
1285 2150 1422 2182 Ἀκούετε,
1435 2150 1596 2185 παρακαλῶ,
1615 2151 1682 2185 μετά
1694 2151 1847 2186 ἀκριϐείας·

1013 2193 1047 2219 τὰ
1061 2193 1114 2228 γὰρ
1128 2193 1214 2227 τούτῳ
1228 2193 1366 2227 συμϐάντα
1379 2193 1458 2220 ἐκανὰ
1472 2193 1630 2220 καθικέσθαι
1648 2193 1697 2228 τῆς
1712 2195 1849 2230 ἡμετέρας

1014 2235 1112 2270 ψυχῆς,
1129 2235 1175 2262 καὶ
1186 2236 1278 2262 πεῖσαι
1290 2236 1320 2262 τὸ
1333 2236 1449 2271 χαλεπὸν
1463 2237 1542 2262 τοῦτο
1551 2236 1657 2271 νόσημα
1665 2237 1784 2272 ἐξορίσαι
1798 2238 1848 2272 τῆς

1014 2276 1133 2307 διανοίας
1146 2276 1196 2310 τῆς
1210 2276 1357 2311 ἡμετέρας.
1386 2275 1481 2309 οὗτος
1501 2277 1590 2303 τοίνυν
1609 2277 1741 2309 ἐξελθὼν
1761 2276 1849 2312 εὗρεν·

1013 2319 1068 2345 ἕνα
1081 2318 1140 2345 τῶν
1157 2319 1336 2346 συνδούλων
1346 2319 1450 2351 αὐτοῦ,
1465 2319 1499 2352 ὃς
1512 2320 1639 2354 ὠφειλεν
1649 2319 1728 2352 αὐτῷ
1740 2321 1849 2348 ἑκατόν·

1014 2361 1149 2395 δηνάρια.
1159 2362 1260 2388 Σκόπει
1279 2362 1362 2389 πόσον
1370 2363 1400 2389 τὸ
1415 2363 1505 2398 μέσον.
1517 2358 1580 2389 Ὧδε
1595 2363 1735 2394 σύνδουλος
1747 2364 1761 2389 ό
1774 2363 1848 2398 ὀφεί-

1013 2405 1066 2431 λων
1079 2406 1176 2432 ὲκατὺν
1187 2405 1310 2440 δηνάρια,
1321 2407 1379 2433 ἐκεῖ
1389 2406 1521 2441 δεσπότης
1534 2407 1548 2432 6
1561 2406 1695 2439 ἀπαιτῶν,
1709 2407 1755 2433 καὶ
1763 2407 1849 2442 μύρια

1013 2446 1047 2484 ἦν
1061 2448 1177 2475 τάλαντα
1186 2456 1194 2464 '
1212 2449 1259 2475 καὶ
1273 2449 1348 2484 ὅμως
1363 2449 1455 2484 ἐπειδὴ
1476 2447 1544 2474 εἶδεν
1557 2449 1710 2475 ἱκετεύοντα
1734 2450 1780 2476 καὶ
1794 2457 1847 2476 πα-

1016 2491 1194 2525 ρακαλοῦντα,
1207 2492 1397 2527 συνεχώρησεν
1408 2499 1416 2507 ο
1431 2489 1508 2523 οὗτος
1527 2491 1554 2517 δὲ
1578 2492 1736 2525 Κρατήσας
1754 2491 1849 2518 αὑτὸν

1013 2534 1125 2570 ἔπνιγε,
1148 2534 1260 2569 λέγων·
1286 2534 1406 2567 Ἀπόδος
1428 2543 1479 2568 μοι
1499 2535 1526 2561 εί
1540 2543 1567 2561 τι
1582 2535 1721 2568 ὀφείλεις.
1740 2532 1845 2567 Τίοῦν;

1013 2578 1129 2610 Πεσὼν,
1140 2577 1231 2612 φησὶν,
1244 2579 1260 2603 ὁ
1271 2577 1443 2610 σύνδουλος
1458 2577 1561 2604 αὑτοῦ.
1578 2578 1646 2614 Ὀρα
1659 2577 1716 2609 πιῖις
1728 2578 1846 2613 συνεχῶς

1015 2620 1127 2654 στρέφει
1141 2619 1172 2645 τὸ
1185 2619 1260 2655 ῥῆμα
1275 2618 1354 2645 τοῦτο
1363 2619 1378 2644 ὁ
1395 2617 1590 2653 εὐαγγελιστὴς
1603 2639 1610 2649 ,
1634 2619 1666 2645 '0
1675 2619 1846 2653 σύνδουλος

1013 2662 1118 2693 αὐτοῦ,
1134 2662 1182 2697 οὐχ
1197 2661 1299 2693 ἁπλῶς,
1315 2661 1371 2687 ἀλλ’
1385 2662 1428 2688 ἵνα
1443 2661 1582 2697 μάθωμεν,
1603 2662 1644 2688 ὅτι
1658 2661 1733 2688 οὐδὲν
1746 2663 1846 2697 μεταξὺ

1014 2705 1144 2732 αὐτῶντὸ
1159 2704 1250 2739 μέσον.
1267 2705 1322 2731 Καὶ
1348 2705 1423 2738 ὅμως
1442 2705 1492 2740 τὴν
1514 2704 1598 2740 αὐτὴν
1625 2705 1763 2740 ἱκετηρίαν
1779 2706 1847 2741 πρὸς

1046 2748 1136 2780 bUnus
1156 2748 1232 2780 codex
1257 2754 1270 2772 a
1293 2747 1383 2780 quilio
1408 2751 1557 2772 memoratus
1577 2747 1663 2772 οὐκοῦν
1687 2749 1847 2780 βουληθῶμεν,

1014 2786 1069 2810 quae
1084 2779 1159 2803 lectio
1181 2779 1240 2810 licej‘.
1260 2777 1359 2803 omnino
1370 2785 1418 2802 non
1444 2779 1551 2810 placeat,
1571 2777 1846 2810 alumen'selnlenliani

1015 2807 1123 2838 élioquin
1144 2808 1310 2838 imperfectam
1330 2809 1426 2839 plenam
1445 2807 1590 2834 'exhibebit.
1617 2807 1709 2834 Verum
1738 2816 1785 2833 non
1808 2810 1847 2833 in-

1015 2840 1099 2864 solens
1120 2843 1159 2863 est
1183 2838 1363 2864 Chrysoslomo.
1377 2845 1432 2864 cum
1450 2840 1605 2864 lomzissimas
1624 2839 1702 2864 neciil
1723 2838 1846 2864 neriodns.

1014 2840 1099 2864 solens
1120 2843 1159 2863 est
1183 2840 1363 2869 Chrysoslomo,
1377 2845 1432 2864 cum
1450 2840 1605 2870 longissimas
1624 2840 1702 2864 neciil
1723 2840 1846 2870 periodos,

1014 2870 1161 2894 sententiam
1173 2875 1221 2892 non
1234 2870 1364 2901 perﬁcere,
1382 2871 1430 2895 ailo
1453 2869 1569 2895 videlicet.
1578 2870 1621 2902 ,σὺ
1642 2870 1735 2901 copiam
1745 2872 1846 2894 sentem

1015 2900 1101 2925 liarum
1113 2899 1238 2924 abductus.

1026 2908 1101 2924 larum
1113 2908 1238 2924 anuuuus.
