2058 3123
135 135 185 165 249

135 193 300 228 supplicum
313 193 408 220 eodem
421 192 500 219 modo
510 213 516 224 .
532 199 584 227 quo
599 191 643 219 ille
655 197 730 219 antea
744 191 869 224 domino,
885 190 925 218 di.

137 247 201 267 cens
213 259 219 265 .
238 238 393 265 Patientia»:
404 237 466 264 habe
475 238 500 263 in
511 245 560 268 me,
571 241 593 263 et
603 237 687 263 omnia
699 237 742 262 tibi
755 236 868 263 reddam.
880 235 930 262 Ille

138 290 231 317 autem,
246 285 341 318 inquit.
354 291 478 318 egressus.
492 282 598 315 coniecit
613 283 685 308 illum
698 282 723 308 in
735 289 871 313 carcerem,
884 282 930 308 do-

139 338 183 356 nec
193 338 266 356 omne
278 329 385 355 debitum
397 329 444 355 sibi
455 332 594 354 numeraret
604 327 707 361 (Matth.
719 327 760 354 18.
772 327 829 361 50).
841 327 863 353 0
874 326 931 353 ani-

139 383 210 401 nunu
222 381 328 401 summe
344 373 491 407 ingratum!
505 373 592 399 adhuc
605 372 705 399 recenti
718 372 844 398 memoria
858 376 931 398 tene-

139 420 195 451 bat,
211 424 309 454 quanta
325 419 449 446 dominus
461 418 618 445 liberalitate
629 425 720 444 secum
733 421 832 452 egerat,
845 425 930 451 neque

139 466 178 492 sic
191 465 279 498 aliqua
294 464 527 492 commiseratione
547 469 634 490 motus
649 468 689 489 est
704 471 711 489 :
727 462 773 489 sed
791 463 861 493 prius
874 463 932 496 qui-

139 511 200 538 dem
214 510 371 541 suﬂ'ocabat,
386 517 458 536 nunc
470 517 534 536 vero
547 509 574 536 in
586 516 720 535 carcerem
734 508 858 541 coujccil.

176 556 201 583 7.
218 555 350 583 (Ζωίθτιιῐη
370 555 428 582 vide
443 555 504 589 quid
524 559 649 588 sequatur
664 562 670 580 :
689 553 722 580 Ut
737 553 850 580 viderunt
861 573 868 583 ,
888 553 930 579 in-

141 602 208 637 quit,
222 601 334 628 conservi
345 601 425 633 illius,
441 600 580 626 contristati
598 604 657 626 sunt
669 607 678 626 :
689 605 714 626 et
727 606 756 626 ut
770 604 887 626 venerunt
899 599 932 625 ad

141 647 272 673 dominum
284 655 366 678 suurn,
383 654 435 672 rem
448 654 544 672 omnem
560 645 721 671 declararunt
734 644 818 679 (Ibid.
834 653 858 672 υ.
873 644 930 678 3i).

141 692 198 720 Non
213 692 258 719 ille
269 691 376 727 quidem
391 692 435 726 qui
449 692 483 718 ita
498 691 566 718 tnale
579 691 687 718 affectus
700 695 774 723 erat,
789 690 933 726 (quomodo

141 737 212 765 enim
227 738 366 772 potuimet.
383 737 409 764 in
424 745 556 764 carcerem
572 736 706 770 conjectus
715 737 738 771 ?)
751 737 797 763 sed
811 737 853 763 alii
866 744 932 763 con-

143 784 225 814 servi.
237 788 266 810 et
277 783 321 818 qui
336 783 407 810 nulla
422 783 516 817 injuria
529 782 626 814 affecti.
638 783 711 816 quasi
727 783 820 816 injuria
834 782 932 814 affecti,

143 829 178 855 ita
191 829 280 856 orasti
296 833 370 855 erant
381 849 388 860 ,
403 828 592 862 dominumque
606 827 735 855 adeuntes
746 847 754 860 ,
771 836 826 854 rem
842 835 933 854 naria-

144 879 249 900 veruut.
264 873 323 901 Jmn
340 873 399 900 vide
411 873 511 900 domini
531 873 747 907 indignationem.
764 873 834 899 Tunc
847 882 933 899 σαρι-

142 919 190 945 site
203 927 243 951 eo,
258 919 353 953 inquit,
369 919 426 945 dicit
439 927 449 945 :
461 919 538 946 Serve
551 927 655 952 nequam
667 919 746 954 (Ibid.
758 926 780 945 υ.
797 918 852 953 52).
866 919 934 946 Vere

143 964 186 990 hic
199 963 290 991 videre
310 964 369 990 licet
383 972 462 997 quam
480 964 655 998 perniciosum
671 964 705 990 sit
720 964 872 996 injuriarum
889 971 933 990 re-

144 1009 258 1036 minisci.
269 1009 399 1043 Quoniam
412 1017 473 1036 cum
489 1009 581 1036 decem
599 1010 677 1036 millia
692 1009 787 1036 talenta
801 1009 932 1044 exigebat,

144 1062 196 1080 nun
219 1054 324 1081 vocavit
345 1062 407 1081 eum
426 1054 523 1080 malum
539 1063 546 1080 :
562 1054 608 1080 sed
626 1061 712 1086 nunc,
730 1061 789 1080 cum
805 1061 935 1082 conservo

142 1098 261 1126 crudelis
278 1099 336 1129 fuit.
355 1099 432 1127 Serve
446 1107 562 1134 nequam,
578 1099 673 1134 inquit,
688 1108 760 1125 omne
772 1099 880 1126 debitum
895 1108 935 1126 re~

144 1145 202 1171 misi
216 1146 278 1178 tibi,
292 1146 350 1180 quia
365 1147 458 1180 rogasti
472 1154 519 1172 me.
535 1146 601 1173 Vide
614 1146 748 1180 quomodo
762 1146 878 1173 declarat
893 1146 934 1173 in-

145 1194 252 1224 gentem
268 1191 326 1224 ejus
344 1191 481 1218 malitiam.
500 1191 566 1218 Num
583 1191 681 1225 aliquid
700 1191 811 1225 amplius
831 1191 934 1220 fecisd?

144 1234 239 1269 inquit.
252 1235 346 1263 Nonne
359 1236 469 1270 paucula
486 1242 585 1263 tantum
600 1237 679 1263 verba
691 1237 790 1268 dixisti.
805 1242 832 1264 et
845 1245 935 1264 susce-

144 1284 187 1314 pta
207 1280 334 1313 petitione
354 1285 396 1308 tua
416 1286 498 1308 totum
520 1282 583 1308 illud
606 1282 707 1316 grande
726 1286 754 1309 ct
774 1282 933 1310 immensum

143 1325 261 1352 debitum
273 1326 379 1353 remisi?
392 1326 485 1353 Nonne
494 1332 517 1353 et
529 1332 552 1353 te
564 1327 676 1353 misereri
685 1328 811 1362 Oportebat
824 1329 934 1354 conservi

143 1371 196 1403 tui,
210 1371 275 1397 sicut
287 1376 312 1397 et
325 1379 370 1406 ego
385 1372 422 1398 tui
441 1373 556 1399 misertus
575 1381 630 1399 sum
650 1372 736 1407 (Ibid.
753 1381 775 1399 υ.
791 1374 843 1408 55)
854 1374 865 1400 ?
877 1374 933 1406 Qua

142 1417 239 1451 dignus
251 1418 305 1444 eris
320 1418 405 1449 venia,
419 1418 440 1444 si
451 1426 501 1453 ego
513 1419 634 1446 dominus
648 1424 707 1446 tuus
718 1425 817 1446 tantum
831 1421 936 1455 pondus

144 1462 293 1490 debitorum
313 1468 421 1497 propter
440 1465 483 1491 illa
501 1464 570 1491 nuda
585 1464 664 1492 verba
677 1465 764 1492 dimisi
781 1475 787 1492 :
803 1470 830 1492 tu
844 1470 932 1492 autem

142 1508 264 1534 conservi
281 1508 333 1539 tui,
351 1509 394 1542 qui
411 1514 451 1535 est
464 1510 581 1543 ejusdem
598 1514 715 1541 naturae,
730 1518 781 1537 non
795 1518 824 1537 es
838 1511 933 1538 miser-

143 1557 185 1578 tus
195 1573 203 1584 ,
219 1560 305 1587 neque
319 1553 418 1580 inflecti
435 1554 540 1588 potuisti
553 1575 562 1586 ,
575 1563 660 1589 neque
675 1556 827 1582 rcconlatus
840 1564 932 1583 eorum

143 1604 202 1630 qua:
216 1604 233 1623 a
246 1605 289 1624 me
302 1597 346 1624 tibi
360 1605 486 1625 concessa
501 1604 573 1632 sunt,
585 1599 662 1626 ullam
674 1600 932 1628 commiserationem

144 1651 198 1676 pra:
215 1648 240 1670 le
254 1643 352 1676 tulisti,
367 1644 412 1671 sed
429 1645 588 1672 inhumanus
601 1646 670 1673 fuisti
683 1651 710 1673 et
722 1647 836 1674 crudelis
846 1667 852 1677 .
867 1655 933 1674 cuu-

142 1688 267 1722 servique
279 1689 399 1716 misereri
412 1690 539 1716 noluisti?
553 1690 651 1718 Idcirco
663 1691 706 1718 hic
717 1692 822 1720 tandem
836 1701 865 1720 re
876 1693 932 1727 ipsa

142 1733 233 1761 disces
241 1739 401 1769 quantorum
418 1736 463 1762 tibi
477 1736 526 1770 ipsi
542 1737 671 1764 malorum
686 1742 778 1764 auctor
793 1737 884 1765 fueris.
900 1738 933 1764 Et

141 1780 223 1806 iratus
235 1780 353 1806 dominus
366 1782 436 1815 ejus,
452 1781 554 1808 tradidit
571 1782 644 1808 illum
663 1783 796 1810 tortoribus
809 1783 818 1815 (
826 1782 892 1809 Ibid.
908 1791 932 1810 υ.

143 1824 202 1858 36).
227 1825 292 1852 Vide
313 1831 340 1852 et
363 1834 433 1854 nunc
455 1827 540 1861 ipsum
565 1828 641 1855 irasci
660 1828 696 1855 ob
716 1829 932 1856 inhumaniuuem

142 1876 204 1903 erga
215 1877 321 1897 servum
331 1875 358 1898 et
368 1872 511 1899 tortoribus
524 1873 595 1900 illum
607 1873 710 1900 tradere
723 1882 729 1899 :
745 1874 769 1901 id
780 1875 849 1909 quod
860 1876 932 1908 prius

143 1921 198 1940 non
217 1914 294 1946 fecit,
312 1923 373 1943 etim
388 1920 426 1942 tot
443 1909 590 1944 debitorum
607 1925 668 1945 reus
684 1923 772 1951 esset,
786 1927 856 1946 nune
876 1921 932 1947 fieri

143 1958 226 1992 jubet.
243 1959 357 1987 Tradidit
370 1962 440 1988 enim
455 1962 527 1989 illum
541 1964 689 1996 tortoribus,
703 1965 782 1991 donec
800 1973 872 1992 omne
887 1966 932 1992 de-

141 2004 221 2031 bitum
236 2005 349 2032 redderet
363 2014 372 2032 .'
385 2006 487 2039 donec,
504 2008 602 2042 inquit,
617 2008 708 2035 decem
722 2009 803 2036 millia
818 2011 914 2038 talenta
924 2031 932 2044 ,

142 2056 202 2082 qua:
215 2049 270 2083 jam
287 2051 398 2078 remissa
410 2056 501 2085 erant,
514 2052 704 2081 dinumeraret.
721 2054 812 2089 Magna
826 2059 853 2082 et
867 2056 934 2082 inef-

143 2092 232 2120 fabilis
248 2094 292 2121 Dei
306 2095 446 2123 clementia
462 2105 469 2123 :
484 2104 544 2124 cum
565 2098 620 2131 ipse
634 2099 740 2132 quidem
753 2100 869 2126 debitum
891 2108 933 2127 ro-

143 2143 257 2171 pctercl,
271 2139 303 2170 ad
318 2140 402 2168 nudas
417 2145 516 2168 tantum
532 2150 623 2176 preces
637 2148 719 2170 totum
731 2144 841 2170 remittit
853 2153 860 2170 :
872 2153 931 2172 cum

142 2187 232 2210 autent
247 2184 273 2210 itt
286 2191 442 2212 conservum
463 2187 533 2214 videt
551 2188 684 2215 crltdciem
699 2193 726 2215 et
739 2189 910 2217 inhumanum
924 2211 931 2223 ,

143 2233 220 2254 suam
236 2233 346 2256 revocat
359 2230 540 2259 liberalitatem
552 2253 559 2263 ,
573 2238 723 2260 monstrans
737 2234 772 2260 illi
788 2243 820 2262 ex
835 2243 864 2262 re
877 2236 931 2270 ipsa

143 2279 199 2305 quo
212 2278 289 2307 pacto
302 2282 354 2301 nou
369 2281 422 2302 tam
436 2276 521 2310 illum,
534 2285 611 2311 quam
625 2286 654 2305 se
669 2279 754 2312 ipsum
767 2279 930 2307 tnﬂcndisset.

144 2317 178 2344 Et
192 2318 260 2345 sicut
280 2319 324 2346 ille
337 2327 496 2348 conservum
514 2322 539 2348 in
557 2330 692 2350 carcerem
707 2325 834 2358 conjecit,
848 2325 933 2354 donee

143 2362 263 2390 debitum
277 2364 418 2392 redderet:
433 2366 466 2392 ita
479 2371 505 2393 et
520 2367 575 2401 ip~e
589 2369 734 2397 tortoribus
747 2370 868 2403 traditur,
883 2371 933 2397 do-

144 2415 194 2435 nec
210 2409 281 2442 quod
299 2409 412 2436 debebat
432 2417 591 2439 numeraret.
606 2413 669 2440 Π.υο
681 2418 768 2441 autem
782 2422 835 2442 non
848 2416 881 2443 de
894 2420 934 2443 ta-

145 2452 225 2480 lentis
234 2458 262 2481 et
271 2454 385 2482 denariis
396 2457 550 2491 simpliciter
561 2458 636 2491 dixit,
647 2458 695 2486 sed
705 2459 738 2485 de
751 2462 865 2494 peccatis
876 2466 934 2488 erat

144 2503 234 2524 sermo
245 2503 275 2525 et
287 2498 444 2527 delictorum
465 2502 643 2535 magnitudine
652 2523 663 2536 ,
675 2508 703 2530 ut
716 2504 848 2532 discamus
860 2525 868 2538 ,
885 2513 933 2533 nos

144 2544 250 2577 quidem
267 2545 428 2572 infinitarum
451 2553 618 2580 peccatorum
641 2556 732 2582 pennas
755 2549 867 2577 Domino
883 2551 932 2578 dc-

144 2589 252 2622 bentes.
267 2596 376 2626 propter
390 2593 550 2620 ineffabilem
566 2594 634 2621 illius
647 2596 854 2623 misericordiam
865 2617 872 2629 ,
889 2605 932 2624 re-

145 2635 300 2663 missionem
321 2637 357 2663 ab
375 2637 433 2671 ipso
451 2639 581 2672 accipere.
597 2639 624 2666 Si
638 2647 701 2666 vero
716 2648 775 2675 erga
791 2649 933 2670 censemus

144 2685 170 2706 et
186 2681 333 2714 proximos,
347 2687 373 2708 et
388 2690 444 2714 eos,
459 2683 502 2717 qui
521 2685 640 2711 mintdem
655 2693 735 2719 quam
751 2693 799 2713 nos
813 2691 932 2714 naturam

144 2726 230 2753 sortiti
243 2731 306 2753 sunt
316 2746 325 2760 ,
338 2727 459 2756 erutleles
474 2733 502 2756 et
521 2729 655 2757 inhumani
678 2730 803 2759 fuerimus
814 2752 822 2764 ,
836 2736 863 2760 et
874 2741 933 2767 qua:

143 2772 171 2799 in
187 2780 237 2799 nos
251 2774 394 2801 commissa
408 2779 469 2802 sunt
489 2783 542 2802 non
556 2775 735 2804 dimiserimus
745 2798 752 2808 ,
769 2777 815 2806 sed
836 2785 885 2812 pro
904 2786 933 2806 re

146 2819 237 2847 frivola
251 2820 355 2848 molesti
369 2820 494 2851 fuerimus
508 2821 644 2856 (intentum
659 2823 729 2850 enim
744 2823 852 2851 interest
864 2825 932 2852 inter

659 135 691 162 IN
709 134 784 162 C.\|".
807 134 851 162 ix.
866 133 985 161 GENES.
1008 134 1120 161 llOMlL.
1143 133 1248 162 XXVII.

1718 133 1771 162 πο

982 195 1089 217 centum
1101 190 1243 222 deuarioss
1259 194 1286 217 et
1298 189 1390 217 decem
1405 190 1486 217 millia
1500 191 1597 218 talenta
1609 211 1617 223 ,
1631 197 1731 219 tantum
1744 196 1771 218 et

984 237 1052 263 inter
1062 243 1092 263 ea
1106 243 1164 270 qua:
1179 244 1228 262 nos
1241 236 1266 262 in
1282 236 1422 263 Dominum
1432 257 1439 268 ,
1453 240 1480 263 et
1492 244 1522 263 ea
1534 244 1593 271 qua:
1607 245 1772 273 congenerea

983 282 1009 309 in
1023 289 1072 309 nos
1084 281 1272 316 deliquerunt),
1285 286 1346 308 tunc
1359 286 1385 308 ct
1399 288 1448 308 nos
1461 281 1486 309 in
1502 282 1706 316 indignationem
1721 283 1773 310 Dod

983 327 1047 353 mini
1062 326 1223 358 incidemus,
1237 331 1264 353 et
1281 333 1313 353 ea
1328 333 1386 361 qua:
1399 325 1453 360 jam
1468 330 1545 353 antea
1559 326 1667 354 dimissa
1681 331 1773 360 erant,

983 373 1086 400 solvere
1105 372 1200 399 iterum
1221 372 1246 399 in
1267 372 1406 399 tumentis
1425 379 1559 407 cogemur.
1576 372 1659 399 Porro
1672 377 1701 399 ut
1714 373 1774 400 dili-s

982 424 1076 453 genter
1094 418 1227 446 discamus
1249 418 1399 452 parabolam
1422 418 1489 445 hanc
1509 418 1543 445 ob
1560 418 1708 445 animarum
1723 426 1773 445 no—

983 469 1098 491 strarum
1111 465 1223 491 salutem
1238 472 1252 490 a
1267 465 1379 491 Domino
1392 463 1544 496 adductam,
1561 464 1621 490 andi
1635 471 1695 498 qua!
1709 463 1773 490 infe.

983 514 1078 536 runtur
1091 518 1097 536 :
1111 509 1156 536 Sic
1168 515 1191 536 et
1207 509 1282 536 Pater
1294 515 1373 535 vester
1385 509 1489 536 celestis
1503 509 1577 543 faciet
1587 509 1664 539 vobis.
1676 509 1773 543 inquit,

983 555 1005 581 si
1028 563 1078 581 non
1102 555 1270 589 unusquisque
1294 554 1367 590 fratri
1390 562 1435 580 suo
1459 555 1603 581 remiseritis
1625 563 1638 580 ε
1658 554 1776 581 cordibus

984 601 1071 627 uestris
1083 601 1174 627 delicta
1187 601 1287 626 illorum
1300 600 1309 635 (
1321 600 1411 626 Matt/1.
1425 600 1467 627 18.
1483 600 1517 627 55
1527 599 1548 635 ).
1563 600 1683 634 Magnum
1697 607 1775 634 para-

984 645 1051 672 bola:
1066 645 1179 677 lucrum,
1196 645 1274 671 modo
1289 645 1424 671 attendere
1436 646 1608 672 voluerimus.
1622 645 1689 677 Quid
1703 645 1776 671 enim

986 695 1087 717 tantum
1103 691 1248 724 poterimus
1258 690 1401 721 dimittere,
1413 695 1537 724 quantum
1551 690 1628 716 nobis
1637 697 1652 717 a
1663 690 1776 717 Domino

985 735 1144 762 dimittitur?
1159 735 1193 762 Et
1210 743 1257 762 nos
1272 736 1378 770 quidem
1402 735 1424 762 si
1447 736 1497 762 hoc
1517 736 1695 768 voluerimus,
1708 744 1775 763 cou-

985 782 1068 809 servis
1084 782 1258 814 remittimus;
1275 782 1323 816 ipsi
1344 789 1407 808 vero
1425 789 1438 808 a
1459 782 1570 808 Domino
1591 783 1775 810 remissionem

985 827 1139 861 accipimus.
1156 827 1190 853 Et
1208 827 1268 853 vide
1288 831 1315 853 ut
1335 826 1474 861 diligenter
1493 826 1594 861 singula
1615 831 1676 853 sunt
1693 826 1775 853 dicta.

987 871 1044 898 Non
1060 871 1130 898 cnim
1144 871 1211 898 dixit
1230 871 1399 905 simpliciler,
1413 871 1440 899 Si
1457 880 1508 899 non
1522 872 1675 900 dimiseritis
1688 873 1775 899 Inomi-

986 916 1062 943 nibus
1078 921 1182 950 peccata
1200 924 1206 942 :
1223 916 1282 947 sed,
1297 916 1327 943 Si
1341 924 1391 943 non
1406 917 1574 952 unusquisque
1588 918 1660 952 fratri
1674 925 1720 944 suo
1735 927 1774 944 re-

985 963 1102 990 miseritis
1112 971 1125 989 e
1135 963 1250 990 cordibus
1261 964 1347 990 uestris
1360 963 1450 990 delicta
1461 963 1571 990 illorum.
1585 965 1699 992 Adverte
1710 973 1774 999 qu0<

986 1010 1065 1037 modo
1087 1009 1142 1036 vult
1167 1017 1213 1036 cor
1237 1014 1356 1036 nostrum
1381 1009 1407 1036 in
1429 1010 1517 1043 quiete
1538 1015 1565 1037 et
1588 1011 1775 1046 tranquillitate

986 1062 1054 1085 esse.
1066 1059 1092 1081 et
1106 1060 1220 1081 tuentem
1236 1059 1352 1082 nostram
1367 1061 1382 1081 a
1397 1056 1636 1089 perturbationibus
1650 1057 1774 1089 alienant,

985 1100 1220 1135 affectionibusque
1237 1101 1361 1127 omnibus
1376 1101 1484 1127 liberam
1494 1121 1502 1134 ,
1519 1102 1712 1137 plurimumque
1726 1111 1775 1130 nos

985 1154 1047 1181 erga
1062 1147 1208 1181 proximum
1222 1146 1371 1174 dilectionis
1385 1147 1499 1174 studium
1515 1148 1664 1178 declarare,
1677 1149 1710 1176 Et
1723 1150 1776 1176 a'in

985 1199 1091 1226 quoque
1106 1192 1164 1219 loco
1178 1192 1272 1219 iterum
1289 1192 1422 1219 dicentem
1442 1192 1534 1220 audire
1553 1193 1615 1220 licet
1630 1202 1636 1219 :
1653 1193 1684 1220 Si
1698 1195 1776 1220 dimi-

985 1237 1066 1264 seritis
1078 1237 1218 1264 hominibus
1231 1237 1322 1264 delicta
1335 1238 1448 1269 illorum,
1462 1237 1569 1265 dimittet
1581 1243 1603 1265 et
1617 1239 1684 1265 vobis
1698 1239 1775 1266 Pater

985 1287 1062 1309 vester
1074 1282 1179 1309 micatis
1192 1282 1298 1317 (Matth.
1313 1282 1340 1309 ϐ.
1356 1283 1410 1317 Μ).
1423 1282 1461 1310 Ne
1476 1283 1553 1317 igitur
1566 1288 1697 1317 putemus.
1712 1284 1776 1311 dum

985 1327 1036 1354 hoc
1049 1327 1169 1358 iacimus,
1184 1335 1232 1354 nos
1244 1328 1320 1354 alteri
1333 1328 1484 1362 gratificari,
1497 1333 1543 1354 aut
1556 1336 1679 1362 magnum
1692 1330 1775 1363 quod-

985 1373 1044 1400 dam
1058 1374 1213 1401 benellcium
1226 1374 1294 1407 apud
1306 1374 1380 1400 illum
1393 1374 1535 1408 deponere.
1547 1373 1612 1400 Nam
1624 1375 1674 1408 ipsi
1683 1381 1775 1401 sumus

984 1419 1029 1454 qui
1051 1419 1180 1446 beneficio
1201 1419 1326 1449 fruimur.
1346 1423 1373 1446 et
1394 1420 1505 1446 multum
1530 1420 1596 1446 lucri
1620 1419 1679 1447 inde
1698 1420 1775 1447 nobis

985 1463 1157 1491 conciliamus
1173 1473 1180 1490 :
1195 1464 1262 1490 sicut
1275 1464 1354 1490 etiam
1368 1464 1390 1490 si
1404 1463 1454 1490 hoc
1467 1471 1520 1491 non
1540 1463 1699 1497 fecerimus,
1715 1472 1775 1491 om-

985 1508 1049 1534 nino
1063 1508 1127 1534 nibil
1145 1515 1192 1534 eos
1207 1508 1302 1535 Iredere
1322 1508 1486 1542 poterimus,
1505 1509 1580 1535 nobis
1603 1508 1667 1543 ipsis
1685 1513 1775 1537 autem

985 1553 1176 1580 intolerabilem
1190 1553 1318 1586 gehennm
1332 1560 1436 1586 pmnam
1449 1561 1583 1588 paramus.
1599 1553 1709 1587 Idcirco,
1726 1555 1775 1582 ob-

985 1605 1061 1625 secro
1072 1619 1080 1631 ,
1094 1603 1122 1625 ut
1136 1599 1282 1631 cogitantes
1295 1598 1351 1625 lucc
1362 1619 1369 1630 ,
1386 1607 1527 1633 numquam
1543 1600 1712 1628 admittamus
1724 1621 1731 1634 ,
1746 1605 1775 1628 nt

985 1651 1076 1670 eorum
1094 1645 1137 1678 qui
1154 1651 1202 1670 nos
1216 1645 1405 1671 contristarunt
1417 1664 1424 1676 ,
1444 1644 1486 1671 vel
1505 1645 1570 1671 alias
1590 1646 1774 1678 offenderunt.

984 1690 1087 1724 injuriae
1106 1690 1323 1722 reminiscamur,
1339 1690 1382 1717 vel
1404 1690 1511 1717 inimico
1526 1691 1614 1717 animo
1632 1699 1694 1726 erga
1715 1692 1774 1719 illos

983 1734 1130 1762 afﬁciamur
1143 1743 1149 1761 :
1165 1735 1211 1762 sed
1228 1735 1428 1762 considerantes
1441 1741 1536 1770 quanta
1557 1737 1607 1764 huc
1622 1737 1697 1764 nobis
1711 1737 1775 1764 affe-

984 1785 1025 1807 rat
1046 1779 1172 1807 bcncticia
1185 1801 1192 1812 ,
1208 1785 1234 1807 et
1248 1785 1371 1814 quantam
1387 1781 1455 1815 apud
1477 1781 1615 1808 Dominum
1632 1781 1751 1809 ﬁduciam
1764 1790 1776 1814 ς

984 1831 1011 1853 et
1029 1831 1090 1853 ante
1108 1827 1194 1852 omnia
1205 1847 1212 1857 ,
1229 1826 1298 1861 quod
1313 1826 1478 1853 reconciliari
1493 1835 1552 1854 cum
1569 1828 1600 1854 iis
1613 1828 1656 1862 qui
1673 1835 1720 1855 nos
1735 1829 1775 1855 in<

981 1873 1050 1906 juria
1064 1871 1187 1904 allecere,
1200 1875 1368 1906 peccatorqu
1380 1877 1530 1899 nostrorum
1542 1873 1693 1907 absumptio
1701 1882 1774 1909 qua:-

984 1918 1044 1944 dam
1060 1917 1094 1944 sit
1110 1926 1117 1943 :
1131 1916 1284 1944 festinemus
1302 1921 1328 1944 et
1347 1917 1503 1944 anhelemus
1521 1922 1550 1944 ut
1570 1923 1690 1952 paratum
1713 1919 1777 1946 inde

983 1962 1084 1989 lucrum
1100 1965 1262 1996 reputantes,
1279 1966 1330 1988 tam
1344 1961 1455 1988 ofﬁciosi
1472 1962 1497 1988 in
1511 1970 1558 1988 eos
1573 1963 1655 1989 simus
1666 1962 1714 1996 qui
1725 1971 1774 1989 uos

985 2007 1161 2039 offenderunt,
1173 2014 1251 2041 quam
1265 2014 1356 2033 sumus
1370 2007 1395 2033 in
1409 2014 1456 2034 eos
1469 2007 1514 2042 qui
1527 2015 1588 2034 vere
1603 2008 1680 2034 nobis
1693 2007 1775 2034 benc-

985 2054 1092 2080 faciunt.
1108 2053 1172 2080 Nam
1192 2053 1213 2079 si
1229 2053 1360 2086 sapimus,
1376 2061 1428 2079 non
1443 2053 1476 2079 ita
1493 2053 1568 2079 nobis
1584 2053 1709 2087 prodesse
1725 2061 1774 2088 po-

985 2105 1073 2126 terunt
1087 2100 1130 2134 qui
1144 2099 1265 2126 benevoli
1281 2098 1306 2125 in
1322 2106 1370 2125 nos
1387 2103 1448 2126 sunt
1462 2103 1489 2126 et
1504 2099 1633 2126 demereri
1648 2099 1774 2132 cupiunt,

986 2152 1013 2172 ut
1028 2146 1137 2173 istorum
1151 2145 1237 2172 cultus
1253 2150 1278 2171 et
1292 2145 1442 2171 observatio
1454 2145 1571 2172 divinum
1587 2145 1703 2172 favorem
1724 2154 1774 2171 no-

985 2190 1024 2217 bis
1039 2190 1199 2222 coneiliabit,
1215 2196 1315 2224 nosque
1328 2189 1431 2216 sarcina
1446 2194 1612 2223 peccatorum
1629 2190 1735 2216 levabit.

1020 2235 1045 2261 8.
1059 2234 1099 2261 De
1111 2235 1311 2262 reconciliatione
1321 2239 1344 2261 et
1354 2242 1438 2260 antore
1447 2234 1614 2261 inimicorum.
1624 2249 1659 2254 —
1669 2235 1772 2270 Cogita,

984 2281 1106 2317 obsecro,
1123 2279 1230 2312 dilecte,
1244 2284 1340 2314 quanta
1353 2280 1387 2305 sit
1401 2279 1478 2313 hujus
1492 2279 1595 2306 virtutis
1609 2279 1772 2315 magnitudo,

984 2330 1011 2352 et
1024 2325 1096 2352 disce
1109 2325 1150 2352 vel
1166 2332 1200 2352 ex
1220 2324 1336 2358 praemiis
1355 2331 1413 2359 (pne
1435 2328 1543 2358 propter
1565 2324 1635 2351 illum
1656 2325 1773 2352 universi

987 2371 1113 2398 Dominus
1128 2371 1258 2405 promisit.
1272 2371 1337 2397 Nam
1350 2378 1409 2397 eum
1423 2370 1532 2397 dixisset
1547 2379 1553 2396 :
1570 2369 1674 2405 Diligite
1686 2371 1772 2397 inimi-

981 2427 1025 2445 cos
1036 2424 1140 2452 vestros,
1150 2419 1284 2445 benedicitc
1294 2419 1329 2445 eis
1340 2418 1385 2453 qui
1396 2422 1574 2451 persequuntur
1584 2425 1636 2447 vos.
1648 2423 1716 2444 orate
1726 2426 1775 2452 pro

984 2464 1196 2491 calumniantibus
1209 2472 1250 2490 vos
1263 2463 1367 2499 (Matth.
1379 2463 1404 2490 5.
1419 2462 1464 2496 Η)
1480 2472 1486 2487 :
1499 2462 1558 2497 quia
1574 2462 1695 2490 sublimia
1711 2467 1773 2489 sum

985 2514 1115 2543 pra'cepla
1127 2529 1133 2539 .
1153 2515 1339 2541 sutumnmque
1358 2507 1482 2534 verticem
1499 2507 1630 2541 tangentia
1641 2527 1648 2538 ,
1665 2507 1748 2542 inquit
1764 2516 1773 2534 :

987 2554 1020 2581 Ut
1036 2553 1176 2589 eﬁtciamini
1187 2553 1279 2579 similes
1295 2552 1366 2578 Patri
1378 2557 1466 2582 vestro.
1477 2552 1519 2587 qui
1533 2552 1558 2578 in
1571 2551 1638 2578 (telis
1647 2556 1683 2578 est
1695 2552 1772 2585 :quia

985 2599 1062 2626 solem
1076 2606 1148 2625 suum
1160 2597 1221 2623 oriri
1232 2597 1290 2632 facit
1305 2605 1378 2631 super
1393 2597 1469 2623 bonos
1481 2601 1504 2623 et
1517 2596 1606 2628 malos,
1619 2601 1641 2622 et
1655 2596 1718 2631 pluit
1729 2604 1772 2622 su-

985 2652 1028 2679 per
1046 2646 1127 2677 justo:
1144 2647 1166 2669 et
1184 2643 1289 2676 injustas
1307 2641 1391 2676 (Ibid.
1410 2650 1433 2668 v.
1454 2642 1509 2676 45).
1532 2641 1625 2668 Vidisti
1645 2645 1771 2675 quantum

986 2690 1093 2715 facultas
1104 2688 1153 2715 fert
1165 2687 1337 2718 bumaua,eui
1347 2687 1439 2713 similis
1450 2687 1493 2713 ﬁat
1503 2687 1546 2721 qui
1559 2694 1610 2713 non
1621 2686 1705 2713 solum
1718 2693 1771 2712 non

985 2735 1121 2761 ulciscitur
1133 2741 1192 2760 eum
1207 2733 1250 2768 qui
1271 2732 1394 2762 offendit,
1409 2732 1455 2758 sed
1469 2736 1495 2758 et
1509 2739 1556 2765 pro
1571 2739 1603 2758 eo
1617 2738 1695 2758 orare
1713 2735 1772 2757 stn-

985 2780 1050 2807 det?
1066 2779 1104 2807 Ne
1125 2779 1202 2814 igitur
1217 2777 1372 2812 negligentia
1387 2781 1476 2802 nostra
1490 2776 1586 2802 talibus
1604 2783 1651 2802 nos
1666 2774 1773 2801 frande-

988 2832 1046 2852 mus
1067 2824 1142 2852 bonis
1153 2843 1160 2856 ,
1178 2828 1205 2851 et
1220 2822 1334 2858 pra~miis
1345 2829 1402 2853 qua:
1415 2827 1521 2847 omnem
1535 2827 1685 2848 sermonem
1699 2823 1772 2846 trau-
