2058 3123
253 125 304 153 951

255 179 454 209 scenduutzsed
468 179 553 206 modis
565 179 688 206 omnibus
702 177 762 204 boni
778 175 855 209 hujus
867 173 955 210 operis
966 172 1041 199 nobis

256 234 320 254 cura
336 226 370 252 sit
379 245 386 257 ,
401 229 562 260 cogaturque
574 228 601 251 et
612 224 747 251 erudiatur
759 229 834 249 mens
846 226 874 248 ιιι
888 223 979 254 pareat
998 218 1044 245 Dei

259 270 409 305 praeceptis.
424 270 490 296 Nam
506 273 645 304 propterea
661 268 729 295 hanc
740 267 945 294 admonitionem
958 269 985 291 et
996 271 1045 298 ego

260 325 330 344 nunc
342 316 392 344 feci
402 336 409 348 ,
425 321 451 343 et
466 315 618 351 parabolam
631 315 657 341 in
669 314 783 341 medium
797 312 872 339 attuli
885 321 891 343 ;
908 315 935 338 et
948 315 1044 345 quanta

261 363 296 390 sit
319 362 397 396 hujus
419 362 479 388 boni
501 361 590 395 operis
612 359 765 394 magnitudo
777 378 784 390 ,
797 362 824 385 et
840 361 966 392 quantum
985 354 1047 382 inde

262 408 363 433 lucrum
379 407 455 434 nobis
472 410 617 438 accrescat,
632 405 746 437 ostendi,
765 408 793 430 ut
807 411 866 430 cum
881 402 967 429 adhuc
980 405 1048 427 tem-

261 460 312 485 pus
327 458 378 484 c5t,
391 452 412 479 si
426 452 484 486 quis
497 459 530 479 ex
542 451 618 478 vobis
630 456 669 478 est
682 450 726 485 qui
740 449 820 476 alium
835 448 930 474 habeat
945 446 994 473 sibi
1009 446 1047 471 iu-

264 497 377 529 fcnsum,
393 504 501 532 operam
514 497 559 524 det
580 501 606 523 ut
618 496 735 523 ofliciose
756 493 951 522 reconcilietur.
967 492 999 518 At
1015 498 1048 518 ue

262 544 321 577 quis
339 543 402 570 mihi
423 543 492 569 dicat
509 551 515 568 :
530 542 618 570 Semel
636 546 715 575 atque
735 541 828 567 iterum
844 538 936 570 oravi,
951 541 978 564 et
995 543 1046 563 non

263 589 377 616 asseusit
391 597 397 614 :
412 589 433 615 si
448 588 497 615 hoc
510 589 612 614 sincere
627 587 762 616 faciamus,
779 592 831 611 non
846 583 918 618 prius
930 582 1049 617 quiesca-

263 643 323 662 mus
334 655 342 667 ,
356 635 440 662 donec
456 635 537 661 multa
550 633 691 661 sedulitate
703 631 840 658 victoriam
854 630 941 663 adepti
954 648 961 659 ,
976 628 1047 655 illum

265 680 341 707 nobis
354 679 524 706 conciliemus
535 699 541 707 .
557 683 583 705 et
597 686 611 704 a
626 678 680 704 suis
694 678 719 704 in
736 683 784 702 nos
803 674 947 702 inimicitiis
965 673 1048 700 abdu-

265 732 365 751 camus.
379 725 510 758 Numquid
531 724 566 750 illi
586 723 682 757 aliquid
698 720 844 756 largimur?
859 720 886 747 In
902 727 950 746 nos
965 724 1050 745 trans-

265 774 329 796 eunt
341 770 468 796 beneﬁcia
483 778 490 796 :
507 769 551 796 Dei
567 768 682 794 favorem
698 767 758 794 hinc
771 766 945 800 assoquimur,
961 771 1052 798 perra-

267 819 353 840 torum
366 818 515 841 nostrorqu
527 813 629 840 veniam
642 811 837 845 consequimur,
852 817 973 843 magnam
983 809 1051 842 apud

269 858 408 885 Dominum
425 858 546 884 ﬁduciam
562 857 714 892 accipimus.
729 856 756 883 Si
773 856 822 882 hoc
837 855 990 885 fecerimus,
1007 861 1054 887 po-

269 904 377 930 terimus
399 912 462 938 pura
485 903 645 931 conscientia
668 903 699 929 ad
720 906 837 929 sanctam
857 901 1053 933 terribilemque

270 949 338 976 hanc
351 957 468 976 mensam
482 949 608 976 accedere
618 969 624 981 ,
638 953 664 976 et
678 948 757 975 verba
774 948 815 973 illa
832 954 890 981 qua:
910 945 1053 980 precationi

270 996 366 1022 inser-L1
381 998 452 1026 sunt,
467 994 578 1021 fideliter
590 994 687 1021 dicere.
703 993 796 1021 Sciunt
807 992 900 1018 initiati
912 991 974 1025 quid
985 991 1055 1017 dica-

270 1045 322 1067 tur.
337 1039 450 1066 Proinde
462 1039 668 1074 uniuscujusquc
680 1039 847 1066 conscientia:
861 1037 980 1071 relinquo
991 1043 1057 1070 quo-

271 1085 349 1111 modo
363 1085 486 1111 mandato
499 1084 544 1111 illo
558 1084 674 1118 impleto,
689 1091 737 1118 per
749 1083 811 1110 illttd
826 1082 942 1110 terribile
954 1086 1056 1115 tempus

271 1129 328 1155 hace
351 1129 462 1156 ﬁdenter
483 1129 572 1156 dicere
593 1129 736 1163 possimus.
754 1128 828 1162 Quod
851 1128 873 1154 si
895 1127 1057 1161 negligentes

273 1174 398 1200 fuerimus
409 1194 416 1207 ,
432 1178 529 1207 quanta
542 1173 604 1201 hinc
624 1174 699 1200 nobis
715 1172 943 1200 condemnationis
960 1179 1037 1198 causa
1049 1192 1056 1203 ,

272 1219 316 1253 qui
328 1227 387 1246 cum
399 1227 429 1245 ca
441 1227 500 1254 qua:
510 1223 571 1245 sunt
581 1219 657 1246 dictis
670 1219 767 1245 nostris
777 1218 907 1245 contraria
920 1216 1056 1248 faciamus,

274 1264 402 1290 audemtts
416 1269 515 1290 temere
530 1263 607 1291 verba
623 1271 729 1298 precum
744 1263 922 1298 pronuntiare,
937 1266 965 1289 et
976 1261 1060 1295 majo-

274 1317 330 1336 rem
346 1310 422 1336 nobis
435 1309 498 1343 ipsis
513 1310 599 1344 ignem
613 1313 760 1341 exstruere,
777 1309 895 1342 iramque
910 1307 955 1334 Dei
970 1307 995 1333 iu
1010 1313 1059 1333 nos

275 1355 434 1388 provocare?
446 1355 553 1382 Gaudeo
566 1359 592 1382 et
607 1355 692 1388 la-tor,
705 1354 764 1387 quia
776 1353 852 1380 video
867 1360 915 1379 vos
928 1356 999 1379 tanta
1014 1359 1060 1378 vo.

275 1401 373 1433 luptate
386 1407 446 1434 qua:
458 1399 570 1427 dicimus
587 1399 678 1426 audire
688 1419 695 1432 ,
711 1404 737 1426 et
752 1399 844 1434 plausu
859 1397 998 1425 ostendere
1013 1405 1060 1424 vos

276 1445 382 1472 studere
400 1449 535 1480 promptos
547 1452 620 1476 esse,
634 1448 661 1471 et
675 1445 707 1471 ad
721 1444 844 1471 dominici
864 1443 956 1471 moniti
975 1442 1060 1470 aditu-

277 1490 418 1522 pletioucm
439 1493 553 1523 paratos.
573 1489 635 1516 time
653 1490 723 1515 enim
744 1489 890 1515 animarum
912 1491 1060 1514 nostrarum

278 1534 406 1560 medicina
420 1538 460 1560 est
471 1554 478 1563 ,
494 1533 544 1560 hoc
556 1535 693 1560 vulnerum
709 1537 860 1560 nostrorum
874 1533 1062 1567 pharmacum,

278 1578 336 1605 lucc
347 1579 446 1612 optima
460 1579 513 1605 Deo
528 1579 633 1612 placens
648 1579 700 1610 via,
715 1578 765 1605 hoc
777 1578 954 1605 certissimum
968 1578 1063 1604 anima:

279 1623 325 1650 Dei
338 1623 451 1650 amantis
464 1623 600 1654 indicium,
613 1624 748 1657 suscipere
757 1623 844 1650 omnia
859 1628 966 1657 propter
980 1623 1064 1656 legem

279 1668 401 1702 Domini,
418 1673 444 1695 et
463 1676 478 1696 a
499 1669 685 1703 cogitationum
705 1668 857 1696 infirmitate
875 1675 926 1694 non
948 1667 1063 1699 retrahi,

279 1713 325 1740 sed
340 1713 523 1740 affectionibus
540 1714 687 1748 imperare,
704 1714 792 1740 animo
810 1720 916 1740 versare
938 1712 1065 1739 beneﬁcia

280 1757 357 1784 nobis
371 1765 384 1784 a
404 1758 458 1785 Deo
469 1758 586 1793 quotidie
599 1758 727 1785 exhibita.
747 1759 780 1785 Et
798 1759 966 1792 quantumvis
984 1765 1065 1784 conc-

282 1810 351 1835 mur,
364 1802 407 1828 vix
419 1802 553 1830 minimam
565 1807 663 1837 partem
675 1810 809 1837 exponere
821 1803 966 1837 poterimus
974 1809 1066 1830 eorum

281 1847 321 1873 vel
340 1854 399 1880 qua:
417 1846 480 1874 olim
497 1847 522 1874 in
542 1855 590 1874 nos
608 1848 702 1875 collata
722 1852 798 1879 sunt,
816 1848 857 1875 vel
875 1855 933 1882 qua:
950 1847 1067 1881 quotidie

282 1891 435 1930 accipimus,
451 1892 491 1919 vel
505 1901 564 1927 qua:
579 1893 604 1919 in
620 1893 734 1919 futurtun
750 1894 863 1928 reposita
878 1897 938 1920 sunt
953 1893 1031 1925 bona,
1046 1893 1066 1919 si

281 1936 442 1963 voluerimus
460 1937 582 1964 mandata
605 1939 705 1964 Ilmuiui
728 1946 809 1972 opere
827 1939 971 1973 complere.
988 1939 1069 1973 Igitur

283 1980 345 2007 hinc
362 1986 505 2015 exeuntes,
520 1983 587 2009 istud
603 1983 628 2009 iu
642 1984 733 2017 primis
746 1984 875 2018 agendum
891 1984 987 2018 quique
1007 1991 1068 2018 pro-

282 2031 399 2059 ponant,
415 2031 441 2053 et
456 2028 528 2061 quasi
548 2028 580 2054 ad
602 2027 752 2054 thesaurum
773 2029 915 2055 maximum
930 2029 1067 2059 festinent.

282 2077 367 2105 neque
385 2071 426 2098 vel
447 2072 584 2098 minimum
602 2072 733 2099 differant.
749 2072 857 2100 Etiamsi
872 2073 961 2100 labore
974 2074 1015 2100 vel
1030 2074 1070 2099 iu-

283 2116 425 2150 quisitiune
439 2117 479 2144 vel
490 2117 567 2151 longo
582 2118 675 2145 itinere
688 2126 755 2152 opus
768 2119 810 2149 sit,
824 2119 926 2145 etiamsi
943 2118 1070 2145 molestia:

286 2162 374 2188 multm
387 2162 450 2194 sint,
463 2162 551 2189 omnia
566 2163 622 2190 lucc
636 2163 785 2191 auferamus
799 2164 995 2196 impedimenta.
1009 2163 1070 2191 Uni-

284 2214 315 2233 ca
331 2207 406 2233 nobis
419 2215 481 2234 cura
496 2208 540 2240 sit,
553 2209 686 2243 quomodo
702 2209 852 2235 mandatum
870 2208 972 2235 Domini
985 2210 1070 2236 adim-

285 2251 405 2285 plcamus
417 2273 424 2282 .
440 2257 467 2279 et
479 2253 637 2281 obcdieutia:
650 2255 725 2282 nobis~
739 2254 862 2281 alTeratur
877 2262 989 2282 merces.
1003 2256 1069 2283 Num

287 2296 378 2330 ignoro
388 2304 466 2331 grave
476 2302 503 2324 et
514 2298 652 2325 molestum
665 2298 758 2330 videri,
771 2299 802 2325 ad
814 2307 872 2326 eum
885 2301 928 2334 qui
943 2299 1072 2328 hostiliter

285 2341 313 2368 iu
327 2345 352 2368 te
366 2342 476 2370 affectus
488 2343 531 2375 sit,
546 2343 629 2376 abire,
642 2350 755 2378 cumque
768 2351 801 2371 eo
813 2349 883 2372 stare
895 2349 923 2372 et
935 2345 1025 2380 loqui?
1039 2349 1072 2373 At

285 2386 308 2412 si
323 2386 438 2414 mandati
451 2387 607 2422 cogitaveris
620 2388 773 2423 dignitatem
787 2393 815 2416 et
827 2390 958 2417 mercedis
971 2391 1071 2425 magni-

288 2431 416 2464 tudinem,
431 2436 522 2466 etquo
537 2437 613 2467 pacto
628 2441 680 2460 non
695 2434 721 2461 in
736 2434 818 2467 illum,
834 2435 880 2462 sed
895 2436 920 2462 iu
939 2441 964 2463 te
979 2444 1071 2464 recur-

288 2480 348 2502 rant
360 2476 486 2504 bencﬁeia
497 2498 504 2509 ,
520 2478 608 2505 omnia
624 2478 668 2506 tibi
682 2479 747 2506 levia
760 2484 786 2507 et
804 2480 887 2508 facilia
903 2481 1070 2509 videbuntur.

289 2521 350 2548 llaec
369 2521 447 2556 igitur
467 2523 493 2550 in
515 2523 648 2552 mentibus
669 2525 767 2552 nostris
787 2531 936 2556 versantes.
958 2535 1072 2555 consue-

290 2566 406 2593 tudinem
428 2573 543 2595 nostram
561 2569 696 2597 vincamus
707 2591 714 2603 ,
730 2571 823 2606 piaque
838 2577 926 2599 mente
941 2573 1072 2601 dominica

290 2611 412 2639 mandata
427 2613 615 2648 adimplcamus
627 2623 634 2647 ;
648 2624 700 2650 quo
714 2621 741 2643 et
758 2625 771 2642 a
787 2617 892 2644 Lhristo
911 2621 1072 2647 remunerari

290 2665 448 2691 intereamur,
463 2660 543 2693 gratia
563 2665 590 2687 et
604 2662 780 2690 misericordia
796 2663 918 2691 bonitatis
932 2665 999 2699 ejus,
1013 2666 1071 2700 qui-

289 2710 348 2728 cum
361 2701 441 2736 Patri,
455 2709 482 2730 et
491 2710 581 2732 sancto
594 2706 700 2740 Spiritui
713 2708 746 2735 sit
758 2708 850 2742 gloria,
864 2709 1012 2743 imperium,
1026 2710 1074 2736 bo-

290 2754 349 2780 nor,
365 2755 434 2775 nunc
445 2754 471 2776 et
482 2758 596 2786 semper,
610 2756 635 2779 et
650 2752 676 2779 in
689 2753 785 2780 saecula
797 2754 964 2781 smculorum.
976 2756 1071 2783 Amen.

610 122 638 150 S.
658 119 796 148 JOANNIS
821 113 1056 145 CilRYSOS‘fOMI
1084 111 1240 141 ARCIIIEP.
1261 110 1526 139 CONSTANTINOP.

1826 111 1885 140 251

1357 168 1492 196 li0.\l|l.li\
1513 167 1559 195 XX
1566 167 1628 194 \‘lll.

1100 236 1134 263 Et
1146 236 1209 262 dixit
1226 235 1348 262 Dominus
1360 235 1428 262 Deus
1438 237 1471 261 ad
1482 235 1546 265 Noe.
1559 240 1583 262 et
1593 234 1627 261 ad
1638 235 1704 269 ﬁlios
1715 236 1769 272 ejus
1776 244 1833 262 cum
1845 244 1885 266 eo.

1135 281 1219 307 dicens
1231 290 1238 308 :
1251 280 1316 307 Ecce
1328 288 1372 314 ego
1386 285 1467 306 statuo
1480 285 1651 306 testamentum
1659 288 1740 307 meum
1748 281 1886 313 vobiscum,

1135 331 1158 353 et
1171 335 1228 353 cum
1240 327 1332 353 semine
1344 331 1424 353 uestro
1438 331 1491 360 post
1503 334 1555 357 vos,
1569 331 1592 352 et
1611 327 1679 353 omni
1692 327 1784 353 anima:
1797 327 1888 355 viventi

1131 371 1262 398 vobiscum
1281 376 1332 398 tam
1348 372 1374 397 in
1390 371 1547 402 volucribus,
1566 379 1640 405 quant
1658 371 1684 398 in
1702 373 1849 408 pecudibus,
1864 379 1888 400 et

1135 417 1248 443 omnibus
1261 417 1343 444 bestiis
1356 422 1428 443 terrm
1440 415 1514 449 (Gen.
1531 416 1557 443 9.
1569 416 1681 453 8—10).

1138 495 1162 522 i.
1179 495 1240 521 iicri
1255 495 1388 529 proposita
1400 494 1593 528 benedictione,
1611 505 1689 532 quam
1708 503 1894 533 consequutus

1101 546 1141 568 est
1157 541 1211 568 Noe
1225 548 1239 567 a
1254 541 1382 572 Domino;
1402 541 1445 575 qui
1461 545 1520 575 post
1533 550 1668 577 egressum
1685 551 1716 570 ex
1732 551 1792 570 arca
1806 546 1890 570 altare

1102 587 1250 619 a‘diﬁeavit,
1270 591 1297 613 ct
1316 587 1411 613 oblatis
1434 587 1460 614 in
1480 589 1623 622 gratiarum
1646 589 1776 616 actionem
1796 589 1891 617 hostiis

1101 637 1204 667 gratum
1224 632 1342 659 exhibuit
1363 633 1490 665 animmn,
1512 633 1620 661 ulterius
1641 642 1726 669 neque
1747 635 1889 669 progredi,

1104 685 1188 712 neque
1199 676 1339 705 lcetioncnt
1356 682 1438 705 totam
1454 686 1589 711 enarrare,
1605 687 1689 714 neque
1701 685 1826 714 quantam
1841 680 1890 707 be-

1104 725 1197 759 nignus
1213 724 1280 750 Deus
1293 731 1354 758 erga
1365 724 1464 757 justum
1478 724 1562 751 virum
1577 724 1764 759 indulgentiam
1779 729 1806 752 et
1817 725 1893 752 solli«

1103 769 1247 795 citudinem
1262 768 1420 799 exhibuerit.
1435 769 1576 796 ostendere
1590 769 1733 804 potuimus.
1754 769 1820 797 Nam
1834 777 1893 798 ser-

1106 822 1210 841 monem
1235 819 1364 846 nostrum,
1379 815 1439 849 quia
1461 815 1564 849 longius
1584 816 1751 848 excurrebat,
1771 816 1893 844 celeriter

1104 860 1275 890 succidimus.
1291 865 1320 887 ut
1343 868 1376 888 ne
1396 861 1564 888 multitudine
1583 861 1638 895 jam
1658 862 1787 889 dictorum
1805 868 1893 889 res":

1105 906 1233 933 memoria
1247 906 1413 937 obrueretur.
1430 915 1482 934 non
1496 908 1553 934 sine
1564 907 1664 941 jactura
1678 915 1770 935 eorum
1781 915 1840 942 qua:
1853 909 1894 934 di-

1107 952 1188 979 cenda
1202 956 1286 979 erant.
1304 952 1360 979 Non
1374 953 1444 979 enim
1459 952 1508 979 hoc
1523 953 1608 979 solum
1619 954 1695 980 nobis
1708 961 1779 980 cura:
1794 953 1852 986 fuit,
1867 957 1896 980 ut

1108 997 1189 1023 multa
1203 996 1351 1023 diceremus
1367 1006 1373 1022 :
1388 997 1434 1024 sed
1455 1002 1483 1024 ut
1505 1002 1576 1023 tanta
1587 1018 1593 1028 ,
1610 1005 1668 1031 qua-
1682 997 1756 1024 vobis
1775 998 1850 1024 facile
1862 999 1898 1024 sit

1108 1047 1197 1069 mente
1206 1049 1301 1076 capere
1313 1063 1320 1074 ,
1336 1050 1388 1076 quo
1401 1050 1460 1070 cum
1477 1043 1551 1070 lucro
1565 1043 1626 1070 hinc
1641 1044 1713 1070 abire
1727 1044 1813 1070 liceat.
1830 1044 1896 1070 Nam

1108 1088 1130 1114 si
1147 1095 1194 1115 nos
1207 1087 1279 1122 plura
1293 1095 1371 1121 quam
1384 1095 1431 1121 par
1444 1088 1478 1115 sit
1490 1088 1648 1120 dixerimus,
1658 1093 1685 1115 et
1698 1095 1745 1116 vos
1760 1089 1824 1116 nihil
1837 1089 1898 1116 inde

1109 1133 1175 1160 lucri
1196 1133 1356 1166 percipiatis,
1379 1141 1438 1166 qua:
1460 1133 1578 1160 utilitas?
1601 1133 1721 1160 Scientes
1744 1134 1832 1168 igitur,
1848 1142 1898 1161 nos

1112 1182 1217 1211 propter
1235 1182 1348 1204 vestram
1367 1178 1507 1205 utilitatem
1529 1179 1599 1205 hunc
1617 1178 1734 1205 laborem
1750 1178 1898 1213 suscipere,

1110 1227 1136 1250 et
1149 1222 1322 1250 sufﬁcientem
1337 1230 1385 1249 nos
1399 1223 1547 1250 mercedem
1559 1223 1693 1257 accepisse
1707 1223 1839 1250 credimus
1849 1243 1858 1254 ,
1876 1223 1898 1249 si

1110 1273 1227 1295 vestrum
1246 1268 1380 1295 videamus
1400 1268 1556 1302 profectum,
1577 1272 1605 1295 et
1620 1276 1667 1295 vos
1686 1268 1826 1302 diligenter
1839 1275 1899 1302 qua:

1111 1313 1234 1340 dicuntur
1248 1318 1340 1341 tenere
1354 1315 1380 1341 in
1393 1313 1494 1341 sinibus
1507 1313 1587 1340 animi
1601 1313 1682 1340 vestri
1698 1314 1824 1347 reposita,
1835 1319 1901 1339 cono

1112 1359 1185 1385 tinuo
1198 1366 1229 1385 ea
1245 1363 1423 1386 memorantes
1442 1364 1468 1387 et
1490 1359 1663 1387 ruminantes.
1691 1359 1815 1386 Memoria
1829 1358 1900 1385 enim

1112 1405 1174 1431 olim
1190 1404 1321 1432 dictorum
1335 1404 1414 1432 faciet
1436 1409 1465 1432 ut
1484 1405 1577 1439 majori
1599 1404 1724 1432 facilitate
1733 1403 1844 1431 dicenda
1858 1411 1902 1429 ca-

1115 1457 1176 1483 pere
1195 1450 1309 1483 possitis,
1325 1454 1404 1484 atque
1423 1450 1458 1477 ita
1480 1457 1622 1485 progressu
1643 1450 1770 1484 temporis
1790 1453 1902 1476 cu-lrl’OS

1114 1496 1192 1522 etiam
1208 1495 1312 1522 docere.
1339 1496 1366 1522 in
1387 1496 1437 1522 hoc
1455 1496 1525 1522 cuitu
1547 1495 1625 1530 plane
1642 1495 1808 1530 iuw’gilamus
1821 1499 1848 1521 et
1861 1495 1902 1521 in-

1114 1541 1273 1572 cumbimus,
1290 1546 1318 1568 ut
1340 1549 1432 1568 omnes
1446 1549 1492 1569 vos
1511 1541 1621 1576 perfecti
1637 1546 1663 1568 et
1677 1541 1852 1568 consummati
1867 1540 1904 1566 si-

1115 1586 1159 1618 tis,
1171 1591 1197 1612 ct
1211 1586 1276 1612 nihil
1289 1594 1380 1613 eorum
1392 1595 1451 1619 quae
1462 1587 1487 1613 in
1498 1587 1594 1614 divinis
1608 1587 1750 1621 Scripturis
1763 1588 1905 1613 continen-

1117 1636 1159 1658 tur
1172 1639 1218 1658 vos
1235 1632 1323 1659 lateat.
1347 1633 1449 1659 Etenim
1469 1640 1560 1660 eormn
1585 1633 1692 1664 notitia,
1713 1632 1734 1658 si
1750 1632 1843 1666 vigiles
1862 1639 1905 1658 so-

1117 1677 1219 1711 briiqttc
1240 1685 1300 1704 esse
1320 1678 1463 1710 volumus,
1484 1683 1511 1705 et
1528 1678 1561 1705 ad
1584 1678 1701 1705 melioris
1718 1678 1778 1704 vitae
1802 1678 1905 1711 frugem

1118 1723 1261 1756 plurimum
1285 1723 1362 1750 nobis
1382 1723 1511 1755 conferet,
1530 1723 1724 1761 alacrioresque
1746 1723 1778 1750 ad
1803 1722 1908 1748 virtutis

1119 1767 1223 1794 labores
1244 1767 1350 1795 efﬁciet.
1373 1769 1437 1796 Nam
1453 1776 1513 1796 cum
1531 1769 1675 1796 doceamur
1689 1768 1812 1796 omnibus
1828 1768 1908 1802 juslis

1118 1821 1239 1847 magnam
1250 1814 1319 1848 apud
1334 1814 1415 1841 Deum
1429 1821 1488 1842 esse
1503 1814 1634 1847 fiduciam,
1648 1813 1692 1848 qui
1706 1813 1794 1840 afﬂicti
1807 1818 1834 1840 et
1847 1818 1906 1839 teu-

1120 1859 1166 1885 tati
1179 1866 1226 1893 per
1241 1864 1322 1885 totam
1334 1859 1415 1886 vitam
1430 1866 1515 1891 suam,
1533 1860 1684 1894 patientiam
1698 1863 1726 1886 et
1736 1863 1838 1894 gratum
1849 1859 1908 1885 sui-

1120 1911 1191 1930 mum
1212 1904 1388 1936 declararunt,
1404 1909 1431 1931 et
1450 1904 1489 1931 sic
1510 1905 1616 1939 pt-aania
1638 1909 1699 1931 sunt
1719 1904 1806 1937 adepti
1822 1913 1827 1930 :
1843 1910 1909 1938 quo-

1121 1949 1199 1976 modo
1214 1957 1266 1976 non
1276 1954 1303 1976 et
1317 1950 1394 1977 nobis
1406 1958 1477 1977 cura:
1491 1950 1541 1977 erit
1553 1970 1560 1983 ,
1579 1955 1608 1976 ut
1621 1949 1741 1977 eamdem
1756 1948 1909 1976 incedamus

1121 1995 1198 2026 viam,
1213 2003 1266 2030 quo
1278 1999 1305 2022 et
1317 1995 1410 2022 eadem
1430 1997 1537 2029 praemia
1553 1995 1740 2022 obtineamus?
1754 1995 1815 2022 Ideo
1828 1994 1909 2021 obse-

1120 2048 1176 2073 cro,
1189 2046 1218 2068 ut
1228 2041 1345 2075 quotidie
1356 2041 1454 2075 aliquid
1465 2041 1573 2068 accedat
1586 2042 1647 2068 boni
1660 2041 1757 2075 operis,
1768 2045 1794 2067 et
1807 2044 1910 2067 crescat

1121 2091 1238 2113 vestrum
1250 2086 1389 2113 aedilicium
1402 2086 1549 2121 spirituale,
1561 2094 1593 2113 ac
1603 2087 1670 2113 bona
1682 2093 1761 2119 opera
1773 2093 1831 2118 qua:
1845 2085 1909 2110 olim

1122 2132 1231 2164 fecistis,
1255 2137 1332 2160 caute
1353 2132 1545 2167 diligenterque
1569 2132 1739 2164 custodiatis,
1765 2135 1792 2158 et
1815 2131 1836 2157 si
1859 2137 1909 2164 qua

1121 2178 1208 2205 adhuc
1224 2177 1408 2205 desiderantur
1418 2178 1547 2212 adjiciatis
1557 2198 1565 2209 ,
1579 2182 1608 2204 ut
1620 2178 1658 2204 sic
1672 2176 1696 2203 in
1709 2184 1842 2203 sumtuum
1858 2176 1910 2202 vir-

1123 2223 1186 2250 tutis
1206 2223 1365 2257 pervcniatis
1390 2223 1532 2257 fastigium,
1557 2223 1582 2249 in
1605 2227 1721 2249 nostram
1741 2222 1863 2256 gloriam,
1885 2222 1910 2248 in

1122 2268 1321 2295 aediﬁcationem
1337 2268 1470 2298 Ecclesim,
1483 2269 1508 2295 lu
1521 2268 1647 2295 honorem
1659 2267 1765 2295 Christi.
1779 2268 1850 2295 Sane
1862 2275 1912 2302 ego

1122 2313 1215 2340 videns
1236 2313 1393 2348 inexplebile
1407 2318 1522 2340 vestrum
1543 2321 1605 2348 erga
1627 2313 1790 2347 spirituaiem
1813 2312 1912 2340 doctri-

1124 2365 1183 2384 nam
1196 2358 1322 2391 studium,
1334 2358 1436 2385 etiamsi
1448 2359 1569 2386 conscius
1580 2358 1629 2385 sim
1641 2364 1742 2392 magna:
1752 2366 1819 2385 mea:
1831 2357 1909 2384 tenui-

1124 2404 1194 2435 tatis,
1211 2411 1263 2430 non
1285 2404 1430 2431 intermitto
1448 2404 1564 2438 quotidie
1588 2405 1739 2432 convivium
1759 2412 1793 2431 ex
1815 2404 1912 2431 divinis

1123 2447 1265 2482 Scripturis
1275 2456 1413 2483 apparare.
1425 2453 1452 2476 et
1463 2456 1635 2483 quaecumque
1648 2449 1694 2476 Dei
1706 2450 1788 2484 gratia
1804 2454 1912 2483 propter

1123 2501 1198 2520 suam
1211 2493 1396 2528 benignitatem
1408 2499 1434 2520 ct
1447 2499 1560 2521 vestram
1575 2495 1714 2521 utilitatem
1727 2494 1912 2529 suppeditave-

1124 2538 1169 2568 rit.
1181 2539 1274 2566 vestris
1287 2539 1394 2565 auribus
1406 2546 1565 2573 proponere.
1580 2540 1635 2574 Age
1649 2540 1728 2574 igitur
1739 2544 1765 2566 et
1779 2539 1858 2566 hodie
1873 2539 1913 2566 in-

1124 2583 1243 2610 dicemus
1257 2584 1359 2610 caritati
1371 2589 1466 2610 vcstrze
1476 2584 1637 2612 eminentem
1653 2585 1698 2611 Dei
1712 2585 1911 2619 benignitatem.

1124 2637 1202 2665 quam
1227 2629 1343 2656 humano
1362 2631 1452 2664 genteri
1474 2631 1593 2662 contulit,
1609 2635 1634 2657 et
1655 2631 1690 2657 ob
1711 2631 1735 2657 id
1753 2631 1832 2656 verba
1853 2639 1910 2663 qua-

1125 2675 1195 2702 Deus
1206 2675 1238 2701 ad
1253 2675 1309 2702 Noe
1321 2675 1388 2702 dixit
1399 2675 1549 2703 aii'eramus.
1558 2676 1585 2703 8.
1597 2675 1628 2702 Et
1639 2676 1703 2702 dixit
1715 2675 1784 2701 Deus
1799 2676 1832 2701 nd
1844 2675 1910 2707 Nae,

1124 2725 1146 2746 et
1157 2721 1222 2753 [ilius
1230 2719 1308 2746 illius.
1324 2720 1464 2754 Pestquam
1476 2720 1700 2752 benedixitillum,
1712 2726 1739 2747 et
1747 2720 1819 2748 filios
1830 2721 1910 2753 illius,

1124 2769 1150 2792 ct
1163 2764 1238 2796 dixit,
1254 2764 1362 2792 Crescite
1374 2770 1397 2792 et
1411 2766 1621 2800 multiplicamini,
1637 2771 1663 2792 et
1679 2766 1786 2793 tradidit
1799 2766 1851 2793 illis
1861 2766 1911 2793 do-

1127 2810 1235 2836 minium
1247 2817 1325 2844 super
1335 2810 1411 2838 bruta
1425 2812 1522 2843 omnia,
1537 2816 1747 2846 potestatemque
1756 2811 1830 2839 dedit
1843 2817 1916 2838 ittscc
