2058 3123
149 137 201 165 255

149 195 222 229 quasi
244 193 362 221 oletibus
382 192 522 219 herbarum
537 191 620 222 vesci,
638 198 685 216 nec
700 198 750 216 non
765 194 790 214 et
805 185 938 214 mamlavit

150 245 176 266 ut
193 247 288 266 carnes
313 237 339 264 iu
363 238 488 270 sanguine
509 244 558 262 non
581 236 729 266 comedam,
745 234 830 260 adhuc
843 239 938 267 gcreus

148 291 238 311 curam
261 283 325 317 justi
349 287 376 309 et
403 281 581 315 posteritatis,
605 280 793 312 beneﬁciisque
818 282 936 304 nostrum

149 335 231 362 genus
245 328 357 354 ubertim
371 327 504 356 alliciens.
519 326 606 352 denuo
621 325 719 357 majora
733 323 822 356 adjicit
837 323 936 350 beneﬂ-

150 374 200 404 cia,
212 379 236 400 et
251 373 344 408 inquit,
355 372 473 405 Dixitque
482 371 604 398 Dominus
619 370 684 397 Dens
699 369 755 396 Noe
765 375 786 396 et
798 369 857 403 filiis
869 368 938 395 illia:

149 427 204 446 mm
217 419 283 453 ipso,
305 418 410 445 dicens:
424 418 450 444 9.
474 417 538 443 Ecce
559 421 641 443 statuo
663 420 835 442 testamentum
856 422 937 440 meum

149 464 283 494 vobiscum,
299 468 321 489 et
339 463 427 489 semini
445 467 525 488 vestro
539 467 592 496 post
609 470 659 492 vos,
676 462 716 488 I0.
729 466 752 487 et
765 460 832 486 omni
847 460 937 485 anima:

148 510 237 535 rivcnti
249 509 384 541 vobiscum,
398 517 414 534 α
429 508 569 534 volucribus
587 513 610 534 et
626 506 753 540 pecoribus
763 527 769 538 ,
786 510 809 532 et
823 504 935 531 omnibus

148 555 230 581 bestiis
244 559 325 585 terra’,
340 561 500 588 quacumque
511 558 569 579 .vttnt
579 553 710 583 vobiscum,
723 557 744 578 et
760 551 873 578 omnibus
881 558 936 584 qntz

147 608 245 635 egressa
255 604 315 627 sunt
326 608 357 626 ρετ
369 608 447 632 arm;
461 599 503 626 II.
513 604 535 625 el
550 603 656 625 statuam
671 603 843 624 testamentum
854 604 935 622 meatu

147 644 293 671 vobiscum:
305 650 328 671 et
347 654 397 672 non
418 645 537 671 morietur
556 645 623 670 ultra
642 644 723 670 omnis
737 651 795 669 caro
815 651 845 669 ex
864 641 934 675 aquis

146 689 250 722 diluvii;
263 699 309 717 nec
322 691 368 717 erit
380 691 447 717 ultra
461 691 579 716 diluvium
595 698 676 724 aqum,
689 690 755 723 quod
770 698 866 716 onmem
882 694 932 715 ter-

145 743 202 762 ram
223 740 377 770 corrumpat.
409 735 475 768 Quia
497 735 639 762 verisimile
661 731 717 761 erat
735 735 834 769 justum
860 735 931 762 illntu

145 779 232 807 adhuc
246 780 272 806 in
287 788 385 814 angore
400 788 474 813 esse,
488 785 514 807 et
528 785 642 807 tnettlctn
657 781 727 807 illius
741 780 879 807 formidine
894 784 932 807 te-

144 825 220 856 neri;
241 829 268 852 et
285 826 306 852 si
328 826 433 860 quando
453 826 585 860 ingrueret
607 834 702 860 parvus
722 826 816 860 aliquis
836 826 931 859 imber,

144 870 262 896 futurum
279 870 380 897 tristem
395 876 420 898 et
435 871 572 898 attonitttm
583 892 589 902 ,
605 871 678 905 quasi
692 871 778 898 denuo
792 871 851 898 talis
867 875 933 898 tcm-

143 919 233 949 pestas
252 915 379 943 mundum
397 916 543 950 involutura
562 921 632 943 esset
648 925 654 943 :
672 916 731 943 ideo
746 920 812 943 utet
827 916 883 951 ipse
899 917 931 943 ti-

142 959 207 985 dere
219 965 308 994 posset
323 962 515 996 posteritasque
529 962 624 993 omnis,
638 961 753 995 optimus
767 962 835 989 Deus
850 962 932 995 probe

140 1004 229 1031 sciens
249 1005 322 1033 illttm
337 1006 378 1034 vel
400 1007 536 1034 minimam
555 1015 609 1034 rem
630 1008 735 1034 tttrbarc
759 1015 854 1042 posse:
870 1015 930 1034 nam

141 1051 334 1084 prwleritorum
348 1052 510 1085 experientia
523 1052 555 1078 ad
569 1051 737 1080 formidinem
751 1053 928 1079 incutiendam

141 1093 253 1121 multutn
274 1094 353 1122 habet
372 1097 516 1123 momenti:
530 1097 617 1130 itaque
635 1097 694 1130 quia
713 1097 854 1124 verisimile
873 1102 931 1125 erat

139 1139 245 1167 beatum
260 1140 329 1168 hunc
342 1149 448 1175 parvam
469 1142 503 1169 ob
525 1142 638 1176 pluviam
661 1142 871 1174 formidatur-unt,
887 1143 928 1170 id—

139 1183 210 1211 circo
225 1185 354 1219 benignus
374 1186 458 1219 Deus,
477 1187 551 1220 quasi
565 1187 687 1214 ﬁduciatn
701 1187 737 1214 illi
749 1187 927 1220 adhibiturus,

138 1229 281 1257 etabomni
292 1230 432 1259 formidine
445 1232 571 1264 solututn,
586 1233 611 1259 in
625 1240 746 1267 magnam
759 1233 927 1260 securitatem

138 1274 364 1309 rtjucunditatcm
379 1277 542 1309 iuducturus,
556 1278 685 1312 promittit
697 1278 746 1313 ipsi
757 1286 786 1305 se
796 1278 926 1312 ejusmodi

140 1327 244 1354 poenam
259 1323 327 1348 ultra
341 1330 391 1349 non
406 1330 465 1350 esse
479 1323 621 1350 illaturtnn.

172 1366 199 1393 2.
222 1367 254 1394 Et
271 1368 377 1402 quidem
402 1369 502 1403 pridem
525 1373 552 1396 ct
570 1376 631 1397 ante
652 1370 862 1397 bcttedit-IiOnem
878 1370 928 1397 hoc

138 1413 295 1447 promiserat
304 1414 405 1447 dicens,
417 1416 640 1450 quemadmodum
651 1416 797 1448 audivistis,
813 1416 872 1443 Non
882 1416 928 1442 ad;

137 1459 223 1488 iit‘iant
235 1459 301 1486 ultra
316 1465 343 1487 ιιι
359 1461 507 1487 maledicam
521 1467 593 1488 terra:
608 1462 684 1495 (Gen.
700 1463 725 1489 8.
740 1462 787 1496 2i)
802 1471 809 1488 :
823 1463 926 1490 etiamsi

137 1503 275 1531 hominum
287 1506 384 1532 tnalitia
399 1507 538 1539 incrcsrat,
552 1515 603 1534 non
618 1512 704 1535 tatnen
719 1516 767 1543 ego
782 1509 926 1537 hutnanum

136 1557 220 1582 genus
235 1551 278 1577 tali
293 1551 428 1584 subjiciam
443 1560 538 1586 poena}.
562 1553 627 1580 Nam
644 1554 817 1581 monstrando
832 1555 926 1582 inell'a-

137 1595 216 1622 bilem
236 1603 311 1622 suam
332 1597 535 1632 benignitatem,
550 1598 663 1633 idipmm
679 1607 748 1627 nunc
763 1601 848 1628 denuo
863 1609 926 1636 pro-

136 1641 227 1673 mittit,
244 1646 272 1668 ut
293 1641 359 1669 bette
377 1643 492 1670 conﬁdat
512 1645 608 1678 justus,
626 1653 673 1672 nec
685 1646 783 1680 cogitet
795 1647 864 1681 apud
878 1655 924 1680 se.

136 1693 167 1711 ac
181 1685 248 1713 dicat
265 1696 271 1712 :
288 1687 352 1714 Cum
371 1688 431 1714 olim
448 1688 656 1716 benedictionem
670 1692 760 1724 generi
774 1696 866 1719 nostro
879 1692 925 1720 de-

135 1729 239 1764 disset,
256 1737 283 1758 et
305 1737 331 1759 ut
353 1733 428 1760 valde
450 1734 670 1768 multiplicarctur
684 1735 788 1768 eltccit;
806 1745 926 1765 commu-

135 1784 196 1803 nem
212 1781 299 1805 tameu
314 1779 383 1806 illam
398 1770 516 1806 omnium
532 1781 737 1808 internecioacm
759 1783 866 1810 invexit.
892 1783 925 1811 Ut

136 1821 217 1856 igitur
227 1831 333 1850 omnem
347 1832 361 1851 e
376 1825 579 1858 cogitationibus
595 1826 664 1853 illius
677 1828 819 1854 ttttuultttm
833 1828 924 1863 expel—
943 1835 946 1838 '

136 1867 213 1899 lerel,
227 1872 255 1895 et
268 1874 342 1896 certo
355 1875 488 1897 constaret
504 1871 551 1905 ipsi
566 1879 618 1898 non
634 1871 688 1899 lore
701 1872 768 1899 ultra
781 1881 836 1900 rem
851 1874 926 1908 sitni-

135 1913 188 1939 Ictu
207 1914 463 1948 :Quemadmodum,
477 1916 569 1950 ittqttit,
583 1916 709 1944 diluvium
725 1926 756 1944 ex
773 1918 924 1945 misericor-

134 1958 177 1985 dia
199 1959 299 1992 induxi,
315 1965 381 1987 utet
403 1961 501 1988 malitia
526 1962 693 1996 impediatur,
711 1971 795 1997 neque
815 1964 925 1991 ulterius

137 2004 259 2037 progredi
271 2006 364 2039 possit,
379 2006 413 2032 ita
429 2010 456 2033 ct.
470 2014 539 2033 nttnc
549 2007 640 2034 eadem
655 2008 834 2035 misericordia
849 2009 926 2043 polli-

135 2057 198 2076 ccor
209 2058 252 2077 tne
264 2050 288 2077 id
302 2058 352 2077 non
368 2050 434 2078 ultra
446 2052 586 2084 facturum,
603 2058 630 2079 ut
644 2054 760 2087 seposito
770 2054 842 2080 omni
855 2061 922 2081 mte-

136 2102 199 2121 rore
224 2101 378 2128 prtesentetn
399 2097 479 2123 vitam
500 2097 659 2132 transigatis.
681 2098 742 2124 Ideo
757 2098 822 2125 dixit.
840 2107 846 2124 :
863 2098 926 2126 Ecce

135 2144 219 2166 statuo
233 2145 406 2167 leuamentum
420 2150 510 2172 meum,
523 2141 573 2169 hoc
585 2147 635 2174 est,
650 2148 753 2177 pactum
768 2143 837 2170 inco.
853 2143 926 2171 Sicut

136 2185 163 2211 in
179 2185 302 2212 humanis
316 2187 427 2221 negotiis
444 2189 465 2214 si
481 2187 538 2221 quis
554 2189 680 2222 promittit
695 2189 803 2223 aliquid,
822 2194 924 2224 pactum

135 2229 215 2262 facit,
240 2238 361 2265 magnam
386 2232 508 2266 prmbens
531 2233 718 2260 securitatem:
734 2235 767 2260 ita
792 2239 817 2260 et
841 2234 926 2261 bonus

136 2276 267 2302 Dominus
281 2277 365 2311 inquit
385 2286 392 2303 :
411 2276 473 2304 Ecce
492 2283 574 2304 statuo
593 2283 765 2305 testamentum
782 2288 873 2307 meum.
894 2281 925 2307 Et

135 2321 205 2348 bene
216 2322 290 2352 dixit,
304 2322 404 2352 Statua,
417 2330 465 2356 pro
475 2331 517 2355 co,
529 2323 597 2357 quod
608 2328 657 2354 est,
670 2323 738 2351 Ecce
750 2332 798 2359 ego
810 2325 926 2352 iustauro

135 2374 166 2392 ea
181 2375 238 2400 qua:
251 2375 283 2394 ex
301 2373 467 2401 peccatorum
482 2369 596 2401 pernicie
609 2369 775 2403 aeciderant,
789 2375 815 2397 et
835 2371 925 2397 Statua

136 2415 313 2437 testamentum
327 2419 407 2438 meum
419 2413 542 2439 vobiscum
555 2418 577 2439 et
595 2422 650 2440 cum
667 2415 760 2440 semine
777 2419 856 2441 rostra
870 2421 925 2450 post

135 2464 187 2482 vos.
210 2456 274 2483 Vide
298 2457 464 2484 clementiam
486 2458 606 2491 Domini;
626 2460 699 2493 quasi
721 2459 818 2486 diceret
841 2469 847 2487 :
868 2461 924 2488 Non

137 2506 238 2528 tantum
254 2501 388 2529 vobiscum
408 2507 496 2530 statuo
517 2510 638 2538 pactum,
659 2505 704 2531 Sed
726 2510 751 2532 et
771 2505 802 2532 iis
821 2506 865 2540 qui
880 2514 925 2533 vos

136 2550 291 2579 sequentur.
303 2546 396 2573 stabile
406 2551 432 2574 et
446 2547 549 2575 ﬁrmmn
561 2548 618 2576 fore
626 2550 776 2583 pronttutio.
793 2550 885 2578 Postea
898 2557 925 2578 ttt

136 2598 211 2618 suam
230 2592 349 2619 declaret
366 2592 559 2626 liberalitatem,
576 2594 677 2629 inquit:
693 2595 725 2621 Et
749 2596 816 2622 annu'
835 2597 926 2623 anima!

135 2637 227 2664 viventi
240 2637 378 2671 vobiscum,
391 2647 406 2664 a
419 2638 559 2665 volatilibus
570 2645 614 2666 ειη
626 2640 763 2673 pecoribus,
777 2648 800 2667 tt
812 2642 925 2669 omnibus

136 2682 219 2708 bestiis
231 2688 314 2714 torrat,
330 2690 492 2717 quacumque
502 2689 559 2710 sunt
574 2684 696 2711 vobiscum
707 2693 738 2712 ex
747 2686 862 2712 omnibus
871 2694 926 2720 qum

135 2735 235 2761 egressa
258 2732 317 2753 διιπι
338 2735 369 2753 επ
386 2735 464 2758 HTE“;
485 2733 507 2754 ει
524 2733 630 2754 statuant
650 2734 822 2756 testamentum
843 2739 925 2757 meum

136 2772 263 2798 vobiscum
280 2780 289 2798 :
302 2777 324 2798 ct
345 2781 393 2798 non
416 2773 534 2798 tnorirtnr
553 2774 633 2800 omnis
651 2782 710 2800 caro
728 2777 792 2801 ultra
810 2777 841 2802 ab
859 2784 924 2810 aqua

130 2816 247 2846 dilut‘ii:
264 2822 287 2844 et
301 2825 349 2843 non
366 2818 432 2844 ultra
448 2818 491 2844 erit
504 2818 624 2845 dilut'iu'n
640 2827 710 2853 aqua!
720 2840 726 2852 ,
740 2827 766 2846 ιιι
781 2826 923 2856 corrumpat

681 134 713 161 IN
733 133 805 160 (Ἀῐῆ
828 130 871 157 IX.
892 127 1014 156 GENES.
1038 126 1149 152 liUlllL.
1174 125 1290 152 XXVIII.

1730 139 1777 150 --ο

994 191 1089 209 onlnem
1101 187 1201 208 terram.
1217 181 1307 208 Vidisti
1325 186 1459 215 pactorum
1476 180 1696 216 magnitudinan
1712 180 1778 206 vidi-

991 232 1025 254 Slt
1069 227 1273 261 promissionum
1293 225 1451 252 itteﬂ‘abilcm
1467 225 1667 253 liberalitatem?
1682 225 1777 252 Consi-

993 272 1054 298 dera
1075 271 1208 306 quomodo
1229 271 1417 305 benignitatem
1440 278 1514 297 smtm
1535 272 1621 297 denuo
1643 278 1725 305 usque
1744 271 1776 298 ad

992 316 1066 345 bruta
1082 320 1109 342 cl
1123 316 1191 342 feras
1203 316 1336 349 extendat,
1349 320 1374 342 et
1388 316 1482 342 merito
1493 315 1607 349 quidetn.
1622 315 1696 348 Quod
1706 315 1775 342 enim

990 369 1061 395 saepe
1074 361 1137 392 dixi,
1153 361 1204 388 hoc
1217 366 1243 388 et
1258 368 1328 388 nunc
1341 360 1411 388 dico.
1427 360 1491 386 Nam
1504 360 1562 394 quia
1575 365 1680 394 propter
1692 360 1777 387 homi-

991 414 1050 433 nem
1066 406 1122 433 base
1133 405 1259 440 producta
1271 410 1341 439 sunt,
1358 405 1417 433 ideo
1430 409 1456 432 et
1475 405 1578 432 illorum
1591 405 1776 433 beneﬁciorum

992 458 1092 487 partem
1111 452 1208 479 habent
1221 459 1279 486 qum
1295 451 1394 478 homini
1409 458 1535 478 concessa
1547 456 1616 478 sunt.
1632 451 1664 478 Et
1675 451 1772 478 videtur

990 500 1094 534 quidem
1106 507 1245 526 comtnunc
1260 506 1319 526 esse
1333 503 1435 533 pactum
1452 498 1538 532 ipsiet
1553 498 1647 530 brutis,
1662 497 1709 526 sed
1722 506 1774 525 nou

989 545 1023 571 ita
1042 550 1091 571 est.
1116 545 1179 571 Nam
1194 549 1219 571 et
1235 544 1284 570 hoc
1296 544 1327 570 ad
1343 543 1457 573 hominis
1470 543 1592 571 solatium
1607 544 1702 570 factum
1716 548 1754 571 est
1767 563 1774 576 ,

989 596 1017 617 ut
1031 591 1099 618 scire
1115 591 1196 624 possit
1211 591 1237 617 in
1253 595 1351 624 quanto
1366 590 1400 617 sit
1414 590 1523 621 honore,
1539 589 1609 625 quod
1624 597 1675 617 non
1689 590 1774 618 solum

988 635 1014 662 in
1026 643 1055 662 se
1067 636 1229 663 collocentur
1240 635 1378 666 beneﬁcia,
1389 635 1435 662 sed
1447 639 1554 670 propter
1567 643 1595 662 se
1607 635 1632 662 itt
1647 635 1697 662 alia
1710 643 1775 670 quo-

987 688 1039 716 que
1060 681 1183 708 animalia
1203 681 1360 709 extendatur
1375 681 1519 709 liberalitas
1533 682 1646 709 Domini.
1671 682 1703 708 Et
1724 691 1774 709 non

988 726 1116 757 morietur.
1137 727 1228 761 inquit,
1247 727 1327 753 omnis
1346 736 1404 754 raro
1426 727 1491 753 ultra
1505 727 1535 753 ab
1550 736 1615 762 aqua
1636 728 1734 761 diluvii,
1751 733 1774 755 et

987 780 1037 798 non
1057 777 1102 798 crtt
1123 773 1189 799 ultra
1207 772 1338 805 diluvium,
1357 778 1382 799 ut
1400 778 1542 807 corrumpat
1561 781 1657 800 onmem
1671 778 1773 800 tert'ant.

988 817 1079 844 Vidisti
1095 817 1227 852 qttontodn
1241 822 1266 844 et
1281 818 1362 844 remel
1381 823 1406 844 et
1424 818 1518 845 iterum
1536 823 1561 845 et
1580 819 1676 852 Stcpius
1696 819 1773 853 polli-

986 867 1076 890 ceatur
1089 871 1117 890 se
1129 871 1182 889 non
1199 864 1265 890 ultra
1282 864 1459 890 intmissnrutn
1476 872 1640 891 communem
1654 865 1771 891 omnium

987 909 1205 939 internecionem,
1219 914 1247 935 ut
1260 917 1291 936 cx
1308 913 1396 936 mente
1408 909 1469 943 justi
1487 909 1553 936 ltattc
1568 910 1771 937 sollicitudinem

985 954 1093 981 adimat.
1110 960 1136 981 et
1156 954 1189 981 de
1210 954 1301 981 I‘nttu-is
1323 955 1417 981 bonam
1434 962 1506 989 spent
1522 955 1565 982 ille
1581 955 1691 982 haheat?
1707 955 1771 983 Dein

985 1008 1037 1027 non
1058 1007 1134 1027 suam
1155 1005 1273 1027 naturam
1288 1006 1425 1036 spectans,
1441 999 1618 1028 scd'nostram
1632 1001 1771 1029 inﬁrmita~

984 1049 1048 1076 tem,
1065 1053 1117 1072 non
1130 1050 1269 1072 contentus
1284 1051 1323 1072 cst
1337 1047 1510 1080 promissione
1528 1054 1574 1074 sua
1593 1055 1671 1082 quam
1685 1047 1772 1074 verbis

983 1092 1056 1119 dedit
1073 1101 1079 1119 :
1099 1092 1144 1119 sed
1161 1093 1255 1119 iterum
1270 1092 1386 1119 ostendit
1400 1093 1533 1127 quomodo
1548 1101 1576 1120 se
1592 1099 1688 1120 nostra:
1699 1093 1771 1120 intir-

983 1137 1066 1164 mitati
1088 1142 1258 1172 attempcrct,
1282 1144 1308 1165 et
1325 1139 1427 1173 signum
1450 1138 1494 1165 dat
1514 1147 1566 1173 quo
1582 1144 1708 1173 perpetuo
1720 1140 1770 1167 du-

983 1187 1068 1214 rante,
1084 1183 1127 1209 tali
1151 1187 1221 1209 metu
1247 1183 1389 1210 humanum
1409 1191 1492 1218 genus
1515 1185 1620 1211 liberari
1636 1186 1725 1219 possit,
1745 1191 1772 1213 ut

982 1228 1084 1255 etiamsi
1107 1236 1177 1263 saepe
1198 1229 1292 1263 pluviae
1310 1229 1477 1261 deferantur,
1496 1235 1522 1257 et
1536 1230 1656 1258 violenta:
1671 1236 1771 1266 tempe.-

981 1278 1064 1301 stales
1078 1274 1149 1306 ﬁant,
1171 1275 1219 1301 etsi
1233 1282 1359 1309 aquarum
1372 1283 1465 1309 magna
1477 1276 1510 1302 sit
1523 1276 1669 1309 inundatio,
1684 1285 1770 1312 neque

981 1319 1020 1346 sic
1035 1320 1205 1346 metuendum
1222 1320 1255 1346 sit
1267 1341 1274 1352 ,
1289 1320 1334 1348 scd
1349 1321 1534 1348 conﬁdendum
1548 1321 1622 1349 nobis
1635 1322 1668 1349 ad
1679 1322 1769 1350 datum

981 1364 1084 1398 signum
1099 1365 1309 1398 respicientibus.
1329 1366 1368 1392 l2.
1393 1366 1425 1392 Et
1440 1367 1503 1393 dixit
1519 1366 1640 1393 Dominus
1657 1367 1722 1394 Deus
1736 1370 1769 1394 Iul

983 1408 1039 1434 Noe
1057 1417 1066 1435 :
1086 1409 1140 1435 Iloc
1153 1415 1188 1436 est
1203 1410 1302 1445 signum
1317 1412 1455 1437 testamenti
1469 1413 1534 1446 quod
1550 1420 1594 1447 ego
1610 1413 1641 1439 do
1656 1413 1720 1439 inter
1733 1422 1770 1440 me

980 1459 1002 1481 et
1017 1460 1048 1481 te.
1075 1455 1140 1482 Vide
1155 1462 1253 1490 quanto
1268 1455 1368 1483 honore
1380 1457 1479 1491 justum
1493 1458 1624 1492 dignatur.
1645 1458 1683 1485 Ita
1698 1459 1769 1485 cnim

981 1507 1039 1526 cmn
1058 1508 1089 1525 eo
1105 1500 1246 1533 paciscitur
1258 1502 1332 1535 quasi
1349 1501 1427 1528 homo
1441 1502 1538 1529 homini
1556 1503 1676 1538 loquens,
1690 1508 1717 1531 et
1730 1505 1769 1530 di-

979 1545 1015 1572 cit
1032 1554 1038 1572 :
1052 1545 1108 1572 Hoc
1122 1551 1158 1573 est
1170 1547 1268 1582 signum
1284 1548 1421 1575 testamenti
1436 1549 1503 1582 quod
1516 1557 1559 1584 ego
1573 1550 1605 1576 do
1620 1551 1684 1577 inter
1694 1559 1732 1577 me
1745 1557 1769 1577 et

979 1594 1012 1622 te,
1030 1595 1053 1617 et
1072 1599 1168 1618 omnem
1188 1593 1298 1618 animum
1319 1593 1448 1625 virentem,
1468 1602 1522 1628 qua:
1539 1595 1663 1622 vobiscum
1682 1601 1728 1628 est,
1743 1598 1769 1624 in

979 1638 1149 1671 generationes
1159 1643 1274 1664 teternns.
1290 1638 1383 1666 Vidisti
1394 1640 1528 1674 quontodo
1538 1641 1641 1675 signum
1653 1641 1767 1669 dandum

979 1684 1051 1710 otnni
1065 1683 1163 1711 viventi
1179 1684 1334 1712 duraturutn
1349 1686 1383 1713 sit
1397 1687 1421 1712 in
1434 1687 1620 1721 generationes
1633 1693 1745 1715 aeternas
1757 1689 1768 1715 ἵ

978 1728 1035 1756 Νοιι
1057 1729 1140 1757 soluat
1161 1731 1335 1758 communiter
1357 1732 1479 1758 omnibus
1501 1733 1647 1760 viventibus
1666 1733 1711 1760 dat
1729 1735 1768 1760 εἰ·-

978 1783 1068 1811 gnum,
1083 1777 1129 1804 sed
1143 1781 1169 1804 et
1182 1781 1334 1812 perpetuum
1346 1784 1370 1805 et
1382 1783 1508 1805 :ctcrnum
1522 1779 1583 1806 illud
1596 1780 1666 1811 facit,
1676 1789 1768 1815 quatu-

978 1821 1022 1849 diu
1047 1823 1160 1850 mundos
1182 1823 1316 1851 subsistet.
1344 1824 1480 1857 Quodnam
1503 1833 1565 1861 ergo
1585 1827 1688 1860 signum
1708 1828 1767 1854 est?

979 1868 1022 1894 15,
1036 1868 1128 1894 Arcum
1144 1877 1225 1895 nteant
1241 1877 1306 1904 pono
1320 1870 1345 1896 in
1358 1870 1430 1903 nube,
1445 1876 1467 1897 et
1480 1871 1525 1897 erit
1540 1872 1564 1898 in
1577 1873 1675 1906 signum
1689 1873 1768 1908 [aedr-

978 1913 1013 1940 ris
1023 1913 1087 1939 inter
1100 1921 1139 1939 me
1149 1919 1171 1940 ct
1184 1919 1285 1941 terram.
1300 1914 1369 1942 Ecce
1383 1921 1441 1950 post
1454 1916 1670 1950 pollicitationem
1685 1919 1765 1945 verbn

979 1957 1084 1989 lat-tam,
1096 1963 1122 1985 et
1137 1958 1187 1985 ltoc
1201 1959 1304 1993 signum
1316 1961 1359 1992 do,
1375 1961 1466 1987 iridcm
1483 1961 1583 1994 dicens,
1595 1970 1673 1996 quatn
1685 1964 1764 1998 aliqui

980 2004 1035 2030 ﬁcri
1053 2004 1145 2030 dicunt
1157 2005 1212 2031 sole
1228 2004 1316 2031 radios
1335 2014 1397 2032 suos
1421 2012 1511 2033 contra
1533 2008 1616 2034 nubes
1633 2008 1763 2036 mittente.

978 2049 1004 2077 Si
1027 2057 1115 2077 sermo
1135 2057 1224 2083 meus,
1245 2051 1341 2085 inquit,
1359 2059 1410 2078 non
1425 2052 1532 2085 sufﬁcit,
1548 2061 1610 2080 ecce
1623 2058 1649 2080 et
1661 2055 1763 2089 signum

979 2095 1023 2127 do,
1038 2103 1179 2130 numquam
1193 2096 1303 2122 ulterius
1318 2097 1395 2123 talem
1412 2105 1454 2124 mc
1469 2106 1572 2132 poenam
1587 2099 1764 2128 iudnctttrum.

979 2140 1034 2167 Iloc
1058 2149 1121 2174 ergo
1145 2142 1247 2176 signum
1272 2142 1391 2169 videntes
1411 2151 1427 2170 ει
1447 2143 1585 2172 formidine
1607 2145 1764 2173 libercmini.

980 2187 1021 2213 Ii.
1037 2186 1070 2213 Et
1083 2188 1127 2213 erit
1141 2195 1196 2213 cum
1211 2187 1363 2219 nnbilnvero,
1380 2189 1472 2224 inquit,
1487 2191 1563 2217 nubes
1576 2200 1651 2226 super
1663 2196 1763 2223 terram,

979 2236 1001 2257 et
1012 2232 1141 2266 apparebit
1156 2241 1229 2259 arcus
1244 2241 1311 2259 meus
1322 2233 1346 2259 in
1358 2234 1430 2264 nube,
1445 2235 1483 2261 15.
1497 2240 1519 2261 et
1531 2236 1679 2263 recordabar
1692 2242 1765 2264 testa-

979 2277 1054 2303 menti
1066 2278 1122 2310 mei,
1137 2278 1204 2312 quod
1213 2283 1250 2304 est
1264 2279 1327 2304 inter
1337 2287 1376 2306 me
1386 2285 1407 2305 et
1419 2288 1469 2310 vos,
1482 2285 1505 2306 et
1520 2280 1583 2307 inter
1597 2290 1695 2308 omnem
1709 2284 1764 2309 ani-

980 2331 1045 2348 mum
1057 2323 1175 2349 viventem
1189 2323 1292 2350 inomni
1305 2333 1387 2351 carne.
1405 2325 1471 2358 Quid
1486 2325 1560 2358 dicis,
1575 2334 1591 2353 0
1611 2326 1687 2354 beate
1706 2336 1766 2362 pro-

980 2367 1075 2402 pheta?
1097 2367 1273 2398 Rccordahor,
1293 2369 1390 2403 inquit,
1409 2371 1558 2398 testamenti
1572 2372 1634 2404 mei,
1650 2372 1699 2399 ltoc
1713 2378 1763 2405 est,

979 2413 1047 2447 pacti
1064 2413 1126 2443 mei.
1139 2415 1333 2447 promissionis,
1346 2415 1557 2449 pollicitationis;
1572 2425 1623 2444 non
1636 2418 1763 2462 quiaipse

978 2464 1044 2492 opus
1060 2457 1153 2484 habent
1167 2459 1359 2492 recordatione,
1374 2460 1419 2486 sed
1436 2465 1463 2486 nt
1477 2468 1523 2487 nos
1539 2461 1571 2487 ad
1584 2462 1645 2488 illtttl
1659 2457 1762 2497 signum

978 2502 1160 2536 respicientes,
1175 2503 1239 2530 nihil
1254 2503 1348 2530 durum
1368 2505 1541 2539 suspicemur,
1554 2506 1600 2532 sed
1614 2507 1702 2534 statim
1722 2516 1763 2535 re-

980 2547 1119 2574 cordemur
1138 2548 1233 2575 divina:
1257 2549 1448 2583 promissionis,
1464 2555 1490 2577 et
1510 2551 1675 2579 conﬁdamus
1699 2553 1762 2579 nihil

979 2601 1027 2621 nos
1042 2594 1092 2620 tale
1107 2602 1240 2629 passuros.

1013 2640 1039 2667 5.
1061 2640 1152 2667 Vidisti
1167 2645 1291 2674 quantum
1307 2641 1373 2667 Deus
1389 2649 1417 2668 se
1432 2646 1539 2676 propter
1554 2648 1670 2670 nostram
1689 2643 1761 2671 inﬁr-

978 2687 1095 2713 mitatcm
1115 2686 1245 2717 detuittat,
1262 2691 1385 2720 quantam
1405 2695 1494 2713 curatn
1515 2693 1589 2721 gerat
1611 2690 1693 2716 nostri
1715 2698 1761 2724 ge-

978 2732 1058 2763 neris,
1075 2737 1197 2766 quantam
1213 2732 1401 2758 tnisericordite
1415 2734 1621 2766 magnitudittcttt
1634 2735 1760 2768 declaret,

978 2785 1029 2804 non
1045 2777 1104 2812 quia
1128 2777 1262 2803 hominum
1281 2778 1479 2804 conversionem
1503 2779 1576 2811 vidit,
1599 2780 1645 2806 sed
1669 2787 1695 2808 ttt
1717 2790 1762 2815 per

978 2822 1066 2850 omnia
1081 2829 1127 2849 nos
1141 2822 1232 2849 doceat
1248 2822 1378 2857 ingentem
1396 2831 1470 2850 suam
1483 2823 1646 2853 lmnitatctn"
1666 2826 1698 2853 Et
1708 2833 1758 2854 Itan
