2058 3123
282 132 334 160 253

282 195 327 216 erit
339 190 405 216 ultra
418 195 484 224 aqua
499 189 524 215 in
547 188 677 222 diluvium,
698 190 731 215 ita
751 193 777 215 ut
796 189 876 216 doleat
898 195 995 215 omnem
1018 195 1073 212 rur—

283 243 336 261 uent
352 241 361 260 :
375 241 427 261 non
438 236 552 269 atnplitts
571 235 622 261 erit
639 234 769 268 ejusmodi
789 234 888 268 pluvia.
909 233 974 266 Quia
997 232 1073 258 scivit

285 283 334 306 hoc
349 279 442 306 titttcre
462 279 603 306 humanam
618 284 749 311 naturant,
763 279 822 306 vide
841 278 975 313 quomoda
988 276 1073 304 conti-

282 332 335 351 nuo
349 324 399 351 ltoc
413 323 561 359 pollicetur,
583 324 656 358 quasi
679 324 771 351 dicens
793 332 799 350 :
824 323 932 351 Etiamsi
954 321 1073 349 videritis

281 370 380 397 multos
394 370 492 397 imbres
504 369 616 401 demitti,
631 377 664 396 tte
677 369 739 404 quid
754 369 816 396 inde
839 369 934 396 durum
953 367 1072 401 suspice-

281 415 343 442 tttini
364 420 408 441 aut
422 415 544 441 tttctuatis
559 423 566 440 τ
582 414 643 441 Non
659 415 729 441 ettim
750 414 794 441 erit
808 422 873 448 aqua
889 414 915 440 in
938 413 1071 446 dilaniant,

280 460 315 486 ita
330 466 356 486 ut
370 460 452 486 deleat
464 467 563 486 onmem
575 467 676 485 carnem
690 466 699 485 :
715 458 774 485 talis
798 458 882 485 imber
897 465 949 484 non
967 457 1018 484 erit
1031 457 1072 483 ul-

280 510 330 538 tra,
348 510 445 532 tatttattt
462 505 667 540 indignationem
682 513 734 532 non
753 505 821 531 ultra
842 504 997 538 experietur
1016 503 1068 530 ltu-

280 559 386 578 utanttnt
415 551 564 586 genusJG.
586 551 619 578 Et
643 552 705 583 erit,
732 551 834 585 inquit,
858 558 933 577 arcus
953 559 1023 577 meus
1047 553 1072 577 in

280 597 359 629 nube,
386 602 410 624 et
434 596 520 624 ridebo
546 602 572 623 ut
599 597 714 624 recorder
737 597 875 623 testamenti
899 596 986 623 (sterni
1008 596 1073 623 inter

281 643 371 676 Deum,
388 647 410 670 et
424 643 489 670 inter
504 643 616 670 animant
627 643 746 670 viventem
759 642 785 669 in
799 642 868 669 omni
878 650 962 669 carne.
974 642 1070 670 Consi-

279 689 342 716 dera
358 689 492 724 quoutodo
517 689 611 716 volens
633 688 775 715 humanam
797 693 916 715 naturam
937 688 970 714 ad
992 687 1071 715 ﬁdem

279 741 305 762 et
330 735 432 761 ﬁrntattt
454 735 654 768 persuasionem
676 734 811 766 inducere,
837 738 910 761 tattta
930 734 1071 761 verborum

280 787 343 808 usus
364 781 398 807 sit
416 781 645 814 attemperatione.
661 780 694 806 Et
706 779 813 812 videbo,
829 780 924 814 inquit,
939 783 968 806 ut
982 787 1072 806 recor~

278 826 326 853 dcr
337 827 485 852 testamenti
500 825 562 852 mei.
576 826 679 860 Ergone
689 825 762 853 visus
775 825 860 860 ipsum
877 825 902 852 in
915 825 1070 852 memoriam

279 873 350 899 ducit
361 873 371 899 ?
382 873 438 899 Non
455 877 484 900 ut
502 873 551 899 hoc
562 873 743 907 suspicemur;
754 873 840 905 absit;
854 872 900 899 sed
917 878 954 905 ut,
966 871 1072 907 quando

281 920 402 946 videmus
416 920 520 954 signum
540 919 602 952 ltoc,
627 919 672 946 Dei
698 918 867 953 promissioni
888 918 1069 950 conﬁdamus,

278 967 342 994 verti
357 974 408 993 tton
423 973 481 994 esse
495 966 620 1000 possibile
639 965 685 992 Dei
702 965 892 999 promissiones
910 964 1070 991 intercidere

279 1013 321 1039 l7.
344 1011 376 1038 Et
397 1012 460 1038 dixit
475 1010 543 1038 Deus
553 1031 560 1043 ,
575 1010 679 1045 inquit,
693 1010 727 1036 ad
751 1010 806 1037 Noe
820 1018 830 1037 :
846 1009 901 1036 Hoc
916 1010 1016 1044 signum
1029 1013 1068 1036 te-

277 1057 391 1084 stamenti
406 1056 454 1083 mei
465 1056 532 1091 quod
545 1056 617 1091 posui
632 1056 696 1082 inter
708 1063 756 1088 me,
773 1061 796 1081 et
817 1055 881 1081 inter
904 1062 1001 1081 onmem
1014 1061 1071 1080 car-

278 1112 335 1131 nem
348 1111 404 1138 qua:
416 1108 451 1130 est
466 1110 542 1138 super
560 1106 664 1129 terram.
680 1101 823 1136 Accepisti,
846 1100 942 1135 inquit,
965 1100 1069 1134 signum

278 1150 304 1178 id
317 1149 387 1185 quod
401 1149 462 1177 dedi
478 1149 548 1176 inter
562 1156 605 1176 me
617 1153 643 1176 et
656 1155 762 1175 omnem
776 1154 882 1175 carnem
902 1155 960 1182 quin
975 1151 1015 1174 cst
1027 1153 1072 1174 su-

277 1203 325 1230 per
339 1199 449 1222 terram.
464 1193 501 1222 Ne
514 1194 582 1222 ultra
595 1193 767 1221 confundaris
781 1197 880 1224 mente,
903 1199 937 1219 ne
957 1191 1071 1219 turheris

277 1240 366 1267 animo
382 1249 389 1267 :
404 1240 450 1267 sed
465 1240 497 1267 ad
511 1239 561 1266 ltoc
575 1239 688 1273 respice,
701 1243 728 1265 ct
742 1238 798 1273 ipse
820 1237 916 1264 bonam
932 1244 1006 1271 spem
1021 1236 1071 1263 ha-

279 1286 350 1318 beto,
368 1290 394 1312 et
408 1293 502 1312 omnes
522 1284 567 1320 qui
588 1288 647 1319 post
666 1288 692 1311 te
710 1283 791 1310 futuri
814 1287 875 1311 sunt
894 1282 956 1310 hinc
977 1289 1072 1310 conso-

281 1332 406 1359 latimtem
426 1331 578 1366 accipiant:
599 1336 626 1358 et
649 1334 772 1365 aspectus
796 1330 862 1364 signi
887 1329 1008 1356 fiduciam
1032 1330 1071 1356 eis

277 1382 398 1413 prmstet,
413 1377 483 1412 qttod
498 1384 641 1412 numquam
655 1376 714 1403 talis
729 1380 872 1411 tempestas
886 1381 983 1402 terrattt
999 1375 1072 1402 inva-

277 1431 339 1451 sura
361 1424 406 1451 sit.
423 1423 487 1450 Nam
505 1423 627 1458 quamvis
651 1426 757 1457 peccata
779 1421 915 1448 hominum
937 1426 1072 1454 crescant,

277 1477 327 1505 ego
343 1474 430 1496 tamett
443 1477 503 1504 qua:
519 1468 627 1503 promisi
642 1467 810 1502 adimplebo,
827 1471 854 1494 et
868 1474 1010 1501 numquam
1030 1472 1071 1493 ta.

278 1515 331 1542 lcnt
351 1515 557 1549 indignationem
573 1514 599 1540 in
612 1520 706 1540 omnes
715 1512 858 1540 exhibebo.
875 1512 981 1539 Vidistis
992 1520 1071 1547 quam

278 1560 371 1594 ingens
391 1559 426 1585 sit
439 1559 543 1585 Domini
564 1558 688 1585 bonitas?
709 1557 812 1584 vidistis
829 1561 955 1591 quantum
969 1557 1001 1584 ad
1024 1565 1072 1584 lIO-

283 1610 366 1635 stram
380 1605 506 1631 vilitatem
520 1603 609 1631 verbis
623 1611 651 1630 se
665 1603 807 1630 demittat?
820 1602 922 1629 vidistis
934 1602 991 1637 ejus
1009 1609 1070 1636 erga

279 1658 329 1678 nos
346 1650 520 1685 providentia:
535 1649 766 1684 magnitudinem?
782 1648 883 1676 vidistis
895 1649 1071 1683 promittentis

279 1696 481 1724 liberalitatem?
495 1695 551 1722 Non
567 1695 638 1723 enim
656 1694 814 1722 beneﬁciunt
836 1701 913 1721 suunt
935 1701 1019 1728 usque
1039 1693 1072 1721 ad

279 1742 356 1775 duas,
376 1742 415 1769 vel
431 1746 494 1772 tres.
512 1741 552 1768 vel
565 1741 657 1768 decem
672 1740 856 1775 generationes
875 1739 1004 1771 extendit,
1025 1739 1071 1766 sed

281 1787 402 1822 promisit
429 1786 554 1821 quamdiu
574 1786 700 1813 subsistet
719 1785 833 1812 mundus
855 1784 1070 1812 extendendum:

280 1839 309 1861 ttt
319 1842 351 1861 ex
365 1837 477 1868 utropte
489 1832 686 1860 emendatiores
698 1831 849 1864 reddantur,
864 1835 891 1858 et
903 1838 935 1858 ex
955 1838 987 1858 oo
1001 1830 1072 1865 quod

281 1881 318 1908 illi
334 1884 443 1916 propter
455 1879 651 1907 multitudinem
672 1882 841 1914 peccatorum
864 1877 908 1904 tali
931 1884 1008 1912 ptena
1026 1884 1073 1911 pu-

281 1927 327 1954 niti
340 1931 412 1958 sunt,
424 1930 451 1953 et
461 1933 495 1953 ex
508 1933 542 1953 eo
554 1925 623 1960 quod
636 1925 680 1952 ille
690 1932 737 1960 per
749 1924 908 1952 ineffabilem
923 1924 1072 1951 miscricor-

280 1972 350 1999 diam
364 1978 449 2003 suam,
464 1978 513 1998 nos
528 1975 597 2006 tanta
612 1970 788 2006 promissione
799 1969 922 2004 dignatus
937 1974 987 1997 est.
1005 1969 1071 1996 Nam

280 2018 404 2046 cordatos
429 2017 556 2045 beneﬁcia
582 2016 666 2049 magis
687 2023 766 2051 quam
793 2021 879 2050 poenae
901 2015 1022 2041 alliciunt
1040 2014 1074 2041 ad

282 2063 406 2091 mandata
420 2063 559 2090 servanda.

320 2109 387 2136 Deus
401 2108 475 2135 etiam
490 2107 659 2143 peccatoribus
679 2107 811 2142 benignus,
832 2110 926 2140 quanto
941 2105 1020 2139 magis
1030 2106 1076 2139 ju-

283 2155 338 2182 stis.
358 2169 392 2174 -——
405 2154 485 2189 Igitur
501 2162 532 2181 lle
546 2154 628 2180 simus
642 2153 746 2188 ingrati.
760 2152 824 2179 Nam
839 2152 861 2178 si
876 2159 923 2178 nos
933 2157 1074 2186 antequam

284 2201 365 2228 ullum
391 2200 516 2227 bonitatis
537 2199 671 2234 specimen
694 2198 903 2231 exltihucritnns,
928 2198 980 2224 into
995 2198 1075 2225 etiam

283 2253 344 2272 ctttn
359 2245 444 2280 poenis
457 2245 536 2279 digna
556 2245 706 2276 fecerimus,
721 2248 792 2270 tanta
804 2243 926 2278 dignatus
937 2247 979 2270 est
993 2243 1074 2271 bene-

286 2291 391 2318 ﬁcentia
408 2299 414 2317 :
430 2291 452 2317 si
464 2289 530 2325 grati
546 2289 682 2322 fuerimus,
696 2293 724 2316 et
735 2288 768 2316 de
781 2288 912 2323 prioribus
924 2289 1021 2324 gratias
1033 2296 1076 2316 re-

285 2337 434 2370 tulerimus,
448 2335 713 2369 converterimusque
728 2341 777 2361 nos
787 2334 820 2361 ad
843 2334 963 2367 meliora,
978 2339 1075 2369 quanta

285 2388 340 2410 tum
353 2382 465 2417 denique
479 2389 527 2408 ttos
541 2381 693 2416 dignabitur
706 2379 863 2408 liberalitate
877 2385 904 2408 et
924 2380 1027 2415 gratia?
1048 2380 1075 2408 Si

285 2429 355 2457 enim
371 2428 483 2463 indignis
497 2428 532 2454 ita
547 2426 689 2459 benefacit,
703 2430 730 2453 et
742 2431 794 2453 tam
809 2426 938 2461 benignus
951 2431 994 2454 est
1015 2433 1077 2461 pec-

285 2476 419 2503 catoribus
429 2483 436 2507 ;
448 2475 469 2501 si
484 2482 498 2500 a
510 2473 628 2509 peccatis
645 2472 834 2505 destiterintus,
847 2477 874 2500 et
895 2473 1019 2500 virtutem
1034 2479 1076 2499 se-

285 2529 399 2555 ctemur,
411 2530 470 2556 qute
482 2530 534 2548 tton
545 2520 736 2555 consequuturi
750 2521 859 2547 sumus?
873 2520 1014 2548 Enimvero
1027 2521 1077 2548 hac

285 2569 319 2595 de
331 2575 409 2595 causa
424 2567 495 2602 prior
510 2566 567 2600 ipse
581 2566 662 2593 multa
676 2566 702 2593 in
715 2573 765 2593 nos
776 2565 904 2593 beneﬁcia
918 2565 1031 2598 confert,
1047 2570 1074 2594 et

285 2623 345 2641 eum
367 2614 574 2648 peccaverintns,
592 2613 687 2639 iterum
700 2612 776 2639 nobis
790 2612 893 2639 veniant
909 2612 1035 2647 impertit,
1048 2617 1074 2639 et

286 2659 412 2695 t-npplicia
425 2666 478 2686 non
494 2666 509 2686 e
524 2657 635 2693 vestigio
650 2657 730 2686 infert
743 2666 749 2684 :
766 2662 794 2684 ut
809 2664 856 2692 per
870 2657 959 2685 omnia
973 2665 1021 2684 nos
1033 2658 1075 2684 al-

287 2705 368 2738 liciat,
389 2709 416 2732 et
430 2704 492 2732 dum
504 2703 645 2737 benefacit,
661 2707 688 2730 et
698 2703 761 2730 dum
783 2703 887 2730 tolerat.
904 2703 982 2738 Saepe
995 2703 1074 2730 etiam

285 2751 347 2779 dum
363 2750 464 2785 aliquos
479 2749 564 2785 punit,
580 2749 646 2776 alios
659 2756 706 2784 per
718 2748 768 2776 ltoc
782 2747 907 2776 inducere
921 2747 985 2782 vult,
1000 2753 1027 2775 ut
1041 2747 1074 2774 il-

287 2798 370 2823 lornnt
391 2800 462 2823 metu
479 2795 609 2831 castigati,
627 2794 749 2830 supplicii
771 2793 918 2829 periculum
937 2793 1073 2828 effugiant.

291 2841 385 2870 Vidisti
413 2844 608 2877 sapientissimi
628 2843 674 2871 Dei
692 2843 903 2878 benignitatem.
941 2839 1074 2874 quomodo

636 132 663 160 S.
684 130 822 160 JOANNIS
841 129 1075 158 Clliin'USlOMl
1091 129 1247 156 ARCHIEP.
1265 130 1528 159 CONSTANTINUP.

1866 135 1921 162 236

1127 186 1214 213 omnia
1230 195 1289 222 quat
1312 195 1358 222 per
1380 188 1464 223 ipsum
1489 189 1564 221 fiunt,
1590 193 1695 224 propter
1716 197 1794 216 unum
1819 192 1919 222 Solum,

1126 240 1221 268 nempe
1235 233 1330 261 salutis
1350 239 1446 261 nostrte
1462 242 1540 262 causa
1558 235 1638 261 fiant?
1660 235 1722 262 lla-c
1744 235 1832 270 itaque
1848 238 1920 270 cogi-

1127 283 1223 311 tatttes,
1240 287 1272 306 ne
1285 280 1367 306 simus
1382 280 1498 312 desides,
1514 288 1547 307 tte
1557 280 1682 307 virtutem
1698 281 1872 316 negligamus,
1888 292 1921 309 ne

1126 330 1313 359 praetereamus
1327 326 1399 361 leges
1410 326 1443 353 ab
1457 326 1501 353 illo
1514 331 1637 353 statutas.
1652 327 1718 354 Nant
1729 328 1750 354 si
1764 328 1860 355 viderit
1871 337 1920 354 nos

1124 371 1254 404 converti,
1271 377 1298 398 et
1312 372 1460 406 quiescere,
1477 377 1502 399 et
1519 373 1675 407 principium
1687 373 1792 408 aliquod
1806 382 1918 408 ponere.

1125 417 1182 451 ipse
1195 425 1300 452 quoque
1315 426 1361 446 sua
1375 420 1453 447 simul
1467 419 1571 450 afferet,
1592 420 1721 455 facietque
1736 421 1811 448 nobis
1829 422 1918 448 omnia

1125 461 1192 488 levia
1206 468 1232 489 et
1246 463 1341 495 facilia,
1358 469 1385 492 et
1400 472 1452 491 non
1480 466 1615 499 permittet
1638 469 1666 492 ιιι
1688 466 1793 493 virtutis
1814 466 1919 493 labores

1125 507 1277 535 sentiamus.
1293 508 1357 535 Nant
1368 509 1474 544 quando
1485 510 1571 536 attitna
1585 510 1617 537 ad
1633 511 1715 538 Deum
1729 511 1918 545 cogitationem

1124 558 1199 578 suam
1223 553 1345 586 intendit,
1365 562 1417 581 tton
1435 554 1489 589 jant
1514 554 1600 589 decipi
1626 561 1712 590 potest
1733 563 1747 582 a
1774 556 1918 583 visibilium

1123 602 1232 632 aspectu
1249 607 1256 626 :
1270 599 1315 626 sed
1330 600 1486 634 praeteriens
1501 601 1587 628 omnii
1604 609 1635 627 ea
1651 608 1710 636 qum
1726 609 1778 628 non
1796 602 1918 628 videntur

1124 643 1307 678 corporalibus
1327 645 1423 678 oculis,
1446 653 1506 680 quze
1526 645 1625 672 nullam
1648 646 1735 673 sciunt
1758 647 1920 673 vicissitudi-

1124 695 1195 721 nem,
1210 689 1256 716 sed
1273 694 1399 724 perpetuo
1412 695 1529 723 ntattcnt,
1544 691 1649 726 fixaque
1661 695 1723 718 sunt
1743 699 1774 719 ac
1795 692 1916 725 immota,

1124 733 1278 769 diligentius
1301 736 1462 770 speculatur,
1489 744 1567 771 quam
1589 744 1620 764 ea
1644 745 1703 772 qua:
1724 738 1749 764 in
1772 743 1918 772 conspectu

1123 783 1186 806 sunt
1199 780 1294 814 posita.
1317 780 1397 808 Tales
1409 781 1480 808 enim
1495 782 1593 809 mentis
1606 787 1667 808 sunt
1681 782 1762 815 oculi,
1779 783 1823 817 qtti
1837 783 1870 809 ad
1884 784 1919 810 il—

1123 824 1209 852 lorum
1229 826 1411 860 spectaculum
1427 826 1553 854 continuo
1574 826 1723 860 intendunt,
1746 832 1774 854 ct
1793 828 1919 863 supernis

1123 872 1205 899 radiis
1218 872 1352 904 illustrati,
1367 872 1456 900 omnia
1476 880 1535 908 qua:
1557 873 1583 900 in
1607 873 1656 900 ltac
1669 873 1721 899 vita
1748 879 1819 907 sunt,
1840 874 1917 908 quasi

1123 917 1242 944 umbram
1258 922 1285 945 et
1294 917 1437 950 somnium,
1451 922 1590 946 transeunt
1604 927 1610 945 :
1628 926 1680 945 non
1695 919 1739 946 ulli
1753 919 1820 946 ultra
1834 920 1918 947 decc-

1123 963 1205 996 ptioni
1218 963 1324 990 obnoxii
1339 968 1409 994 sunt.
1425 971 1510 998 neque
1522 964 1708 991 circumveniri
1724 970 1851 999 possunt;
1868 965 1914 992 sed

1123 1008 1225 1035 etiamsi
1237 1016 1302 1043 opes
1317 1009 1442 1041 viderint,
1459 1009 1547 1036 statim
1562 1010 1694 1041 derident,
1714 1013 1829 1038 scientes
1845 1011 1918 1046 quod

1123 1053 1231 1089 fugitivo
1241 1055 1334 1089 quovis
1345 1055 1507 1083 inﬁdeliores
1520 1056 1553 1082 ab
1567 1063 1619 1083 uno
1631 1056 1664 1083 ad
1675 1057 1754 1083 aliunt
1767 1061 1915 1084 transeant.

1123 1105 1151 1127 et
1162 1108 1303 1135 numquam
1315 1101 1384 1136 apud
1395 1102 1517 1129 eumdem
1530 1102 1684 1135 subsistant,
1697 1107 1722 1129 et
1735 1103 1833 1130 inﬁnita
1849 1105 1918 1131 mala

1125 1146 1320 1180 possidentibus
1333 1146 1454 1178 afferant,
1471 1154 1537 1182 quos
1552 1152 1578 1175 et
1598 1148 1623 1174 in
1639 1147 1725 1183 ipsunt
1749 1149 1868 1182 ntalitim,
1890 1154 1920 1177 ut

1123 1190 1158 1217 ita
1174 1191 1271 1224 dicam,
1286 1192 1459 1226 praecipitium
1475 1193 1602 1227 impulsos
1614 1193 1765 1221 deturbant.
1779 1195 1813 1222 Et
1823 1196 1844 1222 si
1855 1203 1918 1222 cor-

1125 1237 1195 1271 poris
1216 1236 1407 1264 formositatctn
1430 1245 1522 1265 rursus
1541 1237 1630 1265 intuiti
1653 1239 1769 1270 fuerint,
1794 1247 1848 1268 n0n
1874 1241 1919 1268 illa

1123 1281 1321 1315 subvertuntur,
1337 1283 1484 1317 cogitantes
1500 1287 1553 1310 tant
1569 1283 1665 1310 [laxant
1677 1289 1702 1311 et
1717 1284 1868 1312 instabilem
1883 1286 1919 1312 il-

1124 1327 1175 1354 lam
1196 1335 1265 1360 esse,
1287 1332 1316 1354 ut
1338 1328 1530 1363 superveniens
1552 1329 1660 1356 morbus
1683 1335 1792 1364 repente
1808 1339 1917 1359 onmem

1123 1372 1194 1399 illam
1209 1372 1319 1399 formant
1332 1373 1466 1406 obscuret,
1482 1378 1509 1401 et
1519 1379 1547 1401 ut
1561 1381 1760 1410 nonnumquam
1771 1380 1832 1402 ante
1848 1383 1920 1403 tuor-

1124 1419 1196 1450 bum,
1213 1420 1234 1446 si
1247 1419 1370 1446 invaserit
1383 1425 1517 1453 senectus,
1531 1420 1621 1454 facies,
1636 1429 1695 1456 quze
1711 1427 1786 1449 antea
1801 1422 1919 1449 formosa

1123 1470 1190 1497 erat,
1206 1464 1251 1491 ﬁat
1265 1464 1390 1492 deforntis
1417 1470 1444 1492 et
1459 1465 1600 1500 injucunda
1617 1475 1623 1492 :
1637 1474 1708 1493 mors
1722 1472 1809 1494 autem
1824 1475 1920 1502 super-

1123 1511 1242 1542 veniens,
1258 1519 1363 1538 omnem
1378 1512 1497 1546 corporis
1512 1512 1736 1546 pulchritudinem
1759 1515 1862 1548 perdat.
1884 1514 1918 1541 Et

1123 1556 1145 1583 si
1161 1563 1239 1591 quem
1254 1556 1367 1582 viderint
1380 1556 1464 1590 gloria
1478 1562 1505 1583 et
1517 1558 1634 1592 potentia
1650 1558 1820 1591 instructum,
1835 1564 1862 1586 et
1874 1559 1920 1594 qui

1124 1602 1149 1629 in
1161 1610 1292 1629 sumntttnt
1305 1603 1462 1637 dignitatum
1476 1605 1603 1631 verticem
1619 1606 1780 1638 pervenerit,
1795 1606 1921 1640 omnique

1123 1647 1251 1675 felicitate
1264 1647 1376 1681 fruatur,
1390 1648 1469 1676 etiam
1486 1649 1558 1676 illunt
1576 1654 1746 1684 prietereuut,
1763 1650 1837 1685 quasi
1855 1650 1921 1677 nihil

1123 1693 1219 1720 stabile
1232 1697 1259 1720 et
1273 1693 1386 1720 solidum
1401 1693 1555 1727 habentem,
1576 1694 1622 1721 sed
1642 1694 1675 1722 de
1694 1695 1745 1721 illis
1760 1696 1921 1730 gloriantem

1125 1747 1186 1774 qua:
1210 1739 1363 1767 ﬂuminibus
1389 1740 1452 1774 ipsis
1480 1748 1562 1775 ocyus
1587 1741 1821 1775 prteterlabuntur.
1849 1742 1921 1774 Quid

1126 1786 1197 1813 ettitn
1220 1786 1292 1813 omni
1312 1786 1388 1821 hujus
1403 1787 1463 1813 vitae
1475 1787 1559 1821 gloria
1576 1787 1663 1819 vilius,
1679 1795 1737 1821 τμη
1752 1786 1811 1814 flori
1826 1787 1919 1814 herba:

1106 1833 1110 1836 ”
1124 1832 1280 1859 confertur?
1297 1832 1386 1859 Omnis
1408 1833 1478 1859 enim
1501 1833 1584 1868 gloria
1605 1833 1725 1868 hominis;
1742 1833 1837 1868 inquit,
1854 1834 1920 1860 sicut

1124 1878 1172 1912 flos
1184 1878 1244 1912 [aeni
1260 1877 1334 1914 (Isai.
1350 1878 1394 1905 40.
1411 1878 1444 1911 6;
1460 1879 1486 1906 l.
1500 1877 1558 1905 Pet.
1577 1879 1600 1905 l.
1616 1878 1673 1913 24).

1161 1924 1186 1950 4.
1211 1923 1328 1956 Vidistis,
1343 1924 1442 1956 dilecti,
1458 1931 1536 1959 quam
1548 1929 1626 1951 acute
1644 1925 1751 1951 videant
1765 1925 1835 1952 oculi
1848 1925 1921 1957 ﬁdet,

1125 1968 1147 1995 si
1160 1968 1264 2003 quando
1278 1968 1304 1995 in
1320 1968 1401 1995 Deuttt
1415 1976 1490 1996 mens
1503 1969 1602 1996 intettta
1616 1969 1714 1996 fuerit?
1730 1969 1832 1997 vidistis
1845 1977 1916 2005 quo-

1126 2014 1206 2041 ntodo
1219 2022 1233 2041 a
1248 2014 1318 2040 nulla
1341 2022 1369 2041 re
1388 2014 1484 2041 visibili
1505 2012 1591 2050 decipi
1613 2019 1733 2049 possunt,
1757 2016 1804 2042 sed
1819 2021 1922 2043 rectuttt

1127 2060 1222 2087 habent
1238 2068 1324 2088 rerum
1335 2060 1474 2095 judicimn,
1488 2069 1574 2101 neque
1588 2061 1614 2088 in
1628 2061 1682 2088 ullo
1694 2061 1839 2088 fallutttur?
1854 2061 1921 2094 Sed,

1127 2107 1148 2134 si
1163 2112 1266 2141 gratum
1280 2112 1329 2140 est,
1347 2108 1442 2134 iterum
1456 2107 1488 2134 ad
1503 2112 1655 2134 contextum
1677 2111 1808 2136 sermonis
1830 2116 1924 2135 rever-

1129 2157 1225 2185 tantur,
1244 2157 1269 2179 et
1285 2153 1377 2186 paucis
1390 2153 1532 2187 propositis
1547 2153 1625 2180 ﬁnem
1641 2153 1764 2188 loquendi
1780 2153 1921 2186 faciamus,

1128 2202 1157 2226 ut
1176 2198 1309 2226 dictorum
1330 2200 1458 2226 memoria
1478 2200 1559 2227 tttenti
1583 2204 1679 2227 νοιειτω
1699 2200 1832 2235 inﬁgatur.
1855 2200 1922 2227 Natn

1129 2249 1266 2278 postquam
1280 2244 1415 2279 Scriptura
1435 2252 1586 2272 sermonent
1607 2245 1640 2272 de
1660 2245 1750 2273 divino
1765 2246 1841 2281 signo
1862 2247 1923 2273 lini-

1128 2289 1176 2322 vit,
1190 2296 1238 2316 nos
1252 2289 1349 2316 iterum
1363 2290 1460 2318 docere
1473 2290 1528 2317 vult
1539 2291 1589 2318 alia
1605 2298 1665 2325 qum
1676 2291 1709 2318 ad
1725 2290 1827 2325 justum
1848 2291 1922 2318 illuttt

1127 2339 1156 2362 et
1171 2334 1240 2362 ﬁlios
1253 2334 1323 2362 illius
1341 2336 1485 2370 pertittent,
1509 2341 1536 2363 et
1556 2336 1622 2363 dicit
1648 2345 1654 2363 :
1678 2337 1721 2363 l8.
1744 2337 1822 2363 Erant
1837 2343 1924 2364 autem

1128 2381 1177 2416 ﬁlii
1193 2380 1259 2413 Noe,
1275 2382 1318 2416 qui
1339 2382 1370 2409 de
1389 2390 1450 2408 arca
1469 2382 1562 2417 egressi
1585 2387 1652 2415 sunt,
1669 2382 1739 2416 Sent,
1760 2382 1852 2416 Cltant,
1874 2383 1924 2410 Ju-

1130 2427 1217 2462 pitetlt.
1232 2426 1310 2454 Citam
1327 2432 1410 2454 autent
1424 2433 1478 2454 erat
1493 2432 1563 2462 pater
1576 2428 1708 2455 Chanaan.
1726 2429 1768 2456 l9.
1786 2428 1849 2455 Tres
1863 2434 1924 2456 sunt

1128 2473 1155 2500 hi
1167 2472 1215 2507 ﬁlii
1229 2472 1303 2505 Noe;
1318 2473 1350 2500 ab
1365 2473 1418 2500 istis
1431 2473 1538 2507 dispersi
1551 2479 1609 2501 sunt
1619 2482 1695 2509 super
1707 2482 1805 2501 onmem
1817 2480 1922 2501 terram.

1130 2520 1241 2555 [tignum
1262 2520 1305 2547 hic
1320 2519 1399 2547 fuerit
1413 2525 1441 2547 ut
1460 2520 1624 2555 inquiramus
1646 2528 1729 2555 quare
1744 2520 1832 2547 divina
1848 2521 1924 2548 Scri-

1129 2571 1205 2600 ptura
1221 2565 1269 2592 ltos
1283 2570 1337 2593 tres
1353 2565 1421 2592 ﬁlios
1440 2567 1684 2599 conttttentorando,
1707 2567 1797 2593 subdit
1813 2575 1820 2593 :
1842 2566 1925 2593 Clmnt

1129 2616 1211 2638 autem
1226 2615 1279 2638 erat
1294 2616 1367 2646 pater
1381 2611 1513 2639 Chanaan.
1538 2611 1578 2639 Ne
1602 2612 1710 2647 puti-tis,
1727 2613 1850 2644 obsecro,
1874 2613 1926 2639 huc

1128 2657 1228 2691 alisque
1239 2663 1318 2683 causa
1335 2656 1416 2683 fuisse
1436 2656 1569 2690 adjectum
1591 2666 1597 2684 :
1613 2657 1678 2684 nihil
1698 2657 1769 2684 cttittt
1792 2658 1817 2684 in
1833 2657 1925 2684 divina

1129 2701 1264 2736 Scriptura
1279 2700 1441 2734 continetur,
1455 2702 1524 2736 quod
1539 2710 1591 2728 non
1604 2702 1691 2736 aliqua
1706 2702 1809 2745 ratione
1822 2703 1924 2729 dictum

1128 2748 1173 2779 sit,
1191 2755 1250 2782 quae
1274 2754 1325 2774 non
1351 2751 1378 2774 et
1404 2747 1530 2774 latentem
1553 2748 1578 2774 in
1600 2755 1630 2775 se
1653 2748 1748 2775 habeat
1771 2749 1924 2776 utilitatcttt.

1127 2793 1215 2827 Quare
1228 2800 1292 2828 ergo
1307 2793 1475 2827 signiﬁcavit,
1489 2792 1567 2820 Citam
1588 2798 1672 2820 autent
1692 2799 1745 2820 erat
1766 2799 1839 2828 pater
1857 2793 1923 2821 ωηι-

1130 2838 1218 2866 mtan.’
1231 2838 1319 2866 Voluit
1334 2846 1380 2872 per
1395 2838 1446 2866 hoc
1461 2838 1536 2866 nobis
1551 2838 1621 2866 illius
1635 2839 1869 2873 intcmprrantimtt
1885 2840 1926 2866 in-
