2058 3123
198 167 249 195 9.57

199 227 307 256 gentem
321 220 502 253 subindicare,
524 228 555 248 ac
578 227 662 254 neque
676 219 834 248 Calamitalis
857 219 989 253 magnitu-

197 269 287 295 dinem
302 268 374 294 illum
388 275 512 295 coemere
525 266 653 302 potuisse,
668 275 754 302 neque
769 272 868 294 tantam
883 267 909 294 in
925 275 987 294 arca

197 314 347 349 angustiam
363 314 546 340 irrefrenatani
562 313 633 340 illius
653 313 897 346 concupiscentiam
917 312 990 340 seda-

198 362 287 387 visse:
305 359 352 387 sed
364 360 485 395 quamvis
501 359 582 386 frater
603 359 661 393 ejus
682 358 766 393 major
786 358 902 385 nondum
923 358 990 385 filios

197 404 401 440 procreavisset,
422 404 492 431 hunc
513 404 710 432 incontinentia:
725 403 855 435 deditum,
878 404 903 430 in
921 408 989 431 tem-

198 458 261 485 pore
279 455 359 477 tanta:
378 450 577 485 indignationis,
600 455 626 476 ct
639 450 771 484 generalis
789 450 920 481 interitus,
937 457 989 484 quo

196 496 268 522 orbis
282 495 493 530 comprehensus
507 499 558 527 est,
574 495 613 522 rei
627 503 747 522 venerea:
760 495 879 522 deditum
896 495 987 528 fuisse,

195 545 222 568 et
241 541 392 575 cupiditatis
414 541 644 575 intemperantiam
665 548 718 568 non
741 540 927 572 refrenarisse,
941 540 988 567 sed

193 585 248 620 jam
273 586 360 612 statim
383 586 416 612 ab
439 586 512 612 initio
535 585 617 613 animi
639 585 679 612 sui
703 586 856 620 pravitatem
879 586 989 613 demon-

195 637 302 658 strasse.
321 631 409 665 ltique
422 638 482 657 eum
499 638 549 657 non
561 630 646 657 multo
659 636 717 665 pust
732 637 838 665 Propter
853 636 989 658 conluuie-

195 676 256 702 liam
282 675 306 702 in
329 681 477 710 parentem,
495 675 708 703 maledictioiiein
731 681 902 710 suscepturus
917 681 988 702 esset

194 721 252 754 ejus
268 721 336 748 filius
350 721 474 748 Chanaan
498 730 504 748 :
527 721 586 748 ideo
608 721 743 756 Scriptura
758 721 845 748 divina
870 722 894 748 id
915 722 988 756 prius

194 766 346 801 assignavit,
366 767 464 801 liliique
481 774 576 794 nomen
596 766 750 800 declaravit,
767 775 797 794 ac
811 767 889 795 simul
905 767 986 802 patris

195 813 424 846 intemperantiam
442 821 448 838 ε
467 818 494 839 ut.
509 820 568 839 eum
585 818 678 847 postea
694 812 790 839 videi-is
805 813 878 839 illiilli
894 820 986 847 magna

194 858 291 893 ingrati
306 866 365 893 eiga
383 864 483 892 patrem
505 859 586 885 animi
606 859 680 893 signa
701 859 775 890 dare,
799 859 868 886 scire
889 860 985 893 possis,

195 905 280 938 ipsmu
293 904 347 938 jam
362 904 424 930 oliui
449 905 526 931 talem
548 905 637 936 fuisse,
664 908 754 938 utpote
776 912 860 939 neque
880 913 893 932 ιι
916 909 985 932 tanta

193 949 345 976 calamitate
368 950 546 976 emendatum.
571 944 698 977 Siiflieei'e
723 951 793 976 enim
820 950 933 977 debebat
953 950 986 977 ad

193 995 413 1030 exstinguendam
443 996 576 1023 libidinem
608 1001 694 1023 tantus
724 1003 840 1028 ιιιωιὉνς
869 996 987 1030 nihilque

193 1042 327 1069 flammam
340 1047 367 1069 et
379 1043 509 1074 insaniam
526 1043 594 1069 hanc.
610 1043 643 1068 ita
657 1043 833 1077 comprimere
849 1047 944 1076 potest,
958 1048 982 1069 ul

194 1088 307 1114 tristitia:
324 1088 500 1120 vehementia,
516 1094 542 1115 et
555 1088 712 1115 calamitatis
727 1088 888 1122 magnitudo.
907 1088 986 1122 Igitur

194 1135 239 1169 qui
263 1135 287 1161 in
304 1139 375 1161 tanta
397 1135 525 1160 malorum
541 1134 564 1160 \‘i
581 1139 660 1161 tanta:
680 1134 761 1161 raliiei
781 1139 808 1161 et
832 1134 940 1161 insania:
961 1135 985 1160 in

193 1181 365 1215 procreandis
381 1181 470 1208 liberis
485 1179 541 1212 fuit,
557 1188 607 1215 qua
629 1181 704 1207 venia
725 1180 819 1215 dignus
836 1180 933 1208 fuerit?

230 1227 281 1252 Cur
294 1232 365 1261 patre
386 1226 469 1253 Cliani
492 1231 610 1260 peccante
626 1226 693 1260 filius
708 1226 832 1253 Chanaan
856 1227 987 1253 maledici-

193 1274 330 1300 tim—At
354 1273 396 1300 hic
419 1274 494 1300 nobis
516 1274 565 1300 alia
590 1273 699 1308 quaestio
725 1273 851 1304 nascitur.
875 1274 987 1299 celebris

195 1319 248 1351 illa,
262 1325 289 1346 et
300 1327 358 1353 qua:
380 1319 474 1354 ubique
491 1318 677 1346 circumfertur
696 1327 702 1344 :
725 1319 812 1352 Quare
834 1324 909 1352 patre
925 1327 987 1352 pec-

192 1370 281 1396 cante,
298 1364 366 1391 filius
380 1365 548 1391 maledictum
563 1364 676 1399 arcipit?
691 1363 743 1390 Sed
759 1371 792 1390 ne
806 1363 912 1398 longum
926 1371 985 1390 ser-

193 1420 301 1439 monem
318 1420 387 1438 nunc
401 1412 540 1443 faciamus,
559 1413 583 1438 in
599 1411 670 1439 aliud
692 1416 796 1446 tempus
816 1411 887 1439 illam
907 1419 986 1446 repo-

194 1464 300 1490 neinus,
318 1462 344 1483 ut
359 1465 418 1483 curn
431 1457 464 1484 ad
479 1464 540 1484 cutn
553 1457 640 1484 locum
656 1457 865 1491 pervenerimus,
883 1461 944 1484 tunc
960 1462 987 1484 et

192 1502 352 1530 solutionem
374 1503 526 1535 aderamus,
553 1510 632 1538 quam
655 1503 723 1530 Deus
742 1503 892 1530 donaverit.
915 1503 984 1531 Nihil

192 1548 265 1575 enim
280 1549 305 1574 in
319 1556 392 1575 saera
417 1547 566 1583 Scriptura,
589 1549 659 1576 sicut
682 1549 748 1582 dixi,
773 1549 892 1576 invenire
916 1549 984 1582 licet,

192 1593 264 1627 quod
280 1593 380 1627 absque
402 1593 504 1621 ratione
517 1593 605 1629 aliqua
625 1593 660 1620 sit
673 1594 810 1628 scriptum.
832 1594 886 1622 lloc
909 1595 987 1629 igitur

193 1639 299 1665 interim
315 1639 481 1673 exploratum
495 1643 546 1673 est,
559 1647 655 1667 nomen
670 1639 714 1666 lilii
727 1648 778 1666 non
792 1640 891 1674 alisque
905 1648 984 1667 causa

193 1684 276 1712 fuis>e
289 1692 304 1710 a
318 1684 389 1711 Mose
403 1689 650 1717 commemoratum,
666 1692 726 1711 cum
740 1684 807 1711 dixit
822 1693 828 1710 :
845 1684 923 1711 (Iliam
938 1693 986 1711 au-

191 1734 242 1755 tem
255 1734 309 1755 erat
324 1734 394 1763 pater
408 1729 540 1756 Chanaan.
556 1729 628 1760 Tres.
641 1729 734 1764 inquit,
748 1735 806 1757 sunt
819 1730 845 1756 hi
858 1730 906 1764 ﬁlii
918 1729 985 1762 Nae,

191 1781 217 1802 et
231 1775 261 1801 ab
277 1776 307 1802 iis
320 1775 427 1810 dispersi
440 1780 499 1802 sunt
513 1784 589 1811 super
604 1784 701 1802 omnem
715 1781 817 1803 terram.
833 1775 924 1811 Neque
937 1777 986 1804 hoc

192 1821 294 1848 dictum
306 1821 393 1848 obiter
406 1826 605 1856 prmtei‘eamtis,
620 1821 719 1854 dilecti,
734 1821 779 1849 sed
794 1822 939 1856 cogitemus
953 1829 984 1848 ex

194 1867 241 1894 illo
266 1867 323 1901 ipso
351 1867 456 1894 virtutis
481 1867 526 1893 Dci
550 1867 768 1901 magnitudinem.
798 1866 867 1900 Tres,
892 1867 984 1901 inquit,

191 1918 266 1940 erant
280 1913 305 1939 lii
319 1913 366 1947 ﬁlii
383 1912 449 1945 Noe,
465 1917 488 1939 et
503 1921 535 1940 ea:
547 1913 598 1940 illis
611 1913 717 1948 dispersi
729 1918 785 1939 sunt
799 1921 875 1947 super
889 1921 987 1939 omnem

192 1965 299 1986 terram.
313 1959 451 1993 Quomodo
466 1966 499 1986 ex
521 1959 604 1986 tribus
625 1963 695 1986 tanta
720 1959 861 1985 multitudo
881 1966 985 1986 succre-

192 2006 248 2032 vit?
263 2005 397 2040 quom-do
411 2008 553 2038 potuerunt
565 2003 708 2032 sufficere:
722 2003 856 2038 quomodo
871 2011 903 2031 ex
920 2012 986 2038 pau—

191 2053 234 2080 cis
248 2052 300 2079 illis
321 2056 391 2078 totus
412 2051 526 2078 mundus
542 2051 720 2079 constitutus?
739 2051 873 2086 quomodo
892 2058 984 2078 eorum

192 2102 398 2133 permanserunt
412 2097 545 2132 corpora?
566 2097 623 2124 Non
645 2097 762 2124 medicus
781 2101 846 2129 erat,
868 2096 912 2131 qui
927 2104 985 2124 me-

191 2144 308 2171 dicinam
329 2143 477 2176 adhiberet,
502 2150 589 2177 neque
607 2143 656 2170 alia
676 2150 750 2170 cura.
772 2141 893 2169 Nondum
914 2143 984 2169 enim

192 2195 272 2218 erant
284 2191 403 2217 civitates
422 2190 547 2223 conditio,
568 2188 614 2216 sed
637 2192 697 2223 post
717 2192 815 2215 tantam
839 2187 983 2221 miseriam,

191 2241 220 2264 et
233 2236 312 2263 vitam
328 2236 398 2262 illam
415 2235 439 2262 in
454 2243 525 2267 arca,
541 2239 568 2262 et
581 2242 632 2269 qua
645 2234 768 2261 macerati
781 2238 808 2261 et
822 2234 935 2261 confecti
950 2234 987 2260 ob

191 2282 418 2316 compressionem
432 2281 568 2312 exierunt,
582 2285 609 2307 et
625 2280 651 2307 in
666 2284 737 2307 tanta
757 2279 899 2307 solitudine
912 2280 984 2306 exsi—

191 2331 304 2360 stentes,
325 2331 353 2354 et
366 2326 491 2353 iiiell'abili
506 2326 637 2357 vastitate,
653 2324 787 2360 quomodo
809 2332 862 2351 non
882 2324 984 2352 euocati

191 2372 274 2399 sunt?
284 2371 417 2406 quomodo
432 2379 484 2398 non
499 2371 650 2405 perierant?
661 2370 795 2398 Timorem
809 2370 879 2398 enim
893 2374 919 2397 ct
929 2378 985 2397 nie-

193 2423 260 2450 tuni,
276 2417 328 2449 die,
342 2425 399 2450 oro,
413 2424 464 2444 non
477 2422 552 2451 putas
562 2416 739 2443 commovisse
752 2423 842 2442 eortnn
855 2420 980 2447 mentem,

192 2467 220 2490 et
235 2463 402 2489 concussisse
415 2462 550 2488 animum?
563 2461 601 2488 Ne
614 2461 763 2492 admireris,
780 2460 876 2487 dilecte
892 2469 898 2486 :
915 2460 984 2487 Deus

191 2509 265 2537 enim
278 2513 335 2535 erat
348 2508 392 2543 qui
408 2508 495 2535 omnia
512 2507 634 2540 faciebat,
651 2511 678 2534 et
692 2507 762 2534 Deus
775 2511 875 2533 naturre
895 2506 983 2540 opitex

191 2559 250 2582 erat
262 2555 306 2589 qni
320 2555 408 2582 omnia
422 2554 607 2588 impedimenta
622 2553 758 2580 auferebat
779 2552 904 2579 mandato
923 2560 982 2585 sun,

191 2607 246 2634 quo
259 2600 336 2632 dixit,
359 2599 468 2626 Crescite
487 2603 512 2625 et
534 2598 748 2633 multiplicamini,
770 2602 793 2625 et
816 2597 916 2632 implete
935 2602 983 2624 ter-

192 2655 247 2672 rain
261 2645 336 2682 (Gen.
353 2646 378 2672 1.
393 2645 452 2679 28).
468 2645 522 2671 Hoc
534 2645 603 2671 enim
619 2645 810 2671 incrementum
824 2643 904 2670 dedit.
917 2642 982 2677 Quia

191 2698 219 2718 et
238 2692 361 2719 Israelita:
374 2699 435 2718 cum
449 2691 473 2717 in
490 2690 605 2725 Egypto
626 2691 650 2716 in
672 2691 726 2717 luto
751 2695 778 2717 et
799 2690 883 2716 latere
897 2689 980 2716 confi-

189 2736 290 2764 ciendo
301 2737 404 2764 onerati
419 2742 520 2769 essent,
544 2737 569 2762 in
593 2740 665 2763 tanto
687 2735 814 2770 majorem
836 2734 983 2762 multitudi-

193 2790 255 2809 nein
270 2783 470 2814 excrescebant,
483 2789 534 2816 quo
554 2782 637 2815 magis
655 2781 870 2816 opprimebantur
886 2780 980 2815 (Exod.

193 2827 220 2854 1.
234 2831 259 2853 et
278 2828 365 2861 seqq.)
379 2835 387 2854 :
400 2832 427 2854 ct
441 2835 528 2861 neque
543 2826 733 2853 immisericors
751 2831 777 2853 et
791 2826 898 2853 crudele
913 2834 982 2860 pric-

186 2875 295 2906 crptuni
326 2871 488 2903 l’halaonis,
510 2880 562 2906 quo
581 2871 782 2906 prmeipicbatur
803 2872 932 2899 masculos
956 2872 980 2898 in

702 165 734 192 ΙΝ
756 164 830 191 CAP.
850 163 897 194 1X.
918 162 1039 191 GENES.
1062 163 1173 190 "Ullili.
1196 165 1312 192 XXVI“.

1784 170 1834 198 258

1045 218 1150 246 ﬂumina
1168 220 1276 254 pi'ojiei;
1295 230 1378 256 neque
1395 225 1498 250 vexatio
1515 225 1568 258 illa,
1591 233 1669 260 quani
1693 235 1706 254 a
1738 230 1830 261 prarle

1041 267 1092 293 etis
1106 274 1245 300 operarum
1260 268 1436 302 palieliattlnr,
1455 271 1537 298 valuit
1551 272 1707 301 imminuere
1727 274 1834 301 illorum

1043 313 1249 346 ninltiltnliiiein,
1264 313 1308 340 red
1324 316 1405 350 magis
1420 316 1555 351 magisque
1577 325 1686 346 numero
1699 321 1833 355 augeban-

1043 362 1094 385 tur.
1121 359 1184 385 Erat
1201 359 1271 385 enini
1294 359 1381 387 divina
1409 361 1581 395 dispensatio,
1607 371 1666 398 qua:
1689 365 1777 392 omnia
1800 374 1832 393 ex

1041 402 1160 430 adversis
1171 404 1338 437 operabatur.

1076 448 1102 475 5.
1134 448 1179 475 Dei
1206 455 1329 484 prwtepto
1339 457 1429 477 cuncta
1454 453 1580 479 οίιειιίιηιι.
1614 453 1662 480 Per
1681 455 1835 483 adt'crsarius

1029 492 1111 533 'rﬂiei't
1130 494 1198 522 Deus
1214 501 1239 521 ut
1254 497 1317 530 ﬁdes
1332 502 1434 524 ri'escat.
1449 512 1483 517 -—
1495 498 1604 531 Quando
1619 499 1695 533 igitur
1710 501 1836 528 Dominus

1042 541 1171 575 prtecipit,
1187 549 1219 568 ne
1233 549 1338 576 qureizzs
1352 548 1379 569 ut
1394 543 1509 570 humano
1521 551 1594 571 more
1604 553 1683 578 opera
1697 546 1836 581 perfician-

1044 589 1094 611 tur.
1113 585 1248 612 I‘otentior
1263 587 1333 613 enim
1349 594 1427 621 quant
1443 593 1535 615 natura
1547 609 1554 620 ,
1582 597 1634 616 non
1656 594 1716 624 eget
1735 594 1836 617 natura:

1045 631 1114 658 serie
1128 639 1158 658 ac
1172 632 1327 665 iiiinistt-i-iu,
1344 633 1389 660 sed
1404 638 1429 660 et
1443 642 1490 668 per
1503 642 1534 661 ea
1548 643 1606 669 quae
1622 636 1736 670 alioquin
1754 638 1836 670 impe~

1040 676 1132 710 dinnt,
1148 686 1190 704 res
1203 679 1325 713 adauget.
1353 679 1390 706 Eo
1416 680 1493 706 modo
1509 686 1534 707 et
1549 689 1618 707 nunc
1634 689 1680 715 per
1696 687 1748 709 tres
1774 683 1833 709 illos

1043 727 1126 749 totum
1147 724 1237 750 orbem
1254 724 1380 758 implevit.
1408 726 1429 751 Α
1445 725 1522 752 tritius
1545 727 1614 754 enim
1638 727 1699 760 illis,
1728 729 1811 760 inquit
1824 749 1830 758 .

1040 769 1146 802 dispersi
1160 774 1218 795 sunt
1231 770 1256 796 in
1271 778 1411 797 nituerunt
1426 776 1526 798 terrain.
1559 771 1650 799 Vidisti
1672 773 1719 800 Dei
1735 778 1826 808 puleii-

1042 814 1128 841 tiain?
1155 814 1241 842 vidisti
1264 816 1396 850 quomodo
1408 837 1415 848 ,
1439 817 1490 844 etsi
1514 818 1566 844 sint
1581 818 1661 846 multa
1676 819 1829 852 obstacula,

1041 860 1106 886 nihil
1123 866 1208 887 tamen
1224 861 1293 888 illius
1308 869 1426 889 moratur
1438 863 1617 891 voluntatem?
1639 865 1751 899 ldipsuiii
1766 871 1793 893 et
1807 867 1831 892 in

1042 905 1094 931 line
1107 905 1194 932 licebit
1218 906 1315 933 ridere.
1332 907 1397 934 Cum
1413 909 1482 935 enim
1498 908 1562 935 tales
1581 915 1670 937 essent
1690 911 1732 944 qui
1746 919 1788 945 oin
1800 919 1831 938 u-

1038 956 1148 985 gnarent
1161 972 1167 982 ,
1185 956 1222 978 tot
1241 953 1285 987 qui
1310 953 1514 987 insidiarentm',
1532 960 1555 981 et
1573 963 1657 988 reres,
1674 962 1699 983 et
1716 958 1830 991 tyranni,

1038 1000 1064 1021 et
1078 996 1164 1030 populi
1186 997 1360 1031 insurgentes,
1383 1003 1408 1025 et
1429 999 1517 1026 omnia
1542 999 1667 1028 lucentes
1683 1006 1710 1027 tit
1729 1003 1829 1028 exstin-

1040 1045 1152 1074 guereut
1166 1042 1307 1068 Scintillam
1324 1043 1395 1076 lidei,
1410 1051 1455 1078 per
1470 1044 1647 1076 insidiatores,
1662 1054 1707 1080 per
1730 1054 1775 1073 eos
1787 1048 1830 1081 qui

1041 1091 1130 1113 \‘etare
1158 1087 1297 1118 volebant.
1326 1093 1396 1126 tanta
1425 1089 1529 1123 pii-talis
1549 1091 1652 1116 llaiiiina
1669 1092 1774 1125 erupit.
1802 1099 1830 1119 ut

1040 1137 1123 1159 totum
1152 1134 1243 1160 urbem
1273 1134 1418 1161 habitatqu
1439 1140 1465 1161 et
1485 1135 1659 1163 inhabitatum
1697 1138 1829 1165 invaserit.

1040 1178 1149 1205 Etiamsi
1163 1179 1195 1205 ad
1213 1180 1290 1207 Indos
1305 1180 1418 1213 abieris,
1442 1186 1465 1208 et
1482 1183 1513 1208 ad
1530 1182 1659 1217 Scythas,
1676 1188 1702 1210 et
1714 1184 1746 1211 ad
1766 1183 1831 1212 (inet

1038 1224 1109 1251 ()lbls
1126 1230 1211 1256 terrrc,
1236 1225 1337 1252 etiamsi
1358 1226 1390 1253 ad
1409 1227 1494 1260 ipsum
1515 1228 1658 1260 Oceanum,
1685 1229 1832 1264 ubiqueia-

1039 1270 1128 1297 venies
1152 1270 1249 1297 Christi
1271 1271 1418 1298 doctrinam
1439 1272 1615 1300 illusti'anlein
1638 1275 1755 1302 omniu.n
1771 1276 1828 1302 ani-

1039 1323 1107 1343 nios.
1129 1316 1203 1350 Quod
1226 1317 1296 1344 enim
1312 1317 1466 1345 admirabile
1479 1324 1506 1346 et
1520 1324 1627 1354 stupore
1640 1321 1763 1355 plenum,
1778 1330 1796 1356 p
1808 1332 1829 1349 »υ

1039 1361 1174 1396 religionis
1186 1361 1307 1389 doctrina
1321 1363 1391 1397 ipsas
1407 1363 1532 1391 barbaras
1554 1366 1672 1393 nationes
1689 1368 1827 1400 convertit,

1040 1407 1074 1434 ita
1100 1411 1129 1434 ut
1155 1407 1334 1443 philosophari
1360 1408 1519 1442 didicerint,
1544 1415 1570 1438 et
1593 1411 1695 1446 abjccta
1722 1414 1832 1447 pristina

1039 1453 1230 1480 consuetudine
1240 1454 1273 1480 ad
1287 1454 1411 1488 pietatem
1427 1456 1560 1483 translata:
1573 1457 1636 1484 sint.
1653 1457 1685 1484 Et
1698 1459 1766 1486 sicut
1784 1466 1832 1494 per

1040 1505 1093 1527 tres
1107 1502 1165 1529 illos
1179 1502 1313 1529 hominum
1324 1509 1406 1536 genus
1419 1501 1602 1537 iiiultiplieavit
1622 1504 1737 1531 universi
1756 1504 1827 1533 C0ii~

1038 1546 1107 1573 diter
1129 1556 1137 1574 :
1162 1548 1195 1574 ita
1210 1555 1313 1582 quoque
1329 1551 1355 1574 et
1377 1547 1401 1573 in
1419 1546 1469 1574 fide
1482 1555 1528 1581 per
1541 1548 1663 1576 undecim
1680 1549 1823 1584 piscatores

1040 1593 1179 1620 illiteratus
1191 1598 1217 1620 et
1229 1593 1322 1620 idiotas
1335 1614 1342 1626 ,
1363 1593 1407 1627 qtii
1423 1600 1508 1628 neque
1526 1601 1557 1621 os
1569 1595 1673 1628 aperire
1686 1596 1829 1629 audebant,

1042 1645 1148 1664 munem
1163 1638 1213 1665 sibi
1235 1639 1326 1665 orbem
1341 1638 1465 1672 attiaxit,
1490 1643 1569 1673 atque
1591 1640 1704 1668 illit-rati
1719 1641 1778 1673 isti,
1803 1647 1830 1668 et

1039 1682 1145 1716 idiotai,
1173 1687 1200 1710 et
1222 1683 1383 1718 piscatores,
1406 1683 1624 1719 philosophorum
1639 1686 1827 1714 obturavcrunt

1037 1736 1095 1762 ora,
1116 1734 1143 1756 et
1161 1733 1373 1757 transcurrerunt
1382 1730 1474 1757 orbem
1488 1731 1563 1765 quasi
1576 1732 1648 1764 alati,
1667 1732 1830 1760 seminautes

1039 1775 1158 1802 veritatis
1171 1782 1336 1809 sermonem,
1350 1779 1377 1802 et
1388 1776 1477 1810 spinas
1491 1781 1654 1810 cxsrcantcs,
1669 1783 1695 1805 et
1708 1779 1830 1812 pristinas

1038 1821 1192 1849 affectiones
1206 1821 1377 1855 revellentes,
1393 1821 1542 1856 Christique
1559 1822 1630 1856 leges
1645 1823 1741 1858 ubique
1756 1824 1829 1858 plan-

1041 1873 1125 1895 lantes
1141 1877 1147 1894 :
1162 1875 1193 1895 ac
1207 1876 1293 1902 neque
1305 1868 1374 1903 quod
1390 1869 1465 1902 pauci
1476 1873 1574 1900 essent,
1592 1876 1678 1903 neque
1692 1870 1762 1904 quod
1778 1871 1830 1904 pri-

1042 1914 1094 1940 vati
1120 1918 1148 1941 et.
1175 1913 1311 1945 illiterati,
1339 1921 1424 1948 neque
1450 1914 1520 1948 quod
1544 1918 1650 1941 austera
1673 1918 1700 1941 et.
1721 1915 1829 1944 insolita

1038 1959 1171 1993 juberent,
1190 1966 1275 1993 neque
1293 1957 1362 1992 quod
1380 1957 1462 1985 veteri
1476 1957 1667 1986 consuetudine
1685 1958 1828 1987 humanum

1037 2011 1119 2039 genus
1132 2010 1295 2038 pnerentuni
1309 2007 1390 2036 esset,
1401 2003 1536 2030 obstaculo
1545 2003 1583 2030 eis
1591 2011 1652 2030 esse
1664 2005 1748 2038 potuit
1761 2014 1766 2031 :
1779 2014 1808 2034 te
1820 2006 1825 2031 I

1037 2050 1134 2084 praevia
1148 2049 1230 2084 gratia
1245 2048 1351 2076 sustulit
1365 2048 1421 2075 haec
1433 2048 1532 2081 omnia,
1547 2055 1693 2083 magnaque
1705 2049 1829 2077 facilitate

1038 2095 1139 2130 operati
1153 2099 1215 2122 sunt
1228 2095 1325 2126 omnia,
1342 2101 1389 2128 per
1403 2094 1458 2129 ipsa
1472 2093 1607 2121 obstacula
1618 2094 1748 2130 majorem
1760 2095 1828 2122 acci<

1039 2140 1143 2174 pientes
1169 2140 1344 2167 alacritatem.
1379 2139 1521 2166 Enimvero
1549 2139 1680 2167 interdum
1706 2139 1827 2175 flage'lzti

1038 2186 1204 2214 decedebant
1225 2186 1380 2220 gaudentes,
1402 2194 1453 2212 non
1476 2190 1583 2220 propter
1604 2185 1705 2221 ﬂagella
1726 2187 1825 2222 simpli-

1037 2233 1118 2265 citer,
1134 2232 1178 2259 sed
1196 2232 1262 2264 Quia
1285 2240 1331 2266 pro
1357 2231 1456 2258 nomine
1469 2231 1561 2258 Christi
1585 2231 1653 2266 digni
1670 2232 1747 2258 Iiuliiti
1767 2239 1826 2259 sunt

1037 2279 1199 2314 ignominiam
1213 2279 1264 2312 pati
1280 2278 1346 2313 (Act.
1363 2278 1389 2305 5.
1403 2277 1466 2312 ιι);
1480 2277 1610 2304 interdum
1624 2282 1711 2305 autem
1728 2278 1752 2304 in
1766 2287 1824 2305 rar-

1036 2331 1124 2351 eerem
1137 2323 1260 2358 eonjtcti,
1274 2327 1444 2358 posteaquam
1458 2323 1491 2349 ab
1502 2323 1596 2358 angelo
1609 2323 1695 2350 educti
1711 2323 1823 2356 fueram,

1037 2369 1131 2396 iterum
1146 2368 1238 2396 eadem
1254 2369 1482 2400 continuaverunt,
1499 2368 1564 2395 etin
1578 2369 1702 2402 tenpbini
1724 2369 1825 2395 abeun-

1038 2419 1086 2448 tes,
1111 2415 1238 2442 doctrina:
1252 2421 1401 2441 seiiiionem
1425 2414 1720 2449 seminaveruntUbid.
1742 2415 1823 2443 v.19.

1035 2461 1113 2495 δαίμ),
1127 2461 1238 2495 populos
1249 2461 1322 2494 quasi
1334 2459 1459 2494 piscando
1471 2459 1503 2486 ad
1518 2459 1640 2494 pietatem
1657 2460 1826 2492 indecentes;

1036 2511 1062 2534 et
1078 2507 1172 2534 iterum
1187 2506 1296 2539 detenti,
1313 2513 1365 2533 non
1380 2506 1464 2532 solum
1479 2513 1530 2532 non
1544 2506 1679 2540 segniores
1691 2505 1751 2533 inde
1766 2506 1825 2534 facti

1036 2557 1112 2586 sntit,
1127 2553 1172 2580 sed
1188 2557 1214 2579 et
1227 2553 1354 2586 majorem
1370 2552 1517 2579 libertatem
1539 2559 1592 2585 prie
1609 2559 1637 2578 se
1651 2553 1784 2585 tulerunt,
1801 2553 1826 2579 in

1036 2599 1123 2626 medio
1135 2599 1287 2625 insanientis
1301 2597 1388 2632 populi
1409 2602 1434 2624 et
1457 2597 1579 2624 dentibus
1593 2597 1729 2626 frementis
1752 2594 1834 2626 sta:i-'

1037 2649 1086 2676 tes,
1096 2651 1127 2670 ac
1139 2643 1266 2674 dicentes,
1283 2643 1388 2669 Oberlin:
1400 2647 1496 2676 oportet
1507 2641 1561 2669 Deo
1574 2643 1653 2678 magis
1663 2651 1739 2678 quam
1751 2645 1828 2670 liomi.

1036 2689 1207 2725 nibus(lbid.
1221 2698 1244 2716 υ.
1264 2689 1321 2723 20).
1341 2689 1431 2716 Vidisti
1448 2689 1577 2716 libertatis
1599 2689 1826 2724 magnitudinem?

1038 2736 1125 2762 vidisti
1148 2736 1286 2762 illiteratos
1302 2734 1444 2768 piSeatores
1459 2738 1629 2762 contemnere
1653 2739 1688 2762 tot
1709 2735 1826 2763 furentes

1038 2781 1151 2815 populos
1161 2800 1167 2811 ,
1182 2785 1208 2807 et
1222 2779 1253 2806 ad
1269 2779 1355 2806 cmdes
1368 2786 1399 2805 ac
1411 2778 1584 2806 mactationes
1597 2780 1721 2813 paratos?
1734 2780 1768 2807 At
1781 2785 1808 2807 tu
1817 2801 1823 2813 ,

1036 2826 1141 2856 dilecte,
1159 2825 1267 2851 audiens
1282 2825 1337 2850 hinc
1349 2824 1436 2851 omnia
1447 2832 1479 2850 nc
1490 2824 1575 2851 tribue
1592 2824 1652 2857 iliis,
1668 2825 1714 2852 sed
1726 2823 1825 2851 divina:

1038 2870 1139 2905 gratia‘,
1156 2877 1213 2904 quae
1229 2869 1402 2896 continuabat
1417 2873 1442 2896 et
1456 2869 1603 2897 instruebat
1617 2867 1825 2897 illt-t'unialacri-
