2058 3123
169 155 259 196 e59

208 216 297 238 tatem.
326 208 391 242 Quia
418 212 444 233 (ιι
470 205 514 233 illc
539 204 633 232 beatus
657 205 769 238 Petrus,
794 211 854 231 cum
877 210 910 230 ex
924 207 1000 229 utero

209 255 301 283 matris
313 252 435 281 claudum
447 256 548 278 rectum
562 250 670 281 faceret,
683 249 807 277 omnibus
817 249 1003 283 obstupescen-

210 301 280 328 libus
291 305 317 327 et
329 296 531 329 admirantibus,
542 300 646 331 gratum
658 295 714 330 ipse
723 295 840 322 anitnum
852 294 1001 324 declarans,

211 346 295 382 inquit
310 353 317 372 :
341 344 402 377 Viri,
419 342 480 378 quid
494 350 539 369 nos
553 341 694 372 intuemini,
710 340 782 375 quasi
794 344 880 366 nostra
894 338 1004 373 polentia

210 393 248 420 vel
275 392 367 427 pietate
392 389 525 426 fecerimus
549 388 622 414 illum
646 385 861 420 ambularc(Act.
885 385 912 411 5.
936 382 1003 419 1‘2)?

210 439 298 472 Quare
308 458 317 470 ,
331 436 425 470 inquit,
439 435 477 462 sic
491 432 692 468 obstupescitis,
705 435 733 459 et
746 429 885 465 stupefacti
898 429 963 456 estis
976 429 1003 455 in

212 485 263 511 hac
287 481 338 510 re?
361 481 429 509 Num
453 488 502 508 nos
525 481 616 507 sumus
637 478 688 505 hoc
705 476 819 512 operati,
834 475 877 502 vel
897 473 1003 509 propria

213 530 310 557 virtute
334 526 509 556 incolumitati
535 525 608 552 illum
632 523 811 554 restituimus,
827 526 854 549 et
868 520 1005 548 atnbulare

214 574 346 603 fecimus?
360 573 428 608 Quid
441 580 486 599 non
499 570 652 598 intuemini?
665 569 735 597 Nihil
747 567 861 602 amplius
874 574 922 593 nos
934 570 1004 593 attu-

214 622 308 653 limus,
324 627 402 654 quam
422 617 492 653 quod
505 617 621 652 linguam
635 619 752 642 nostram
768 611 1003 640 commodavimus.

216 667 267 700 Qui
281 670 370 693 autem
385 663 473 691 omnia
488 662 567 695 fecit,
582 661 710 699 Dominus
724 664 765 687 est
775 679 782 691 ,
797 662 825 686 et
838 657 883 685 ille
905 661 1006 684 natura:

215 712 360 744 Conditor,
378 709 445 737 Dm
458 708 586 735 Abraham
598 727 606 740 ,
619 706 695 733 Isaac
707 726 714 738 ,
727 710 750 732 et
761 704 842 732 Iacob
854 724 862 737 ,
876 709 943 738 quos
958 709 1006 737 pa-

216 758 345 786 triarchas
358 755 483 784 censetis.
499 754 544 781 Ille
558 753 636 786 Quem
645 760 686 778 vos
695 751 885 782 tradidistis,et
895 748 1010 784 negastis

217 811 303 831 coram
318 801 384 838 facie
407 800 486 827 Pilati
502 797 643 834 judicantis
661 796 734 823 illum
753 794 927 822 dimittendum
941 801 950 820 :
964 793 1008 820 ille

217 853 259 877 cst
271 847 315 884 qui
330 845 419 874 omnia
442 848 567 880 operatus
581 846 640 875 est,
664 847 744 876 quem
776 839 826 866 Vos
849 842 963 866 sanctum
985 841 1008 864 et

219 883 317 932 justum
340 891 468 927 negastis,
483 894 507 917 et
532 888 638 924 petiisti:
665 887 747 914 virum
769 884 921 911 homicidam
941 883 1009 909 vobis

221 930 287 968 tradi
309 947 319 967 .'
345 937 491 972 Principem
517 940 600 962 autem
626 933 683 961 vitae
708 930 911 963 condcnmaslis,
937 937 1010 964 quem

220 986 288 1013 Dens
302 984 416 1012 excitauit
428 991 445 1010 α
457 981 561 1009 mortuis
571 1001 578 1013 ,
594 980 666 1014 cujus
681 986 726 1005 nos
739 982 811 1004 testes
823 984 919 1003 sanius.
938 974 971 1001 Et
984 974 1010 1001 in

222 1033 273 1067 ﬁde
286 1031 394 1059 nominis
403 1029 482 1061 illius,
497 1028 563 1054 hunc
572 1033 646 1061 quem
658 1024 747 1053 videtis
759 1029 782 1050 et
795 1023 882 1054 nostis,
894 1021 1011 1049 soliduvit

220 1087 309 1105 nomen
326 1069 394 1104 illius
407 1097 414 1110 ,
429 1080 452 1102 et
466 1074 544 1110 ﬁdes,
563 1081 619 1109 qua:
632 1081 676 1108 per
698 1072 781 1105 ipsum
803 1074 855 1099 est.
871 1069 938 1095 dedit
954 1068 1011 1094 huic

220 1123 418 1152 incolumitatem
432 1128 517 1148 coram
531 1118 645 1147 omnibus
658 1117 725 1144 vobis
738 1115 820 1150 (Ibid.
835 1123 858 1142 υ.
875 1113 984 1153 15-16).

256 1169 283 1197 6.
299 1169 390 1203 Magna
406 1166 482 1194 liberi
497 1165 576 1200 hujus
593 1162 724 1190 sernmuis
737 1160 892 1188 meclleutia
902 1168 909 1190 -,
921 1159 1012 1193 ingens

220 1223 247 1245 et
268 1214 407 1243 ineﬂ‘abilis
421 1213 460 1240 vis
480 1211 570 1246 gratiae
589 1216 704 1244 superne
725 1208 778 1234 illis
791 1207 914 1237 collatus;
929 1205 1014 1232 mani-

223 1260 363 1288 festissima
378 1256 583 1286 resurrectionis
599 1253 791 1282 demonstratio
806 1251 874 1278 beati
896 1251 967 1277 illius
988 1250 1013 1276 in

224 1306 337 1334 dicendo
355 1304 463 1333 libertas
483 1302 571 1330 fuerit.
587 1299 664 1334 Quod
674 1299 745 1326 enim
758 1298 843 1332 majus
859 1296 1013 1323 miraculum

225 1353 270 1379 illo
280 1350 340 1386 quis
360 1352 501 1384 quaereret,
524 1354 585 1374 cum
606 1345 628 1372 is
649 1343 695 1379 qui
721 1347 782 1369 ante
805 1348 911 1369 crucem
935 1340 1014 1368 etiam

224 1397 335 1432 abjectze
348 1395 442 1430 puellae
463 1393 548 1420 minas
560 1391 629 1418 ferre
644 1397 695 1417 non
707 1388 801 1423 potuit,
814 1394 883 1414 nunc
903 1386 935 1412 ad
954 1393 1013 1413 cum

226 1443 334 1471 modum
347 1441 474 1469 adversus
489 1438 642 1466 Judaeorum
667 1435 793 1471 populum
820 1432 942 1467 insurgit,
959 1435 1017 1459 tan-

226 1496 304 1525 taque
318 1487 422 1520 fiducia,
436 1485 508 1513 solus
518 1491 577 1511 cum
592 1486 672 1513 esset,
686 1484 777 1508 contra
789 1483 898 1509 tantam,
911 1482 1017 1511 tamque

227 1523 359 1563 furentem
372 1531 564 1560 multitudinem
576 1532 628 1556 stat
639 1526 776 1558 adversus,
788 1529 814 1552 et
829 1523 945 1558 loquitur
958 1529 1018 1557 qua:

229 1579 360 1608 insaniant
375 1578 477 1604 illorum
493 1573 577 1609 magis
597 1577 755 1606 exasperare
767 1568 883 1604 queant?
906 1566 1016 1599 Vidisti,

229 1626 342 1657 dilecte,
357 1624 382 1651 id
397 1621 467 1657 quod
493 1621 518 1647 in
540 1617 670 1655 protentio
693 1616 824 1647 dicebam,
847 1614 926 1641 etiam
949 1618 1019 1640 nunc

229 1673 390 1701 declaratum
402 1679 408 1696 :
423 1667 498 1703 Quod
510 1666 532 1693 si
543 1666 602 1701 quis
613 1671 703 1692 amore
714 1663 739 1689 in
753 1662 836 1689 Deum
849 1658 1017 1691 accendatur,

232 1727 285 1747 non
306 1721 395 1753 pestea
421 1715 488 1743 feret
501 1721 530 1741 ea
544 1719 602 1747 qua:
615 1710 665 1738 sub
678 1714 866 1743 corporeorttm
882 1705 1019 1733 oculorum

230 1749 365 1798 aspectum
380 1760 496 1791 cadunt;
518 1757 564 1785 sed
580 1755 639 1783 aliis
660 1755 804 1781 instructus
822 1751 906 1779 oculis
916 1771 923 1784 ,
937 1749 1021 1777 oculis

233 1795 338 1844 inquam
353 1805 423 1838 lidei,
440 1805 482 1832 illa
497 1809 603 1837 semper
614 1799 774 1836 speculatur,
786 1802 813 1825 et
833 1796 866 1823 ad
885 1795 928 1822 illa
944 1802 1021 1823 men-

233 1860 285 1882 tem
298 1853 378 1880 habet
392 1851 530 1881 intentam,
546 1846 738 1879 ambulansque
750 1844 776 1870 in
796 1847 877 1874 terra,
889 1846 1021 1875 tamquam

234 1899 424 1933 municipatum
440 1895 540 1922 habens
553 1894 579 1920 in
593 1891 676 1923 caelis,
696 1891 731 1917 ita
750 1887 839 1916 omnia
861 1886 924 1922 agit,
941 1885 1022 1913 nullis

237 1931 357 1973 humanis
371 1941 527 1979 przepeditus
540 1947 554 1966 a
576 1937 681 1965 virtutis
705 1943 795 1963 cursu.
809 1933 876 1962 Nam
900 1932 943 1967 qui
963 1931 1023 1958 talis

234 1997 285 2024 cst,
304 1997 356 2018 non
371 1977 488 2024 posthac
512 1984 622 2019 respicit
643 1982 676 2010 ad
698 1979 835 2017 splendida
851 1978 931 2013 hujus
944 1977 1022 2009 vitae,

237 2022 323 2071 neque
335 2034 367 2061 ad
379 2022 447 2061 dura
461 2036 487 2059 et
500 2036 605 2064 aspera,
620 2028 666 2056 scd
677 2027 767 2054 omnia
779 2025 822 2053 illa
833 2022 1023 2060 praetercurrit,

236 2082 269 2108 ad
281 2066 396 2116 patriam
411 2084 485 2105 suam
508 2075 644 2103 festinans.
668 2072 701 2099 Et
720 2071 787 2098 sicut
799 2069 844 2104 qui
860 2066 1025 2102 corporalem

238 2111 309 2154 hunc
333 2130 439 2152 cursum
466 2128 559 2155 magna
583 2118 753 2146 contentione
778 2114 894 2150 peragit,
925 2111 1027 2140 nullum

239 2168 435 2197 occurrentium
449 2167 455 2183 ¹
469 2166 551 2198 videt,
566 2163 670 2192 etiamsi
683 2162 779 2196 stcpius
790 2160 817 2187 in
832 2159 905 2186 illum
917 2157 1027 2190 incidat,

241 2217 287 2244 sed
302 2215 391 2241 animo
411 2213 444 2240 ad
458 2218 562 2239 cursum
579 2209 681 2236 intento
708 2207 784 2234 facile
804 2205 894 2233 omnia
915 2202 1028 2236 transit,

242 2261 371 2288 festinans
384 2257 415 2284 ad
434 2256 593 2284 destinatum
607 2260 736 2287 scopum:
751 2250 845 2278 eodem
869 2248 959 2282 modo,
984 2246 1030 2282 qui

243 2312 349 2333 cursum
363 2302 467 2330 virtutis
480 2306 606 2336 peragere
620 2297 736 2329 festinat,
746 2300 773 2323 et
783 2303 797 2322 a
813 2298 883 2322 terra
897 2293 923 2321 in
935 2292 1029 2320 caelum

243 2341 389 2379 ascendere
410 2345 581 2380 concupiscit,
596 2342 684 2370 omnia
699 2348 758 2376 qum
773 2339 893 2367 videntur
907 2337 1031 2365 deorsum

244 2395 378 2431 relinquit,
392 2399 419 2421 et
433 2397 515 2420 totum
529 2397 557 2417 se
572 2387 660 2416 cursui
675 2386 758 2419 dedit,
783 2391 869 2418 neque
883 2383 956 2418 prius
967 2381 1032 2409 sub-

246 2427 328 2472 sistit,
341 2446 426 2474 neque
440 2445 455 2464 a
469 2435 562 2463 visibili
576 2433 699 2469 quapiam
712 2439 742 2458 re
754 2430 897 2461 detinetur,
907 2428 993 2455 donec
1006 2427 1032 2454 in

247 2486 374 2514 verticem
385 2473 389 2474 7
399 2482 544 2510 ascendere
557 2478 682 2515 potuerit.
697 2477 728 2504 Ei
742 2476 811 2504 enim
823 2474 916 2510 quisic
926 2473 1034 2500 affectus

246 2537 298 2564 est,
312 2530 391 2558 etiam
414 2535 473 2563 qum
493 2526 616 2553 videntur
634 2530 693 2550 esse
715 2521 843 2549 terribilia
862 2519 888 2547 in
911 2517 1035 2554 praesenti

249 2578 319 2609 vita,
341 2572 549 2608 contemptibilia
571 2571 697 2597 tinnt:et
719 2568 763 2603 qui
786 2567 844 2594 talis
871 2569 927 2597 est.
950 2570 1037 2598 neque

249 2622 363 2658 gladium
380 2621 464 2651 timet,
492 2624 578 2652 neque
601 2614 786 2651 praecipitium,
812 2618 897 2647 neque
922 2610 1037 2637 ferarum

250 2669 354 2700 dentes,
370 2673 455 2701 neque
466 2668 607 2696 tormenta,
617 2669 702 2696 neque
709 2661 830 2688 lictorum
839 2665 942 2690 manus,
954 2662 1039 2690 neque

252 2712 350 2749 aliquid
365 2713 440 2740 triste
463 2711 488 2738 in
501 2710 551 2737 hac
565 2709 617 2735 vita
636 2717 643 2735 :
658 2706 706 2734 sed
729 2710 756 2733 et
775 2705 796 2732 si
811 2704 939 2731 carbones
953 2701 1041 2728 videat

254 2747 411 2790 substratus,
426 2757 500 2792 quasi
514 2759 588 2790 prata
605 2758 633 2781 et
653 2752 789 2788 paradisus
803 2751 896 2777 videns
910 2747 1039 2779 transilit;

254 2810 282 2833 et
294 2806 315 2832 si
331 2804 409 2831 aliaat
423 2791 563 2838 quamdam
577 2802 770 2827 tormentorum
784 2795 899 2831 speciem
919 2791 1042 2820 intentari

288 2883 295 2899 ι
313 2885 416 2910 quatuor
428 2883 491 2909 uss,
504 2876 617 2907 omnium,
628 2881 680 2907 pro,
688 2871 870 2900 occurrentium.

564 149 593 176 S.
613 146 754 176 JOANNIS
771 143 1011 174 CIIRYSOSTOMI
1031 143 1189 171 ARCHIEP.
1209 142 1475 171 CONSTANTINOP.

1786 141 1839 169 960

1056 200 1152 230 videat,
1168 208 1219 226 non
1249 199 1335 227 deficit
1356 200 1390 227 ad
1413 204 1560 234 aspectum,
1581 204 1668 234 neque
1692 206 1840 227 aversatur.

1056 245 1220 273 Desiderium
1231 246 1301 273 enim
1314 246 1461 272 futurorum
1473 251 1589 274 mentem
1603 245 1685 280 ipsius
1696 247 1840 278 transtulit,

1055 296 1080 318 et
1095 290 1168 325 quasi
1189 289 1284 318 frustra
1297 298 1409 325 corpore
1423 291 1544 323 amictus,
1560 291 1595 318 ita
1612 290 1767 318 affectiones
1780 298 1843 318 suas

1056 337 1218 370 moderatur,
1234 341 1261 364 et
1275 345 1386 371 superna
1406 337 1489 372 gratia
1504 337 1620 364 munitus
1634 337 1753 372 corporis
1767 337 1843 364 dolo-

1056 389 1099 409 res
1113 389 1146 409 ne
1159 382 1237 409 sentit
1249 382 1366 417 quidem.

1092 427 1248 454 Adltartatur
1259 428 1293 454 ad
1307 435 1418 454 amorem
1432 435 1492 462 ergo
1506 427 1596 454 Deum.
1606 442 1642 447 —
1652 427 1781 461 Quocirca
1795 429 1845 455 ob-

1056 480 1143 504 secro,
1159 477 1185 500 ut
1199 480 1251 508 quo
1265 473 1340 500 facile
1353 472 1458 500 virtutis
1481 472 1585 499 labores
1599 472 1667 500 ferre
1687 473 1818 507 possimus
1832 494 1840 506 ,

1058 526 1182 554 magnum
1196 519 1340 546 habeamus
1356 519 1381 545 in
1400 518 1482 545 Deum
1497 526 1615 546 amorem
1630 524 1657 546 et
1670 519 1844 552 desiderium,

1058 569 1086 592 et
1099 565 1161 592 illuc
1173 569 1262 592 mente
1284 569 1374 592 nostra
1390 564 1498 597 intenta,
1517 572 1531 591 a
1554 564 1626 592 nulla
1648 573 1676 592 re
1695 566 1772 599 hujus
1787 566 1847 592 vitm

1059 611 1258 646 supplantemnr
1270 611 1296 638 in
1310 618 1388 638 cursu
1403 611 1459 642 illo,
1482 610 1529 637 sed
1547 610 1693 638 futurorunt
1717 611 1846 638 bonorum

1060 656 1211 684 fruitionem
1237 656 1364 684 continuo
1388 657 1545 691 cogitantes,
1565 663 1659 683 omnes
1683 656 1760 690 hujus
1787 656 1848 683 vita:

1060 703 1196 730 molestias
1210 708 1347 730 mansuete
1360 702 1486 734 feramus,
1498 707 1526 729 et
1536 709 1621 737 neque
1636 702 1778 736 ignominia
1799 710 1849 730 nos

1060 751 1206 782 contristet,
1219 756 1304 784 neque
1317 749 1403 784 inpia
1416 753 1517 783 gravet,
1542 756 1626 783 neque
1637 749 1743 776 morbus
1755 756 1850 783 corpo-

1061 794 1098 823 ris
1110 795 1207 822 menlis
1220 802 1327 821 sensum
1341 793 1470 826 emolliat,
1497 800 1582 828 neque
1605 793 1674 827 quod
1693 798 1850 820 contemna-

1061 849 1121 868 mur
1132 840 1361 875 despiciamurqtte
1374 839 1407 867 ab
1426 839 1563 866 hominum
1575 839 1660 870 turba,
1675 839 1701 866 id
1715 839 1851 873 segniores

1063 895 1111 915 nos
1126 887 1203 914 faciat
1216 887 1242 914 in
1254 886 1360 914 virtutis
1373 885 1461 916 studio
1475 895 1481 911 :
1498 884 1546 912 scd
1571 884 1693 912 omnibus
1713 884 1761 917 iis,
1775 884 1851 918 quasi

1063 934 1148 968 pulvis
1170 937 1277 966 essent,
1302 932 1430 965 excussis,
1456 935 1645 966 assumptoquc
1671 937 1800 964 generoso
1823 935 1852 958 et

1063 979 1169 1007 sublimi
1183 979 1286 1014 spiritu,
1300 985 1424 1013 magnum
1435 985 1482 1012 per
1495 977 1582 1004 omnia
1596 976 1755 1003 fortitudinis
1765 977 1852 1010 speci-

1065 1032 1125 1052 men
1144 1025 1328 1057 exhibeamus,
1352 1029 1379 1052 et
1407 1024 1476 1051 sicut
1498 1023 1555 1050 heri
1580 1028 1694 1050 vestram
1717 1023 1852 1049 caritatem

1064 1071 1212 1103 obsecravi,
1236 1077 1296 1097 cum
1321 1069 1434 1096 inimicis
1458 1076 1550 1102 magna
1573 1068 1708 1095 alacritate
1727 1068 1853 1094 concilie-

1066 1125 1136 1150 mur,
1150 1121 1177 1144 et
1189 1124 1221 1144 ex
1243 1116 1381 1143 animabus
1396 1115 1494 1142 nostris
1507 1115 1674 1141 alfectionum
1687 1114 1854 1141 elintinemus

1065 1163 1207 1198 reliquias;
1220 1163 1276 1190 etsi
1294 1170 1345 1196 qua
1361 1161 1572 1196 concupiscentia
1589 1168 1668 1195 prava
1685 1160 1854 1192 interturbet,

1066 1215 1125 1235 eam
1151 1207 1313 1242 elfugemus;
1342 1211 1369 1234 ct
1392 1206 1414 1233 si
1442 1206 1515 1233 furor
1539 1205 1573 1232 ad
1595 1205 1662 1232 iram
1686 1204 1855 1237 exstimulct,

1067 1253 1273 1288 eomprimamus
1288 1252 1358 1280 hunc
1370 1256 1464 1279 uastum
1481 1256 1560 1279 cantu
1573 1251 1748 1286 spiritualium
1761 1251 1857 1277 admo-

1068 1300 1208 1331 nitionum,
1228 1298 1399 1326 ostendentes
1411 1306 1489 1333 quam
1505 1297 1659 1332 perniciosze
1672 1298 1722 1324 sint
1737 1297 1858 1323 aﬂ‘ectio-

1067 1352 1126 1373 nes.
1142 1344 1188 1372 Vir
1210 1345 1292 1378 enim,
1314 1345 1409 1378 inquit,
1435 1343 1582 1376 iracundus,
1607 1351 1658 1369 non
1680 1342 1796 1369 linteatus
1820 1346 1857 1368 est

1069 1391 1166 1426 (Prov.
1184 1391 1227 1418 Η.
1241 1390 1355 1425 ‘25);ct
1378 1390 1484 1421 iterum,
1502 1388 1551 1422 Qui
1575 1388 1693 1414 irascitur
1717 1387 1791 1422 fratri
1812 1395 1858 1413 suo

1069 1437 1122 1464 sine
1136 1444 1223 1467 causa,
1239 1444 1296 1462 rcus
1316 1435 1362 1462 erit
1388 1434 1508 1470 gehennaz
1527 1434 1592 1469 ignis
1615 1433 1624 1468 (
1635 1433 1727 1460 Mattlt.
1751 1433 1777 1459 5.
1794 1432 1858 1466 22).

1070 1482 1103 1510 Et
1118 1482 1139 1509 si
1158 1481 1327 1517 pecuniarum
1347 1480 1479 1515 cupiditas
1491 1480 1614 1512 incessat,
1628 1478 1722 1506 demus
1736 1485 1857 1512 cperam,

1071 1533 1099 1555 ιιι
1113 1535 1188 1555 mens
1212 1527 1278 1554 vitet
1304 1531 1402 1553 tantam
1426 1526 1581 1560 perniciem,
1603 1529 1630 1551 et
1655 1525 1723 1551 sicut
1742 1523 1859 1550 radicem

1072 1574 1200 1601 malorum
1216 1573 1333 1600 omnium
1349 1572 1544 1600 exscindamns.
1555 1571 1597 1598 Sic
1608 1570 1761 1598 Studeamus
1773 1570 1861 1604 singu-

1071 1620 1111 1648 las
1125 1619 1279 1647 affectiones
1298 1618 1381 1645 malas
1392 1617 1535 1652 corrigere,
1552 1624 1604 1651 quo
1626 1620 1653 1642 ct
1667 1615 1826 1642 abstinendo
1845 1622 1860 1641 a

1072 1666 1160 1699 malis,
1175 1669 1201 1692 et
1215 1665 1342 1692 sectando
1356 1670 1436 1698 opera
1458 1663 1538 1695 bona,
1565 1661 1698 1696 possimus
1717 1662 1742 1687 in
1757 1660 1800 1687 die
1815 1660 1863 1686 illo

1073 1710 1212 1739 tremendo
1222 1717 1236 1736 a
1249 1709 1303 1737 Deo
1316 1707 1525 1736 misericordiam
1540 1707 1656 1740 assequi,
1668 1705 1750 1741 gratia
1764 1709 1791 1732 et
1809 1704 1863 1731 mi-

1073 1755 1249 1784 serationibtts
1267 1753 1394 1789 unigeniti
1414 1753 1470 1788 ejus
1494 1752 1563 1785 Filii,
1585 1751 1626 1779 cui
1648 1759 1707 1778 cum
1724 1751 1811 1781 Patre,
1835 1754 1863 1777 et

1075 1802 1173 1837 Spiritu
1185 1806 1277 1828 sancto
1289 1800 1322 1827 sit
1335 1799 1428 1834 gloria,
1441 1798 1590 1833 imperium,
1603 1802 1629 1825 et
1645 1797 1740 1829 honor,
1754 1803 1825 1824 nunc
1836 1801 1865 1823 et

1076 1854 1191 1881 semper,
1208 1852 1235 1874 et
1253 1846 1280 1873 in
1299 1845 1394 1873 smcula
1408 1845 1576 1872 smculorum.
1590 1844 1685 1871 Antea.

1349 1911 1486 1939 llOMlLlA
1505 1910 1600 1939 XXIX.

1077 1972 1110 1999 Et
1123 1971 1196 2006 accpit
1210 1970 1267 1997 Noe
1278 1970 1351 1996 homo
1364 1969 1476 2004 agricola
1489 1973 1570 1998 teme,
1584 1972 1607 1994 et
1620 1967 1741 2002 plantavit
1755 1967 1865 1999 vineam,

1112 2022 1136 2045 et
1148 2017 1206 2044 bibit
1218 2019 1249 2045 de
1262 2017 1319 2045 vino
1330 2025 1339 2043 :
1353 2021 1376 2043 et
1390 2014 1524 2042 inebriatur
1537 2018 1573 2040 est
1587 2012 1663 2048 (Gen.
1675 2012 1700 2040 9.
1715 2012 1758 2040 20.
1770 2011 1827 2046 21).

1113 2076 1140 2104 1.
1161 2074 1222 2102 Non
1236 2073 1318 2101 solum
1329 2073 1393 2099 bona
1408 2079 1500 2107 opera,
1514 2070 1557 2098 sed
1572 2075 1594 2096 et
1608 2074 1710 2104 peccata
1721 2073 1867 2095 sanctorum

1079 2125 1301 2157 proponuntur.—
1308 2118 1348 2154 Ad
1359 2117 1438 2145 finem
1452 2116 1556 2144 tandem
1567 2114 1713 2150 argumenti
1725 2113 1758 2141 ad
1765 2113 1867 2148 justum

1080 2168 1152 2196 hunc
1172 2166 1317 2203 spectantis
1338 2165 1475 2193 venimus:
1496 2164 1556 2191 ideo
1578 2163 1698 2195 obsecro,
1715 2167 1803 2189 mente
1825 2161 1868 2188 in-

1082 2218 1154 2241 tenta
1173 2213 1274 2246 adeste,
1293 2216 1320 2239 et
1333 2210 1473 2246 diligenter
1490 2217 1549 2244 qua:
1569 2208 1692 2236 dicuntur
1711 2207 1868 2234 auscultate.

1081 2260 1147 2288 Nam
1161 2266 1192 2287 ex
1208 2259 1240 2286 iis
1253 2265 1311 2293 qua:
1326 2257 1405 2284 hodie
1418 2256 1483 2284 lecta
1498 2259 1559 2282 sunt.
1571 2261 1623 2281 non
1637 2260 1748 2288 parvum
1760 2272 1767 2283 ,
1783 2258 1871 2285 neque

1083 2305 1216 2341 vulgarem
1228 2303 1364 2339 percipere
1373 2302 1434 2330 licet
1444 2301 1557 2329 fructum
1570 2309 1576 2326 :
1589 2298 1801 2334 quandoquidem
1812 2304 1873 2331 quas

1084 2351 1178 2388 priscis
1192 2354 1347 2382 evenerunt,
1361 2349 1383 2376 si
1395 2348 1487 2383 sapere
1501 2346 1674 2379 voluerimus,
1688 2345 1810 2371 maxima:
1821 2351 1870 2370 no-

1085 2399 1126 2426 bis
1138 2397 1265 2425 doctrinte
1277 2399 1338 2423 sunt
1347 2394 1461 2422 occasio.
1476 2392 1537 2420 Ideo
1549 2391 1619 2420 enim
1633 2398 1685 2418 non
1698 2390 1785 2417 solum
1793 2395 1871 2423 oper-

1086 2448 1238 2472 sanctorum
1253 2442 1321 2469 bona
1335 2440 1431 2474 scripta
1447 2442 1524 2469 sunt,
1544 2436 1591 2464 sed
1610 2437 1690 2464 etiam
1706 2438 1812 2470 peccata
1822 2454 1829 2465 ,
1847 2437 1875 2460 ut

1087 2490 1146 2517 inec
1155 2487 1262 2524 quidem
1277 2486 1415 2521 fugiamus,
1429 2484 1474 2511 illa
1486 2490 1549 2510 vero
1563 2482 1696 2510 imitemur
1708 2489 1715 2507 :
1729 2487 1815 2515 neque
1826 2479 1877 2505 hoc

1089 2535 1187 2568 solum,
1202 2532 1250 2560 sed
1265 2535 1396 2559 monstrat
1418 2530 1526 2564 insuper
1541 2528 1628 2556 divina
1645 2526 1780 2560 Scriptura
1793 2529 1820 2552 et
1831 2524 1877 2559 ju-

1089 2585 1145 2608 stos
1158 2586 1228 2613 smpe
1249 2578 1347 2613 lapsos,
1361 2581 1388 2604 et
1407 2579 1559 2610 peccatores
1577 2579 1699 2607 magnam
1723 2570 1880 2598 exhibentes

1091 2626 1153 2654 vitae
1164 2623 1375 2655 conversionem,
1386 2628 1438 2656 quo
1447 2619 1568 2654 utrinque
1577 2617 1712 2645 sufﬁciens
1722 2615 1799 2642 nobis
1809 2619 1881 2642 essu

1092 2671 1205 2704 cautela,
1222 2674 1249 2698 et
1270 2675 1354 2703 neque
1367 2667 1411 2702 qui
1425 2671 1477 2693 stat
1493 2663 1668 2693 confidentior
1682 2662 1734 2694 sit,
1748 2659 1842 2687 videns
1855 2664 1883 2686 et

1091 2719 1177 2754 justos
1196 2716 1333 2748 cecidisse,
1350 2719 1434 2748 neque
1446 2711 1490 2746 qui
1509 2710 1534 2736 in
1554 2708 1669 2743 peccatis
1681 2711 1722 2734 est
1740 2706 1862 2739 desperet
1874 2723 1882 2736 ,

1095 2751 1193 2792 inultos
1205 2761 1371 2795 conspiciens
1390 2757 1432 2793 qui
1455 2756 1631 2790 resipuerunt,
1652 2757 1679 2780 et
1698 2751 1731 2778 ad
1749 2756 1884 2778 summum

1096 2809 1202 2837 virtutis
1213 2808 1314 2841 apicem
1338 2803 1475 2840 pervenire
1499 2803 1650 2836 potucruttt.
1675 2797 1764 2831 itaque
1778 2795 1885 2825 nullus.

1100 2861 1200 2891 qttmso,
1214 2851 1319 2880 tametsi
1334 2850 1476 2878 tttultorum
1489 2847 1618 2874 bonorum
1634 2849 1744 2879 operum
1757 2841 1807 2869 sibi
1821 2847 1884 2867 con-
