2058 3123
257 147 304 175 261
794 147 824 175 IN
839 146 913 175 CAP.
936 144 982 172 IX.
1002 142 1122 172 GENES.
1143 143 1258 173 llObllL.
1281 146 1374 176 XXIX.
1839 155 1888 183 252

256 212 326 232 scius
338 225 346 236 .
360 204 535 232 confidentior
552 205 602 238 sit,
624 204 671 233 sed
686 205 780 232 anxius
794 206 838 238 sit,
852 210 879 233 et
897 205 1043 232 sollicitus:

256 254 282 276 et
297 250 388 277 audiat
403 250 508 277 beatum
524 250 632 278 Paulum
653 250 841 278 admonentem
853 255 880 278 et
893 251 1045 284 dicentem,

257 295 308 327 Qui
319 301 387 322 stare
397 296 446 322 sibi
456 297 561 329 videtur,
573 297 656 323 videat
675 305 706 323 ne
722 297 796 323 cadat
809 297 845 332 (l.
859 296 918 324 Cor.
934 297 976 324 l0.
989 297 1044 332 l2);

255 341 344 367 nulltts
358 341 430 373 itetn,
445 342 488 376 qui
503 342 528 368 in
543 341 700 376 profundum
716 341 800 377 ipsum
816 342 922 369 malitia:
934 342 1048 369 descen-

255 387 323 413 derit
337 407 343 417 ,
356 387 449 414 salutis
461 395 515 414 su.'e
530 395 604 420 spem
620 388 727 421 abjiciat
738 408 745 420 ,
759 387 804 415 sed
820 379 978 415 ineffabilem
999 387 1046 415 Dei

254 433 462 460 misericordiam
486 434 623 468 cogitans.
649 434 738 461 audiat
767 434 861 461 iterum
890 434 972 461 Deum
999 441 1046 468 per

255 478 410 512 prophetam
426 478 558 506 dicentem
572 487 579 505 :
603 478 673 505 Nunt
687 479 730 514 qui
750 479 831 510 cadit,
848 487 897 506 non
918 479 1045 514 resurgit;

253 531 276 551 et
289 525 330 560 qui
343 525 431 551 avertit
445 533 481 557 se,
495 534 544 552 non
558 526 688 552 revertitur
704 525 731 560 (Ι
734 534 769 552 er.
784 525 809 553 8.
825 526 852 560 4)
864 526 875 552 ?
885 530 912 553 et
927 526 1022 552 iterum
1035 546 1043 557 ,

254 569 324 597 Nolo
343 575 446 596 mortem
469 571 614 604 peccatoris,
634 571 699 597 sicut
722 571 832 597 converti
850 579 906 597 eum
923 575 946 597 et
966 571 1046 597 vivere

253 615 359 648 (Ezeclt.
383 616 427 642 18.
449 616 504 650 25).
531 615 636 647 Vidisti.
659 615 768 649 dilecte,
788 616 877 644 omnia
899 617 925 643 in
947 616 1044 643 divinis

251 661 395 696 Scriptnris
408 662 522 696 scripta,
536 669 589 689 non
605 662 655 689 alia
666 662 700 689 de
712 669 792 689 causa
813 662 947 690 memoriae
963 661 1044 688 fuisse

252 708 358 740 tradita,
374 716 452 742 quam
468 712 575 742 propter
591 714 708 735 nostram
725 707 876 740 utilitatem,
892 711 919 734 et
935 707 1043 734 humani

250 755 357 788 generis
380 754 512 781 salutem?
528 754 588 781 llmc
609 761 698 781 secum
721 753 834 788 quisque
858 759 977 780 nostrum
997 761 1042 780 ex-

251 800 349 834 pendat
360 820 367 830 ,
382 800 488 835 suisque
508 807 622 834 congrua
636 800 788 827 vulneribus
803 799 944 834 pltarmaca
959 800 1045 833 impo-

251 849 306 872 nat.
320 844 381 872 Ideo
393 844 463 871 enim
487 844 543 871 lucc
554 844 586 871 ad
609 844 709 871 libitum
732 844 855 871 omnibus
873 848 935 871 sunt
948 851 1044 878 propo-

249 891 309 923 sita,
334 896 360 918 et
387 891 448 918 licet
472 891 570 918 volenti
591 891 753 918 conveniens
779 891 833 918 suis
858 890 1042 918 affectionibus

249 936 395 963 remedium
418 944 562 970 apponere,
583 941 609 963 ct
628 936 767 963 sanitatem
789 936 910 970 accipere
933 936 1042 963 celerri-

249 989 319 1008 mam
332 1003 339 1014 ,
355 986 455 1008 tantum
471 981 608 1009 medicina:
621 990 711 1009 curam
729 989 761 1009 ne
779 983 838 1016 quis
851 982 953 1016 rejiciat
964 1002 971 1013 ,
993 981 1039 1009 sed

249 1033 354 1062 gratum
377 1034 452 1054 suum
474 1027 598 1054 exhibeat
620 1027 837 1054 animum.Nulla
858 1027 927 1054 enim
950 1032 992 1054 est
1014 1027 1040 1054 in

249 1073 364 1100 humana
375 1078 468 1100 natura
482 1074 521 1100 vel
535 1074 654 1108 corporis
666 1074 708 1100 vel
722 1074 817 1100 anima:
831 1073 969 1108 mgritudo.
981 1080 1040 1107 qua:

250 1119 407 1146 medicinam
433 1119 494 1146 hinc
518 1119 638 1153 accipere
657 1122 779 1154 nequeat.
795 1118 956 1152 Quomodo?
977 1119 1039 1152 dic,

248 1165 370 1192 obsecro.
393 1164 540 1199 Ingreditur
553 1165 611 1199 quis
632 1164 683 1191 huc
704 1164 809 1191 tristitia
825 1169 851 1191 ct
873 1164 1039 1198 negotiorum

247 1209 426 1236 sollicitudine
439 1214 564 1236 oneratus
575 1230 582 1242 ,
597 1214 623 1237 et
636 1211 770 1244 ingressus
785 1209 835 1236 huc
848 1229 855 1241 ,
876 1209 910 1236 ita
925 1216 1040 1236 maerore

247 1255 377 1287 obrutus,
406 1256 494 1282 statim
523 1259 550 1282 ttt
574 1255 675 1282 audivit
699 1255 853 1289 prophetam
882 1254 1038 1281 dicentem:

251 1301 335 1333 Quare
347 1301 423 1327 tristis
436 1309 476 1332 es,
494 1301 578 1326 anima
598 1309 669 1333 utea,
685 1306 708 1327 et
730 1309 808 1336 quare
825 1299 958 1327 conturbas
978 1301 1039 1328 me?

247 1346 331 1380 Spera
346 1347 371 1373 in
386 1346 465 1373 Deum
475 1367 482 1379 ,
496 1347 614 1381 quoniam
628 1347 763 1380 conﬁtebor
777 1346 800 1373 ei
811 1354 820 1373 ε
834 1346 943 1373 salutare
957 1346 1040 1373 vultu:

246 1392 304 1424 mei,
316 1397 339 1420 el
356 1392 420 1419 Deus
436 1401 503 1419 meus
517 1392 601 1428 (Ρδαι.
616 1394 660 1420 tl.
675 1394 702 1421 ti.
710 1393 747 1427 7);
763 1392 905 1420 sufﬁcienti
918 1393 1039 1420 consola-

247 1439 320 1466 tione
334 1443 455 1473 suscepta
472 1439 536 1471 abit,
551 1443 578 1466 et
590 1447 696 1466 omnem
710 1439 782 1466 illam
796 1439 892 1465 mentis
903 1438 1037 1465 tristitiam

246 1485 355 1513 excutit.
381 1486 454 1512 Alius
477 1486 550 1517 item,
572 1485 616 1520 qui
639 1490 756 1512 extrema
780 1485 908 1520 premitur
929 1485 1037 1518 inopia,

245 1531 374 1565 gravatim
387 1530 437 1558 fert
454 1536 480 1557 et
493 1536 596 1562 ιιιωτει,
613 1530 705 1557 videns
719 1530 785 1557 alios
798 1530 898 1557 divitiis
908 1529 1018 1557 aﬂluere
1028 1548 1036 1560 ,

245 1580 274 1603 et
287 1576 362 1603 valde
376 1575 473 1609 inﬂari,
488 1584 635 1610 magnoque
647 1580 774 1610 apparatur
787 1579 813 1603 et
827 1582 921 1610 pompa
933 1575 1035 1610 stipari.

246 1622 327 1648 Audit
341 1629 357 1649 e
384 1622 427 1649 hic
440 1622 562 1649 eumdcnt
580 1622 735 1656 prophetam
751 1622 883 1649 dicentem
899 1631 904 1648 :
921 1621 996 1648 lucta
1011 1622 1037 1647 in

246 1667 383 1694 Dominum
403 1676 490 1694 curam
509 1673 595 1700 tuam,
610 1673 634 1694 et
656 1669 709 1702 ipse
728 1672 752 1694 te
765 1668 869 1694 enutriet
888 1667 970 1702 (Psal.
990 1667 1035 1694 54.

244 1713 309 1748 25);
326 1719 352 1741 et
372 1714 485 1744 iterum:
503 1713 542 1740 Ne
561 1714 648 1740 timeas
667 1721 723 1739 eum
742 1714 835 1740 ditatus
850 1713 924 1748 fuerit
942 1715 1015 1739 homo
1027 1733 1034 1744 ,

244 1759 284 1786 vel
295 1768 352 1786 cum
365 1760 532 1795 multiplicata
547 1760 620 1794 fuerit
634 1760 715 1795 gloria
730 1759 819 1786 domus
831 1760 886 1793 ejus
897 1767 906 1786 :
918 1760 1035 1794 quoniam

243 1814 301 1832 cum
309 1805 438 1836 interierit,
455 1814 505 1832 non
521 1810 601 1832 sumet
611 1805 695 1832 omnia
707 1804 792 1840 (Psal.
806 1805 849 1832 48.
862 1805 903 1831 l7.
923 1805 974 1838 l8).
991 1804 1036 1831 Est

243 1854 272 1878 et
289 1850 357 1877 alius
378 1858 482 1886 quoque
503 1851 547 1884 qui
569 1850 677 1877 insidias
697 1854 723 1877 et
739 1850 883 1877 calumnias
902 1850 1036 1876 sustinens

243 1895 327 1925 dolet,
341 1899 368 1923 et
386 1896 520 1923 insuavem
537 1900 609 1930 putat
630 1896 725 1928 vitam,
742 1903 869 1930 nusquam
890 1894 1034 1921 humanum

245 1941 364 1968 invenire
386 1941 478 1968 valens
496 1941 633 1968 auxilium.
650 1941 764 1968 Docetur
781 1946 807 1968 et
822 1941 865 1967 ltic
884 1941 917 1967 ab
940 1940 1035 1967 eodem

245 1987 322 2015 beato
337 1987 464 2022 propheta
481 1987 506 2014 in
523 1987 619 2014 talibus
632 1987 760 2022 angustiis
775 1994 826 2013 non
845 1987 876 2013 ad
891 1987 1034 2012 humanum

244 2033 397 2068 prmsidium
416 2033 638 2067 confugiendum:
663 2033 737 2059 audit
755 2032 825 2060 cnim
842 2032 925 2066 ipsum
944 2031 1035 2058 dicen-

245 2084 318 2106 tem:
334 2077 390 2113 Ipsi
404 2078 565 2105 detrahebant
577 2078 639 2104 mihi
649 2098 656 2111 ,
671 2086 716 2113 ego
729 2082 812 2104 autem
826 2077 929 2104 orabam
947 2075 1031 2111 (Psal.

244 2123 305 2151 tos.
321 2123 358 2158 Α).

278 2169 372 2197 Preces
395 2170 480 2196 omnia
507 2169 571 2197 levia
597 2174 621 2196 et
647 2169 733 2203 facilia
757 2168 875 2195 reddunt.
894 2167 1032 2194 ——Vidisti

242 2215 314 2243 unde
325 2220 426 2250 qua'rat
443 2216 590 2243 auxilium?
604 2216 656 2243 Alii
669 2236 677 2248 ,
692 2215 793 2250 inquit,
808 2215 884 2242 dolos
901 2217 1032 2242 consuunt

242 2265 270 2289 et
282 2262 428 2289 calumnias
442 2261 621 2296 insidiasque:
643 2269 691 2296 ego
712 2265 800 2288 autem
816 2260 848 2287 ad
868 2260 1032 2294 inexpugna-

243 2306 322 2334 bilem
337 2315 441 2334 tnurum
456 2307 594 2342 confugio,
610 2307 642 2334 ad
658 2311 738 2333 tutam
753 2306 907 2338 ancltoram,
921 2305 953 2332 ad
971 2312 1032 2338 por-

242 2357 297 2379 tum
313 2351 438 2379 ﬂuctuum
450 2358 597 2388 expertem,
611 2352 643 2379 ad
661 2360 762 2386 preces,
778 2352 893 2386 inquam,
908 2358 956 2385 per
965 2357 1031 2385 quas

241 2397 330 2424 omnia
340 2396 456 2425 difﬁcilia
468 2398 533 2425 levia
544 2402 571 2425 et
580 2398 663 2424 facilia
675 2397 738 2424 mihi
754 2397 827 2424 fiunt.
841 2396 949 2429 lnsttper
963 2395 1030 2422 alius

240 2441 362 2477 abiisqui
373 2444 443 2477 prius
452 2444 499 2478 ipsi
508 2443 700 2475 ministrabant,
708 2443 850 2476 chpieitur
857 2440 1032 2468 etcontemni-

242 2492 293 2520 tur,
308 2494 387 2523 atque
398 2489 430 2515 ab
441 2489 531 2516 amicis
543 2489 709 2523 relinquitur,
726 2488 812 2515 ethoc
822 2493 860 2515 est
876 2488 946 2522 qutod
958 2496 1031 2516 men-

241 2538 294 2560 tem
308 2534 366 2568 ejus
380 2535 494 2562 maxime
505 2535 645 2562 conturbat
656 2539 683 2562 et
693 2534 840 2562 confundit.
852 2535 904 2562 Sed
916 2540 941 2562 et
953 2535 1028 2563 iticsi

241 2579 365 2612 voluerit,
377 2580 428 2607 huc
438 2580 568 2608 accedens
576 2581 664 2608 audiet
678 2582 782 2608 beatum
795 2582 868 2608 illum
879 2581 1028 2609 dicentem:

241 2625 322 2651 Amici
336 2625 384 2651 ntei
398 2630 421 2651 et
435 2626 542 2659 proximi
553 2626 601 2652 mei
616 2626 747 2652 adversum
762 2635 799 2652 me
811 2627 1029 2661 appropinquan-

239 2675 333 2698 runtet
345 2675 471 2697 steterunt.
489 2670 523 2697 Et
542 2672 586 2705 qui
604 2672 675 2704 iuxta
692 2680 730 2698 me
743 2677 812 2698 erant
831 2672 847 2698 ιι
862 2672 934 2706 longe
954 2677 1026 2698 stete-

240 2720 311 2749 runt,
325 2721 349 2742 et
361 2716 410 2742 vim
423 2717 546 2751 faciebant
561 2717 602 2749 qui
614 2718 755 2751 ιριωνεῢσηι
768 2718 877 2743 animam
894 2725 991 2744 "team:
1006 2722 1029 2743 et

239 2761 283 2794 qui
295 2761 436 2794 quaebant
450 2762 517 2787 mala
531 2761 591 2787 nti/ti
601 2782 607 2793 ,
621 2762 716 2796 loquuti
725 2768 782 2788 sunt
795 2762 928 2793 umtitales,
944 2766 966 2788 ct
981 2762 1028 2788 do-

241 2805 280 2831 los
300 2809 350 2831 tota
372 2805 413 2832 die
433 2805 616 2832 meditabantur
644 2805 728 2839 (l’sul.
742 2807 786 2834 57.
806 2807 844 2833 l2.
862 2807 916 2842 l5).
935 2807 1027 2833 \‘idisti

243 2856 376 2879 struentes
389 2851 498 2879 insidias
512 2861 594 2888 usque
609 2853 640 2879 ad
655 2858 765 2881 mortem
783 2855 882 2888 ipsam,
897 2859 920 2880 et
935 2862 1026 2888 perpe-

1105 206 1175 229 tuutn
1189 203 1286 231 belium
1301 207 1446 240 gerentes?
1460 207 1525 235 Nam
1537 208 1588 237 hoc
1600 210 1715 245 indicat,
1735 220 1794 240 cum
1806 215 1866 242 dicit
1881 226 1888 244 :

1101 248 1165 296 Tota
1175 250 1215 277 die
1225 251 1416 296 meditabantur,
1427 254 1488 288 quia
1499 262 1546 289 per
1557 261 1637 284 totam
1649 259 1738 286 vitam.
1750 260 1816 293 Quid
1827 270 1889 296 ergo

1100 293 1144 321 ille
1157 294 1272 329 interim,
1285 296 1347 323 dum
1360 297 1548 326 insidiarentur
1560 306 1586 328 et
1597 302 1763 337 molirentur,
1780 293 1889 340 agehait

1101 338 1156 375 Ego
1171 345 1252 368 autem
1262 362 1270 373 ,
1285 342 1383 377 inquit,
1398 345 1471 379 quasi
1484 346 1575 372 surdus
1589 355 1637 373 non
1652 349 1757 376 audiens
1767 370 1774 381 ,
1787 338 1811 377 et
1824 352 1888 378 sicut

1100 391 1182 414 mutus
1195 396 1244 414 non
1259 389 1373 423 aperiens
1383 398 1411 416 οδ
1423 399 1516 424 ruunt;
1531 397 1554 418 et
1569 394 1650 427 factus
1662 402 1718 421 sunt
1729 397 1794 423 sicut
1813 398 1887 425 homo

1099 439 1149 458 non
1168 432 1290 465 audiens,
1305 438 1328 460 et
1347 443 1396 461 non
1416 435 1510 463 habens
1531 437 1556 463 in
1577 445 1619 464 ore
1633 447 1678 466 suo
1699 440 1888 476 redarglttioucl

1099 477 1186 512 (Psal.
1197 479 1241 506 57.
1259 479 1299 506 ll.
1315 481 1370 515 l5).
1386 481 1478 509 Vidisti
1492 483 1666 511 excellentem
1682 486 1886 522 philosophiam,

1098 525 1231 558 quomodo
1244 525 1347 554 diversa
1367 527 1408 554 via
1423 528 1505 555 vicit?
1519 529 1557 556 llli
1572 529 1647 558 dolos
1660 533 1816 566 struebant,
1832 535 1888 568 ipse

1097 577 1175 597 aures
1190 571 1330 599 obturabat
1341 593 1347 603 ,
1363 580 1396 600 ne
1408 573 1533 603 audiret:
1557 575 1594 602 illi
1607 577 1678 604 omni
1698 583 1817 612 tempore
1836 588 1887 608 non

1097 616 1237 643 cessabant
1259 617 1373 652 linguam
1389 626 1495 650 acuere,
1511 624 1538 647 et
1551 621 1681 649 vanitates
1693 628 1720 650 et
1735 624 1888 652 fraudulen-

1098 660 1147 687 tias
1167 662 1309 695 meditari;
1331 663 1374 691 hic
1387 669 1475 692 autem
1500 666 1606 694 silentio
1627 667 1731 695 illorum
1758 670 1886 698 insaniam

1097 707 1297 740 comprimebat.
1315 709 1346 736 Et
1359 717 1442 744 quare
1457 711 1495 738 sic
1507 718 1536 739 se
1549 713 1634 747 gerit,
1651 718 1677 741 et
1690 714 1750 742 licet
1766 716 1816 742 illis
1829 716 1886 743 ha:c

1096 754 1283 786 apparamibus
1305 755 1360 789 ipse
1373 756 1411 783 sic
1429 757 1484 791 agit
1501 759 1575 793 quasi
1590 759 1686 786 surdus
1699 765 1725 788 et
1739 767 1826 789 mutus
1837 783 1843 793 ,
1860 768 1887 790 et

1096 799 1170 832 quasi
1192 807 1278 834 neque
1301 808 1396 834 aures,
1421 810 1506 837 neque
1532 804 1646 839 linguam
1676 806 1792 834 habeat?
1817 809 1886 835 Audi

1096 843 1180 877 ipsum
1195 849 1274 872 tanta:
1288 846 1461 881 philosophiae
1473 855 1578 875 causam
1587 849 1718 878 dicentem
1730 861 1736 878 :
1750 852 1814 885 Quia
1826 853 1851 880 iu
1863 859 1886 880 te

1094 889 1201 923 sperari,
1216 888 1324 916 Domine
1346 890 1426 925 (Ibid.
1441 899 1465 918 υ.
1483 892 1534 928 l6).
1548 894 1614 927 Quia
1636 903 1650 921 a
1664 900 1689 922 te
1714 897 1810 930 pendet
1823 905 1884 932 spes

1095 941 1163 966 mea,
1181 935 1274 968 inquit,
1290 939 1316 962 ct
1329 936 1354 962 in
1372 941 1397 963 te
1411 944 1454 964 me
1468 938 1576 972 projeci.
1593 940 1663 966 nulla
1679 941 1742 967 mihi
1758 948 1883 975 curaest,

1094 979 1156 1013 quid
1171 979 1207 1006 illi
1223 985 1310 1014 agant.
1331 981 1413 1008 Tuutn
1430 983 1499 1009 enitn
1520 985 1645 1011 auxilium
1660 987 1723 1013 satis
1740 993 1832 1020 potens
1844 994 1883 1016 est

1093 1024 1126 1050 ad
1139 1024 1290 1060 dissipanda
1312 1026 1368 1054 hmc
1381 1028 1468 1054 omnia
1481 1049 1488 1061 ,
1503 1029 1642 1064 irritasque
1662 1032 1808 1059 reddendas
1824 1034 1882 1060 illo-

1093 1076 1151 1097 rum
1164 1071 1372 1100 ntacltinatioues
1385 1077 1411 1100 et
1423 1073 1542 1106 insidias,
1559 1079 1586 1102 ut
1597 1075 1660 1102 nihil
1673 1084 1763 1103 eorum
1776 1079 1882 1113 implea~

1094 1120 1136 1143 tur
1148 1117 1217 1151 quod
1230 1123 1369 1152 apparent.

1127 1161 1154 1187 2.
1176 1161 1309 1197 Scriptura
1331 1171 1403 1189 sacra
1428 1163 1454 1190 iu
1476 1164 1661 1192 calamitatibus
1684 1168 1832 1196 antidotum.
1847 1184 1881 1190 ~—

1092 1205 1202 1234 Vidistis
1229 1208 1362 1242 quomodo
1380 1216 1546 1244 quacumque
1565 1211 1714 1239 calamitate
1738 1213 1880 1243 humanam

1091 1257 1211 1278 naturam
1235 1258 1381 1287 premente,
1403 1261 1551 1289 congruens
1566 1264 1598 1282 ex
1617 1257 1759 1291 Scripturis
1775 1260 1881 1286 antido-

1092 1301 1146 1324 tum
1159 1298 1279 1332 accipere
1299 1299 1386 1332 liceat,
1401 1304 1429 1326 et
1443 1308 1549 1327 omnem
1566 1302 1626 1329 \ituc
1647 1302 1723 1338 hujus
1739 1313 1880 1333 mmrorem

1091 1343 1222 1377 repellere
1234 1364 1241 1377 ,
1255 1352 1341 1379 neque
1354 1345 1388 1371 ab
1403 1345 1457 1372 ullo
1471 1346 1540 1380 quod
1553 1347 1658 1380 accidit,
1675 1350 1777 1383 gravari
1790 1351 1800 1377 ?
1815 1351 1880 1378 l’ro-

1091 1393 1181 1422 pterea
1194 1390 1315 1421 obsecro,
1331 1395 1360 1416 ut
1374 1390 1526 1425 frequenter
1540 1391 1590 1419 huc
1603 1394 1725 1426 veniatis,
1740 1399 1767 1422 et
1783 1395 1880 1423 divina:

1091 1433 1234 1468 Scriptum
1246 1435 1384 1462 lectionem
1396 1436 1534 1470 diligenter
1545 1438 1713 1465 auscullclis:
1728 1447 1779 1466 non
1793 1441 1879 1467 solum

1090 1487 1149 1506 cttm
1164 1479 1215 1507 ltuc
1230 1480 1333 1511 venitis,
1347 1481 1392 1508 sed
1407 1486 1433 1508 et
1448 1481 1517 1508 dotui
1533 1482 1634 1510 divinos
1649 1484 1730 1512 libros
1746 1486 1771 1512 itt
1787 1494 1879 1514 manus

1090 1525 1202 1556 sumite,
1215 1530 1242 1552 et
1262 1526 1399 1552 utilitatem
1418 1527 1443 1553 in
1470 1527 1520 1554 illis
1538 1529 1648 1562 positam
1675 1538 1770 1565 magno
1791 1532 1878 1560 studio

1089 1569 1223 1604 suscipite.
1241 1569 1303 1597 lnde
1318 1571 1388 1598 enim
1406 1572 1514 1599 multum
1529 1573 1593 1600 lucri
1611 1575 1727 1602 nascitur
1742 1585 1748 1603 :
1765 1577 1878 1610 primum

1089 1615 1195 1650 quidem
1220 1615 1331 1643 lectione
1352 1617 1437 1652 lingua
1464 1618 1642 1652 reformatur;
1668 1621 1764 1649 deinde
1791 1623 1877 1651 anima

1089 1661 1219 1687 excitatur
1232 1666 1259 1688 ct
1272 1662 1392 1689 sublimis
1402 1663 1525 1696 efﬁcitur,
1537 1665 1684 1701 jubarcque
1697 1667 1877 1702 solisjustitim

1089 1707 1255 1740 illustratur,
1284 1716 1384 1743 perque
1410 1714 1512 1744 tempus
1535 1711 1598 1738 illud
1625 1712 1658 1738 ab
1681 1713 1876 1742 imntundarmn

1088 1746 1276 1786 cogitationum
1299 1754 1430 1781 illecebris
1452 1755 1596 1789 liberatur,
1620 1757 1701 1783 multa
1730 1761 1818 1792 quiete
1845 1768 1876 1788 ac

1090 1799 1277 1834 tranquillitate
1291 1799 1390 1827 fruens.
1408 1799 1517 1836 Insuper
1528 1801 1599 1836 quod
1613 1802 1645 1830 ad
1658 1804 1791 1838 augendas
1805 1806 1875 1834 vires

1088 1844 1207 1878 corporis
1224 1844 1355 1872 sensibilis
1375 1845 1419 1873 ille
1437 1846 1512 1873 cibus
1526 1846 1602 1878 facit,
1627 1847 1652 1874 id
1676 1849 1771 1876 anima:
1797 1850 1876 1878 lectio

1088 1895 1205 1925 pra-stat.
1226 1891 1367 1926 Spirituale
1387 1892 1457 1919 enim
1481 1892 1634 1920 alimentum
1657 1899 1713 1924 est.
1739 1900 1765 1922 et
1781 1895 1874 1924 fortem

1088 1936 1174 1964 reddit
1188 1937 1313 1970 animam,
1325 1943 1349 1964 et
1361 1939 1578 1970 constantiorem,
1604 1945 1631 1966 et
1646 1941 1729 1974 magis
1751 1943 1872 1976 philoso-

1087 1981 1202 2017 plticam,
1219 1990 1270 2008 non
1288 1980 1444 2016 permittens
1460 1989 1488 2010 ut
1509 1984 1542 2010 ab
1557 1984 1740 2013 affectionibus
1753 1987 1874 2015 absurdis

1086 2027 1218 2062 capiatur:
1228 2027 1274 2054 sed
1284 2028 1366 2054 levent
1376 2033 1403 2055 et
1413 2029 1508 2055 alatam
1519 2028 1628 2062 faciens,
1646 2030 1671 2057 in
1683 2031 1776 2058 caelum
1789 2033 1873 2067 ipsum

1086 2072 1276 2107 propemodum
1291 2073 1424 2100 transfert.
1447 2073 1558 2100 Tantum
1583 2074 1660 2109 igitur
1674 2075 1774 2103 lucrum
1784 2097 1790 2108 ,
1806 2086 1853 2104 oro
1865 2099 1873 2111 ,

1087 2124 1120 2143 ne
1134 2125 1182 2151 per
1197 2117 1384 2152 negligentiam
1399 2118 1561 2149 amittamus.
1578 2119 1624 2146 sed
1640 2120 1719 2146 etiam
1738 2121 1807 2148 domi
1829 2130 1873 2149 va-

1086 2171 1176 2190 cetutts
1189 2163 1338 2190 divinarum
1352 2164 1546 2198 Scripturarum
1568 2165 1672 2192 lectioni
1683 2187 1689 2196 ,
1704 2171 1730 2192 et
1750 2166 1792 2194 hic
1806 2175 1873 2201 prte—

1086 2213 1175 2236 sentes
1194 2217 1244 2235 non
1259 2209 1284 2235 in
1304 2209 1380 2243 nugis
1401 2213 1427 2235 et
1449 2209 1586 2236 inutilibus
1604 2210 1743 2244 colloquiis
1768 2216 1875 2246 tempus

1086 2254 1250 2280 insumamus
1265 2263 1272 2281 :
1288 2254 1334 2280 sed
1351 2259 1457 2289 propter
1471 2254 1539 2288 quod
1556 2257 1738 2288 convenimus,
1754 2254 1873 2284 attendas

1085 2305 1144 2325 mus
1165 2306 1223 2333 qua:
1239 2298 1374 2333 legantur,
1399 2303 1427 2326 ut
1447 2299 1539 2332 majori
1561 2299 1621 2326 imle
1642 2299 1726 2327 fructu
1749 2307 1879 2336 pCtCC;:lO.

1086 2343 1223 2371 discedere
1236 2344 1322 2370 liceat.
1339 2344 1413 2377 Quod
1427 2345 1446 2370 si
1464 2344 1514 2370 huc
1528 2345 1689 2378 ingressin
1706 2345 1872 2380 intempesti-

1085 2397 1133 2417 vas
1147 2394 1172 2416 et
1184 2390 1288 2416 inutiles
1297 2389 1522 2416 confabulationes
1530 2397 1575 2415 vos
1588 2390 1723 2422 confertis,
1733 2395 1759 2416 et
1772 2392 1872 2425 abs‘quc

1084 2436 1206 2471 ampliori
1221 2435 1306 2462 fructu
1320 2435 1381 2462 ltinc
1393 2435 1481 2464 abitis.
1494 2442 1551 2469 qum
1563 2435 1679 2461 utilitas?
1691 2436 1786 2462 Annon
1800 2437 1869 2462 enim

1084 2483 1227 2510 absurdum
1242 2487 1290 2513 est.
1303 2482 1400 2516 cosqui
1416 2481 1447 2507 ad
1462 2480 1601 2507 saeculares
1616 2481 1744 2507 nnmlinas
1753 2483 1876 2515 veniunth

1084 2529 1211 2556 sollicitos
1236 2536 1294 2555 esse
1319 2533 1345 2553 ut
1360 2532 1499 2561 antequam
1516 2526 1639 2557 redeant,
1656 2526 1742 2552 onntia
1757 2535 1816 2560 qme
1838 2536 1871 2555 ex

1085 2575 1210 2602 nmtdinis
1224 2577 1325 2608 oportet
1343 2573 1463 2606 capiant,
1481 2571 1541 2598 licet
1556 2571 1672 2605 pecunia!
1687 2571 1869 2605 impendenda:

1084 2621 1138 2648 sint
1151 2629 1158 2646 :
1172 2627 1217 2647 eos
1231 2624 1318 2646 autem
1333 2617 1376 2647 aui
1394 2618 1443 2643 huc
1456 2616 1487 2642 ad
1502 2616 1652 2649 spirituales
1674 2616 1720 2642 has
1739 2617 1868 2643 nundinas

1083 2667 1209 2698 veniunt,
1232 2671 1283 2691 nm-
1304 2671 1382 2690 omne
1406 2662 1523 2690 studium
1540 2662 1700 2696 impendere,
1717 2664 1869 2698 utacceptis

1084 2712 1206 2743 utilibus,
1230 2715 1258 2737 et
1284 2710 1310 2736 in
1334 2709 1420 2735 anima
1436 2707 1573 2741 depositis,
1594 2708 1733 2739 recedant;
1755 2709 1869 2736 maxime

1083 2767 1142 2785 eum
1161 2757 1232 2784 nullo
1245 2756 1415 2790 pecuniarum
1426 2758 1531 2788 sumptu
1544 2753 1585 2780 hic
1599 2761 1666 2788 opus
1679 2759 1713 2781 snt
1723 2775 1730 2786 ,
1747 2755 1792 2782 sed
1812 2755 1867 2782 ala-

1083 2804 1177 2832 critate
1190 2803 1243 2829 sola
1259 2807 1284 2828 ct
1300 2804 1398 2827 attenta
1412 2799 1519 2826 mente?
1539 2798 1573 2826 Ut
1584 2799 1662 2833 igitur
1680 2806 1713 2826 ne
1724 2799 1868 2827 deteriores

1084 2851 1165 2878 simus
1181 2849 1212 2874 iis
1226 2847 1269 2882 qui
1282 2846 1313 2873 ad
1331 2845 1470 2873 sicculares
1483 2848 1615 2871 mercatus
1627 2843 1726 2871 vadunt
1739 2864 1744 2878 ,
1760 2851 1867 2878 operam
