2058 3123
174 122 228 149 263

175 177 267 204 flemus
277 198 284 209 ,
305 181 333 203 ιιι
350 182 476 210 perquam
490 174 630 210 vigilantes
641 176 725 204 simus
735 196 742 209 ,
757 184 790 204 ne
802 175 890 204 desint
903 176 965 204 hinc

173 223 324 258 migraturis
337 222 430 249 viatica
441 242 448 254 ,
463 229 522 256 qua:
538 229 590 248 non
606 222 691 248 solum
712 222 789 250 nobis
813 222 962 254 sufﬁciant,

171 268 217 294 sed
232 271 260 294 et
269 275 328 302 quae
339 266 508 300 suppeditare
519 266 652 301 possimus
665 271 692 294 et
711 267 770 293 aliis
781 286 789 299 ,
811 273 837 294 et
853 275 962 295 uxorem

170 312 339 347 corrigendo,
353 316 380 339 et
393 311 521 344 l‘atnulos,
533 316 560 338 et
571 311 685 338 vicinum
698 332 705 343 ,
722 316 749 339 et
760 313 874 340 anticum
885 332 893 345 ,
911 313 964 340 imo

170 357 252 385 etiatn
268 358 413 384 inimicum.
422 357 495 384 Talia
508 357 580 384 enim
595 361 658 384 sunt
670 357 817 391 spiritualia
828 357 962 392 dogmata,

172 409 200 431 ut
210 403 360 431 comtttunia
373 403 498 430 omnibus
521 407 716 438 proponantur,
738 403 863 437 nullaque
882 403 917 430 sit
937 403 962 429 in

171 450 211 477 eis
225 449 375 482 diversitas,
393 449 442 476 nisi
458 449 564 483 quando
577 449 636 484 quis
647 449 731 483 magis
745 449 871 475 intentatn
887 449 964 476 affert

170 501 286 524 mentem
297 517 305 527 ,
318 501 345 523 et
362 495 515 523 l‘ervcntiori
539 495 673 522 desiderio
693 495 774 522 alium
790 495 961 522 transcendit.

172 543 263 578 Itaque
275 542 335 577 quia
350 546 451 568 tanttttn
465 546 505 568 est.
521 549 553 569 ex
569 541 618 568 hac
635 541 754 568 doctrina
777 541 879 568 lucrum
890 562 897 574 ,
913 549 963 576 age

170 589 250 616 hodie
273 589 339 615 lecta
354 588 379 615 itt
397 588 513 615 medium
529 596 726 622 propottanttts,
741 593 767 615 et
790 587 875 616 fructu
898 596 965 624 quo-

171 635 241 670 piam
257 635 318 662 inde
327 635 449 667 collecm,
461 634 569 662 domum
584 634 734 662 redeamus.

208 683 323 711 Ebrietas
338 682 395 710 Noe
407 682 532 717 quomodo
552 682 666 710 excusari
688 681 784 708 debeat.
808 695 844 701 —-—
863 681 908 708 20.
930 680 963 708 Et

169 730 252 764 cepit,
267 729 362 763 inquit,
380 727 437 754 Noe
449 729 523 755 [torno
537 727 650 763 agricola
662 732 744 759 terror,
756 732 778 754 et
790 727 912 761 plantavit
925 727 962 753 vi-

170 783 254 808 neam,
263 775 308 802 2|.
317 780 339 801 et
353 774 410 801 bibit
424 773 456 801 de
463 774 530 806 vino,
538 778 560 800 et
572 773 709 800 inebriatus
724 778 769 800 est.
779 773 845 800 Vide
857 778 963 808 quantae

167 822 248 849 nobis
259 821 379 848 tttilitatis
393 820 497 847 occasio
507 825 548 847 est
563 819 641 855 hujus
656 819 777 847 lectionis
792 819 960 854 promntium.

169 867 281 901 Quando
293 867 363 893 cnim
377 865 507 897 audimus,
517 867 618 899 justmtt
632 865 703 892 illttm
713 869 739 892 et
749 865 905 899 perfectum,
917 865 961 900 qui

171 917 272 940 tantum
279 920 392 947 sttpcrtte
401 911 502 945 accepit
510 911 701 943 testimoniuttt,
709 910 807 937 bibisse
815 915 842 937 ct
850 910 963 937 inebria-

171 963 227 985 tttm
237 966 310 985 esse:
321 957 454 992 quomodo
469 964 517 983 nos
531 956 654 991 posthac,
665 956 708 991 qui
718 956 797 983 tantis
812 960 838 982 et
853 961 905 982 tam
916 963 962 982 va—

171 1005 219 1032 tiis
231 1005 347 1039 peccatis
362 1003 479 1031 immersi
494 1011 595 1035 sumus,
614 1011 667 1030 non
683 1011 776 1038 magna
789 1003 962 1030 contentione

170 1050 297 1076 datnnnm
321 1049 457 1076 ebrietatis
482 1049 597 1083 ell‘ugere
619 1048 811 1075 studebimus?
837 1047 961 1081 Quamvis

171 1102 224 1122 non
239 1094 308 1121 idetn
330 1095 414 1128 ipsum
432 1094 476 1125 sit,
491 1094 591 1128 justum
610 1094 683 1121 illttnt
707 1094 758 1121 ltoc
779 1093 842 1120 vitio
855 1098 962 1127 captum

171 1140 262 1173 fuisse,
277 1145 303 1167 et
316 1148 364 1167 nos
381 1140 406 1166 in
422 1139 490 1167 ident
506 1139 632 1166 incidere.
646 1139 725 1166 Multa
739 1139 809 1166 enim
821 1144 891 1171 sunt,
903 1146 963 1173 quae

170 1187 269 1221 justum
286 1187 356 1213 illum
373 1186 450 1214 venia
470 1186 576 1220 dignum
593 1186 739 1213 declarant.
754 1185 818 1219 Qua:
834 1193 886 1212 non
903 1185 963 1211 dico

171 1234 246 1268 quasi
266 1234 420 1261 ebrietatem
443 1240 592 1264 excus:ms,~
605 1232 650 1259 sed
664 1232 850 1259 demonstrans
863 1232 962 1265 jttstutn

172 1287 224 1306 non
242 1287 274 1306 ex
289 1278 489 1313 intemperantia
506 1298 513 1310 ,
529 1277 575 1304 sed
587 1277 673 1311 potius
688 1285 719 1303 ex
733 1277 880 1310 ignorantia
900 1283 963 1310 sup-

175 1324 320 1358 plantatum
345 1323 436 1350 ittiSsc.
457 1322 488 1349 Et
517 1322 587 1357 quod
611 1329 663 1348 ttou
690 1322 725 1348 ila
741 1321 897 1355 simpliciter
910 1321 962 1348 viui

173 1370 336 1404 potationum
351 1370 478 1396 imcnerit
492 1368 540 1403 (a),
558 1368 618 1395 audi
630 1368 793 1402 Scripturam
805 1368 863 1401 ejus
874 1367 964 1401 apolo—

172 1416 242 1450 giatn
256 1415 422 1444 allerentcnt.
434 1422 493 1441 cuin
507 1414 571 1441 dicit
586 1423 592 1440 :
610 1413 643 1440 Et
656 1414 728 1448 cwpit
739 1412 796 1440 Noe
807 1413 881 1439 homo
895 1413 963 1448 agri-

172 1461 228 1488 cola
242 1466 325 1494 terrm,
342 1465 364 1487 et
383 1461 504 1495 plantavit
524 1460 631 1491 t'ittcam,
645 1465 667 1486 et
686 1459 744 1485 bibit
764 1460 795 1485 de
808 1459 875 1491 vino,
888 1463 910 1485 et
922 1459 959 1484 iu-

172 1506 282 1533 cbriatus
295 1511 340 1533 cst.
354 1506 424 1533 lstttd
440 1506 525 1540 ipsum
541 1505 610 1540 quod
627 1505 720 1539 ittqnit,
742 1504 831 1539 Coepit,
848 1504 965 1531 ostendit

173 1551 259 1586 ipsunt
274 1551 327 1578 vini
340 1550 446 1578 bibendi
461 1550 573 1585 primum
591 1550 756 1576 inventorem
769 1551 860 1582 luisse,
875 1555 902 1577 et
917 1557 965 1584 per

173 1597 359 1632 ignorantiam,
373 1597 534 1624 nescientem
549 1598 645 1630 justam
668 1604 774 1624 sumere
800 1604 963 1629 mensuram,

174 1645 200 1671 in
215 1644 371 1671 ebrietatem
395 1643 530 1670 incidisse.
558 1642 649 1677 Neque
673 1642 724 1669 huc
743 1643 828 1669 solunt
843 1643 868 1670 iu
886 1650 964 1670 causa

173 1694 224 1722 est,
241 1689 287 1716 sed
303 1689 363 1723 quia
384 1697 479 1723 magna
502 1688 641 1715 tenebatur
668 1689 783 1720 tristitia,
811 1693 839 1716 ct
864 1688 965 1723 sittiipsi

173 1735 382 1763 consolationem
393 1735 452 1762 inde
460 1734 613 1769 excogitare
622 1734 737 1767 volebat,
747 1735 815 1762 sicut
825 1739 852 1761 et
860 1742 886 1761 sa
891 1735 966 1769 piens

174 1782 282 1817 quidattt
298 1781 363 1808 dicit
378 1790 383 1808 2
398 1781 464 1808 Date
475 1782 561 1808 vinum
574 1781 605 1807 iis
618 1781 661 1816 qui
673 1781 699 1807 in
715 1781 826 1814 tristitia,
838 1786 860 1807 et
871 1789 966 1807 inerma

175 1828 206 1855 iis
227 1828 271 1862 qui
287 1827 313 1854 in
337 1828 424 1854 dolore
446 1826 537 1862 (Prov.
556 1827 601 1854 5|.
615 1827 651 1862 6)
668 1835 675 1854 :
692 1833 842 1854 ntonstrans
865 1827 966 1854 nullum

176 1881 235 1901 esse
261 1878 314 1900 tam
341 1880 458 1908 praesens
477 1872 590 1899 tristitia:
614 1873 780 1905 remcdium,
808 1881 886 1908 quant
913 1872 966 1900 vini

177 1926 252 1945 usum
272 1925 279 1950 ;
303 1922 403 1945 tantum
430 1918 569 1944 utilitatem
595 1917 652 1953 ejus
676 1918 701 1944 ni
723 1918 817 1952 perdat
839 1919 968 1952 intempe-

177 1963 272 1990 rantia.
283 1963 359 1996 Quod
376 1968 463 1990 atttcttt
480 1963 505 1990 in
521 1963 625 1990 tristitia
634 1964 968 1999 etmterorelucritjustus

177 2009 234 2043 ille,
254 2009 347 2036 videns
368 2010 484 2044 seipsutn
509 2010 535 2037 in
557 2015 630 2037 tanta
652 2010 804 2043 solitudine,
821 2015 848 2038 et
862 2011 966 2052 illorum

176 2055 313 2083 hominum
327 2062 438 2090 corpora
461 2061 522 2083 ante
541 2056 632 2083 orulos
646 2056 773 2091 projecta,
786 2062 814 2084 et
827 2065 968 2085 commune

175 2102 294 2129 omnium
305 2102 455 2136 sepulcrum
473 2102 623 2130 hominibus
639 2108 665 2130 et
691 2102 773 2130 brutis
790 2103 898 2135 factum,
909 2104 969 2138 quis

178 2147 338 2181 negaverit?
352 2147 408 2174 Mos
432 2147 503 2174 enim
523 2148 712 2183 prophetarum
727 2154 754 2176 et
764 2150 895 2184 justorutn
912 2157 969 2176 ont-

179 2192 251 2220 Itium
264 2197 315 2224 est,
335 2199 387 2218 non
403 2199 450 2226 pro
462 2193 493 2219 iis
503 2193 640 2220 dumtaxat
653 2194 746 2221 dolere
757 2216 764 2227 ,
779 2196 823 2230 qui
837 2196 886 2222 sibi
908 2204 969 2231 pro-

179 2237 243 2264 ximi
257 2242 318 2264 suttt
331 2257 338 2269 ,
353 2237 400 2264 sed
415 2243 439 2264 ct
455 2245 505 2272 pro
527 2239 636 2273 reliquis
657 2239 817 2267 hominibus.
831 2241 863 2268 Et
878 2242 899 2268 si
911 2242 970 2276 quis

179 2289 319 2310 recensere
328 2282 400 2315 velit,
415 2282 531 2310 inveniet
543 2291 636 2311 omnes
649 2284 718 2312 hunc
729 2287 969 2315 eotnmiscrationis

178 2327 302 2355 allectum
317 2336 371 2362 pra:
385 2337 414 2356 se
426 2329 539 2359 lcrre.ct
549 2331 638 2357 audiet
653 2331 745 2358 Isaiam
757 2332 863 2366 quidem
878 2334 969 2360 dicen-

178 2378 230 2400 tem
246 2382 253 2399 :
271 2372 358 2400 Nolite
373 2375 531 2406 contendere,
547 2380 572 2401 ut
593 2384 631 2402 ine
651 2377 816 2404 consulamini
831 2378 857 2405 in
873 2380 967 2406 contri-

177 2419 244 2446 tione
256 2419 317 2453 ﬁlia:
328 2421 426 2455 generis
446 2421 494 2447 mei
508 2421 583 2456 (lsai.
598 2422 643 2448 ‘22.
659 2422 699 2456 il):
712 2423 854 2451 let-entiam
868 2431 967 2459 autent,

178 2465 239 2497 Quis
257 2465 325 2492 dabit
337 2467 414 2500 capiti
430 2475 483 2492 meo
496 2476 599 2502 aquam,
614 2474 637 2494 ίνι
651 2469 729 2495 oculis
744 2471 803 2497 uicis
819 2473 912 2506 fontem
929 2474 967 2499 la—

177 2519 321 2546 crgmarum
342 2512 408 2547 (.Ier.
423 2513 450 2540 9.
464 2513 512 2548 l)?
535 2513 701 2542 Ezccltielcnt
723 2524 796 2549 vero,
817 2517 873 2544 llvu
896 2520 966 2552 mihi,

209 2621 244 2651 (tt)
261 2621 286 2657 In
296 2622 550 2660 gilii-co‘lt-giturlvox,
559 2632 736 2660 atumem-aqum
747 2629 858 2660 quidetn,
872 2630 894 2654 si
904 2631 932 2654 ad
943 2631 971 2655 li-

178 2654 256 2689 ιιῖιηιιιιι
270 2653 430 2689 intelligatut',
443 2654 491 2680 viui
503 2657 645 2686 putationem
661 2653 787 2689 Signiﬁcat.
806 2653 858 2684 Sed,
868 2653 915 2685 hic,
922 2653 971 2686 imit

179 2683 212 2716 2d.
227 2682 322 2723 litteram
349 2682 410 2719 hanc
423 2682 514 2723 Διιιιτιτιίι
534 2682 697 2723 ιιουὶιιίιειιιιιιιῖί

177 2719 257 2751 ζιιηιξὶέι
272 2718 321 2751 hoe
333 2717 530 2751 t‘intpotntiuncm
543 2717 677 2744 invenerit:
688 2717 973 2751 per,amovimeltrii-tas

178 2743 305 2785 i‘qltcllzgcu
317 2746 337 2769 ia
351 2743 396 2775 est,
412 2747 442 2785 ita
455 2751 481 2771 ut
497 2754 586 2785 sensus
600 2751 645 2785 sit,

177 2777 239 2814 citur
256 2780 278 2796 ut
295 2783 353 2814 rere
366 2780 488 2802 auctorem
502 2780 561 2804 Citt‘l-
574 2777 644 2811 tatis,
658 2781 712 2807 licet
726 2785 817 2814 jritnus
828 2785 852 2809 ιιι
865 2777 971 2810 ebrieta-

182 2810 229 2830 tctn
241 2807 359 2832 llhﬂtlclll.

547 117 576 146 S.
596 118 735 146 JUANNIS
753 117 993 148 CHRYSOSTOMI
1013 119 1171 148 ARCIllEP.
1191 119 1461 152 CONSTANTINOP.

1758 130 1810 157 ΞΜ

1019 176 1136 209 Domine,
1153 177 1246 205 dolebis
1269 183 1296 205 tu
1316 179 1435 215 reliquias
1458 180 1541 208 Israel
1553 181 1660 216 (Esse/1.
1675 184 1702 212 9.
1721 185 1770 216 8)?
1785 193 1810 213 ct

1019 223 1156 252 Danielem
1170 224 1368 259 lamentantctn,
1380 231 1407 253 et
1417 227 1566 255 dicentem:
1581 228 1710 257 Poucatos
1721 239 1765 258 nos
1775 234 1811 266 [ι’-

1021 269 1076 296 cisti
1099 269 1166 296 ultra
1179 278 1264 297 omnes
1277 276 1361 305 gentes
1375 271 1456 307 (Dan.
1470 274 1514 307 7):
1536 279 1564 301 et
1579 275 1670 308 Armes,
1687 275 1811 304 Paeniteut

1015 318 1051 341 et.
1065 314 1182 348 Domine,
1193 323 1268 351 super
1278 316 1325 343 Ιιοι·
1337 317 1424 352 (Amos
1438 318 1464 345 7.
1479 319 1522 352 5):
1539 323 1566 346 et
1582 320 1712 353 llabacuc,
1727 322 1811 354 Quare

1019 360 1150 386 ostendisti
1173 361 1235 388 milii
1255 361 1352 389 labores
1364 368 1387 389 et
1408 364 1534 391 molestias
1553 364 1664 398 (llabac.
1682 368 1707 394 l.
1724 368 1767 402 δη
1782 375 1808 396 et

1017 404 1130 438 iterum,
1147 404 1180 432 Et
1205 407 1317 442 facturus
1342 416 1368 435 es
1390 409 1503 435 homines
1527 411 1599 445 quasi
1625 412 1706 444 pisces
1733 414 1811 441 utaris

1017 449 1097 485 (Ital.
1112 458 1136 477 v.
1151 450 1206 486 l4):
1221 456 1248 478 et
1264 452 1368 479 beatum
1382 453 1461 480 istum
1481 455 1580 482 Mosmn
1597 464 1702 491 quoque
1716 457 1808 486 diceti-

1020 501 1072 523 tem
1087 497 1178 525 audiet
1193 505 1200 525 :
1215 497 1246 525 Si
1259 499 1360 532 quidem
1373 499 1477 526 dimittis
1490 501 1524 527 cis
1538 507 1675 536 peccatum,
1692 504 1789 531 dimitte
1799 526 1808 538 ,

1015 541 1055 568 sin
1065 542 1158 574 minus,
1174 551 1213 570 me
1231 552 1327 578 quoque
1342 544 1396 572 delc
1411 545 1507 581 (Exod.
1523 547 1566 574 5’2.
1583 548 1639 582 3‘2).
1657 549 1688 576 Et
1703 550 1809 583 iterum.

1015 594 1075 614 cum
1087 587 1254 622 promisisset
1267 589 1304 615 illi
1318 589 1386 616 Deus
1401 590 1507 625 majoris
1518 593 1606 626 populi
1624 593 1807 628 puerei-turam

1015 639 1045 659 se
1061 632 1238 666 traditurum,
1249 638 1276 660 et
1297 633 1426 668 dixisset,
1440 635 1545 663 Dimitte
1560 646 1612 670 me,
1626 643 1649 664 et
1664 639 1749 665 dolebo
1764 641 1811 666 hoc

1015 678 1094 705 mines
1108 678 1178 711 istos,
1192 684 1215 706 et
1228 680 1321 715 faciant
1335 686 1359 707 te
1369 681 1395 707 in
1409 686 1507 716 gentem
1522 691 1639 718 magnam
1653 684 1749 718 (Exod.
1761 685 1807 712 5‘2.

1016 723 1060 758 10)
1080 732 1087 751 :
1112 731 1198 759 neque
1224 724 1275 752 hoc
1297 725 1393 758 voluit,
1417 727 1463 753 sed
1486 735 1601 761 praeesse
1625 729 1682 757 istis
1706 731 1808 759 maluit.

1017 769 1081 798 Item
1095 770 1168 798 orbis
1189 771 1284 798 doctor
1301 772 1393 800 beatus
1409 773 1505 800 Paulus
1522 783 1528 800 :
1547 774 1672 809 Optabam
1691 776 1744 810 ipse
1763 786 1809 811 ego

1014 815 1149 843 anathema
1170 825 1224 844 esse
1243 825 1259 843 a
1282 817 1382 844 Clu-isto
1406 827 1452 852 pro
1477 821 1597 854 fratribus
1611 822 1681 855 uicis,
1695 823 1810 856 cognatis

1014 862 1075 888 "tell
1087 862 1223 888 secundant
1236 871 1337 889 carnem
1350 863 1438 897 (liam.
1454 865 1470 891 9
1495 865 1533 900 5).

1051 908 1075 935 5.
1095 907 1203 935 Vidistis
1213 908 1346 943 quomodo
1356 909 1418 943 justi
1429 917 1523 938 omnes
1534 918 1654 946 magnam
1667 913 1810 941 commise-

1014 954 1143 981 rationem
1158 962 1220 989 erga
1233 955 1373 990 proximos
1388 964 1442 990 pra:
1453 964 1482 984 se
1496 957 1625 985 ferebant.
1638 957 1810 987 Considi-rate

1015 1007 1085 1027 nunc
1110 1000 1243 1035 quontodo
1266 1005 1293 1028 ct
1311 1001 1398 1036 justus
1413 1002 1456 1029 ille
1472 1011 1502 1029 se
1517 1003 1659 1037 habuerit,
1675 1006 1810 1039 quomodo

1015 1045 1158 1073 verisimile
1179 1050 1221 1074 est
1239 1054 1300 1073 eum
1321 1047 1401 1074 fuisse
1427 1048 1570 1080 allectum;
1593 1055 1620 1076 et
1640 1052 1772 1085 quomodo
1794 1060 1810 1078 a

1016 1092 1117 1119 tristitia
1136 1092 1346 1127 deprimeretur,
1365 1102 1425 1121 cum
1449 1095 1549 1122 videret
1572 1101 1623 1122 tam
1652 1097 1809 1124 immensam

1014 1137 1193 1170 solitudinem,
1219 1143 1245 1165 et
1265 1142 1362 1166 terram
1378 1139 1460 1171 illam,
1479 1148 1538 1174 qu:e
1557 1145 1634 1168 antea
1655 1147 1706 1168 lant
1728 1143 1810 1169 variis

1015 1183 1162 1210 luxuriabat
1174 1183 1432 1217 plantis,ctlloribus
1442 1185 1596 1218 ornabatur,
1611 1192 1720 1221 repente
1733 1188 1809 1221 quasi

1015 1228 1153 1262 spoliatam
1177 1229 1259 1256 comis
1277 1234 1302 1256 et
1322 1230 1418 1256 nudatn
1435 1235 1462 1257 et
1483 1230 1639 1259 solitariam.
1661 1232 1729 1259 Cum
1745 1240 1811 1268 ergo

1017 1279 1069 1301 tam
1086 1275 1232 1302 invaluerat
1247 1283 1358 1309 maeror,
1374 1284 1480 1311 parvam
1496 1279 1637 1312 quamdam
1651 1279 1699 1306 sibi
1715 1287 1811 1307 conso-

1016 1319 1140 1347 lationem
1155 1321 1325 1356 excogitans,
1341 1326 1418 1349 terra:
1433 1322 1553 1350 colenda:
1573 1329 1632 1351 sese
1646 1323 1746 1352 dedidit
1760 1333 1767 1352 :
1783 1330 1811 1352 et

1016 1365 1114 1392 idcirco
1127 1365 1174 1397 ait,
1191 1365 1223 1393 Et
1237 1367 1311 1401 coepit
1326 1366 1384 1394 Noe
1394 1368 1468 1394 homo
1480 1369 1592 1404 agricola
1605 1374 1689 1404 terrae,
1701 1376 1725 1397 et
1740 1371 1809 1405 plan~

1017 1412 1077 1437 tavit
1090 1412 1197 1438 vineam.

1052 1456 1122 1483 Nunt
1140 1457 1259 1484 invenerit
1283 1458 1356 1485 vitem
1373 1458 1439 1486 Noe.
1456 1474 1491 1479 -—
1508 1459 1560 1487 Sed
1571 1461 1631 1495 jttre
1650 1460 1694 1487 hic
1710 1462 1808 1496 quzcri-

1017 1505 1070 1535 tur,
1084 1509 1117 1528 an
1132 1501 1189 1536 ipse
1204 1510 1273 1529 nunc
1294 1503 1410 1537 plantam
1427 1505 1568 1538 invenerit,
1583 1505 1626 1533 vel
1641 1512 1717 1532 antea
1731 1513 1758 1533 et
1772 1507 1809 1534 ab

1016 1547 1092 1574 initio
1106 1547 1184 1574 fuerit
1198 1547 1336 1582 producta.
1348 1549 1499 1578 Verisimile
1512 1556 1554 1578 est
1568 1559 1626 1578 eam
1641 1557 1718 1578 antea
1733 1556 1760 1579 et
1774 1552 1809 1580 ab

1017 1592 1092 1621 initio
1103 1592 1184 1620 fuisse
1198 1593 1223 1620 in
1239 1601 1283 1620 sex
1299 1594 1351 1621 illis
1361 1595 1454 1621 diebus
1468 1602 1594 1629 creatam,
1613 1597 1718 1631 quando
1739 1597 1808 1624 Vidit

1017 1637 1086 1664 Deus
1096 1638 1181 1665 omnia
1194 1647 1251 1674 quia
1261 1640 1329 1673 fecit,
1339 1645 1362 1666 et
1375 1646 1446 1667 erant
1462 1642 1533 1668 valde
1545 1642 1610 1668 bona
1625 1642 1699 1678 (Gen.
1718 1645 1740 1670 Ι.
1752 1644 1808 1679 3|).

1018 1684 1130 1719 (Quievit
1141 1685 1222 1718 enim,
1236 1685 1340 1713 dicente
1362 1686 1509 1722 Scriptura,
1526 1689 1592 1715 Dens
1606 1690 1646 1716 die
1660 1691 1765 1724 septimo
1779 1692 1812 1718 ab

1017 1730 1132 1757 omnibus
1143 1731 1260 1765 operibus
1272 1733 1324 1759 suis
1334 1740 1389 1766 qua:
1402 1734 1460 1768 fecit
1470 1733 1543 1769 [Gem
1557 1735 1586 1762 ‘2.
1595 1735 1651 1771 2]):
1666 1745 1712 1763 nec
1722 1742 1810 1764 tantcn

1018 1782 1094 1802 usum
1106 1775 1207 1803 fructus
1219 1784 1253 1803 ex
1269 1777 1311 1804 illa
1325 1778 1493 1806 manifestum
1502 1780 1592 1807 fuisse.
1606 1781 1671 1808 Nam
1681 1783 1703 1809 si
1717 1783 1808 1817 luisset

1018 1819 1053 1846 ab
1072 1820 1148 1847 initio
1171 1825 1258 1854 notus,
1280 1822 1388 1849 omnino
1413 1824 1480 1851 Abel
1503 1825 1572 1852 inter
1591 1826 1692 1853 oblatas
1710 1827 1811 1855 hostias

1019 1865 1098 1892 ctiatn
1111 1866 1201 1893 vinum
1220 1867 1338 1895 libasset.
1354 1868 1450 1895 Verum
1465 1870 1526 1904 quia
1542 1871 1698 1906 ignorabant
1722 1873 1810 1901 adhuc

1020 1911 1122 1939 fructus
1147 1921 1234 1946 usum,
1262 1914 1350 1948 planta
1374 1914 1423 1942 hac
1438 1916 1477 1943 usi
1498 1924 1550 1943 non
1571 1923 1642 1944 suttt.
1661 1919 1709 1945 llic
1721 1925 1811 1947 autem

1020 1957 1187 1992 agriculturm
1202 1959 1345 1993 studiosus,
1367 1965 1393 1987 rt
1404 1969 1505 1996 magna:
1520 1962 1663 1998 diligentia:
1678 1965 1727 1995 vir,
1743 1966 1811 1992 forte

1020 2002 1099 2030 etiam
1116 2003 1228 2030 fructum
1244 2003 1404 2039 degustavit,
1429 2012 1456 2033 et
1476 2009 1598 2036 contritis
1624 2010 1707 2037 bolris
1722 2011 1810 2038 vinum

1022 2048 1093 2081 iecit,
1109 2056 1195 2083 coqtte
1209 2057 1271 2076 ustts
1284 2055 1334 2077 est.
1350 2051 1381 2078 Et
1395 2053 1456 2087 quia
1475 2061 1559 2088 neque
1583 2057 1639 2090 ipsc
1661 2061 1812 2091 gustaverat

1022 2094 1106 2128 prius,
1135 2103 1221 2129 neque
1240 2096 1320 2124 alium
1331 2098 1432 2125 sciebat
1450 2100 1494 2134 qtti
1519 2102 1688 2135 gustavisset,
1706 2103 1813 2138 ignarus

1022 2147 1072 2173 qua
1089 2147 1212 2168 menSura
1226 2145 1253 2168 et
1264 2149 1315 2176 qua
1332 2143 1435 2171 ratione
1448 2144 1618 2179 utidebebat,
1632 2154 1679 2182 per
1690 2147 1813 2183 ignoran-

1024 2186 1088 2213 tiam
1100 2186 1125 2212 in
1138 2187 1294 2215 ebrietatem
1311 2189 1410 2216 incidit.
1428 2190 1569 2226 Pratterea,
1585 2193 1709 2227 quoniam
1725 2195 1814 2222 carnis

1023 2238 1086 2258 esus
1098 2231 1123 2258 itt
1137 2232 1217 2259 vitant
1228 2233 1295 2261 hanc
1305 2234 1472 2264 introductus
1482 2237 1540 2269 fuit,
1555 2244 1645 2273 postea
1658 2245 1685 2266 et
1697 2241 1751 2267 vini
1766 2248 1814 2275 po‘

1024 2280 1065 2303 tus
1078 2278 1199 2304 arcessit.
1225 2279 1288 2306 Vide
1302 2275 1402 2313 autem;
1414 2281 1519 2313 dilecte,
1534 2284 1668 2317 quomodo
1683 2286 1811 2319 paulatim

1024 2323 1114 2350 tnundi
1136 2324 1289 2352 constitutio
1307 2326 1479 2362 dispensetur
1495 2328 1568 2363 (Gen.
1586 2330 1624 2364 4),
1641 2335 1667 2357 et
1689 2331 1810 2365 quilibet,

1023 2368 1167 2395 secundum
1188 2371 1342 2404 sapientiam
1363 2381 1377 2398 ιι
1399 2373 1452 2400 Deo
1471 2380 1570 2401 natura:
1593 2375 1701 2402 inditam
1714 2397 1722 2409 ,
1740 2376 1814 2403 initio

1023 2415 1088 2441 artis
1101 2415 1213 2449 alicujus
1228 2417 1350 2444 inventor
1364 2418 1399 2445 sit
1415 2426 1421 2444 :
1441 2419 1480 2446 sic
1500 2420 1525 2445 in
1540 2419 1610 2446 hattc
1624 2421 1704 2447 vitam
1716 2422 1814 2448 artium

1023 2460 1107 2486 studia
1123 2466 1185 2487 sunt
1197 2461 1356 2489 introducta.
1375 2463 1479 2491 Primus
1489 2465 1559 2492 enim
1571 2466 1756 2500 agriculturam
1772 2467 1813 2494 in-

1024 2506 1105 2538 venit,
1119 2507 1250 2534 sccundus
1261 2513 1344 2535 artem
1359 2510 1527 2543 pastoralem,
1539 2511 1605 2538 alius
1615 2513 1814 2546 artncntariam,

1024 2551 1091 2577 alius
1103 2552 1241 2586 musicam,
1252 2553 1320 2580 alius
1333 2553 1472 2582 fabrilem:
1484 2556 1526 2582 ltic
1535 2562 1622 2583 autetn
1636 2557 1722 2591 justus
1732 2559 1816 2586 vi:.e:e

1026 2597 1144 2624 colenda:
1159 2603 1244 2625 artctn
1257 2600 1370 2626 naturali
1381 2601 1489 2627 solertia
1503 2603 1673 2637 excogitavit.
1689 2603 1720 2629 Et
1731 2605 1817 2639 cwpit,

1027 2643 1121 2676 inquit,
1141 2642 1198 2670 Noe
1216 2643 1289 2670 homo
1301 2645 1414 2679 agricola
1435 2651 1517 2679 terrm,
1533 2653 1554 2673 et
1575 2648 1696 2682 plantavit
1711 2649 1818 2683 vineam,

1026 2693 1049 2715 et
1065 2689 1124 2715 bibit
1146 2697 1159 2716 ε
1174 2690 1240 2723 vino,
1258 2695 1281 2717 et
1304 2691 1440 2718 inebriatus
1453 2698 1499 2719 est.
1512 2692 1602 2728 Cogita
1616 2695 1750 2728 qttomodo
1769 2695 1817 2724 hoc

1027 2735 1140 2762 tristitia:
1152 2736 1386 2770 medicamentum,
1402 2739 1506 2766 sanitati
1531 2741 1654 2773 paranda:
1671 2745 1772 2775 aptum,
1795 2745 1818 2772 ei

1026 2781 1069 2814 qui
1087 2781 1193 2807 modum
1209 2789 1256 2816 per
1275 2782 1450 2816 ignorantiam
1474 2785 1647 2818 transcendit,
1665 2795 1716 2814 non
1731 2788 1819 2815 Solum

1030 2826 1095 2853 nihil
1112 2827 1218 2855 tu'oluit.
1232 2827 1278 2855 scd
1289 2833 1314 2856 et
1325 2833 1422 2857 statum
1436 2830 1494 2862 cius
1507 2830 1629 2858 oﬂ'endit.
