2058 3123
204 130 256 157 265

239 185 289 212 Cur
303 185 358 212 vitis
371 186 397 212 in
419 185 483 212 hanc
493 185 566 211 vitam
579 184 729 211 introducta.
751 183 842 210 Vinum
854 184 879 209 in
895 187 985 218 myste-

203 232 257 258 riis.
275 245 311 250 —
329 230 387 257 Jam
404 229 472 257 forte
492 234 592 265 qumrat
609 230 713 264 aliquis,
728 229 814 262 Quare
833 230 920 264 planta
948 233 986 255 tot

204 277 279 303 malis
292 277 368 311 plena
381 277 405 304 in
421 277 488 303 banc
496 277 574 303 vitam
589 277 715 310 producta
727 276 784 303 est?
796 275 834 303 Ne
845 277 878 302 ita
889 280 988 303 temere

205 322 330 357 loquaris,
347 321 437 354 homo,
448 322 536 348 omnia
554 329 613 356 qua:
629 322 655 348 in
670 321 778 348 buccam
795 322 914 349 veniunt.
929 322 986 349 Non

203 371 244 394 est
255 367 344 402 planta
360 367 416 394 hmc
428 367 507 400 mala,
524 375 609 401 neque
623 367 712 394 vinum
729 367 838 400 malum,
854 367 900 394 sed
920 367 988 394 illius

203 412 301 440 abusus
312 433 318 444 ,
333 412 395 447 quia
409 420 461 439 non
475 420 507 439 ex
523 412 594 444 vino,
610 412 656 439 sed
669 419 701 439 ex
714 419 838 445 perversa
854 413 987 440 voluntate

203 456 303 484 nefaria
315 457 414 483 scelera
427 461 566 490 patrantur
582 465 589 482 :
603 459 631 484 et
644 464 703 483 etim
719 457 744 483 in
761 464 792 484 eo
803 457 837 483 sit
846 457 954 488 utilitas.
965 458 986 484 si

202 506 306 534 noceat,
327 502 352 528 in
371 508 450 529 causa
465 506 506 529 est
531 502 742 536 intemperantia.
756 501 886 535 Quocirca
914 509 985 529 nunc

203 551 261 581 post
275 546 401 573 diluvium
422 546 539 573 ostendit
559 546 605 573 tibi
629 547 683 573 vini
703 554 790 580 usutn,
811 551 839 574 ut
864 547 986 574 ostendat.

201 591 281 618 etiam
294 596 356 618 ante
371 591 422 617 vini
437 598 513 617 ttsum
527 590 553 617 in
568 590 735 618 immodicam
752 591 882 618 luxuriam
899 591 986 618 buma-

201 644 264 663 nnm
278 643 361 671 genus
379 634 512 667 incidisse,
527 636 670 671 multisque
685 637 800 670 peccatis
813 643 842 663 se
856 637 986 663 contami-

200 682 315 713 navissc,
329 689 387 708 cum
398 682 483 709 adhuc
490 682 545 712 yini
557 683 775 710 usnsnesciretur
788 691 794 710 :
805 687 868 710 utet
879 683 985 717 quando

199 727 297 754 videris
322 735 398 754 usum
416 728 481 758 vini.
498 735 551 754 non
563 728 625 755 vino
636 732 719 755 totout
735 728 845 761 tribuas,
861 728 907 755 sed
922 736 983 756 cor-

198 776 284 806 rupta:
305 772 431 799 voluntati
451 780 499 799 sua
523 778 617 807 sponte
638 773 671 800 ad
697 774 795 800 tnalutn
809 774 905 801 ruenti.
925 775 982 801 Alia

198 824 304 852 quoque
317 818 419 845 ratione
440 818 589 850 considera,
606 818 650 845 ubi
664 819 752 846 vinum
767 819 845 847 fuerit
859 820 924 846 utile
937 841 944 852 ,
958 825 985 847 et

197 863 385 895 contremisce,
402 863 437 890 mi
452 863 541 890 homo.
558 863 623 891 Nam
639 871 686 898 per
702 865 751 891 hoc
775 865 884 892 materia
902 865 984 892 bono-

197 916 257 935 rum
278 909 370 936 salutis
390 912 488 935 nostrtc
512 909 657 943 perﬁcitur.
680 909 772 936 Sciunt
789 910 832 944 qui
850 911 984 945 mysteriis

197 952 293 980 initiati
303 957 375 986 sunt,
389 953 450 988 quid
466 953 577 980 dicatur.
596 954 628 980 Et
640 955 724 989 cepit,
736 954 830 989 inquit,
847 954 904 981 Noe
914 956 982 989 agri-

196 999 254 1025 cola
276 1003 358 1032 terrm,
383 1005 405 1026 et
426 1000 546 1034 plantavit
561 1001 673 1031 vineam,
696 1006 719 1027 et
739 1001 798 1027 bibit
819 1001 850 1028 de
871 1001 942 1033 vina,
959 1006 983 1027 et

196 1043 334 1071 inebriatus
345 1050 391 1077 est,
403 1050 426 1071 et
434 1045 544 1072 nudatus
558 1049 592 1072 est
605 1046 630 1072 in
642 1045 716 1072 domo
727 1054 782 1072 sua.
792 1045 981 1073 Gravissimum

195 1088 321 1123 quiddam
335 1094 376 1117 est
390 1089 514 1122 ebrietas,
525 1090 705 1121 dilectissime,
719 1091 788 1125 quod
802 1091 981 1125 possitexrze-

193 1141 256 1162 utre
264 1141 368 1167 sensus,
376 1139 403 1162 et
410 1134 580 1170 submergere
591 1141 711 1164 mentem.
733 1137 872 1164 Hominem
885 1138 982 1172 quippe

193 1179 362 1211 rationalem,
374 1180 419 1215 qui
434 1188 515 1214 super
530 1181 619 1208 omnia
632 1181 778 1208 dominium
794 1186 922 1217 suscepit,
939 1183 980 1209 in-

193 1225 271 1259 jectis
283 1225 395 1252 vinculis
409 1225 602 1259 insolubilibus,
618 1227 692 1261 quasi
704 1233 835 1255 mortuum
846 1232 874 1255 et
885 1235 979 1263 opera-

194 1270 266 1297 tione
281 1276 415 1298 carentem
432 1271 576 1306 prosternit
591 1281 597 1299 :
614 1272 667 1300 imo
681 1273 801 1300 deterius
824 1273 978 1306 habentem,

191 1323 273 1349 quam
296 1321 440 1342 mortuum.
458 1316 524 1343 Nam
547 1323 667 1344 tnortuus
693 1325 779 1353 neque
797 1318 874 1350 bona,
893 1326 979 1354 neque

191 1361 260 1388 mala
283 1362 386 1396 operari
413 1366 498 1397 potest
522 1363 634 1390 :ebrius
655 1369 742 1390 autem
763 1364 825 1390 nihil
839 1365 980 1392 bonivalet

191 1408 308 1441 operari,
319 1407 351 1434 ad
367 1409 465 1436 malum
479 1414 565 1436 tamen
582 1409 731 1437 faciendum
747 1411 806 1444 plus
822 1416 918 1444 potest,
936 1412 977 1444 ja-

190 1457 286 1487 cetque
300 1453 424 1480 ridiculus
437 1454 568 1486 omnibus,
585 1459 611 1481 et
623 1456 696 1481 uxori
709 1459 736 1481 et
749 1455 808 1482 tiliis
821 1461 845 1483 et
863 1455 976 1483 fanmlis.

190 1498 276 1525 Amici
291 1497 362 1526 enim
380 1506 454 1526 suam
477 1500 646 1534 ignominiam
663 1501 818 1536 cogitantes,
841 1503 937 1530 rubore
951 1508 978 1530 et

190 1543 293 1576 pudore
306 1543 510 1572 sulfunduntur:
525 1546 622 1573 inimici
642 1553 729 1573 autem
751 1548 926 1580 obiectantur,
950 1554 978 1575 et

189 1588 313 1621 irrident,
327 1593 354 1616 et
367 1595 548 1623 exsecrantur,
561 1590 617 1618 bzec
624 1592 814 1626 propemodum
828 1593 974 1627 loquentes:

189 1633 325 1661 Hunccine
335 1635 586 1668 oportebatrivere?
599 1641 624 1663 et
633 1636 764 1665 buncciue
774 1639 910 1672 oportebat
923 1641 976 1674 spi—

188 1686 249 1706 rare
264 1686 352 1706 aeretn
366 1680 377 1706 Υ
391 1688 407 1706 o
420 1687 500 1714 pecus
513 1681 520 1708 !
535 1689 551 1707 ο
563 1689 670 1716 porcum
683 1683 689 1709 !
705 1687 731 1710 ct
751 1683 836 1710 adbnc
856 1685 974 1718 graviora

188 1723 342 1758 loquuntur.
360 1725 494 1752 Deteriore
508 1726 577 1753 enittt
592 1727 617 1753 itt
632 1731 702 1754 statu
718 1732 779 1754 sunt
792 1736 870 1762 quant
884 1729 911 1760 ii,
930 1730 973 1764 qui

187 1776 219 1794 ex
237 1769 334 1803 pra-liis
348 1770 459 1798 redeunt
471 1771 544 1798 unde
558 1772 734 1807 coinquinatis
748 1773 877 1806 manibus,
893 1779 919 1802 et
934 1779 975 1801 tu-

187 1814 320 1841 Inullnosc
335 1820 512 1849 reportantur.
527 1816 586 1843 lllos
611 1817 682 1844 enim
698 1817 817 1846 fortassis
831 1819 906 1846 multi
919 1820 974 1846 lau-

186 1859 266 1886 dibus
285 1861 413 1888 extollunt
442 1867 549 1896 propter
572 1867 681 1897 trop:ra,
708 1870 816 1899 propter
837 1866 971 1900 victorias,

187 1909 297 1938 propter
310 1906 416 1933 vulnera
427 1911 452 1934 et
464 1908 550 1934 ca2des
563 1916 569 1934 :
583 1908 671 1936 ebrios
685 1914 773 1936 autem
785 1911 895 1937 tniseros
909 1919 972 1945 pro-

186 1950 310 1982 clamant,
337 1959 503 1979 mrumnosos
520 1959 624 1987 vocant,
643 1959 666 1982 et
686 1955 823 1982 innumera
842 1956 881 1984 eis
904 1957 971 1984 mala

187 1996 376 2030 imprecantur.
388 1998 454 2032 Quid
469 1999 539 2025 enim
554 2008 586 2027 co
600 2001 720 2028 tniserins
733 2001 820 2034 fuerit,
830 2003 872 2037 qui
884 2003 971 2030 ebrie-

186 2042 232 2067 tati
247 2040 352 2068 deditus
364 2048 414 2076 est,
430 2048 456 2070 et
469 2044 586 2078 quotidie
597 2045 684 2072 vinutn
701 2045 820 2078 elIundit,
835 2054 867 2074 ac
875 2048 971 2075 mentis

184 2094 240 2114 sua:
252 2087 379 2121 judicium
395 2091 562 2124 corrumpit?
588 2091 734 2126 Eapropter
746 2098 772 2119 et
792 2093 897 2127 sapiens
909 2094 969 2128 qui-

184 2131 246 2158 dam
260 2133 417 2161 admonebat
430 2135 521 2162 dicens
540 2144 546 2162 :
560 2136 717 2171 Principium
731 2138 787 2164 vine
801 2138 908 2165 hominis
922 2148 970 2174 pa-

183 2179 224 2205 nis
236 2183 259 2206 et
266 2187 330 2214 aqua
337 2186 358 2206 et
370 2181 450 2211 vestis,
464 2187 485 2208 et
495 2182 584 2209 domus
593 2187 674 2218 tegens
685 2184 863 2218 turpitudinem
873 2185 967 2220 (Eccli.

183 2222 228 2249 29.
245 2223 302 2259 28):
321 2229 348 2251 ut
365 2225 387 2252 si
412 2227 472 2260 quis
497 2226 624 2255 ebrietate
645 2228 767 2260 vincitur,
789 2237 821 2256 nc
836 2230 861 2256 in
875 2231 966 2264 vulgus

185 2268 338 2296 traducatur
350 2290 358 2300 .
374 2271 420 2297 sed
435 2279 449 2297 a
465 2272 521 2298 suis
533 2277 687 2307 contegatur
701 2281 709 2301 :
721 2279 747 2300 et
763 2282 815 2301 non
831 2275 864 2301 sit
884 2274 969 2301 omni-

183 2313 233 2340 bus
248 2314 317 2341 risus
330 2319 357 2341 et
370 2316 538 2350 turpitudinis
559 2324 753 2352 argumentum.
775 2319 808 2346 Et
831 2321 915 2354 cepit,
927 2320 967 2346 in-

182 2359 250 2392 quit,
267 2358 324 2385 Noe
339 2359 414 2387 [tanta
426 2361 537 2395 agricola
553 2367 635 2395 terra,
648 2368 671 2390 et
687 2364 809 2398 plantavit
824 2365 928 2397 vineam,
945 2369 968 2392 et

182 2404 241 2430 bibit
254 2404 285 2430 de
296 2405 363 2433 vino.
375 2410 396 2431 et
406 2406 540 2434 inebriatus
553 2413 599 2434 est.

217 2450 244 2476 ι.
265 2449 380 2477 Ebrietas
403 2460 448 2485 pro
471 2453 592 2480 saliet/Ite.
612 2453 679 2480 Vitia
701 2463 750 2482 non
763 2456 788 2482 in
802 2460 893 2483 natura
905 2457 964 2488 sita,

180 2496 225 2521 sed
238 2495 263 2522 in
280 2495 415 2523 voluntate.
429 2512 464 2517 —
476 2497 616 2526 Ebrietatis
641 2507 747 2531 nomen.
768 2501 916 2533 carissime.
940 2503 966 2529 in

179 2548 254 2567 sacra
274 2540 408 2576 Scriptura
434 2551 485 2569 nun
512 2544 607 2578 nbiqtte
631 2544 663 2571 de
687 2546 839 2573 temulentia
865 2547 964 2575 dictum

179 2590 230 2615 est,
244 2586 291 2612 sed
304 2591 330 2612 et
345 2587 492 2615 satietatem
508 2589 645 2623 signiﬁcat.
664 2590 717 2617 lloc
728 2591 815 2625 itaque
826 2591 893 2619 forte
903 2593 966 2627 quis

179 2630 294 2665 dejnsto
308 2632 359 2660 boc
372 2633 452 2666 dicet,
469 2635 537 2669 quod
550 2643 600 2662 non
615 2642 641 2663 ut
656 2637 836 2671 intemperans
851 2638 965 2666 inebria-

181 2680 223 2703 tus
248 2677 342 2710 inierit,
360 2679 406 2705 Sed
421 2679 454 2706 ob
471 2680 617 2707 satietatem
634 2682 683 2708 hoc
697 2682 719 2708 ci
733 2683 880 2717 contigerit.
898 2685 964 2711 Audi

178 2722 249 2748 enim
266 2722 346 2750 David
361 2724 490 2751 dicentem
503 2734 509 2751 ί
523 2725 750 2754 lnebrinbunlnrnb
762 2729 870 2755 ubertate
878 2729 965 2756 domus

178 2767 322 2802 tuth'sal.
334 2768 377 2796 55.
387 2769 424 2798 9):
435 2769 484 2797 hoc
499 2775 548 2803 est,
564 2771 748 2805 implcbuntur.
764 2774 885 2809 Alioquin
895 2775 910 2802 ii
920 2776 963 2809 qui

177 2812 301 2840 ebrietati
318 2819 411 2842 vactnt
425 2823 566 2850 numquam
582 2817 720 2850 satiantur,
735 2819 780 2846 sed
797 2825 893 2847 unanto
908 2828 964 2846 mat-

744 126 775 154 ΙΝ
794 125 869 152 CAP.
890 124 934 150 lx.
956 123 1075 151 (REAES.
1097 125 1207 152 IIOMIL.
1229 126 1323 154 XXIX.

1775 132 1825 160 τΰϐ

1044 182 1084 215 gis
1097 190 1157 209 sese
1170 183 1231 210 vino
1246 184 1414 219 ingurgitant,
1430 190 1502 214 tanto
1514 188 1597 223 magis
1609 189 1652 216 siti
1667 189 1786 224 ﬂagrant.
1799 195 1826 217 et

1042 226 1213 255 inﬂammatio
1227 229 1346 264 quaedam
1362 236 1402 258 est
1417 231 1455 258 eis
1471 232 1522 260 vini
1538 241 1600 260 usus
1616 242 1623 260 :
1637 242 1668 261 ac
1678 235 1824 270 voluptates

1041 272 1146 306 quidem
1161 279 1332 306 evanescunt.
1353 275 1411 303 sitis
1433 281 1520 304 autem
1536 278 1701 313 inexplebilis
1715 281 1740 307 in
1754 289 1824 316 prm-

1040 316 1158 349 cipitiunt
1173 318 1308 345 ebrietatis
1322 327 1378 352 cos,
1391 321 1433 354 qui
1453 321 1502 347 sub
1515 321 1557 347 illa
1580 324 1674 356 captivi
1687 330 1758 355 sunt,
1774 326 1822 353 de-

1040 359 1122 388 ducit.
1139 360 1171 388 Et
1183 362 1317 396 plantavit,
1332 363 1422 398 inquit,
1447 365 1554 398 rineam,
1569 371 1591 393 et
1604 367 1664 394 bibi!
1677 377 1707 394 ex
1721 370 1787 401 vino,
1799 376 1823 397 et

1040 405 1175 433 inebriatus
1198 413 1244 441 est,
1266 413 1289 434 et
1307 409 1417 436 nudatus
1430 415 1465 436 est
1478 411 1503 437 in
1519 411 1593 438 domo
1607 421 1664 439 sua.
1679 413 1820 443 Considera

1043 450 1093 479 boc
1105 461 1156 479 non
1173 453 1236 481 foris
1249 454 1283 481 illi
1301 455 1437 488 accidisse,
1450 456 1496 483 sed
1512 457 1537 483 in
1555 457 1634 485 domo
1649 466 1706 486 sua.
1723 459 1820 487 Idcirco

1040 497 1110 524 enim
1136 497 1186 525 hoc
1207 499 1354 534 designavit
1368 501 1457 527 divina
1472 501 1616 536 Scriptura,
1632 503 1664 530 In
1679 504 1752 531 domu
1764 514 1821 538 sua,

1042 547 1069 568 ut
1085 551 1117 569 ex
1131 543 1162 570 iis
1183 551 1241 578 qua:
1254 551 1409 579 sequuntur,
1426 546 1533 574 malitia:
1547 547 1690 576 vehemens
1705 550 1821 578 studium

1039 588 1128 615 videas
1142 589 1198 623 ejus
1212 590 1256 624 qui
1271 591 1416 619 nuditatem
1433 593 1556 627 evulgare
1571 593 1649 621 fuerit
1663 603 1751 622 ausus.
1776 596 1820 622 2'3.

1039 633 1071 659 Et
1083 634 1154 665 vidit,
1170 635 1264 669 inquit,
1280 636 1360 663 (illam
1378 642 1448 671 puter
1455 636 1578 664 Chanaan
1591 639 1728 666 nuditatem
1742 642 1822 675 putria

1037 679 1087 712 sui,
1101 684 1124 706 et
1138 688 1250 714 egressus
1257 682 1413 708 annuntiuvit
1427 683 1523 709 duobus
1538 684 1657 718 fratribus
1678 686 1728 712 suis
1747 687 1820 721 fatis.

1038 724 1168 752 Fortassis
1181 727 1202 752 si
1214 731 1240 753 ct
1253 727 1296 753 alii
1307 727 1412 762 quidam
1426 728 1571 756 adfuissnnt
1581 750 1588 761 ,
1600 734 1627 757 et
1638 730 1689 758 illis
1703 733 1821 759 nuntias-

1037 774 1075 796 set
1087 771 1167 804 patris
1179 772 1219 798 sui
1233 773 1419 807 turpitudinem
1434 782 1440 800 :
1459 778 1529 800 tanta
1540 780 1596 802 erat
1610 777 1681 810 pueri
1692 778 1817 812 nequitia.

1037 813 1178 849 Propterea
1193 817 1274 849 enitn,
1284 821 1311 843 ut
1325 817 1412 844 discas
1424 818 1578 853 jampridem
1594 824 1620 846 et
1633 821 1665 847 ab
1676 821 1749 848 initio
1760 830 1820 850 eum

1036 865 1167 894 corrupta:
1186 862 1282 888 mentis
1304 862 1401 894 fuisse,
1417 871 1468 890 non
1496 864 1651 898 simpliciter
1672 866 1734 894 dicit
1747 867 1819 894 Scri-

1036 908 1123 938 ptura,
1137 903 1207 932 Vidit
1220 905 1301 933 Cbam
1315 907 1458 935 nuditatem
1468 910 1548 943 patris
1560 912 1598 937 sui
1614 919 1620 937 :
1635 911 1682 938 scd
1695 913 1774 946 quid?
1786 913 1820 941 Et

1036 950 1095 976 vidit
1117 951 1197 978 Clmm
1217 957 1287 985 puter
1307 952 1439 980 Chanaan.
1455 955 1551 988 Quare,
1576 956 1618 983 dic
1640 957 1713 990 mihi,
1729 963 1755 985 ct
1770 959 1819 989 hoc

1036 994 1094 1022 loco
1109 995 1155 1022 lilii
1170 997 1325 1025 vocabulum
1340 999 1476 1033 assignat?
1491 1000 1521 1027 Ut
1535 1001 1620 1028 discas
1641 1002 1714 1029 illum
1738 1003 1818 1032 fuisse

1036 1041 1254 1075 intemperantem
1279 1047 1305 1070 et
1328 1043 1544 1077 incontinentem,
1567 1051 1594 1073 et
1619 1048 1710 1074 eadem
1730 1055 1818 1078 mente

1034 1094 1085 1121 qua
1113 1087 1138 1114 in
1163 1092 1231 1114 tanta
1258 1089 1407 1117 turbatione
1426 1092 1596 1125 procreanda:
1612 1094 1677 1128 proli
1704 1097 1816 1129 vacavit,

1037 1132 1130 1160 eadem
1145 1133 1224 1160 etiam
1250 1142 1320 1162 nunc
1343 1135 1369 1161 in
1385 1137 1569 1163 contumeliam
1586 1139 1667 1171 patris
1687 1142 1817 1176 prorupit.

1034 1176 1067 1202 Et
1074 1185 1193 1212 egressus,
1203 1177 1295 1213 inquit,
1302 1180 1457 1206 dititttitliut'il
1463 1180 1558 1207 duobus
1564 1183 1682 1216 fratribus
1687 1186 1739 1211 suis
1744 1187 1816 1220 foris.

1035 1221 1239 1256 Vide,obsccro,
1253 1223 1304 1256 hic,
1316 1224 1494 1258 dilectissime,
1507 1235 1557 1252 non
1568 1227 1593 1253 in
1603 1232 1693 1256 natura
1702 1230 1751 1256 sita
1758 1238 1818 1259 esse

1033 1267 1106 1299 vitia,
1123 1269 1168 1295 sed
1177 1269 1209 1303 .in
1223 1269 1331 1296 arbitrio
1341 1273 1368 1296 et
1383 1271 1525 1300 voluntate.
1539 1272 1607 1300 Ecce
1627 1276 1696 1301 enim
1713 1276 1817 1311 utrique

1032 1312 1126 1340 fratres
1138 1314 1252 1347 fuerunt,
1260 1315 1409 1350 etejusdem
1417 1322 1527 1350 naturai,
1537 1318 1658 1345 eumdem
1670 1319 1816 1350 habuerunt

1034 1365 1147 1392 patrem,
1161 1361 1254 1388 codem
1270 1366 1344 1388 utero
1360 1361 1464 1389 fuerunt
1476 1363 1539 1390 editi
1550 1385 1557 1396 ,
1572 1364 1665 1392 cadent
1682 1366 1816 1402 diligentia

1031 1405 1138 1433 fuerunt
1150 1406 1264 1439 educati,
1281 1407 1326 1434 scd
1338 1415 1389 1435 non
1405 1410 1525 1436 eumdem
1537 1411 1652 1438 animum
1666 1412 1816 1441 declarave-

1032 1456 1090 1477 ruut
1104 1460 1110 1477 :
1126 1452 1171 1478 sed
1185 1453 1228 1479 illc
1240 1453 1345 1486 quidem
1359 1453 1384 1479 in
1397 1454 1522 1481 malitiam
1539 1455 1638 1489 incidit,
1656 1458 1671 1483 ii
1688 1466 1750 1486 vero
1768 1467 1815 1494 pa-

1031 1497 1099 1523 renti
1113 1497 1229 1524 debitum
1241 1498 1424 1532 impenderunt
1438 1499 1574 1527 honorem.
1586 1501 1716 1529 Fuitassis
1727 1509 1815 1532 autem

1030 1547 1056 1568 et
1080 1542 1163 1569 irrisit
1181 1550 1212 1570 ac
1233 1544 1403 1571 subsannavit
1416 1550 1528 1579 patrem,
1546 1546 1731 1581 turpitudinem
1747 1550 1815 1578 illius

1030 1587 1174 1614 nuntiando
1190 1597 1195 1614 :
1211 1593 1237 1615 et
1262 1596 1313 1615 non
1335 1589 1432 1616 audivit
1450 1591 1594 1624 sapientem
1619 1594 1757 1627 quemdam
1772 1595 1820 1622 di-

1029 1637 1132 1658 centem
1150 1641 1156 1658 :
1174 1632 1215 1659 Ne
1222 1633 1336 1668 glorieris
1349 1635 1375 1660 in
1386 1635 1522 1669 ignominia
1540 1637 1617 1670 patris
1629 1638 1664 1664 lui
1679 1639 1770 1674 (Ecrli.
1787 1642 1813 1668 ὃ.

1029 1676 1083 1710 12).
1103 1677 1198 1704 Verum
1222 1678 1318 1706 fratres
1339 1687 1391 1706 non
1414 1680 1452 1707 sic
1476 1687 1596 1716 egerunt.
1614 1683 1646 1710 lit
1663 1686 1814 1719 quomodo!

1027 1722 1094 1763 Cum
1111 1722 1167 1750 bzec
1189 1724 1350 1751 audivissent
1365 1724 1408 1751 25.
1427 1725 1487 1752 Sent
1507 1731 1530 1752 ct
1552 1727 1674 1762 Jup/tellt,
1690 1732 1810 1765 acceptis,

1028 1759 1120 1802 inquit,
1136 1769 1240 1796 vestibus
1252 1778 1326 1804 super
1339 1770 1456 1798 humeros
1474 1779 1542 1805 suos,
1558 1772 1710 1800 incesserunt
1719 1781 1812 1803 retror-

1027 1821 1092 1844 sum,
1102 1818 1125 1839 et
1134 1818 1284 1848 operuerunt
1292 1814 1430 1841 nuditatem
1444 1817 1522 1850 patris
1535 1818 1591 1844 sui:
1603 1823 1626 1844 et
1639 1820 1716 1854 [acies
1726 1829 1811 1849 eorutn

1026 1865 1169 1891 retrorsum,
1185 1865 1207 1887 et
1222 1861 1358 1887 nuditatem
1374 1862 1451 1895 putris
1464 1863 1503 1888 sui
1518 1871 1567 1889 non
1582 1864 1704 1892 viderunt.
1718 1866 1810 1895 Vidisti

1027 1906 1182 1939 ptobitatem
1201 1906 1331 1934 filiorum?
1347 1908 1393 1934 llle
1411 1908 1543 1942 evolgavit
1564 1914 1591 1936 et
1614 1911 1746 1945 traduxit,
1768 1914 1810 1940 isti

1027 1958 1112 1985 neque
1128 1951 1217 1978 videre
1234 1953 1416 1980 sustinuerunt
1434 1963 1439 1979 :
1457 1953 1502 1980 sed
1522 1959 1664 1982 retrorsum
1681 1956 1768 1991 ibant,
1783 1963 1811 1986 ttt

1026 2001 1098 2022 recta
1117 1996 1220 2023 adirent
1242 1997 1324 2031 patris
1347 1998 1492 2025 eunteetnri
1516 1999 1671 2027 nuditatem.
1697 2001 1728 2028 Et
1751 2003 1809 2030 vide

1026 2041 1129 2067 illorum
1142 2049 1200 2068 cum
1215 2049 1308 2076 magna
1322 2041 1452 2076 probitate
1467 2044 1706 2072 mansuetudinem.
1720 2047 1809 2082 Neque

1024 2087 1172 2122 increpant,
1188 2095 1273 2122 neque
1288 2088 1429 2114 verberant
1448 2088 1555 2115 fratrem
1574 2098 1579 2115 :
1606 2091 1651 2116 sed
1671 2096 1699 2117 ut
1720 2093 1809 2120 audie-

1025 2137 1095 2164 runt,
1107 2140 1167 2159 mox
1183 2132 1208 2160 id
1222 2140 1300 2159 unum
1316 2138 1452 2167 curarunt,
1466 2139 1493 2160 nt
1507 2133 1603 2161 laetum
1615 2138 1808 2170 quamprimum

1023 2179 1220 2211 cmendarctur,
1235 2184 1261 2205 ct
1277 2179 1375 2206 honora
1389 2180 1492 2213 genitor
1500 2179 1658 2207 afﬁceretur.
1672 2181 1809 2218 Faciesqus

1022 2224 1122 2251 illorum
1137 2232 1230 2251 aversw
1243 2229 1324 2257 erant,
1335 2229 1357 2250 et
1376 2225 1512 2251 nuditatem
1526 2226 1604 2260 putris
1617 2227 1655 2252 sui
1673 2235 1721 2254 non
1740 2229 1807 2255 vide.

1023 2275 1091 2297 runt.
1101 2271 1192 2305 Magna
1206 2270 1317 2297 liliorunt
1332 2271 1489 2303 reverentia,
1503 2280 1579 2306 quant
1590 2281 1605 2298 n
1618 2273 1665 2299 ibis
1674 2274 1809 2308 Scriptura

1023 2320 1166 2348 monstrat,
1182 2315 1251 2350 quod
1268 2323 1319 2342 non
1334 2315 1420 2342 solum
1436 2320 1538 2350 lt'gtlttt,
1554 2317 1599 2343 :ed
1614 2324 1637 2344 et
1654 2319 1741 2345 videre
1757 2329 1807 2347 non

1021 2361 1177 2388 suslineant.
1193 2361 1351 2388 Erndiantnr
1365 2361 1436 2394 hinc,
1456 2367 1534 2396 atque
1550 2371 1582 2388 ex
1599 2364 1714 2398 ntriSqne
1727 2365 1806 2392 lucri-

1021 2408 1147 2436 faciamus
1167 2408 1265 2443 aliquid
1287 2417 1293 2434 :
1314 2413 1340 2435 ct
1362 2408 1409 2435 bos
1434 2408 1540 2442 quidem
1563 2409 1712 2441 imitemur,
1738 2411 1805 2438 illius

1020 2456 1107 2479 autem
1128 2458 1217 2478 mores
1235 2451 1374 2486 fugiamus.
1398 2450 1462 2476 Nam
1483 2451 1504 2476 si
1525 2451 1546 2477 is
1560 2471 1566 2481 ,
1591 2451 1634 2485 qui
1654 2452 1804 2478 sctisibileut

1022 2499 1165 2525 nuditatem
1179 2497 1317 2531 evolgavit,
1334 2495 1474 2523 maledicto
1488 2503 1516 2522 se
1530 2496 1589 2522 fecit
1603 2496 1744 2523 obnoxium
1754 2518 1760 2528 ,
1778 2504 1804 2525 et

1020 2544 1145 2571 exridetts
1155 2543 1188 2569 ab
1201 2543 1300 2568 honore
1313 2548 1389 2575 quem
1405 2549 1492 2575 parcnt
1503 2541 1659 2567 babnitt‘nm
1671 2542 1804 2574 fratribus,

1021 2590 1209 2617 eondetunatus
1223 2592 1262 2614 est
1285 2591 1314 2613 tit
1332 2586 1384 2612 illis
1408 2587 1536 2618 serviret;
1559 2586 1622 2612 licet
1641 2591 1727 2613 autent
1753 2596 1803 2615 non

1020 2636 1085 2670 ipse,
1101 2643 1192 2661 omnes
1206 2639 1291 2660 tamen
1306 2632 1349 2667 qui
1363 2639 1395 2658 ex
1409 2632 1476 2666 ip<o,
1492 2631 1560 2658 servi
1577 2632 1636 2658 facti
1650 2634 1803 2668 sunt:an

1020 2680 1204 2716 paticntnrqui
1219 2682 1324 2714 peccata
1338 2677 1446 2704 fratrum
1462 2677 1593 2711 cvnlgant,
1610 2684 1636 2704 et
1652 2687 1702 2705 non
1718 2679 1803 2707 solunt

1019 2734 1072 2754 non
1087 2728 1230 2759 contegunt
1244 2727 1270 2750 ct
1289 2727 1424 2754 excusant,
1446 2721 1491 2748 sed
1516 2722 1597 2756 magis
1619 2731 1649 2749 ea
1666 2724 1750 2757 palam
1768 2725 1804 2751 fa-

1019 2773 1102 2805 ciunt,
1120 2771 1253 2804 multaque
1266 2776 1297 2795 ex
1319 2768 1368 2794 boc
1383 2771 1526 2801 operantur
1548 2769 1672 2801 peccata?
1694 2770 1803 2802 Quando

1018 2819 1087 2847 enim
1111 2817 1198 2845 fratris
1223 2819 1358 2843 peccatum
1382 2813 1504 2847 evulgas,
1528 2822 1579 2840 non
1605 2814 1677 2841 illuni
1697 2817 1801 2840 tantum
