2058 3123
235 115 286 142 267

235 170 478 207 iguomitdosiorem
492 170 567 203 facis,
581 175 607 197 et
621 171 771 204 segniorem
791 170 858 197 forte
873 171 906 197 ad
921 171 1026 198 virtutis

235 219 304 245 viam
320 217 502 252 repetendam,
519 217 564 244 sed
580 221 608 244 et
627 224 673 244 eos
685 217 728 252 qui
743 216 870 249 audiunt,
890 217 1027 252 negligen-

234 265 315 291 tiores
339 263 446 295 reddis,
470 267 497 290 ct
516 262 549 289 ad
565 263 714 290 socordiam
730 263 851 290 inducis:
868 271 954 298 neque
974 263 1025 291 hoc

233 309 332 340 solum,
355 309 401 336 sed
423 308 502 336 etiatn
526 308 550 335 id
574 307 659 336 efficis
683 313 709 335 ut
734 309 802 335 Deus
818 309 1023 343 blasphematur.

237 353 306 381 Istud
318 358 406 380 autent
417 358 544 388 quantum
557 352 634 380 affert
646 353 804 387 supplicium
818 353 849 379 iis
859 353 903 388 qui
918 361 1023 380 causam

234 400 354 434 pra-bent
364 420 371 432 ,
387 407 466 427 nemo
479 403 520 426 est
531 399 574 434 qui
590 399 702 433 ignoret.
719 398 860 432 Fugiamus
874 399 962 433 igitur,
978 397 1025 425 ob-

234 452 322 477 secro,
338 452 429 472 mores
441 445 536 478 Cham,
551 444 684 472 imitemur
699 448 786 471 autem
801 444 943 478 probarunt
965 443 1024 470 illo-

233 499 291 518 rum
306 491 421 518 filiorutn
435 490 572 525 pudorem,
588 497 666 525 quem
680 490 706 517 in
721 489 885 524 contegenda
909 488 1025 524 parentis

233 537 351 565 nuditate
363 537 533 565 declararunt
553 546 559 564 :
574 542 600 564 et
614 537 649 564 ita
663 536 819 571 obtegamus
838 536 947 562 fratrum
962 542 1023 569 pec-

230 588 300 615 cata,
315 590 367 610 non
391 588 419 610 ut
441 583 513 617 ipsos
528 582 733 618 negligentiores
747 588 793 616 per
807 580 857 608 hoc
869 580 1022 612 reddamus,

232 629 278 656 sed
292 632 322 656 ut
334 629 384 655 hac
399 629 501 655 ratione
516 627 644 662 majorem
661 627 711 654 illis
724 626 891 653 occasionem
904 625 1021 660 praibea-

232 682 301 707 Inus,
317 678 345 701 ut
359 675 412 701 cito
428 674 462 701 ab
477 674 526 700 hac
541 673 656 708 pernicie
671 673 825 704 liberentur,
843 676 870 698 et
879 672 904 698 in
920 671 1023 698 virtutis

230 720 300 746 viam
315 719 433 747 redeant.
443 751 445 754 π
456 718 522 746 Nam
534 719 603 745 sicut
622 725 673 745 non
688 717 786 744 multos
802 717 900 744 ltabere
910 716 1022 744 delicto-

229 772 288 792 rum
310 768 392 791 testes
411 763 576 798 resipiscenti
599 763 745 790 faciliorem
765 762 880 790 reditum
896 761 997 797 prtebet
1013 770 1021 788 ι

227 810 266 837 sic
276 830 283 842 ,
297 809 319 837 si
334 809 448 836 frontem
464 807 632 843 perfricuerit
645 807 761 840 animus,
777 811 805 835 et
824 807 919 835 viderit
935 806 1022 834 nenti-

228 862 288 882 nem
297 855 419 889 ignorare
428 862 487 889 qua:
499 853 567 880 tnala
579 852 725 885 admiserit,
735 860 788 880 non
804 852 881 880 facile
890 852 1022 880 desistere

228 901 318 929 volet:
337 901 384 928 sed
397 900 472 936 quasi
487 901 514 927 in
534 899 694 935 profundum
708 899 793 926 lutum
816 899 972 930 incidisset,
995 902 1023 925 et

227 947 352 975 deorsum
368 947 402 974 ab
418 946 564 973 innumeris
586 949 726 980 raperetur
749 945 891 977 fluctibus,
914 943 1022 972 difficile

228 1001 367 1028 emergere
381 993 498 1028 poterit:
522 992 548 1029 in
563 991 778 1026 desperationem
799 991 871 1018 enim
891 990 978 1023 cadit,
994 995 1022 1018 et

228 1039 330 1066 nullum
346 1039 395 1066 sibi
410 1038 523 1066 reditum
541 1037 679 1072 promittit.

262 1087 289 1114 5.
310 1085 429 1118 Idcirco,
455 1091 568 1120 precor,
595 1091 629 1111 ne
654 1083 808 1118 detegamus
839 1083 1019 1117 proximorum

227 1133 326 1167 lapsus,
339 1136 366 1158 ct
380 1131 400 1158 si
415 1131 448 1157 ab
456 1131 514 1158 aliis
528 1137 574 1157 eos
589 1129 770 1162 didicerimus,
786 1136 820 1156 ne
829 1134 978 1164 satagamus
993 1133 1021 1156 ut

227 1178 332 1206 nttditas
345 1177 465 1204 videatur
482 1185 488 1202 :
504 1175 550 1202 sed
564 1175 632 1202 sicut
645 1174 722 1210 probi
737 1174 775 1201 illi
788 1174 834 1200 filii
850 1174 1017 1208 obtegamns,

226 1223 424 1255 adumbremus,
434 1221 614 1249 admonitione
627 1226 654 1248 et
664 1221 781 1248 consiliis
790 1220 890 1255 lapsam
904 1220 1019 1246 auitnatn

226 1269 329 1305 erigere
350 1268 513 1300 studeamus,
537 1266 727 1294 misericordia:
742 1265 789 1293 Dei
812 1264 1020 1300 magnitudinem

226 1315 362 1348 docentes,
384 1318 411 1341 ct
433 1313 557 1340 bonitatis
580 1312 638 1347 ejus
659 1310 843 1339 excellentiam
866 1315 892 1338 et
914 1310 1019 1338 miseri-

227 1362 324 1390 cordi:e
346 1361 561 1390 immensitatcm,
586 1363 616 1386 ut
630 1359 757 1393 majorem
781 1364 860 1393 quam
887 1357 923 1384 illi
938 1357 1019 1384 bene-

226 1409 368 1436 dictionem
382 1408 415 1434 ab
429 1407 546 1434 omnium
563 1406 674 1433 Domino
685 1411 890 1440 consequamur,
903 1404 952 1438 Qui
968 1403 1019 1430 vult

226 1463 311 1481 omnes
335 1454 447 1481 homines
470 1453 552 1479 salvos
567 1451 633 1486 ﬁeri,
656 1456 679 1478 et
696 1450 730 1476 ad
743 1451 896 1485 agnitionem
910 1450 1019 1476 veritatis

227 1500 310 1526 venire
326 1499 364 1533 (l.
377 1499 444 1525 Tim.
455 1499 482 1524 2.
498 1498 542 1532 4)ε
555 1497 598 1532 qui
613 1505 664 1523 non
680 1496 735 1523 vult
748 1495 855 1522 Mortem
871 1496 1017 1531 peccatoris,

227 1546 271 1572 mi
286 1550 314 1572 ut
327 1549 484 1571 convertatur
494 1549 518 1570 et
536 1544 600 1570 vivat
616 1542 722 1578 (Ezec/t.
740 1543 782 1570 18.
795 1541 855 1578 25).
866 1541 900 1568 Et
915 1543 1017 1569 nudita-

227 1597 286 1623 tem,
310 1591 404 1626 inquit,
424 1590 503 1624 patris
523 1589 563 1616 sui
586 1597 636 1615 non
659 1589 781 1615 viderunt.
800 1587 865 1616 Vide
885 1588 1019 1622 quomodo

227 1644 276 1671 per
289 1636 374 1670 legem
389 1640 488 1663 natura)
503 1635 611 1662 inditam
627 1635 699 1669 pritts
711 1638 737 1661 et
756 1634 788 1661 ab
804 1634 879 1661 initio
891 1634 1018 1669 impleve-

227 1687 288 1710 runt
302 1690 333 1709 ea
347 1690 405 1717 qu:e
421 1687 479 1716 post
493 1681 524 1708 ad
547 1681 720 1708 erudiendum
736 1680 879 1708 humautnn
894 1688 978 1716 genus
992 1680 1017 1706 iu

226 1729 283 1764 lege
296 1729 392 1764 scripta
409 1729 514 1755 fuerunt
530 1737 535 1753 :
551 1732 578 1754 et
591 1728 616 1754 id
632 1728 702 1762 quod
717 1728 758 1754 lex
773 1728 877 1754 dicebat
890 1737 896 1754 :
914 1727 1018 1754 Honora

226 1780 321 1809 putrem
336 1779 405 1801 tuum
427 1778 450 1800 et
473 1778 578 1799 matrem
601 1778 681 1804 fuant,
698 1777 724 1798 ut
739 1773 799 1799 bene
811 1773 843 1799 sit
861 1772 904 1798 tibi
918 1771 1016 1807 (Exod.

224 1819 270 1847 20.
289 1820 349 1854 f2):
364 1823 400 1852 et,
417 1819 466 1851 Qui
486 1819 610 1845 maledicit
627 1818 693 1853 patri
710 1819 748 1845 vel
771 1818 854 1851 matri,
871 1823 949 1845 morte
962 1826 1017 1844 mo-

224 1864 371 1899 riaturUb,
388 1863 433 1890 2i.
447 1865 507 1897 i7):
533 1864 583 1890 hoc
603 1863 657 1897 jam
681 1863 806 1897 operibus
830 1863 1016 1897 impleverunt.

227 1910 320 1937 Vidisti
336 1909 470 1944 quotuodo
484 1913 576 1935 uatttra
588 1909 661 1943 prius
672 1908 848 1936 sufficientem
864 1908 954 1936 [tabuit
968 1909 1016 1936 (Ι.)-

223 1959 335 1986 ctriuam
345 1958 356 1984 *ἶ
545 1992 547 1995 Ι

261 2004 375 2030 Ebrietas
395 2003 492 2030 dwmon
508 2001 765 2029 voluntarius—Ei.
780 2001 912 2036 Evigilavit
922 2007 1015 2035 autent,

225 2050 320 2084 inquit,
347 2048 404 2075 Noe
418 2057 432 2074 (ι
449 2048 516 2081 υἰιιο,
542 2053 565 2074 ct
579 2048 693 2082 cognovit
714 2055 771 2080 (μίαν
785 2048 878 2081 fecerat
891 2047 935 2074 sibi
949 2048 1017 2082 ﬁlius

220 2095 320 2129 junior.
346 2094 479 2129 Evigilavit
502 2099 583 2120 nutent
600 2114 607 2126 ,
633 2093 727 2128 inquit.
752 2093 866 2120 Audiant
887 2094 931 2128 qui
954 2094 1016 2120 totis

226 2140 318 2167 diebus
339 2140 364 2166 in
380 2139 508 2166 conviviis
530 2144 669 2166 versantur
688 2139 777 2173 lapsus
791 2141 958 2173 gravitatem,
975 2138 1016 2166 fu-

225 2185 349 2219 giantque
371 2183 439 2218 quod
466 2192 497 2210 ex
520 2183 648 2210 ebrietate
661 2188 700 2210 est
712 2183 848 2209 damnum.
873 2183 921 2210 Sui
933 2188 1016 2210 autem

223 2231 306 2265 factus
329 2238 440 2264 compos,
463 2229 555 2264 inquit.
571 2228 637 2262 Quid
653 2233 704 2260 est,
727 2227 775 2254 Sui
790 2230 871 2263 factus
893 2229 1017 2263 compos?

225 2275 253 2303 ld
261 2275 330 2310 quod
340 2282 387 2301 nos
396 2275 499 2301 discere
512 2274 629 2301 solennis
637 2273 669 2300 de
679 2273 793 2306 furiosis,
803 2274 824 2300 si
834 2274 937 2309 quamlo
945 2274 977 2301 ad
986 2282 1015 2302 se

224 2321 334 2348 redeant
349 2329 355 2345 :
373 2319 419 2346 llic
434 2327 448 2346 a
462 2319 583 2346 dtemoue
597 2323 736 2353 correptus
747 2319 786 2346 sui
798 2327 907 2354 compos
919 2320 1012 2353 factus,

224 2372 251 2393 et
264 2365 298 2392 ab
319 2365 388 2392 illius
404 2364 543 2400 tyrannide
558 2364 684 2391 liberatus
705 2369 747 2391 cst
763 2373 768 2391 :
786 2365 810 2391 id
831 2365 880 2392 sibi
896 2366 952 2393 vult
965 2366 1015 2394 hoc

223 2410 283 2440 loco
304 2412 450 2446 Scriptura.
478 2410 545 2438 Vere
568 2411 638 2437 enim
662 2410 776 2438 ebrietas
798 2412 962 2440 voluntarius
973 2417 1015 2440 est

224 2459 340 2490 daemon,
354 2463 378 2484 et
391 2457 496 2492 gravius
509 2465 587 2492 quam
601 2457 704 2484 dwmon
719 2463 833 2485 mentem
845 2459 1011 2492 obtcucbrat,

222 2509 369 2538 etcaptqu
394 2503 464 2529 omni
490 2503 672 2530 heueroleutia
696 2504 825 2532 destituit.
851 2506 927 2540 Sa'pe
942 2507 1012 2533 eniut

224 2550 415 2577 daunoniacum
427 2550 546 2577 videntes
559 2550 738 2577 misericordia
754 2559 899 2584 movemur,
912 2558 937 2580 et
950 2562 1013 2580 cott-

222 2597 354 2628 dolemus,
379 2604 554 2631 magnamque
576 2604 638 2632 erga
661 2597 733 2624 illum
754 2599 1011 2627 couuniseratiouem

225 2641 406 2675 declaraturus;
431 2647 522 2669 contra
542 2649 630 2670 autern
645 2643 754 2671 facimus
769 2645 838 2671 circa
852 2645 939 2672 ebrios
951 2653 959 2672 :
973 2645 1012 2671 iu-

220 2685 361 2721 dignamur
371 2688 451 2719 enim,
466 2695 534 2722 {egre
543 2688 575 2716 fet
584 2689 662 2721 imus,
675 2689 811 2717 iununnra
825 2691 999 2725 imprecantur

221 2731 309 2764 Quare
323 2738 349 2760 et
361 2742 411 2768 qua
427 2734 460 2761 de
473 2735 570 2761 causa?
584 2735 649 2769 Quia
665 2736 707 2764 ille
718 2737 761 2771 qui
775 2744 789 2763 a
809 2737 877 2764 malo
890 2737 1011 2765 daemone

221 2778 345 2812 agitatur,
362 2779 552 2807 iuvoluntarius
576 2787 702 2816 operatur
715 2789 744 2808 ea
759 2790 817 2816 qtue
831 2786 965 2816 operatur,
980 2790 1010 2809 ac

224 2823 286 2853 licet
307 2826 465 2860 recalcitrat,
489 2826 549 2854 licet
572 2831 675 2862 rumpat
698 2832 807 2860 vestem,
832 2832 859 2855 et
884 2828 1008 2856 obscmna

617 112 646 141 S.
666 113 804 141 JOANNIS
823 114 1057 142 CllRYSOSTOMl
1076 115 1234 144 ARClllEP.
1255 117 1520 147 CONSTANTINOP.

1819 125 1871 154 9.68

1080 172 1210 206 qutcpiaut
1236 173 1368 206 loquatur,
1394 175 1470 202 venia
1491 175 1587 211 dignus
1607 182 1753 207 censetur:
1778 185 1805 207 at
1827 182 1872 216 qui

1079 217 1168 244 ebrius
1189 222 1240 251 est,
1263 219 1390 254 quidquid
1412 221 1515 253 fecerit,
1538 229 1591 248 non
1606 227 1646 249 est
1659 223 1734 250 venia
1753 225 1870 260 dignus:

1078 262 1125 289 sed
1147 267 1173 289 et
1197 263 1272 290 valde
1295 264 1414 292 incusant
1437 266 1509 293 illum
1524 267 1675 300 familiares,
1690 270 1778 302 amici,
1793 277 1820 298 et
1833 272 1871 298 vi—

1077 308 1141 340 cini,
1156 313 1182 336 et
1198 309 1223 336 in
1237 317 1340 337 summa
1354 318 1464 343 omnes;
1487 313 1547 346 quia
1563 318 1658 347 sponte
1680 320 1707 342 et.
1722 316 1871 345 voluntarie

1079 352 1104 380 in
1127 353 1195 381 hanc
1221 355 1366 390 nequitiam
1391 357 1504 388 transiit,
1527 362 1554 384 et
1576 359 1712 387 ebrietatis
1739 363 1871 396 tyrannidi

1077 398 1193 433 seipsum
1209 400 1319 428 dedidit.
1335 401 1366 428 Et
1377 401 1433 428 haec
1445 401 1505 429 dico
1517 410 1568 430 non
1583 409 1610 430 ut
1630 404 1730 439 justum
1743 406 1870 434 incusem:

1077 446 1159 472 tnnlta
1182 447 1252 473 enim
1277 452 1353 474 erant
1376 453 1484 483 propter
1498 457 1557 483 qua:
1572 451 1606 477 illi
1623 452 1699 478 venia
1714 452 1870 487 debebatur,

1077 495 1104 517 et
1125 498 1185 518 cum
1210 493 1310 526 primis,
1327 494 1397 528 quod
1422 502 1474 520 non
1493 494 1518 522 iu
1534 495 1559 521 id
1575 496 1629 523 vitii
1645 502 1735 531 postea
1751 499 1872 532 relapsus

1076 540 1127 568 est,
1150 536 1174 563 id
1187 538 1258 571 quod
1279 539 1422 565 maximum
1437 539 1516 566 fuerit
1531 540 1657 569 indicium
1669 551 1730 570 enim
1745 551 1776 570 ex
1794 544 1872 578 igno-

1076 583 1172 614 rantia,
1195 591 1247 610 non
1272 591 1304 610 ex
1327 584 1485 619 negligentia
1508 586 1580 620 prius
1595 587 1751 622 deliquisse.
1767 589 1832 616 Nam
1848 591 1870 616 si

1076 626 1126 654 hoc
1138 627 1228 655 fuisset
1245 629 1422 664 negligentiae,
1437 632 1576 665 oportebat
1590 640 1650 659 cum
1665 634 1759 660 iterum
1775 634 1870 662 eodem

1077 672 1170 699 morbo
1187 673 1245 708 capi
1258 681 1266 700 :
1281 674 1307 701 id
1329 675 1399 709 quod
1423 683 1475 702 non
1497 677 1597 711 evepit.
1619 677 1683 705 Nam
1706 679 1728 706 si
1742 679 1830 706 denuo
1846 680 1870 707 id

1075 718 1227 753 accidisset,
1253 719 1388 756 Scriptura
1411 722 1501 757 utique
1525 731 1576 750 non
1592 724 1756 757 obticuisset,
1773 726 1820 753 sed
1834 727 1871 753 si-

1074 762 1228 798 gnificasset
1242 765 1327 792 nobis.
1342 766 1416 794 Unus
1428 768 1499 794 enim
1511 775 1606 803 scopus
1617 774 1643 795 et
1659 771 1788 798 terminus
1798 771 1871 799 Scii-

1075 813 1159 843 ptura:
1182 809 1279 838 divina:
1299 816 1349 843 est,
1365 820 1398 839 ne
1412 812 1475 847 quid
1497 813 1626 841 factorum
1642 815 1808 850 intermittat,
1823 817 1869 845 sed

1076 855 1214 883 veritatem
1238 864 1287 884 nos
1307 857 1409 886 doceat.
1427 859 1518 894 Neque
1531 860 1602 887 enim
1625 867 1734 896 propter
1745 863 1869 890 iuvidiaut

1071 901 1206 936 justorum
1234 902 1345 930 virtutes
1374 905 1501 939 praeterit,
1518 913 1603 940 neque
1624 912 1732 942 propter
1757 909 1869 942 gratiam

1075 951 1182 981 peccata
1197 947 1336 975 adumbrat
1351 958 1358 976 :
1371 949 1419 977 sed
1439 951 1527 978 omnia
1545 951 1572 978 in
1587 951 1703 979 medium
1720 953 1796 980 nobis
1809 961 1870 988 pro-

1074 993 1156 1027 ponit,
1172 998 1200 1020 ut
1211 994 1328 1029 regulam
1342 999 1368 1022 et
1387 995 1534 1024 doctrinam
1550 998 1690 1032 quamdam
1711 999 1867 1034 habeamus,

1073 1041 1099 1065 et
1121 1042 1150 1065 ut
1175 1039 1197 1065 si
1212 1040 1318 1074 quando
1332 1041 1411 1068 etiam
1428 1050 1477 1069 nos
1492 1050 1539 1077 per
1551 1044 1701 1072 socordiam
1716 1045 1742 1072 in
1755 1046 1819 1080 quid
1831 1047 1869 1072 vi-

1073 1083 1102 1110 tii
1129 1084 1313 1119 ineiderimus,
1338 1087 1471 1115 cautiores
1496 1089 1579 1116 simus
1603 1094 1704 1124 postea,
1728 1099 1762 1118 ne
1779 1091 1869 1118 denuo

1073 1129 1230 1158 incidamus.
1246 1131 1337 1166 Neque
1349 1134 1420 1160 enim
1434 1138 1486 1161 tant
1498 1142 1580 1169 grave
1591 1139 1633 1162 est
1647 1143 1766 1171 peccare,
1785 1145 1865 1172 quam

1073 1171 1099 1198 in
1123 1174 1238 1207 peccatis
1262 1181 1444 1209 perseverare.
1470 1177 1560 1212 Itaque
1581 1185 1634 1205 non
1647 1179 1754 1207 attende
1776 1171 1863 1208 solum

1071 1218 1142 1253 quod
1159 1218 1303 1247 inebriatus
1324 1222 1358 1248 sit
1378 1221 1482 1256 justus,
1502 1222 1548 1250 sed
1564 1223 1634 1258 quod
1650 1230 1741 1259 postea
1754 1234 1807 1253 non
1819 1226 1869 1254 ite-

1071 1270 1129 1290 rum
1146 1263 1197 1292 hoc
1211 1264 1235 1292 ei
1256 1265 1393 1293 acciderit.
1419 1267 1486 1294 lliud
1507 1275 1571 1296 vero
1586 1269 1724 1297 considera
1737 1291 1745 1303 ,
1760 1278 1807 1297 eos
1822 1271 1868 1306 qui

1073 1309 1098 1336 in
1123 1310 1239 1338 tabernis
1255 1311 1362 1339 vinariis
1381 1313 1499 1347 quotidie
1512 1321 1705 1343 consumuntur
1717 1337 1724 1349 ,
1740 1321 1767 1344 et
1783 1317 1869 1344 ferme

1071 1353 1193 1388 dixerim,
1202 1357 1318 1390 quotidie
1328 1359 1476 1385 tuoriuutur
1489 1360 1608 1387 :ctiamsi
1622 1361 1727 1395 quando
1740 1362 1780 1389 sui
1793 1369 1868 1389 eom-

1072 1404 1146 1433 potes
1168 1400 1265 1428 fuerint
1288 1401 1368 1434 facti,
1386 1411 1471 1438 neque
1483 1404 1520 1430 sic
1543 1405 1593 1432 sibi
1614 1411 1706 1433 cavent
1722 1407 1756 1434 ab
1769 1408 1865 1435 eodem

1071 1445 1207 1478 periculo,
1222 1446 1268 1473 sed
1283 1448 1358 1482 quasi
1376 1449 1409 1474 ad
1425 1457 1492 1483 opus
1508 1449 1641 1484 quoddam
1656 1456 1792 1479 strenuum
1808 1454 1868 1480 red-

1070 1495 1143 1517 eunt.
1167 1491 1276 1527 Insuper
1304 1497 1332 1520 et
1356 1493 1405 1521 hoc
1432 1495 1491 1529 quis
1510 1496 1571 1530 jure
1591 1497 1733 1531 cogitabit,
1762 1499 1864 1532 justum

1072 1535 1155 1568 illum,
1179 1538 1228 1564 etsi
1250 1538 1320 1572 quoi
1337 1546 1387 1565 non
1408 1545 1534 1575 expertus
1555 1546 1635 1574 esset,
1653 1550 1700 1570 nec
1721 1543 1802 1570 Sciret
1816 1553 1867 1579 qua

1071 1587 1196 1608 mensura
1215 1587 1287 1609 esset
1299 1583 1423 1610 utemlum
1434 1606 1441 1617 ,
1458 1585 1603 1613 inebriatus
1612 1587 1662 1620 sit;
1678 1593 1794 1617 attamen
1807 1597 1867 1618 cuin

1069 1625 1158 1659 justus
1172 1632 1252 1659 esset,
1278 1633 1305 1655 et
1326 1630 1414 1656 tuultis
1429 1630 1504 1658 bonis
1526 1632 1636 1666 polleret
1656 1634 1789 1668 operibus,
1807 1643 1867 1669 pec-

1069 1676 1169 1704 cattun,
1197 1674 1266 1708 quod
1292 1682 1353 1702 easu
1373 1677 1472 1709 evertit,
1502 1678 1626 1713 obtegere
1654 1680 1792 1713 potuisse:
1819 1690 1866 1709 nos

1070 1721 1157 1744 autem
1178 1726 1238 1745 cum
1256 1719 1289 1746 ab
1298 1720 1444 1748 innumeris
1468 1723 1526 1750 aliis
1554 1724 1736 1752 affectionibus
1757 1727 1865 1754 infe~te-

1070 1774 1139 1800 mur,
1160 1773 1186 1794 ct
1208 1768 1257 1795 hoc
1278 1769 1416 1802 addamus,
1434 1775 1459 1796 ut
1475 1775 1500 1798 et
1515 1771 1549 1797 ab
1566 1772 1694 1800 ebrietate
1708 1774 1864 1809 submerga—

1071 1820 1138 1843 mur,
1165 1813 1227 1848 quid
1250 1815 1405 1842 excusabit?
1422 1816 1462 1843 vel
1481 1816 1550 1850 quis,
1567 1817 1618 1848 die.
1634 1826 1692 1851 oro,
1710 1828 1757 1845 nos
1771 1820 1865 1853 digna—

1070 1858 1139 1885 bitur
1150 1860 1237 1893 vcuia,
1250 1868 1316 1895 quos
1332 1861 1400 1888 nulla
1416 1863 1579 1896 experientia
1594 1863 1654 1890 facit
1665 1866 1866 1899 castigationes"

1069 1903 1205 1939 Evigilavit
1225 1911 1308 1932 autent
1332 1906 1398 1938 Noe,
1422 1908 1516 1942 inquit,
1531 1917 1546 1934 (ι
1561 1909 1627 1940 vino,
1644 1915 1668 1936 et
1680 1913 1793 1945 cognovit
1807 1920 1864 1946 quae

1070 1951 1126 1984 fecit
1137 1951 1184 1977 sibi
1194 1951 1263 1985 ﬁlius
1273 1960 1333 1979 sttus
1341 1953 1440 1987 junior.
1450 1953 1523 1981 Unde
1534 1956 1672 1989 cognOrit?
1683 1957 1759 1984 Forte
1771 1957 1865 1985 fratres

1069 1997 1294 2031 significavcrunt,
1319 2006 1371 2025 non
1387 2005 1414 2026 ut
1435 1999 1542 2027 fratrem
1558 2007 1724 2033 accusari-nt,
1741 2005 1787 2030 sed
1808 2014 1863 2031 rem

1070 2048 1097 2069 ut
1112 2043 1179 2070 facta
1192 2049 1248 2071 erat
1263 2044 1399 2078 docentes,
1424 2050 1451 2072 ut
1465 2048 1626 2074 conveniens
1640 2049 1684 2076 ille
1697 2058 1745 2075 suo
1762 2051 1863 2078 vulneri

1069 2089 1216 2116 remedium
1241 2090 1440 2125 aceiperet..Et
1464 2094 1587 2127 cognovit,
1612 2094 1704 2129 inquit,
1729 2096 1784 2122 Noe
1794 2106 1862 2130 qua!-

1068 2141 1174 2169 cunzqua
1194 2135 1287 2169 fecerat
1309 2136 1357 2163 sibi
1371 2137 1441 2170 ﬁlius
1453 2145 1513 2164 suus
1522 2139 1620 2172 junior.
1637 2140 1704 2172 Quid
1718 2146 1769 2173 est,
1785 2142 1862 2174 Quie-

1067 2189 1171 2215 cumque
1185 2182 1298 2216 fecerat?
1314 2183 1434 2217 Magnam
1449 2188 1475 2211 et
1495 2184 1687 2213 intolerabilem
1702 2194 1757 2213 rem
1772 2188 1862 2215 dicere

1070 2227 1135 2253 vult.
1151 2227 1339 2255 Animadverte
1352 2229 1422 2255 cuitu
1438 2230 1570 2263 qttotnodo
1584 2231 1653 2257 intus
1669 2231 1694 2258 in
1711 2231 1791 2258 domo
1806 2233 1861 2260 visa

1068 2273 1150 2307 patris
1167 2273 1338 2308 turpitudine,
1353 2282 1413 2301 cum
1435 2275 1570 2302 debuisset
1589 2277 1724 2311 obtegere,
1738 2285 1862 2311 egressus

1067 2319 1207 2353 evulgavit,
1223 2325 1248 2346 et
1262 2320 1326 2347 risui
1342 2324 1420 2355 atque
1432 2321 1630 2349 sultsannationi
1646 2327 1758 2357 patrem,
1777 2332 1861 2358 quau-

1068 2368 1122 2391 tnm
1138 2365 1164 2391 iu
1178 2364 1235 2399 ipso
1249 2371 1315 2398 erat,
1331 2366 1466 2400 exposuit,
1483 2366 1629 2402 fratresque
1644 2376 1731 2401 prava:
1744 2377 1800 2396 sum
1813 2378 1859 2396 vo-

1067 2409 1173 2437 luntatis
1187 2411 1273 2438 socios
1287 2418 1346 2438 esse
1359 2412 1456 2438 voluit:
1467 2420 1526 2439 eum
1539 2414 1708 2447 oportuisset,
1718 2414 1739 2440 si
1751 2415 1859 2442 omnino

1067 2456 1234 2484 nuntiaturus
1256 2462 1323 2490 erat,
1345 2457 1404 2484 illos
1422 2458 1488 2484 intra
1514 2458 1622 2486 donuun
1646 2467 1754 2491 vocare,
1781 2466 1807 2487 et
1821 2463 1858 2488 sic

1067 2500 1213 2528 mulitatem
1227 2501 1301 2528 effari
1319 2511 1325 2527 :
1340 2502 1386 2529 sed
1402 2503 1457 2537 ipse
1473 2503 1543 2530 foras
1557 2505 1634 2538 exiit,
1650 2505 1798 2532 nuditatem
1812 2507 1855 2533 dc-

1065 2545 1185 2578 elaravit,
1209 2547 1284 2581 qttasi
1303 2548 1381 2574 etiam
1406 2548 1456 2575 alia
1476 2549 1581 2576 adesset
1606 2550 1680 2577 turba
1697 2551 1857 2583 Jtmniuum,

1065 2599 1131 2626 quos
1143 2592 1222 2619 etiam
1236 2592 1352 2619 facturus
1363 2598 1434 2620 esset
1449 2600 1564 2628 paterum
1576 2596 1744 2630 turpitudinis
1757 2601 1838 2624 testes
1850 2606 1857 2624 :

1066 2634 1173 2672 preptcr
1196 2639 1244 2666 llOC
1268 2640 1360 2674 inquit,
1379 2640 1442 2673 Qua:
1455 2643 1563 2675 fecerat;
1578 2641 1602 2668 id
1618 2647 1667 2674 est,
1684 2643 1857 2669 eoatumelio-

1064 2692 1109 2710 stts
1123 2684 1190 2718 patri
1203 2684 1258 2715 fuit,
1275 2685 1372 2712 oblitus
1386 2690 1428 2712 est
1442 2686 1549 2713 honoris
1564 2695 1641 2721 quem
1654 2687 1751 2713 debent
1764 2696 1856 2721 paren-

1065 2729 1133 2755 tibus
1149 2729 1204 2760 filii,
1228 2730 1342 2764 prodidit
1363 2736 1478 2765 peccata,
1497 2732 1592 2759 fratrrs
1604 2732 1684 2759 voluit
1698 2733 1817 2765 allicere,
1832 2740 1857 2760 et

1064 2775 1150 2801 socios
1164 2776 1249 2802 facere
1262 2784 1316 2803 sua:
1327 2778 1503 2803 contumelias.
1519 2778 1580 2809 Qnu-
1589 2778 1680 2812 fererut
1693 2778 1746 2808 sibi,
1761 2779 1854 2813 inquit,

1064 2821 1132 2854 ﬁlius
1156 2829 1215 2847 suus
1235 2821 1328 2854 iunior.
1345 2823 1421 2857 Atqui
1439 2831 1489 2850 non
1504 2823 1546 2850 hie
1560 2829 1614 2850 erat
1634 2824 1717 2857 juniut
1733 2833 1740 2856 ;
1758 2833 1853 2852 secun—
