  <div class='ocr_page' id='page_1' title='image "/cluster/home/n/w/nwhite01/storage/ocr_20150623/53-54/njp.32101077772638/270.png"; bbox 0 0 2058 3123; ppageno 0'>
   <div class='ocr_carea' id='block_1_1' title="bbox 134 135 186 164">
    <p class='ocr_par' dir='ltr' id='par_1_1' title="bbox 134 135 186 164">
     <span class='ocr_line' id='line_1_1' title="bbox 134 135 186 164; baseline -0.038 0"><span class='ocrx_word' id='word_1_1' title='bbox 134 135 186 164; x_wconf 76' lang='lat'>267</span> 
     </span>
    </p>
   </div>
   <div class='ocr_carea' id='block_1_2' title="bbox 132 190 965 228">
    <p class='ocr_par' dir='ltr' id='par_1_2' title="bbox 132 190 965 228">
     <span class='ocr_line' id='line_1_2' title="bbox 132 190 965 228; baseline -0.001 -10"><span class='ocrx_word' id='word_1_2' title='bbox 132 190 262 218; x_wconf 71' lang='grc' dir='ltr'>ἀπόνοιαν</span> <span class='ocrx_word' id='word_1_3' title='bbox 279 196 291 210; x_wconf 76' lang='grc' dir='ltr'>α</span> <span class='ocrx_word' id='word_1_4' title='bbox 305 190 434 226; x_wconf 74' lang='grc' dir='ltr'>ῆλειψας·</span> <span class='ocrx_word' id='word_1_5' title='bbox 453 191 499 217; x_wconf 79' lang='grc' dir='ltr'>καὶ</span> <span class='ocrx_word' id='word_1_6' title='bbox 523 191 553 218; x_wconf 82' lang='grc' dir='ltr'>οὗ</span> <span class='ocrx_word' id='word_1_7' title='bbox 578 191 659 220; x_wconf 83' lang='grc' dir='ltr'>τοῦτο</span> <span class='ocrx_word' id='word_1_8' title='bbox 685 193 775 228; x_wconf 87' lang='grc' dir='ltr'>μόνον,</span> <span class='ocrx_word' id='word_1_9' title='bbox 791 192 848 219; x_wconf 80' lang='grc' dir='ltr'>ἀλλ’</span> <span class='ocrx_word' id='word_1_10' title='bbox 860 192 901 218; x_wconf 87' lang='grc' dir='ltr'>ὃτι</span> <span class='ocrx_word' id='word_1_11' title='bbox 917 190 965 218; x_wconf 75' lang='grc' dir='ltr'>καὶ</span> 
     </span>
    </p>
   </div>
   <div class='ocr_carea' id='block_1_3' title="bbox 133 234 967 271">
    <p class='ocr_par' dir='ltr' id='par_1_3' title="bbox 133 234 967 271">
     <span class='ocr_line' id='line_1_3' title="bbox 133 234 967 271; baseline 0.004 -12"><span class='ocrx_word' id='word_1_12' title='bbox 133 234 354 269; x_wconf 83' lang='grc' dir='ltr'>βλασφημεῖσθαι</span> <span class='ocrx_word' id='word_1_13' title='bbox 376 235 423 261; x_wconf 83' lang='grc' dir='ltr'>τὸν</span> <span class='ocrx_word' id='word_1_14' title='bbox 437 235 504 262; x_wconf 73' lang='grc' dir='ltr'>Θεὸν</span> <span class='ocrx_word' id='word_1_15' title='bbox 520 236 739 271; x_wconf 84' lang='grc' dir='ltr'>παρεσκεύασας.</span> <span class='ocrx_word' id='word_1_16' title='bbox 755 235 839 263; x_wconf 81' lang='grc' dir='ltr'>Τοῦτο</span> <span class='ocrx_word' id='word_1_17' title='bbox 855 236 883 262; x_wconf 86' lang='grc' dir='ltr'>δὲ</span> <span class='ocrx_word' id='word_1_18' title='bbox 901 236 967 270; x_wconf 74' lang='grc' dir='ltr'>ὅσην</span> 
     </span>
    </p>
   </div>
   <div class='ocr_carea' id='block_1_4' title="bbox 133 277 967 315">
    <p class='ocr_par' dir='ltr' id='par_1_4' title="bbox 133 277 967 315">
     <span class='ocr_line' id='line_1_4' title="bbox 133 277 967 315; baseline 0.002 -12"><span class='ocrx_word' id='word_1_19' title='bbox 133 277 257 313; x_wconf 76' lang='grc' dir='ltr'>προξενεῖ</span> <span class='ocrx_word' id='word_1_20' title='bbox 266 278 315 313; x_wconf 81' lang='grc' dir='ltr'>τὴν</span> <span class='ocrx_word' id='word_1_21' title='bbox 332 278 441 305; x_wconf 77' lang='grc' dir='ltr'>κόλασιν</span> <span class='ocrx_word' id='word_1_22' title='bbox 453 280 509 311; x_wconf 82' lang='grc' dir='ltr'>τοῖς</span> <span class='ocrx_word' id='word_1_23' title='bbox 524 279 575 315; x_wconf 82' lang='grc' dir='ltr'>τὴν</span> <span class='ocrx_word' id='word_1_24' title='bbox 587 280 676 306; x_wconf 80' lang='grc' dir='ltr'>αἰτίαν</span> <span class='ocrx_word' id='word_1_25' title='bbox 691 279 868 315; x_wconf 78' lang='grc' dir='ltr'>παρέχουσιν,</span> <span class='ocrx_word' id='word_1_26' title='bbox 879 278 967 311; x_wconf 77' lang='grc' dir='ltr'>οὐδεὶς</span> 
     </span>
    </p>
   </div>
   <div class='ocr_carea' id='block_1_5' title="bbox 132 320 966 359">
    <p class='ocr_par' dir='ltr' id='par_1_5' title="bbox 132 320 966 359">
     <span class='ocr_line' id='line_1_5' title="bbox 132 320 966 359; baseline 0.001 -11"><span class='ocrx_word' id='word_1_27' title='bbox 132 321 234 356; x_wconf 86' lang='grc' dir='ltr'>ἀγνοεῖ.</span> <span class='ocrx_word' id='word_1_28' title='bbox 245 320 378 356; x_wconf 76' lang='grc' dir='ltr'>¹ῖιύγωμεν</span> <span class='ocrx_word' id='word_1_29' title='bbox 390 322 491 355; x_wconf 78' lang='grc' dir='ltr'>τοίνυν,</span> <span class='ocrx_word' id='word_1_30' title='bbox 503 323 662 359; x_wconf 77' lang='grc' dir='ltr'>παρακαλῶ,</span> <span class='ocrx_word' id='word_1_31' title='bbox 678 323 725 350; x_wconf 80' lang='grc' dir='ltr'>τοῦ</span> <span class='ocrx_word' id='word_1_32' title='bbox 742 323 806 358; x_wconf 86' lang='grc' dir='ltr'>Χάμ</span> <span class='ocrx_word' id='word_1_33' title='bbox 818 323 863 350; x_wconf 80' lang='grc' dir='ltr'>τὸν</span> <span class='ocrx_word' id='word_1_34' title='bbox 874 322 966 358; x_wconf 79' lang='grc' dir='ltr'>ζῆλον,</span> 
     </span>
    </p>
   </div>
   <div class='ocr_carea' id='block_1_6' title="bbox 133 364 967 402">
    <p class='ocr_par' dir='ltr' id='par_1_6' title="bbox 133 364 967 402">
     <span class='ocr_line' id='line_1_6' title="bbox 133 364 967 402; baseline 0.004 -11"><span class='ocrx_word' id='word_1_35' title='bbox 133 364 319 401; x_wconf 83' lang='grc' dir='ltr'>μιμησώμεθα</span> <span class='ocrx_word' id='word_1_36' title='bbox 334 365 362 392; x_wconf 79' lang='grc' dir='ltr'>δὲ</span> <span class='ocrx_word' id='word_1_37' title='bbox 387 365 441 392; x_wconf 82' lang='grc' dir='ltr'>τῶν</span> <span class='ocrx_word' id='word_1_38' title='bbox 461 366 640 402; x_wconf 78' lang='grc' dir='ltr'>εὐγνωμόνων</span> <span class='ocrx_word' id='word_1_39' title='bbox 664 367 766 394; x_wconf 85' lang='grc' dir='ltr'>τούτων</span> <span class='ocrx_word' id='word_1_40' title='bbox 792 367 895 394; x_wconf 82' lang='grc' dir='ltr'>παίδων</span> <span class='ocrx_word' id='word_1_41' title='bbox 917 367 967 402; x_wconf 84' lang='grc' dir='ltr'>τὴν</span> 
     </span>
    </p>
   </div>
   <div class='ocr_carea' id='block_1_7' title="bbox 132 409 964 446">
    <p class='ocr_par' dir='ltr' id='par_1_7' title="bbox 132 409 964 446">
     <span class='ocr_line' id='line_1_7' title="bbox 132 409 964 446; baseline 0.002 -10"><span class='ocrx_word' id='word_1_42' title='bbox 132 409 209 441; x_wconf 87' lang='grc' dir='ltr'>αἰδῶ,</span> <span class='ocrx_word' id='word_1_43' title='bbox 225 409 259 444; x_wconf 83' lang='grc' dir='ltr'>ἢν</span> <span class='ocrx_word' id='word_1_44' title='bbox 272 410 338 445; x_wconf 82' lang='grc' dir='ltr'>περὶ</span> <span class='ocrx_word' id='word_1_45' title='bbox 362 409 412 446; x_wconf 84' lang='grc' dir='ltr'>τὴν</span> <span class='ocrx_word' id='word_1_46' title='bbox 438 409 577 445; x_wconf 84' lang='grc' dir='ltr'>γύμνωσιν</span> <span class='ocrx_word' id='word_1_47' title='bbox 591 409 638 437; x_wconf 79' lang='grc' dir='ltr'>τοῦ</span> <span class='ocrx_word' id='word_1_48' title='bbox 653 411 756 446; x_wconf 80' lang='grc' dir='ltr'>πατρὸς</span> <span class='ocrx_word' id='word_1_49' title='bbox 777 411 964 443; x_wconf 78' lang='grc' dir='ltr'>ἐπεδείξαντο·</span> 
     </span>
    </p>
   </div>
   <div class='ocr_carea' id='block_1_8' title="bbox 131 453 964 491">
    <p class='ocr_par' dir='ltr' id='par_1_8' title="bbox 131 453 964 491">
     <span class='ocr_line' id='line_1_8' title="bbox 131 453 964 491; baseline 0.002 -11"><span class='ocrx_word' id='word_1_50' title='bbox 131 453 177 480; x_wconf 79' lang='grc' dir='ltr'>καὶ</span> <span class='ocrx_word' id='word_1_51' title='bbox 189 453 262 480; x_wconf 76' lang='grc' dir='ltr'>οὕτω</span> <span class='ocrx_word' id='word_1_52' title='bbox 274 453 310 480; x_wconf 83' lang='grc' dir='ltr'>τὰ</span> <span class='ocrx_word' id='word_1_53' title='bbox 326 453 379 480; x_wconf 84' lang='grc' dir='ltr'>τῶν</span> <span class='ocrx_word' id='word_1_54' title='bbox 402 453 525 488; x_wconf 78' lang='grc' dir='ltr'>ἀδελφῶν</span> <span class='ocrx_word' id='word_1_55' title='bbox 553 455 742 489; x_wconf 80' lang='grc' dir='ltr'>συσκιάζωμεν</span> <span class='ocrx_word' id='word_1_56' title='bbox 768 456 964 491; x_wconf 81' lang='grc' dir='ltr'>ἁμαρτήματα,</span> 
     </span>
    </p>
   </div>
   <div class='ocr_carea' id='block_1_9' title="bbox 130 496 965 534">
    <p class='ocr_par' dir='ltr' id='par_1_9' title="bbox 130 496 965 534">
     <span class='ocr_line' id='line_1_9' title="bbox 130 496 965 534; baseline 0.005 -12"><span class='ocrx_word' id='word_1_57' title='bbox 130 497 180 532; x_wconf 80' lang='grc' dir='ltr'>οὐχ</span> <span class='ocrx_word' id='word_1_58' title='bbox 194 497 239 524; x_wconf 85' lang='grc' dir='ltr'>ἶνα</span> <span class='ocrx_word' id='word_1_59' title='bbox 253 497 293 528; x_wconf 88' lang='grc' dir='ltr'>εἰς</span> <span class='ocrx_word' id='word_1_60' title='bbox 309 496 445 533; x_wconf 70' lang='grc' dir='ltr'>ρᾳθυμίαν</span> <span class='ocrx_word' id='word_1_61' title='bbox 458 498 557 529; x_wconf 80' lang='grc' dir='ltr'>αὐτοὺς</span> <span class='ocrx_word' id='word_1_62' title='bbox 566 498 818 534; x_wconf 83' lang='grc' dir='ltr'>παιδοτριϐἠσωμεν</span> <span class='ocrx_word' id='word_1_63' title='bbox 827 520 835 531; x_wconf 84' lang='grc'>,</span> <span class='ocrx_word' id='word_1_64' title='bbox 850 498 906 525; x_wconf 84' lang='grc' dir='ltr'>ἀλλ’</span> <span class='ocrx_word' id='word_1_65' title='bbox 922 500 965 526; x_wconf 82' lang='grc' dir='ltr'>ἴνα</span> 
     </span>
    </p>
   </div>
   <div class='ocr_carea' id='block_1_10' title="bbox 129 540 965 579">
    <p class='ocr_par' dir='ltr' id='par_1_10' title="bbox 129 540 965 579">
     <span class='ocr_line' id='line_1_10' title="bbox 129 540 965 579; baseline 0.004 -12"><span class='ocrx_word' id='word_1_66' title='bbox 129 540 216 575; x_wconf 81' lang='grc' dir='ltr'>ταύτῃ</span> <span class='ocrx_word' id='word_1_67' title='bbox 235 540 352 576; x_wconf 89' lang='grc' dir='ltr'>μάλιστα</span> <span class='ocrx_word' id='word_1_68' title='bbox 373 541 485 568; x_wconf 76' lang='grc' dir='ltr'>πλείονα</span> <span class='ocrx_word' id='word_1_69' title='bbox 512 542 603 574; x_wconf 73' lang='grc' dir='ltr'>αὐτοῖς</span> <span class='ocrx_word' id='word_1_70' title='bbox 625 542 752 578; x_wconf 76' lang='grc' dir='ltr'>ἀφορμὴν</span> <span class='ocrx_word' id='word_1_71' title='bbox 780 542 965 579; x_wconf 82' lang='grc' dir='ltr'>παράσχωμεν</span> 
     </span>
    </p>
   </div>
   <div class='ocr_carea' id='block_1_11' title="bbox 130 583 965 622">
    <p class='ocr_par' dir='ltr' id='par_1_11' title="bbox 130 583 965 622">
     <span class='ocr_line' id='line_1_11' title="bbox 130 583 965 622; baseline 0.004 -12"><span class='ocrx_word' id='word_1_72' title='bbox 130 584 176 611; x_wconf 82' lang='grc' dir='ltr'>τοῦ</span> <span class='ocrx_word' id='word_1_73' title='bbox 190 584 296 619; x_wconf 82' lang='grc' dir='ltr'>ταχέως</span> <span class='ocrx_word' id='word_1_74' title='bbox 304 583 353 619; x_wconf 79' lang='grc' dir='ltr'>τῆς</span> <span class='ocrx_word' id='word_1_75' title='bbox 368 584 458 620; x_wconf 82' lang='grc' dir='ltr'>λύμης</span> <span class='ocrx_word' id='word_1_76' title='bbox 476 584 583 620; x_wconf 88' lang='grc' dir='ltr'>ἐκείνης</span> <span class='ocrx_word' id='word_1_77' title='bbox 605 585 806 622; x_wconf 85' lang='grc' dir='ltr'>ἀπαλλαγῆναι,</span> <span class='ocrx_word' id='word_1_78' title='bbox 837 586 882 613; x_wconf 77' lang='grc' dir='ltr'>καὶ</span> <span class='ocrx_word' id='word_1_79' title='bbox 897 586 965 622; x_wconf 75' lang='grc' dir='ltr'>πρὸς</span> 
     </span>
    </p>
   </div>
   <div class='ocr_carea' id='block_1_12' title="bbox 129 628 964 666">
    <p class='ocr_par' dir='ltr' id='par_1_12' title="bbox 129 628 964 666">
     <span class='ocr_line' id='line_1_12' title="bbox 129 628 964 666; baseline 0.004 -12"><span class='ocrx_word' id='word_1_80' title='bbox 129 628 175 654; x_wconf 78' lang='grc' dir='ltr'>τδν</span> <span class='ocrx_word' id='word_1_81' title='bbox 194 628 244 663; x_wconf 83' lang='grc' dir='ltr'>τῆς</span> <span class='ocrx_word' id='word_1_82' title='bbox 258 628 360 663; x_wconf 85' lang='grc' dir='ltr'>ἀρετῆς</span> <span class='ocrx_word' id='word_1_83' title='bbox 376 628 475 664; x_wconf 85' lang='grc' dir='ltr'>δρόμον</span> <span class='ocrx_word' id='word_1_84' title='bbox 492 629 658 656; x_wconf 83' lang='grc' dir='ltr'>ἐπανελθεῖν.</span> <span class='ocrx_word' id='word_1_85' title='bbox 679 630 785 666; x_wconf 83' lang='grc' dir='ltr'>Ὥσπερ</span> <span class='ocrx_word' id='word_1_86' title='bbox 805 629 859 666; x_wconf 83' lang='grc' dir='ltr'>γὰρ</span> <span class='ocrx_word' id='word_1_87' title='bbox 879 629 909 657; x_wconf 78' lang='grc' dir='ltr'>τὸ</span> <span class='ocrx_word' id='word_1_88' title='bbox 926 630 964 666; x_wconf 87' lang='grc' dir='ltr'>μὴ</span> 
     </span>
    </p>
   </div>
   <div class='ocr_carea' id='block_1_13' title="bbox 130 671 964 712">
    <p class='ocr_par' dir='ltr' id='par_1_13' title="bbox 130 671 964 712">
     <span class='ocr_line' id='line_1_13' title="bbox 130 671 964 712; baseline 0.005 -15"><span class='ocrx_word' id='word_1_89' title='bbox 130 671 244 703; x_wconf 75' lang='grc' dir='ltr'>πολλοὺς</span> <span class='ocrx_word' id='word_1_90' title='bbox 256 671 328 707; x_wconf 81' lang='grc' dir='ltr'>ἐχειν</span> <span class='ocrx_word' id='word_1_91' title='bbox 351 671 496 712; x_wconf 69' lang='grc' dir='ltr'>μάρτυρας</span> <span class='ocrx_word' id='word_1_92' title='bbox 509 671 564 698; x_wconf 81' lang='grc' dir='ltr'>τῶν</span> <span class='ocrx_word' id='word_1_93' title='bbox 589 673 697 700; x_wconf 78' lang='grc' dir='ltr'>οἰκείων</span> <span class='ocrx_word' id='word_1_94' title='bbox 720 673 964 709; x_wconf 84' lang='grc' dir='ltr'>πλημμελημάτων</span> 
     </span>
    </p>
   </div>
   <div class='ocr_carea' id='block_1_14' title="bbox 129 714 962 752">
    <p class='ocr_par' dir='ltr' id='par_1_14' title="bbox 129 714 962 752">
     <span class='ocr_line' id='line_1_14' title="bbox 129 714 962 752; baseline 0.004 -11"><span class='ocrx_word' id='word_1_95' title='bbox 129 714 317 751; x_wconf 75' lang='grc' dir='ltr'>εὐκολωτέραν</span> <span class='ocrx_word' id='word_1_96' title='bbox 336 715 535 747; x_wconf 77' lang='grc' dir='ltr'>κατασκευάζει</span> <span class='ocrx_word' id='word_1_97' title='bbox 556 715 594 750; x_wconf 85' lang='grc' dir='ltr'>τῷ</span> <span class='ocrx_word' id='word_1_98' title='bbox 618 716 729 751; x_wconf 82' lang='grc' dir='ltr'>νήφοντι</span> <span class='ocrx_word' id='word_1_99' title='bbox 752 717 801 752; x_wconf 83' lang='grc' dir='ltr'>τὴν</span> <span class='ocrx_word' id='word_1_100' title='bbox 816 717 962 744; x_wconf 82' lang='grc' dir='ltr'>ἐπάνοδον·</span> 
     </span>
    </p>
   </div>
   <div class='ocr_carea' id='block_1_15' title="bbox 128 757 963 796">
    <p class='ocr_par' dir='ltr' id='par_1_15' title="bbox 128 757 963 796">
     <span class='ocr_line' id='line_1_15' title="bbox 128 757 963 796; baseline 0.005 -12"><span class='ocrx_word' id='word_1_101' title='bbox 128 758 226 789; x_wconf 77' lang='grc' dir='ltr'>οὕτως,</span> <span class='ocrx_word' id='word_1_102' title='bbox 253 757 363 784; x_wconf 81' lang='grc' dir='ltr'>ἐπειδὰν</span> <span class='ocrx_word' id='word_1_103' title='bbox 380 758 569 794; x_wconf 79' lang='grc' dir='ltr'>ἀπερυθριάσῃ</span> <span class='ocrx_word' id='word_1_104' title='bbox 592 758 676 794; x_wconf 83' lang='grc' dir='ltr'>ψυχὴ,</span> <span class='ocrx_word' id='word_1_105' title='bbox 694 759 741 786; x_wconf 69' lang='grc' dir='ltr'>καὶ</span> <span class='ocrx_word' id='word_1_106' title='bbox 758 760 799 796; x_wconf 78' lang='grc' dir='ltr'>ἴδῃ</span> <span class='ocrx_word' id='word_1_107' title='bbox 814 760 856 786; x_wconf 86' lang='grc' dir='ltr'>ὃτι</span> <span class='ocrx_word' id='word_1_108' title='bbox 869 760 963 788; x_wconf 80' lang='grc' dir='ltr'>οὐδένα</span> 
     </span>
    </p>
   </div>
   <div class='ocr_carea' id='block_1_16' title="bbox 127 801 963 840">
    <p class='ocr_par' dir='ltr' id='par_1_16' title="bbox 127 801 963 840">
     <span class='ocr_line' id='line_1_16' title="bbox 127 801 963 840; baseline 0.004 -12"><span class='ocrx_word' id='word_1_109' title='bbox 127 802 224 837; x_wconf 85' lang='grc' dir='ltr'>λέληθε</span> <span class='ocrx_word' id='word_1_110' title='bbox 237 801 271 828; x_wconf 75' lang='grc' dir='ltr'>τὰ</span> <span class='ocrx_word' id='word_1_111' title='bbox 283 801 388 837; x_wconf 86' lang='grc' dir='ltr'>πονηρά</span> <span class='ocrx_word' id='word_1_112' title='bbox 400 801 631 837; x_wconf 84' lang='grc' dir='ltr'>διαπραττομένη,</span> <span class='ocrx_word' id='word_1_113' title='bbox 648 802 697 829; x_wconf 81' lang='grc' dir='ltr'>οὐκ</span> <span class='ocrx_word' id='word_1_114' title='bbox 711 803 828 835; x_wconf 76' lang='grc' dir='ltr'>εὐκόλως</span> <span class='ocrx_word' id='word_1_115' title='bbox 843 804 963 840; x_wconf 81' lang='grc' dir='ltr'>ἀποστῆ-</span> 
     </span>
    </p>
   </div>
   <div class='ocr_carea' id='block_1_17' title="bbox 129 844 964 884">
    <p class='ocr_par' dir='ltr' id='par_1_17' title="bbox 129 844 964 884">
     <span class='ocr_line' id='line_1_17' title="bbox 129 844 964 884; baseline 0.004 -13"><span class='ocrx_word' id='word_1_116' title='bbox 129 854 172 871; x_wconf 87' lang='grc' dir='ltr'>ναι</span> <span class='ocrx_word' id='word_1_117' title='bbox 185 845 321 880; x_wconf 79' lang='grc' dir='ltr'>ἀνέχεται,</span> <span class='ocrx_word' id='word_1_118' title='bbox 335 844 402 871; x_wconf 78' lang='grc' dir='ltr'>ἀλλὰ</span> <span class='ocrx_word' id='word_1_119' title='bbox 417 845 543 880; x_wconf 86' lang='grc' dir='ltr'>καθάπερ</span> <span class='ocrx_word' id='word_1_120' title='bbox 557 846 597 876; x_wconf 82' lang='grc' dir='ltr'>εἰς</span> <span class='ocrx_word' id='word_1_121' title='bbox 611 846 677 881; x_wconf 79' lang='grc' dir='ltr'>ὓλην</span> <span class='ocrx_word' id='word_1_122' title='bbox 691 846 751 873; x_wconf 73' lang='grc' dir='ltr'>τινὰ</span> <span class='ocrx_word' id='word_1_123' title='bbox 764 847 810 874; x_wconf 80' lang='grc' dir='ltr'>καὶ</span> <span class='ocrx_word' id='word_1_124' title='bbox 820 847 901 881; x_wconf 83' lang='grc' dir='ltr'>βυθὸν</span> <span class='ocrx_word' id='word_1_125' title='bbox 915 849 964 884; x_wconf 86' lang='grc' dir='ltr'>ἐμ-</span> 
     </span>
    </p>
   </div>
   <div class='ocr_carea' id='block_1_18' title="bbox 128 888 962 927">
    <p class='ocr_par' dir='ltr' id='par_1_18' title="bbox 128 888 962 927">
     <span class='ocr_line' id='line_1_18' title="bbox 128 888 962 927; baseline 0.002 -12"><span class='ocrx_word' id='word_1_126' title='bbox 128 888 261 920; x_wconf 79' lang='grc' dir='ltr'>πεσοῦσα,</span> <span class='ocrx_word' id='word_1_127' title='bbox 277 888 325 915; x_wconf 71' lang='grc' dir='ltr'>καὶ</span> <span class='ocrx_word' id='word_1_128' title='bbox 336 888 388 914; x_wconf 83' lang='grc' dir='ltr'>ὑπὸ</span> <span class='ocrx_word' id='word_1_129' title='bbox 406 889 510 923; x_wconf 78' lang='grc' dir='ltr'>μυρίων</span> <span class='ocrx_word' id='word_1_130' title='bbox 536 889 664 924; x_wconf 76' lang='grc' dir='ltr'>κυμάτων</span> <span class='ocrx_word' id='word_1_131' title='bbox 679 889 754 916; x_wconf 85' lang='grc' dir='ltr'>κάτω</span> <span class='ocrx_word' id='word_1_132' title='bbox 771 891 962 927; x_wconf 81' lang='grc' dir='ltr'>παρελκομένη</span> 
     </span>
    </p>
   </div>
   <div class='ocr_carea' id='block_1_19' title="bbox 127 931 962 967">
    <p class='ocr_par' dir='ltr' id='par_1_19' title="bbox 127 931 962 967">
     <span class='ocr_line' id='line_1_19' title="bbox 127 931 962 967; baseline 0.004 -9"><span class='ocrx_word' id='word_1_133' title='bbox 127 931 264 964; x_wconf 71' lang='grc' dir='ltr'>δυσκόλως</span> <span class='ocrx_word' id='word_1_134' title='bbox 289 931 433 958; x_wconf 81' lang='grc' dir='ltr'>ἀνανεῦσαι</span> <span class='ocrx_word' id='word_1_135' title='bbox 449 932 602 967; x_wconf 88' lang='grc' dir='ltr'>δυνήσεται,</span> <span class='ocrx_word' id='word_1_136' title='bbox 624 933 664 964; x_wconf 85' lang='grc' dir='ltr'>εἰς</span> <span class='ocrx_word' id='word_1_137' title='bbox 688 933 841 967; x_wconf 80' lang='grc' dir='ltr'>ἀπόγνωσιν</span> <span class='ocrx_word' id='word_1_138' title='bbox 870 934 962 961; x_wconf 69' lang='grc' dir='ltr'>λοιπὸν</span> 
     </span>
    </p>
   </div>
   <div class='ocr_carea' id='block_1_20' title="bbox 127 974 863 1011">
    <p class='ocr_par' dir='ltr' id='par_1_20' title="bbox 127 974 863 1011">
     <span class='ocr_line' id='line_1_20' title="bbox 127 974 863 1011; baseline 0.001 -9"><span class='ocrx_word' id='word_1_139' title='bbox 127 974 287 1010; x_wconf 72' lang='grc' dir='ltr'>ἐμπεσοῦσα</span> <span class='ocrx_word' id='word_1_140' title='bbox 300 975 345 1001; x_wconf 77' lang='grc' dir='ltr'>καί</span> <span class='ocrx_word' id='word_1_141' title='bbox 356 975 424 1010; x_wconf 78' lang='grc' dir='ltr'>πρὸς</span> <span class='ocrx_word' id='word_1_142' title='bbox 437 976 487 1011; x_wconf 81' lang='grc' dir='ltr'>τὴν</span> <span class='ocrx_word' id='word_1_143' title='bbox 503 975 630 1002; x_wconf 78' lang='grc' dir='ltr'>ἐπάνοδον</span> <span class='ocrx_word' id='word_1_144' title='bbox 645 975 863 1011; x_wconf 86' lang='grc' dir='ltr'>ἀπαγορεύουσα.</span> 
     </span>
    </p>
   </div>
   <div class='ocr_carea' id='block_1_21' title="bbox 160 1018 962 1055">
    <p class='ocr_par' dir='ltr' id='par_1_21' title="bbox 160 1018 962 1055">
     <span class='ocr_line' id='line_1_21' title="bbox 160 1018 962 1055; baseline 0.001 -9"><span class='ocrx_word' id='word_1_145' title='bbox 160 1022 195 1046; x_wconf 89' lang='grc' dir='ltr'>ε’.</span> <span class='ocrx_word' id='word_1_146' title='bbox 205 1018 255 1046; x_wconf 85' lang='grc' dir='ltr'>Διά</span> <span class='ocrx_word' id='word_1_147' title='bbox 266 1018 357 1050; x_wconf 84' lang='grc' dir='ltr'>τοῦτο,</span> <span class='ocrx_word' id='word_1_148' title='bbox 371 1019 532 1055; x_wconf 75' lang='grc' dir='ltr'>παρακαλῶ,</span> <span class='ocrx_word' id='word_1_149' title='bbox 552 1019 618 1054; x_wconf 82' lang='grc' dir='ltr'>μήτε</span> <span class='ocrx_word' id='word_1_150' title='bbox 631 1019 850 1055; x_wconf 83' lang='grc' dir='ltr'>ὲκπομπεύωμεν</span> <span class='ocrx_word' id='word_1_151' title='bbox 864 1020 898 1047; x_wconf 84' lang='grc' dir='ltr'>τὰ</span> <span class='ocrx_word' id='word_1_152' title='bbox 908 1020 962 1047; x_wconf 88' lang='grc' dir='ltr'>τῶν</span> 
     </span>
    </p>
   </div>
   <div class='ocr_carea' id='block_1_22' title="bbox 127 1062 961 1099">
    <p class='ocr_par' dir='ltr' id='par_1_22' title="bbox 127 1062 961 1099">
     <span class='ocr_line' id='line_1_22' title="bbox 127 1062 961 1099; baseline 0.001 -10"><span class='ocrx_word' id='word_1_153' title='bbox 127 1062 242 1097; x_wconf 81' lang='grc' dir='ltr'>πλησίον</span> <span class='ocrx_word' id='word_1_154' title='bbox 258 1063 411 1098; x_wconf 75' lang='grc' dir='ltr'>σφάλματα,</span> <span class='ocrx_word' id='word_1_155' title='bbox 427 1062 474 1088; x_wconf 77' lang='grc' dir='ltr'>καὶ</span> <span class='ocrx_word' id='word_1_156' title='bbox 488 1062 597 1088; x_wconf 71' lang='grc' dir='ltr'>ἐπειδὰν</span> <span class='ocrx_word' id='word_1_157' title='bbox 612 1063 676 1098; x_wconf 72' lang='grc' dir='ltr'>παρ’</span> <span class='ocrx_word' id='word_1_158' title='bbox 695 1063 795 1099; x_wconf 81' lang='grc' dir='ltr'>ἐτέρων</span> <span class='ocrx_word' id='word_1_159' title='bbox 807 1063 892 1090; x_wconf 75' lang='grc' dir='ltr'>ταῦτα</span> <span class='ocrx_word' id='word_1_160' title='bbox 909 1064 961 1099; x_wconf 88' lang='grc' dir='ltr'>μά-</span> 
     </span>
    </p>
   </div>
   <div class='ocr_carea' id='block_1_23' title="bbox 127 1105 962 1141">
    <p class='ocr_par' dir='ltr' id='par_1_23' title="bbox 127 1105 962 1141">
     <span class='ocr_line' id='line_1_23' title="bbox 127 1105 962 1141; baseline 0.004 -10"><span class='ocrx_word' id='word_1_161' title='bbox 127 1105 229 1140; x_wconf 83' lang='grc' dir='ltr'>θωμεν,</span> <span class='ocrx_word' id='word_1_162' title='bbox 242 1106 280 1140; x_wconf 85' lang='grc' dir='ltr'>μὴ</span> <span class='ocrx_word' id='word_1_163' title='bbox 297 1105 471 1140; x_wconf 79' lang='grc' dir='ltr'>ἐπειγώμεθα</span> <span class='ocrx_word' id='word_1_164' title='bbox 485 1105 555 1132; x_wconf 78' lang='grc' dir='ltr'>ὥστε</span> <span class='ocrx_word' id='word_1_165' title='bbox 573 1106 622 1141; x_wconf 85' lang='grc' dir='ltr'>τὴν</span> <span class='ocrx_word' id='word_1_166' title='bbox 636 1106 776 1141; x_wconf 81' lang='grc' dir='ltr'>γύμνωσιν</span> <span class='ocrx_word' id='word_1_167' title='bbox 794 1106 874 1133; x_wconf 85' lang='grc' dir='ltr'>ἰδεῖν’</span> <span class='ocrx_word' id='word_1_168' title='bbox 895 1106 962 1134; x_wconf 79' lang='grc' dir='ltr'>ἀλλὰ</span> 
     </span>
    </p>
   </div>
   <div class='ocr_carea' id='block_1_24' title="bbox 126 1145 960 1186">
    <p class='ocr_par' dir='ltr' id='par_1_24' title="bbox 126 1145 960 1186">
     <span class='ocr_line' id='line_1_24' title="bbox 126 1145 960 1186; baseline 0.002 -11"><span class='ocrx_word' id='word_1_169' title='bbox 126 1149 254 1184; x_wconf 83' lang='grc' dir='ltr'>καθάπερ</span> <span class='ocrx_word' id='word_1_170' title='bbox 267 1145 340 1175; x_wconf 70' lang='grc' dir='ltr'>οὗτοι</span> <span class='ocrx_word' id='word_1_171' title='bbox 355 1149 378 1175; x_wconf 86' lang='grc' dir='ltr'>οἱ</span> <span class='ocrx_word' id='word_1_172' title='bbox 394 1148 565 1184; x_wconf 78' lang='grc' dir='ltr'>εὐγνώμονες</span> <span class='ocrx_word' id='word_1_173' title='bbox 591 1149 694 1182; x_wconf 84' lang='grc' dir='ltr'>παῖδες,</span> <span class='ocrx_word' id='word_1_174' title='bbox 714 1149 960 1186; x_wconf 85' lang='grc' dir='ltr'>συγκαλύπτωμεν,</span> 
     </span>
    </p>
   </div>
   <div class='ocr_carea' id='block_1_25' title="bbox 127 1193 962 1229">
    <p class='ocr_par' dir='ltr' id='par_1_25' title="bbox 127 1193 962 1229">
     <span class='ocr_line' id='line_1_25' title="bbox 127 1193 962 1229; baseline 0.002 -9"><span class='ocrx_word' id='word_1_175' title='bbox 127 1193 330 1229; x_wconf 77' lang='grc' dir='ltr'>συσκιάζωμεν,</span> <span class='ocrx_word' id='word_1_176' title='bbox 346 1195 379 1229; x_wconf 81' lang='grc' dir='ltr'>τῇ</span> <span class='ocrx_word' id='word_1_177' title='bbox 397 1193 573 1229; x_wconf 86' lang='grc' dir='ltr'>παραινέσει,</span> <span class='ocrx_word' id='word_1_178' title='bbox 589 1195 648 1225; x_wconf 86' lang='grc' dir='ltr'>ταῖς</span> <span class='ocrx_word' id='word_1_179' title='bbox 663 1194 827 1229; x_wconf 86' lang='grc' dir='ltr'>συμϐουλαῖς</span> <span class='ocrx_word' id='word_1_180' title='bbox 843 1203 962 1222; x_wconf 81' lang='grc' dir='ltr'>καταπε-</span> 
     </span>
    </p>
   </div>
   <div class='ocr_carea' id='block_1_26' title="bbox 126 1236 962 1272">
    <p class='ocr_par' dir='ltr' id='par_1_26' title="bbox 126 1236 962 1272">
     <span class='ocr_line' id='line_1_26' title="bbox 126 1236 962 1272; baseline 0.002 -10"><span class='ocrx_word' id='word_1_181' title='bbox 126 1237 270 1263; x_wconf 77' lang='grc' dir='ltr'>πτωκυίαν</span> <span class='ocrx_word' id='word_1_182' title='bbox 283 1237 332 1271; x_wconf 84' lang='grc' dir='ltr'>τὴν</span> <span class='ocrx_word' id='word_1_183' title='bbox 351 1236 439 1272; x_wconf 74' lang='grc' dir='ltr'>ψυχὴν</span> <span class='ocrx_word' id='word_1_184' title='bbox 455 1236 586 1270; x_wconf 76' lang='grc' dir='ltr'>ἀνορθοῦν</span> <span class='ocrx_word' id='word_1_185' title='bbox 613 1237 817 1272; x_wconf 78' lang='grc' dir='ltr'>σπουδάζωμεν,</span> <span class='ocrx_word' id='word_1_186' title='bbox 833 1238 882 1272; x_wconf 87' lang='grc' dir='ltr'>τῆς</span> <span class='ocrx_word' id='word_1_187' title='bbox 902 1238 962 1271; x_wconf 87' lang='grc' dir='ltr'>φιλ-</span> 
     </span>
    </p>
   </div>
   <div class='ocr_carea' id='block_1_27' title="bbox 125 1279 963 1317">
    <p class='ocr_par' dir='ltr' id='par_1_27' title="bbox 125 1279 963 1317">
     <span class='ocr_line' id='line_1_27' title="bbox 125 1279 963 1317; baseline 0.004 -11"><span class='ocrx_word' id='word_1_188' title='bbox 125 1279 286 1315; x_wconf 86' lang='grc' dir='ltr'>ανθρωπίας</span> <span class='ocrx_word' id='word_1_189' title='bbox 299 1279 346 1306; x_wconf 80' lang='grc' dir='ltr'>τοῦ</span> <span class='ocrx_word' id='word_1_190' title='bbox 361 1279 428 1306; x_wconf 88' lang='grc' dir='ltr'>Θεοῦ</span> <span class='ocrx_word' id='word_1_191' title='bbox 445 1279 475 1305; x_wconf 77' lang='grc' dir='ltr'>τὸ</span> <span class='ocrx_word' id='word_1_192' title='bbox 495 1280 610 1314; x_wconf 86' lang='grc' dir='ltr'>μέγεθος</span> <span class='ocrx_word' id='word_1_193' title='bbox 625 1280 794 1312; x_wconf 77' lang='grc' dir='ltr'>διδάσκοντες</span> <span class='ocrx_word' id='word_1_194' title='bbox 804 1300 811 1313; x_wconf 89' lang='grc'>,</span> <span class='ocrx_word' id='word_1_195' title='bbox 827 1282 876 1317; x_wconf 85' lang='grc' dir='ltr'>τῆς</span> <span class='ocrx_word' id='word_1_196' title='bbox 891 1281 963 1316; x_wconf 83' lang='grc' dir='ltr'>ἀγα-</span> 
     </span>
    </p>
   </div>
   <div class='ocr_carea' id='block_1_28' title="bbox 125 1322 963 1360">
    <p class='ocr_par' dir='ltr' id='par_1_28' title="bbox 125 1322 963 1360">
     <span class='ocr_line' id='line_1_28' title="bbox 125 1322 963 1360; baseline 0.004 -11"><span class='ocrx_word' id='word_1_197' title='bbox 125 1323 240 1359; x_wconf 73' lang='grc' dir='ltr'>οότητος</span> <span class='ocrx_word' id='word_1_198' title='bbox 248 1322 330 1349; x_wconf 75' lang='grc' dir='ltr'>αὐτοῦ</span> <span class='ocrx_word' id='word_1_199' title='bbox 342 1323 392 1358; x_wconf 86' lang='grc' dir='ltr'>τὴν</span> <span class='ocrx_word' id='word_1_200' title='bbox 407 1323 571 1359; x_wconf 79' lang='grc' dir='ltr'>ὑπερϐολὴν,</span> <span class='ocrx_word' id='word_1_201' title='bbox 586 1323 635 1358; x_wconf 84' lang='grc' dir='ltr'>τῆς</span> <span class='ocrx_word' id='word_1_202' title='bbox 645 1323 844 1359; x_wconf 81' lang='grc' dir='ltr'>εὐσπλαγχνίας</span> <span class='ocrx_word' id='word_1_203' title='bbox 855 1324 885 1351; x_wconf 82' lang='grc' dir='ltr'>τὸ</span> <span class='ocrx_word' id='word_1_204' title='bbox 895 1325 963 1360; x_wconf 76' lang='grc' dir='ltr'>ἄμε-</span> 
     </span>
    </p>
   </div>
   <div class='ocr_carea' id='block_1_29' title="bbox 125 1365 962 1405">
    <p class='ocr_par' dir='ltr' id='par_1_29' title="bbox 125 1365 962 1405">
     <span class='ocr_line' id='line_1_29' title="bbox 125 1365 962 1405; baseline 0.004 -12"><span class='ocrx_word' id='word_1_205' title='bbox 125 1376 202 1402; x_wconf 83' lang='grc' dir='ltr'>τρον,</span> <span class='ocrx_word' id='word_1_206' title='bbox 215 1368 258 1394; x_wconf 88' lang='grc' dir='ltr'>ἴνα</span> <span class='ocrx_word' id='word_1_207' title='bbox 275 1367 407 1402; x_wconf 78' lang='grc' dir='ltr'>μείζονος,</span> <span class='ocrx_word' id='word_1_208' title='bbox 418 1367 490 1402; x_wconf 81' lang='grc' dir='ltr'>ἢπερ</span> <span class='ocrx_word' id='word_1_209' title='bbox 506 1365 589 1401; x_wconf 70' lang='grc' dir='ltr'>οὗτοι,</span> <span class='ocrx_word' id='word_1_210' title='bbox 615 1367 740 1401; x_wconf 77' lang='grc' dir='ltr'>εὐλογίας</span> <span class='ocrx_word' id='word_1_211' title='bbox 764 1368 962 1405; x_wconf 83' lang='grc' dir='ltr'>ἀπολαύσωμεν</span> 
     </span>
    </p>
   </div>
   <div class='ocr_carea' id='block_1_30' title="bbox 125 1410 963 1447">
    <p class='ocr_par' dir='ltr' id='par_1_30' title="bbox 125 1410 963 1447">
     <span class='ocr_line' id='line_1_30' title="bbox 125 1410 963 1447; baseline 0.002 -9"><span class='ocrx_word' id='word_1_212' title='bbox 125 1411 205 1447; x_wconf 81' lang='grc' dir='ltr'>παρὰ</span> <span class='ocrx_word' id='word_1_213' title='bbox 216 1410 262 1437; x_wconf 80' lang='grc' dir='ltr'>τοῦ</span> <span class='ocrx_word' id='word_1_214' title='bbox 279 1410 332 1437; x_wconf 81' lang='grc' dir='ltr'>τῶν</span> <span class='ocrx_word' id='word_1_215' title='bbox 346 1410 414 1437; x_wconf 79' lang='grc' dir='ltr'>ὅλων</span> <span class='ocrx_word' id='word_1_216' title='bbox 429 1410 506 1443; x_wconf 78' lang='grc' dir='ltr'>Θεοῦ,</span> <span class='ocrx_word' id='word_1_217' title='bbox 524 1411 570 1438; x_wconf 79' lang='grc' dir='ltr'>τοῦ</span> <span class='ocrx_word' id='word_1_218' title='bbox 592 1411 753 1446; x_wconf 84' lang='grc' dir='ltr'>βουλομένου</span> <span class='ocrx_word' id='word_1_219' title='bbox 773 1412 891 1446; x_wconf 81' lang='grc' dir='ltr'>Πάντας</span> <span class='ocrx_word' id='word_1_220' title='bbox 911 1413 963 1440; x_wconf 76' lang='lat' dir='ltr'>dr—</span> 
     </span>
    </p>
   </div>
   <div class='ocr_carea' id='block_1_31' title="bbox 124 1454 962 1489">
    <p class='ocr_par' dir='ltr' id='par_1_31' title="bbox 124 1454 962 1489">
     <span class='ocr_line' id='line_1_31' title="bbox 124 1454 962 1489; baseline 0.001 -7"><span class='ocrx_word' id='word_1_221' title='bbox 124 1455 263 1489; x_wconf 68' lang='grc' dir='ltr'>θρώπους</span> <span class='ocrx_word' id='word_1_222' title='bbox 273 1454 416 1488; x_wconf 82' lang='grc' dir='ltr'>σωθῆναι,</span> <span class='ocrx_word' id='word_1_223' title='bbox 438 1455 487 1481; x_wconf 79' lang='grc' dir='ltr'>καὶ</span> <span class='ocrx_word' id='word_1_224' title='bbox 511 1456 553 1488; x_wconf 81' lang='grc' dir='ltr'>εὶς</span> <span class='ocrx_word' id='word_1_225' title='bbox 567 1455 731 1489; x_wconf 72' lang='grc' dir='ltr'>ἐπίγνωσιν</span> <span class='ocrx_word' id='word_1_226' title='bbox 746 1455 889 1489; x_wconf 80' lang='grc' dir='ltr'>ἀληθείας</span> <span class='ocrx_word' id='word_1_227' title='bbox 914 1456 962 1483; x_wconf 80' lang='grc' dir='ltr'>ἐλ-</span> 
     </span>
    </p>
   </div>
   <div class='ocr_carea' id='block_1_32' title="bbox 124 1498 961 1534">
    <p class='ocr_par' dir='ltr' id='par_1_32' title="bbox 124 1498 961 1534">
     <span class='ocr_line' id='line_1_32' title="bbox 124 1498 961 1534; baseline 0.001 -8"><span class='ocrx_word' id='word_1_228' title='bbox 124 1499 201 1532; x_wconf 84' lang='grc' dir='ltr'>θεῖν,</span> <span class='ocrx_word' id='word_1_229' title='bbox 216 1498 263 1525; x_wconf 72' lang='grc' dir='ltr'>τοῦ</span> <span class='ocrx_word' id='word_1_230' title='bbox 278 1499 316 1534; x_wconf 86' lang='grc' dir='ltr'>μὴ</span> <span class='ocrx_word' id='word_1_231' title='bbox 330 1498 490 1534; x_wconf 83' lang='grc' dir='ltr'>βουλομένου</span> <span class='ocrx_word' id='word_1_232' title='bbox 505 1499 560 1526; x_wconf 78' lang='grc' dir='ltr'>Τὸν</span> <span class='ocrx_word' id='word_1_233' title='bbox 569 1498 698 1526; x_wconf 74' lang='grc' dir='ltr'>θάνατον</span> <span class='ocrx_word' id='word_1_234' title='bbox 709 1499 761 1526; x_wconf 85' lang='grc' dir='ltr'>τοῦ</span> <span class='ocrx_word' id='word_1_235' title='bbox 776 1499 961 1534; x_wconf 67' lang='grc' dir='ltr'>ἁμαρτωλοῦ,</span> 
     </span>
    </p>
   </div>
   <div class='ocr_carea' id='block_1_33' title="bbox 123 1541 961 1577">
    <p class='ocr_par' dir='ltr' id='par_1_33' title="bbox 123 1541 961 1577">
     <span class='ocr_line' id='line_1_33' title="bbox 123 1541 961 1577; baseline 0.001 -8"><span class='ocrx_word' id='word_1_236' title='bbox 123 1543 168 1576; x_wconf 83' lang='grc' dir='ltr'>ὡς</span> <span class='ocrx_word' id='word_1_237' title='bbox 183 1542 215 1570; x_wconf 82' lang='grc' dir='ltr'>τὸ</span> <span class='ocrx_word' id='word_1_238' title='bbox 226 1542 405 1577; x_wconf 68' lang='grc' dir='ltr'>ἐπιστρέψαι</span> <span class='ocrx_word' id='word_1_239' title='bbox 419 1543 468 1570; x_wconf 80' lang='grc' dir='ltr'>καὶ</span> <span class='ocrx_word' id='word_1_240' title='bbox 480 1542 533 1577; x_wconf 73' lang='grc' dir='ltr'>ζῇν</span> <span class='ocrx_word' id='word_1_241' title='bbox 545 1543 648 1570; x_wconf 84' lang='grc' dir='ltr'>αὐτόν.</span> <span class='ocrx_word' id='word_1_242' title='bbox 660 1542 714 1569; x_wconf 82' lang='grc' dir='ltr'>Κίιί</span> <span class='ocrx_word' id='word_1_243' title='bbox 729 1541 786 1577; x_wconf 81' lang='grc' dir='ltr'>τὴν</span> <span class='ocrx_word' id='word_1_244' title='bbox 797 1543 961 1577; x_wconf 78' lang='grc' dir='ltr'>γύμνωσιν,</span> 
     </span>
    </p>
   </div>
   <div class='ocr_carea' id='block_1_34' title="bbox 125 1583 962 1622">
    <p class='ocr_par' dir='ltr' id='par_1_34' title="bbox 125 1583 962 1622">
     <span class='ocr_line' id='line_1_34' title="bbox 125 1583 962 1622; baseline 0.001 -9"><span class='ocrx_word' id='word_1_245' title='bbox 125 1587 206 1622; x_wconf 75' lang='grc' dir='ltr'>φησί,</span> <span class='ocrx_word' id='word_1_246' title='bbox 222 1586 275 1613; x_wconf 77' lang='grc' dir='ltr'>τοῦ</span> <span class='ocrx_word' id='word_1_247' title='bbox 288 1586 400 1620; x_wconf 79' lang='grc' dir='ltr'>πατρὸς</span> <span class='ocrx_word' id='word_1_248' title='bbox 412 1586 512 1614; x_wconf 80' lang='grc' dir='ltr'>αὐτῶν</span> <span class='ocrx_word' id='word_1_249' title='bbox 525 1587 580 1613; x_wconf 80' lang='grc' dir='ltr'>οὐκ</span> <span class='ocrx_word' id='word_1_250' title='bbox 593 1583 684 1613; x_wconf 75' lang='grc' dir='ltr'>εἶδον.</span> <span class='ocrx_word' id='word_1_251' title='bbox 702 1586 772 1621; x_wconf 87' lang='grc' dir='ltr'>Ὀρα</span> <span class='ocrx_word' id='word_1_252' title='bbox 789 1586 847 1618; x_wconf 85' lang='grc' dir='ltr'>πῶς</span> <span class='ocrx_word' id='word_1_253' title='bbox 860 1586 962 1614; x_wconf 81' lang='grc' dir='ltr'>ἄνωθεν</span> 
     </span>
    </p>
   </div>
   <div class='ocr_carea' id='block_1_35' title="bbox 123 1629 963 1665">
    <p class='ocr_par' dir='ltr' id='par_1_35' title="bbox 123 1629 963 1665">
     <span class='ocr_line' id='line_1_35' title="bbox 123 1629 963 1665; baseline 0 -8"><span class='ocrx_word' id='word_1_254' title='bbox 123 1631 175 1658; x_wconf 73' lang='grc' dir='ltr'>καὶ</span> <span class='ocrx_word' id='word_1_255' title='bbox 182 1629 212 1662; x_wconf 81' lang='grc' dir='ltr'>ἐξ</span> <span class='ocrx_word' id='word_1_256' title='bbox 223 1630 309 1665; x_wconf 87' lang='grc' dir='ltr'>ἀρχῆς</span> <span class='ocrx_word' id='word_1_257' title='bbox 323 1629 410 1656; x_wconf 81' lang='grc' dir='ltr'>ταῦτα</span> <span class='ocrx_word' id='word_1_258' title='bbox 424 1629 499 1665; x_wconf 85' lang='grc' dir='ltr'>ἐντῷ</span> <span class='ocrx_word' id='word_1_259' title='bbox 517 1629 592 1665; x_wconf 90' lang='grc' dir='ltr'>νόμῳ</span> <span class='ocrx_word' id='word_1_260' title='bbox 610 1629 649 1665; x_wconf 85' lang='grc' dir='ltr'>τῷ</span> <span class='ocrx_word' id='word_1_261' title='bbox 671 1629 787 1665; x_wconf 83' lang='grc' dir='ltr'>γραπτῷ</span> <span class='ocrx_word' id='word_1_262' title='bbox 808 1630 876 1665; x_wconf 82' lang='grc' dir='ltr'>πρὸς</span> <span class='ocrx_word' id='word_1_263' title='bbox 890 1630 963 1657; x_wconf 86' lang='grc' dir='ltr'>διδα-</span> 
     </span>
    </p>
   </div>
   <div class='ocr_carea' id='block_1_36' title="bbox 125 1673 962 1710">
    <p class='ocr_par' dir='ltr' id='par_1_36' title="bbox 125 1673 962 1710">
     <span class='ocr_line' id='line_1_36' title="bbox 125 1673 962 1710; baseline -0.002 -9"><span class='ocrx_word' id='word_1_264' title='bbox 125 1674 242 1702; x_wconf 85' lang='grc' dir='ltr'>σκαλίαν</span> <span class='ocrx_word' id='word_1_265' title='bbox 254 1674 301 1701; x_wconf 79' lang='grc' dir='ltr'>τοῦ</span> <span class='ocrx_word' id='word_1_266' title='bbox 312 1673 387 1710; x_wconf 71' lang='lat'>[287]</span> <span class='ocrx_word' id='word_1_267' title='bbox 399 1674 453 1700; x_wconf 84' lang='grc' dir='ltr'>τῶν</span> <span class='ocrx_word' id='word_1_268' title='bbox 461 1673 611 1710; x_wconf 75' lang='grc' dir='ltr'>ἀνθρώπων</span> <span class='ocrx_word' id='word_1_269' title='bbox 625 1673 720 1708; x_wconf 81' lang='grc' dir='ltr'>γένους</span> <span class='ocrx_word' id='word_1_270' title='bbox 730 1673 962 1709; x_wconf 80' lang='grc' dir='ltr'>νενομοθετημένα</span> 
     </span>
    </p>
   </div>
   <div class='ocr_carea' id='block_1_37' title="bbox 124 1716 961 1753">
    <p class='ocr_par' dir='ltr' id='par_1_37' title="bbox 124 1716 961 1753">
     <span class='ocr_line' id='line_1_37' title="bbox 124 1716 961 1753; baseline -0.001 -9"><span class='ocrx_word' id='word_1_271' title='bbox 124 1718 309 1753; x_wconf 79' lang='grc' dir='ltr'>προλαϐόντες</span> <span class='ocrx_word' id='word_1_272' title='bbox 322 1717 375 1744; x_wconf 86' lang='grc' dir='ltr'>ἀπὸ</span> <span class='ocrx_word' id='word_1_273' title='bbox 389 1717 436 1744; x_wconf 84' lang='grc' dir='ltr'>τοῦ</span> <span class='ocrx_word' id='word_1_274' title='bbox 453 1718 481 1744; x_wconf 87' lang='grc' dir='ltr'>ἐν</span> <span class='ocrx_word' id='word_1_275' title='bbox 495 1719 528 1752; x_wconf 78' lang='grc' dir='ltr'>τῇ</span> <span class='ocrx_word' id='word_1_276' title='bbox 540 1717 619 1751; x_wconf 80' lang='grc' dir='ltr'>φύσει</span> <span class='ocrx_word' id='word_1_277' title='bbox 632 1717 758 1752; x_wconf 84' lang='grc' dir='ltr'>κειμένου</span> <span class='ocrx_word' id='word_1_278' title='bbox 781 1716 864 1752; x_wconf 91' lang='grc' dir='ltr'>νόμου</span> <span class='ocrx_word' id='word_1_279' title='bbox 877 1717 961 1753; x_wconf 82' lang='grc' dir='ltr'>ἐπλή-</span> 
     </span>
    </p>
   </div>
   <div class='ocr_carea' id='block_1_38' title="bbox 127 1759 960 1797">
    <p class='ocr_par' dir='ltr' id='par_1_38' title="bbox 127 1759 960 1797">
     <span class='ocr_line' id='line_1_38' title="bbox 127 1759 960 1797; baseline 0.001 -10"><span class='ocrx_word' id='word_1_280' title='bbox 127 1769 201 1797; x_wconf 72' lang='grc' dir='ltr'>ρουν,</span> <span class='ocrx_word' id='word_1_281' title='bbox 211 1761 258 1787; x_wconf 72' lang='grc' dir='ltr'>καὶ</span> <span class='ocrx_word' id='word_1_282' title='bbox 271 1762 339 1796; x_wconf 75' lang='grc' dir='ltr'>ὅπερ</span> <span class='ocrx_word' id='word_1_283' title='bbox 348 1761 362 1787; x_wconf 79' lang='grc' dir='ltr'>ὁ</span> <span class='ocrx_word' id='word_1_284' title='bbox 375 1761 456 1795; x_wconf 79' lang='grc' dir='ltr'>νόμος</span> <span class='ocrx_word' id='word_1_285' title='bbox 469 1760 546 1795; x_wconf 74' lang='grc' dir='ltr'>ἔλεγε</span> <span class='ocrx_word' id='word_1_286' title='bbox 557 1767 563 1774; x_wconf 94' lang='grc'><strong>·</strong></span> <span class='ocrx_word' id='word_1_287' title='bbox 578 1761 650 1794; x_wconf 83' lang='grc' dir='ltr'>Τίμα</span> <span class='ocrx_word' id='word_1_288' title='bbox 657 1760 709 1787; x_wconf 83' lang='grc' dir='ltr'>τὸν</span> <span class='ocrx_word' id='word_1_289' title='bbox 719 1759 830 1794; x_wconf 81' lang='grc' dir='ltr'>πατέρα</span> <span class='ocrx_word' id='word_1_290' title='bbox 842 1768 900 1787; x_wconf 87' lang='grc' dir='ltr'>σου</span> <span class='ocrx_word' id='word_1_291' title='bbox 912 1761 960 1788; x_wconf 78' lang='grc' dir='ltr'>καὶ</span> 
     </span>
    </p>
   </div>
   <div class='ocr_carea' id='block_1_39' title="bbox 124 1801 962 1839">
    <p class='ocr_par' dir='ltr' id='par_1_39' title="bbox 124 1801 962 1839">
     <span class='ocr_line' id='line_1_39' title="bbox 124 1801 962 1839; baseline 0 -8"><span class='ocrx_word' id='word_1_292' title='bbox 124 1805 185 1839; x_wconf 77' lang='grc' dir='ltr'>τὴν</span> <span class='ocrx_word' id='word_1_293' title='bbox 191 1804 306 1839; x_wconf 77' lang='grc' dir='ltr'>μητέρα</span> <span class='ocrx_word' id='word_1_294' title='bbox 316 1811 383 1836; x_wconf 57' lang='grc' dir='ltr'>σου,</span> <span class='ocrx_word' id='word_1_295' title='bbox 395 1804 445 1830; x_wconf 82' lang='grc' dir='ltr'>ἵνα</span> <span class='ocrx_word' id='word_1_296' title='bbox 459 1801 492 1831; x_wconf 84' lang='grc' dir='ltr'>εὖ</span> <span class='ocrx_word' id='word_1_297' title='bbox 504 1811 553 1830; x_wconf 85' lang='grc' dir='ltr'>σοι</span> <span class='ocrx_word' id='word_1_298' title='bbox 568 1802 687 1838; x_wconf 73' lang='grc' dir='ltr'>γένηται</span> <span class='ocrx_word' id='word_1_299' title='bbox 700 1811 709 1835; x_wconf 89' lang='grc'><em>;</em></span> <span class='ocrx_word' id='word_1_300' title='bbox 722 1803 779 1834; x_wconf 82' lang='grc' dir='ltr'>καὶ,</span> <span class='ocrx_word' id='word_1_301' title='bbox 793 1803 824 1830; x_wconf 92' lang='lat'>&#39;0</span> <span class='ocrx_word' id='word_1_302' title='bbox 838 1805 962 1831; x_wconf 77' lang='grc' dir='ltr'>κακολο-</span> 
     </span>
    </p>
   </div>
   <div class='ocr_carea' id='block_1_40' title="bbox 124 1847 961 1884">
    <p class='ocr_par' dir='ltr' id='par_1_40' title="bbox 124 1847 961 1884">
     <span class='ocr_line' id='line_1_40' title="bbox 124 1847 961 1884; baseline 0 -10"><span class='ocrx_word' id='word_1_303' title='bbox 124 1849 188 1884; x_wconf 77' lang='grc' dir='ltr'>τῶν</span> <span class='ocrx_word' id='word_1_304' title='bbox 203 1848 316 1881; x_wconf 77' lang='grc' dir='ltr'>πατέρα</span> <span class='ocrx_word' id='word_1_305' title='bbox 330 1847 348 1881; x_wconf 77' lang='grc' dir='ltr'>ἢ</span> <span class='ocrx_word' id='word_1_306' title='bbox 361 1848 484 1881; x_wconf 79' lang='grc' dir='ltr'>μητέρα,</span> <span class='ocrx_word' id='word_1_307' title='bbox 501 1847 616 1881; x_wconf 82' lang='grc' dir='ltr'>θανάτῳ</span> <span class='ocrx_word' id='word_1_308' title='bbox 626 1847 806 1874; x_wconf 72' lang='grc' dir='ltr'>τελευτάτω’</span> <span class='ocrx_word' id='word_1_309' title='bbox 818 1847 897 1874; x_wconf 82' lang='grc' dir='ltr'>τοῦτο</span> <span class='ocrx_word' id='word_1_310' title='bbox 911 1848 961 1884; x_wconf 72' lang='grc' dir='ltr'>ἤδη</span> 
     </span>
    </p>
   </div>
   <div class='ocr_carea' id='block_1_41' title="bbox 123 1890 962 1928">
    <p class='ocr_par' dir='ltr' id='par_1_41' title="bbox 123 1890 962 1928">
     <span class='ocr_line' id='line_1_41' title="bbox 123 1890 962 1928; baseline -0.001 -8"><span class='ocrx_word' id='word_1_311' title='bbox 123 1893 170 1920; x_wconf 83' lang='grc' dir='ltr'>διὰ</span> <span class='ocrx_word' id='word_1_312' title='bbox 183 1893 238 1919; x_wconf 85' lang='grc' dir='ltr'>τῶν</span> <span class='ocrx_word' id='word_1_313' title='bbox 251 1892 339 1927; x_wconf 81' lang='grc' dir='ltr'>ἐργων</span> <span class='ocrx_word' id='word_1_314' title='bbox 349 1891 512 1927; x_wconf 81' lang='grc' dir='ltr'>ἐπληροῦτο.</span> <span class='ocrx_word' id='word_1_315' title='bbox 529 1890 606 1923; x_wconf 81' lang='grc' dir='ltr'>Εἶδες</span> <span class='ocrx_word' id='word_1_316' title='bbox 616 1892 675 1923; x_wconf 86' lang='grc' dir='ltr'>πῶς</span> <span class='ocrx_word' id='word_1_317' title='bbox 689 1891 863 1927; x_wconf 81' lang='grc' dir='ltr'>προλαϐοῦσα</span> <span class='ocrx_word' id='word_1_318' title='bbox 877 1893 894 1928; x_wconf 80' lang='grc' dir='ltr'>ἡ</span> <span class='ocrx_word' id='word_1_319' title='bbox 910 1892 962 1927; x_wconf 85' lang='grc' dir='ltr'>φύ-</span> 
     </span>
    </p>
   </div>
   <div class='ocr_carea' id='block_1_42' title="bbox 125 1933 593 1971">
    <p class='ocr_par' dir='ltr' id='par_1_42' title="bbox 125 1933 593 1971">
     <span class='ocr_line' id='line_1_42' title="bbox 125 1933 593 1971; baseline -0.004 -8"><span class='ocrx_word' id='word_1_320' title='bbox 125 1945 170 1968; x_wconf 75' lang='grc' dir='ltr'>σις</span> <span class='ocrx_word' id='word_1_321' title='bbox 183 1935 321 1970; x_wconf 78' lang='grc' dir='ltr'>ἀρκοῦσαν</span> <span class='ocrx_word' id='word_1_322' title='bbox 333 1933 389 1971; x_wconf 81' lang='grc' dir='ltr'>εἶχε</span> <span class='ocrx_word' id='word_1_323' title='bbox 401 1934 593 1968; x_wconf 86' lang='grc' dir='ltr'>διδασκαλίαν;</span> 
     </span>
    </p>
   </div>
   <div class='ocr_carea' id='block_1_43' title="bbox 168 1978 963 2014">
    <p class='ocr_par' dir='ltr' id='par_1_43' title="bbox 168 1978 963 2014">
     <span class='ocr_line' id='line_1_43' title="bbox 168 1978 963 2014; baseline -0.001 -8"><span class='ocrx_word' id='word_1_324' title='bbox 168 1979 318 2014; x_wconf 74' lang='grc' dir='ltr'>Ἐ’ξένηψε</span> <span class='ocrx_word' id='word_1_325' title='bbox 332 1978 376 2011; x_wconf 82' lang='grc' dir='ltr'>δὲ,</span> <span class='ocrx_word' id='word_1_326' title='bbox 391 1978 466 2013; x_wconf 75' lang='grc' dir='ltr'>φησὶ,</span> <span class='ocrx_word' id='word_1_327' title='bbox 485 1978 549 2005; x_wconf 75' lang='grc' dir='ltr'>Νῶε</span> <span class='ocrx_word' id='word_1_328' title='bbox 563 1978 619 2006; x_wconf 74' lang='grc' dir='ltr'>ἀπὸ</span> <span class='ocrx_word' id='word_1_329' title='bbox 633 1978 687 2006; x_wconf 79' lang='grc' dir='ltr'>τοῦ</span> <span class='ocrx_word' id='word_1_330' title='bbox 700 1979 795 2012; x_wconf 87' lang='grc' dir='ltr'>οῖνου,</span> <span class='ocrx_word' id='word_1_331' title='bbox 823 1978 872 2006; x_wconf 79' lang='grc' dir='ltr'>καὶ</span> <span class='ocrx_word' id='word_1_332' title='bbox 887 1978 963 2014; x_wconf 74' lang='grc' dir='ltr'>ἔγνω</span> 
     </span>
    </p>
   </div>
   <div class='ocr_carea' id='block_1_44' title="bbox 123 2021 961 2057">
    <p class='ocr_par' dir='ltr' id='par_1_44' title="bbox 123 2021 961 2057">
     <span class='ocr_line' id='line_1_44' title="bbox 123 2021 961 2057; baseline -0.001 -7"><span class='ocrx_word' id='word_1_333' title='bbox 123 2024 187 2051; x_wconf 78' lang='grc' dir='ltr'>ὅσα</span> <span class='ocrx_word' id='word_1_334' title='bbox 199 2023 345 2057; x_wconf 85' lang='grc' dir='ltr'>ἐποίησεν</span> <span class='ocrx_word' id='word_1_335' title='bbox 358 2022 437 2055; x_wconf 81' lang='grc' dir='ltr'>αὐτῷ</span> <span class='ocrx_word' id='word_1_336' title='bbox 450 2023 466 2049; x_wconf 85' lang='grc' dir='ltr'><em>ὀ</em></span> <span class='ocrx_word' id='word_1_337' title='bbox 477 2022 541 2054; x_wconf 85' lang='grc' dir='ltr'>υίὸς</span> <span class='ocrx_word' id='word_1_338' title='bbox 556 2021 650 2049; x_wconf 86' lang='grc' dir='ltr'>αὐτοῦ</span> <span class='ocrx_word' id='word_1_339' title='bbox 665 2023 682 2049; x_wconf 85' lang='grc' dir='ltr'><em>ὁ</em></span> <span class='ocrx_word' id='word_1_340' title='bbox 700 2022 852 2056; x_wconf 83' lang='grc' dir='ltr'>νεώτερος.</span> <span class='ocrx_word' id='word_1_341' title='bbox 883 2021 961 2054; x_wconf 78' lang='grc' dir='ltr'>Ἐξέ-</span> 
     </span>
    </p>
   </div>
   <div class='ocr_carea' id='block_1_45' title="bbox 123 2064 963 2100">
    <p class='ocr_par' dir='ltr' id='par_1_45' title="bbox 123 2064 963 2100">
     <span class='ocr_line' id='line_1_45' title="bbox 123 2064 963 2100; baseline -0.001 -9"><span class='ocrx_word' id='word_1_342' title='bbox 123 2067 206 2099; x_wconf 77' lang='grc' dir='ltr'>νηψε</span> <span class='ocrx_word' id='word_1_343' title='bbox 221 2065 264 2097; x_wconf 86' lang='grc' dir='ltr'>δὲ,</span> <span class='ocrx_word' id='word_1_344' title='bbox 277 2065 368 2099; x_wconf 81' lang='grc' dir='ltr'>φησίν.</span> <span class='ocrx_word' id='word_1_345' title='bbox 391 2064 574 2090; x_wconf 82' lang='grc' dir='ltr'>Ἀκουέτωσαν</span> <span class='ocrx_word' id='word_1_346' title='bbox 588 2064 612 2089; x_wconf 86' lang='grc' dir='ltr'>οἰ</span> <span class='ocrx_word' id='word_1_347' title='bbox 629 2064 658 2090; x_wconf 82' lang='grc' dir='ltr'>ἐν</span> <span class='ocrx_word' id='word_1_348' title='bbox 670 2065 727 2096; x_wconf 79' lang='grc' dir='ltr'>τοῖς</span> <span class='ocrx_word' id='word_1_349' title='bbox 738 2064 898 2100; x_wconf 73' lang='grc' dir='ltr'>συμποσίοις</span> <span class='ocrx_word' id='word_1_350' title='bbox 909 2064 963 2100; x_wconf 90' lang='grc' dir='ltr'>διη-</span> 
     </span>
    </p>
   </div>
   <div class='ocr_carea' id='block_1_46' title="bbox 126 2103 962 2141">
    <p class='ocr_par' dir='ltr' id='par_1_46' title="bbox 126 2103 962 2141">
     <span class='ocr_line' id='line_1_46' title="bbox 126 2103 962 2141; baseline 0 -10"><span class='ocrx_word' id='word_1_351' title='bbox 126 2105 291 2141; x_wconf 80' lang='grc' dir='ltr'>μερεύοντες</span> <span class='ocrx_word' id='word_1_352' title='bbox 304 2105 351 2131; x_wconf 84' lang='grc' dir='ltr'>τοῦ</span> <span class='ocrx_word' id='word_1_353' title='bbox 366 2104 472 2131; x_wconf 81' lang='grc' dir='ltr'>ὀλίσθου</span> <span class='ocrx_word' id='word_1_354' title='bbox 484 2105 514 2131; x_wconf 81' lang='grc' dir='ltr'>τὸ</span> <span class='ocrx_word' id='word_1_355' title='bbox 528 2103 652 2139; x_wconf 88' lang='grc' dir='ltr'>μέγεθος,</span> <span class='ocrx_word' id='word_1_356' title='bbox 669 2104 715 2132; x_wconf 79' lang='grc' dir='ltr'>καὶ</span> <span class='ocrx_word' id='word_1_357' title='bbox 739 2104 899 2141; x_wconf 85' lang='grc' dir='ltr'>φυγέτωσαν</span> <span class='ocrx_word' id='word_1_358' title='bbox 912 2105 962 2140; x_wconf 87' lang='grc' dir='ltr'>τὴν</span> 
     </span>
    </p>
   </div>
   <div class='ocr_carea' id='block_1_47' title="bbox 124 2145 961 2182">
    <p class='ocr_par' dir='ltr' id='par_1_47' title="bbox 124 2145 961 2182">
     <span class='ocr_line' id='line_1_47' title="bbox 124 2145 961 2182; baseline 0 -10"><span class='ocrx_word' id='word_1_359' title='bbox 124 2147 159 2173; x_wconf 78' lang='grc' dir='ltr'>ἐκ</span> <span class='ocrx_word' id='word_1_360' title='bbox 173 2147 225 2182; x_wconf 80' lang='grc' dir='ltr'>τῆς</span> <span class='ocrx_word' id='word_1_361' title='bbox 252 2146 336 2182; x_wconf 86' lang='grc' dir='ltr'>μέθης</span> <span class='ocrx_word' id='word_1_362' title='bbox 359 2146 457 2182; x_wconf 79' lang='grc' dir='ltr'>λύμην.</span> <span class='ocrx_word' id='word_1_363' title='bbox 478 2145 626 2180; x_wconf 67' lang='grc' dir='ltr'>Ἑξέννηψε</span> <span class='ocrx_word' id='word_1_364' title='bbox 649 2145 693 2178; x_wconf 66' lang='grc' dir='ltr'>δὲ,</span> <span class='ocrx_word' id='word_1_365' title='bbox 714 2146 806 2181; x_wconf 86' lang='grc' dir='ltr'>φησίν.</span> <span class='ocrx_word' id='word_1_366' title='bbox 832 2145 864 2172; x_wconf 89' lang='grc' dir='ltr'>Τί</span> <span class='ocrx_word' id='word_1_367' title='bbox 877 2147 961 2178; x_wconf 83' lang='grc' dir='ltr'>ἐστιν,</span> 
     </span>
    </p>
   </div>
   <div class='ocr_carea' id='block_1_48' title="bbox 131 2189 961 2225">
    <p class='ocr_par' dir='ltr' id='par_1_48' title="bbox 131 2189 961 2225">
     <span class='ocr_line' id='line_1_48' title="bbox 131 2189 961 2225; baseline 0 -9"><span class='ocrx_word' id='word_1_368' title='bbox 131 2191 318 2224; x_wconf 71' lang='grc' dir='ltr'>Ἐξὲνηψεν;</span> <span class='ocrx_word' id='word_1_369' title='bbox 333 2191 422 2225; x_wconf 85' lang='grc' dir='ltr'>Ὅπερ</span> <span class='ocrx_word' id='word_1_370' title='bbox 435 2191 501 2225; x_wconf 80' lang='grc' dir='ltr'>ἡμῖν</span> <span class='ocrx_word' id='word_1_371' title='bbox 518 2189 577 2221; x_wconf 81' lang='grc' dir='ltr'>ἐθος</span> <span class='ocrx_word' id='word_1_372' title='bbox 591 2189 656 2225; x_wconf 83' lang='grc' dir='ltr'>περὶ</span> <span class='ocrx_word' id='word_1_373' title='bbox 666 2189 720 2215; x_wconf 86' lang='grc' dir='ltr'>τῶν</span> <span class='ocrx_word' id='word_1_374' title='bbox 744 2189 903 2225; x_wconf 88' lang='grc' dir='ltr'>μεμηνότων</span> <span class='ocrx_word' id='word_1_375' title='bbox 917 2189 961 2216; x_wconf 92' lang='grc' dir='ltr'>λέ-</span> 
     </span>
    </p>
   </div>
   <div class='ocr_carea' id='block_1_49' title="bbox 124 2231 961 2267">
    <p class='ocr_par' dir='ltr' id='par_1_49' title="bbox 124 2231 961 2267">
     <span class='ocr_line' id='line_1_49' title="bbox 124 2231 961 2267; baseline -0.001 -9"><span class='ocrx_word' id='word_1_376' title='bbox 124 2240 197 2266; x_wconf 88' lang='grc' dir='ltr'>γειν,</span> <span class='ocrx_word' id='word_1_377' title='bbox 212 2232 322 2258; x_wconf 76' lang='grc' dir='ltr'>ἐπειδὰν</span> <span class='ocrx_word' id='word_1_378' title='bbox 334 2232 362 2258; x_wconf 87' lang='grc' dir='ltr'>ἐν</span> <span class='ocrx_word' id='word_1_379' title='bbox 379 2232 505 2258; x_wconf 79' lang='grc' dir='ltr'>ἐκστάσει</span> <span class='ocrx_word' id='word_1_380' title='bbox 519 2231 661 2265; x_wconf 75' lang='grc' dir='ltr'>γένωνται,</span> <span class='ocrx_word' id='word_1_381' title='bbox 674 2231 715 2258; x_wconf 83' lang='grc' dir='ltr'>ὅτι</span> <span class='ocrx_word' id='word_1_382' title='bbox 724 2232 738 2257; x_wconf 82' lang='grc' dir='ltr'>ὁ</span> <span class='ocrx_word' id='word_1_383' title='bbox 751 2231 823 2258; x_wconf 87' lang='grc' dir='ltr'>δεῖνα</span> <span class='ocrx_word' id='word_1_384' title='bbox 833 2231 961 2267; x_wconf 79' lang='grc' dir='ltr'>ἐξένηψεν</span> 
     </span>
    </p>
   </div>
   <div class='ocr_carea' id='block_1_50' title="bbox 124 2272 961 2308">
    <p class='ocr_par' dir='ltr' id='par_1_50' title="bbox 124 2272 961 2308">
     <span class='ocr_line' id='line_1_50' title="bbox 124 2272 961 2308; baseline -0.004 -7"><span class='ocrx_word' id='word_1_385' title='bbox 124 2274 181 2302; x_wconf 75' lang='grc' dir='ltr'>ἀπὸ</span> <span class='ocrx_word' id='word_1_386' title='bbox 206 2274 254 2300; x_wconf 79' lang='grc' dir='ltr'>τοῦ</span> <span class='ocrx_word' id='word_1_387' title='bbox 268 2274 404 2308; x_wconf 80' lang='grc' dir='ltr'>δαίμονος,</span> <span class='ocrx_word' id='word_1_388' title='bbox 421 2273 468 2300; x_wconf 83' lang='grc' dir='ltr'>καὶ</span> <span class='ocrx_word' id='word_1_389' title='bbox 488 2272 632 2308; x_wconf 84' lang='grc' dir='ltr'>ἀπηλλάγη</span> <span class='ocrx_word' id='word_1_390' title='bbox 650 2272 699 2307; x_wconf 84' lang='grc' dir='ltr'>τῆς</span> <span class='ocrx_word' id='word_1_391' title='bbox 715 2272 819 2299; x_wconf 85' lang='grc' dir='ltr'>ἐκείνου</span> <span class='ocrx_word' id='word_1_392' title='bbox 836 2273 961 2308; x_wconf 81' lang='grc' dir='ltr'>τυραννί-</span> 
     </span>
    </p>
   </div>
   <div class='ocr_carea' id='block_1_51' title="bbox 123 2313 962 2349">
    <p class='ocr_par' dir='ltr' id='par_1_51' title="bbox 123 2313 962 2349">
     <span class='ocr_line' id='line_1_51' title="bbox 123 2313 962 2349; baseline -0.004 -7"><span class='ocrx_word' id='word_1_393' title='bbox 123 2316 183 2347; x_wconf 84' lang='grc' dir='ltr'>δος·</span> <span class='ocrx_word' id='word_1_394' title='bbox 202 2315 282 2341; x_wconf 79' lang='grc' dir='ltr'>τοῦτο</span> <span class='ocrx_word' id='word_1_395' title='bbox 294 2317 341 2341; x_wconf 76' lang='grc' dir='ltr'>καὶ</span> <span class='ocrx_word' id='word_1_396' title='bbox 358 2314 473 2341; x_wconf 76' lang='grc' dir='ltr'>ἐνταῦθα</span> <span class='ocrx_word' id='word_1_397' title='bbox 488 2314 612 2348; x_wconf 85' lang='grc' dir='ltr'>ἐφησενὴ</span> <span class='ocrx_word' id='word_1_398' title='bbox 633 2313 738 2348; x_wconf 84' lang='grc' dir='ltr'>Γραφή.</span> <span class='ocrx_word' id='word_1_399' title='bbox 764 2313 883 2348; x_wconf 75' lang='grc' dir='ltr'>Ἀληθῶς</span> <span class='ocrx_word' id='word_1_400' title='bbox 908 2314 962 2349; x_wconf 88' lang='grc' dir='ltr'>γὰρ</span> 
     </span>
    </p>
   </div>
   <div class='ocr_carea' id='block_1_52' title="bbox 123 2352 963 2390">
    <p class='ocr_par' dir='ltr' id='par_1_52' title="bbox 123 2352 963 2390">
     <span class='ocr_line' id='line_1_52' title="bbox 123 2352 963 2390; baseline -0.002 -9"><span class='ocrx_word' id='word_1_401' title='bbox 123 2357 141 2390; x_wconf 88' lang='grc' dir='ltr'><strong>ή</strong></span> <span class='ocrx_word' id='word_1_402' title='bbox 171 2355 242 2390; x_wconf 84' lang='grc' dir='ltr'>μέθη</span> <span class='ocrx_word' id='word_1_403' title='bbox 273 2354 432 2390; x_wconf 69' lang='grc' dir='ltr'>αὐθαίρετός</span> <span class='ocrx_word' id='word_1_404' title='bbox 461 2355 520 2380; x_wconf 87' lang='grc' dir='ltr'>ἐστι</span> <span class='ocrx_word' id='word_1_405' title='bbox 548 2353 672 2389; x_wconf 84' lang='grc' dir='ltr'>δαίμων,</span> <span class='ocrx_word' id='word_1_406' title='bbox 706 2353 753 2379; x_wconf 78' lang='grc' dir='ltr'>καὶ</span> <span class='ocrx_word' id='word_1_407' title='bbox 772 2352 963 2388; x_wconf 85' lang='grc' dir='ltr'>χαλεπώτερον</span> 
     </span>
    </p>
   </div>
   <div class='ocr_carea' id='block_1_53' title="bbox 125 2393 961 2430">
    <p class='ocr_par' dir='ltr' id='par_1_53' title="bbox 125 2393 961 2430">
     <span class='ocr_line' id='line_1_53' title="bbox 125 2393 961 2430; baseline -0.002 -8"><span class='ocrx_word' id='word_1_408' title='bbox 125 2396 232 2422; x_wconf 82' lang='grc' dir='ltr'>ἐκείνου</span> <span class='ocrx_word' id='word_1_409' title='bbox 249 2396 340 2421; x_wconf 83' lang='grc' dir='ltr'>σκοτοί</span> <span class='ocrx_word' id='word_1_410' title='bbox 356 2395 400 2421; x_wconf 74' lang='grc' dir='ltr'>τὸν</span> <span class='ocrx_word' id='word_1_411' title='bbox 410 2395 549 2430; x_wconf 81' lang='grc' dir='ltr'>λογισμὸν,</span> <span class='ocrx_word' id='word_1_412' title='bbox 563 2395 610 2421; x_wconf 84' lang='grc' dir='ltr'>κα¹ι</span> <span class='ocrx_word' id='word_1_413' title='bbox 626 2393 720 2429; x_wconf 81' lang='grc' dir='ltr'>πάσης</span> <span class='ocrx_word' id='word_1_414' title='bbox 735 2393 961 2429; x_wconf 68' lang='grc' dir='ltr'>εύγνωμοσύνηςι)</span> 
     </span>
    </p>
   </div>
   <div class='ocr_carea' id='block_1_54' title="bbox 123 2435 962 2473">
    <p class='ocr_par' dir='ltr' id='par_1_54' title="bbox 123 2435 962 2473">
     <span class='ocr_line' id='line_1_54' title="bbox 123 2435 962 2473; baseline -0.001 -10"><span class='ocrx_word' id='word_1_415' title='bbox 123 2438 274 2473; x_wconf 84' lang='grc' dir='ltr'>ἀποστερεῖ</span> <span class='ocrx_word' id='word_1_416' title='bbox 292 2437 337 2463; x_wconf 78' lang='grc' dir='ltr'>τὸν</span> <span class='ocrx_word' id='word_1_417' title='bbox 358 2437 465 2463; x_wconf 76' lang='grc' dir='ltr'>ἁλόντα,</span> <span class='ocrx_word' id='word_1_418' title='bbox 484 2436 535 2462; x_wconf 77' lang='grc' dir='ltr'>Τὸν</span> <span class='ocrx_word' id='word_1_419' title='bbox 556 2436 605 2471; x_wconf 81' lang='grc' dir='ltr'>μὲν</span> <span class='ocrx_word' id='word_1_420' title='bbox 624 2435 680 2470; x_wconf 77' lang='grc' dir='ltr'>γὰρ</span> <span class='ocrx_word' id='word_1_421' title='bbox 698 2435 878 2470; x_wconf 82' lang='grc' dir='ltr'>δαιμονιῶντα</span> <span class='ocrx_word' id='word_1_422' title='bbox 897 2436 962 2462; x_wconf 89' lang='grc' dir='ltr'>πολ-</span> 
     </span>
    </p>
   </div>
   <div class='ocr_carea' id='block_1_55' title="bbox 124 2475 962 2514">
    <p class='ocr_par' dir='ltr' id='par_1_55' title="bbox 124 2475 962 2514">
     <span class='ocr_line' id='line_1_55' title="bbox 124 2475 962 2514; baseline -0.005 -9"><span class='ocrx_word' id='word_1_423' title='bbox 124 2479 204 2510; x_wconf 82' lang='grc' dir='ltr'>λάκις</span> <span class='ocrx_word' id='word_1_424' title='bbox 217 2478 333 2514; x_wconf 71' lang='grc' dir='ltr'>ὁρῶντες</span> <span class='ocrx_word' id='word_1_425' title='bbox 346 2479 392 2505; x_wconf 84' lang='grc' dir='ltr'>καὶ</span> <span class='ocrx_word' id='word_1_426' title='bbox 409 2477 546 2512; x_wconf 78' lang='grc' dir='ltr'>ἐλεοῦμεν,</span> <span class='ocrx_word' id='word_1_427' title='bbox 565 2477 610 2502; x_wconf 80' lang='grc' dir='ltr'>καὶ</span> <span class='ocrx_word' id='word_1_428' title='bbox 627 2475 821 2510; x_wconf 79' lang='grc' dir='ltr'>συναλγοῦμεν,</span> <span class='ocrx_word' id='word_1_429' title='bbox 839 2476 886 2502; x_wconf 79' lang='grc' dir='ltr'>καὶ</span> <span class='ocrx_word' id='word_1_430' title='bbox 897 2476 962 2502; x_wconf 86' lang='grc' dir='ltr'>πολ-</span> 
     </span>
    </p>
   </div>
   <div class='ocr_carea' id='block_1_56' title="bbox 124 2517 962 2555">
    <p class='ocr_par' dir='ltr' id='par_1_56' title="bbox 124 2517 962 2555">
     <span class='ocr_line' id='line_1_56' title="bbox 124 2517 962 2555; baseline -0.001 -10"><span class='ocrx_word' id='word_1_431' title='bbox 124 2519 174 2555; x_wconf 82' lang='grc' dir='ltr'>λὴν</span> <span class='ocrx_word' id='word_1_432' title='bbox 190 2520 254 2554; x_wconf 74' lang='grc' dir='ltr'>περὶ</span> <span class='ocrx_word' id='word_1_433' title='bbox 269 2520 349 2545; x_wconf 73' lang='grc' dir='ltr'>αὐτὸν</span> <span class='ocrx_word' id='word_1_434' title='bbox 373 2520 422 2554; x_wconf 84' lang='grc' dir='ltr'>τὴν</span> <span class='ocrx_word' id='word_1_435' title='bbox 439 2519 610 2553; x_wconf 77' lang='grc' dir='ltr'>συμπάθειαν</span> <span class='ocrx_word' id='word_1_436' title='bbox 627 2517 846 2552; x_wconf 79' lang='grc' dir='ltr'>ἐπιδεικνύμεθαο</span> <span class='ocrx_word' id='word_1_437' title='bbox 864 2518 910 2544; x_wconf 76' lang='grc' dir='ltr'>ἐπὶ</span> <span class='ocrx_word' id='word_1_438' title='bbox 934 2518 962 2544; x_wconf 84' lang='grc' dir='ltr'>δὲ</span> 
     </span>
    </p>
   </div>
   <div class='ocr_carea' id='block_1_57' title="bbox 122 2558 960 2595">
    <p class='ocr_par' dir='ltr' id='par_1_57' title="bbox 122 2558 960 2595">
     <span class='ocr_line' id='line_1_57' title="bbox 122 2558 960 2595; baseline -0.002 -9"><span class='ocrx_word' id='word_1_439' title='bbox 122 2561 171 2586; x_wconf 74' lang='grc' dir='ltr'>τοῦ</span> <span class='ocrx_word' id='word_1_440' title='bbox 200 2560 318 2595; x_wconf 84' lang='grc' dir='ltr'>μεθύσου</span> <span class='ocrx_word' id='word_1_441' title='bbox 337 2560 367 2586; x_wconf 83' lang='grc' dir='ltr'>τὸ</span> <span class='ocrx_word' id='word_1_442' title='bbox 391 2560 510 2586; x_wconf 80' lang='grc' dir='ltr'>ἐναντίον</span> <span class='ocrx_word' id='word_1_443' title='bbox 537 2558 717 2595; x_wconf 82' lang='grc' dir='ltr'>ἐργαζόμεθα·</span> <span class='ocrx_word' id='word_1_444' title='bbox 745 2558 960 2594; x_wconf 79' lang='grc' dir='ltr'>ἀγανακτοῦμεν,</span> 
     </span>
    </p>
   </div>
   <div class='ocr_carea' id='block_1_58' title="bbox 123 2600 962 2636">
    <p class='ocr_par' dir='ltr' id='par_1_58' title="bbox 123 2600 962 2636">
     <span class='ocr_line' id='line_1_58' title="bbox 123 2600 962 2636; baseline -0.001 -9"><span class='ocrx_word' id='word_1_445' title='bbox 123 2601 346 2636; x_wconf 77' lang='grc' dir='ltr'>δυσχεραίνομεν,</span> <span class='ocrx_word' id='word_1_446' title='bbox 374 2601 458 2636; x_wconf 87' lang='grc' dir='ltr'>μυρία</span> <span class='ocrx_word' id='word_1_447' title='bbox 468 2600 643 2636; x_wconf 83' lang='grc' dir='ltr'>ἐπαρώμεθα.</span> <span class='ocrx_word' id='word_1_448' title='bbox 663 2600 739 2631; x_wconf 81' lang='grc' dir='ltr'>Τίνος</span> <span class='ocrx_word' id='word_1_449' title='bbox 755 2600 846 2627; x_wconf 75' lang='grc' dir='ltr'>ἕνεκεν</span> <span class='ocrx_word' id='word_1_450' title='bbox 858 2601 905 2627; x_wconf 86' lang='grc' dir='ltr'>καὶ</span> <span class='ocrx_word' id='word_1_451' title='bbox 919 2600 962 2626; x_wconf 78' lang='grc' dir='ltr'>διὰ</span> 
     </span>
    </p>
   </div>
   <div class='ocr_carea' id='block_1_59' title="bbox 123 2641 954 2678">
    <p class='ocr_par' dir='ltr' id='par_1_59' title="bbox 123 2641 954 2678">
     <span class='ocr_line' id='line_1_59' title="bbox 123 2641 954 2678; baseline -0.002 -9"><span class='ocrx_word' id='word_1_452' title='bbox 123 2643 150 2669; x_wconf 87' lang='grc' dir='ltr'>τί</span> <span class='ocrx_word' id='word_1_453' title='bbox 158 2652 165 2676; x_wconf 82' lang='lat'>;</span> <span class='ocrx_word' id='word_1_454' title='bbox 185 2644 246 2670; x_wconf 84' lang='grc' dir='ltr'>ὐτι</span> <span class='ocrx_word' id='word_1_455' title='bbox 258 2644 361 2675; x_wconf 79' lang='grc' dir='ltr'>ἐκεῖνος</span> <span class='ocrx_word' id='word_1_456' title='bbox 380 2643 428 2678; x_wconf 84' lang='grc' dir='ltr'>μὲν</span> <span class='ocrx_word' id='word_1_457' title='bbox 444 2642 496 2669; x_wconf 80' lang='grc' dir='ltr'>ὑπὸ</span> <span class='ocrx_word' id='word_1_458' title='bbox 507 2643 553 2669; x_wconf 82' lang='grc' dir='ltr'>τοῦ</span> <span class='ocrx_word' id='word_1_459' title='bbox 566 2641 684 2678; x_wconf 85' lang='grc' dir='ltr'>πονηροῦ</span> <span class='ocrx_word' id='word_1_460' title='bbox 695 2647 705 2660; x_wconf 74' lang='grc' dir='ltr'>ε</span> <span class='ocrx_word' id='word_1_461' title='bbox 717 2641 841 2676; x_wconf 88' lang='grc' dir='ltr'>δαίμονος</span> <span class='ocrx_word' id='word_1_462' title='bbox 854 2641 954 2668; x_wconf 79' lang='grc' dir='ltr'>ἐλαυνό</span> 
     </span>
    </p>
   </div>
   <div class='ocr_carea' id='block_1_60' title="bbox 155 2709 960 2743">
    <p class='ocr_par' dir='ltr' id='par_1_60' title="bbox 155 2709 960 2743">
     <span class='ocr_line' id='line_1_60' title="bbox 155 2709 960 2743; baseline -0.001 -8"><span class='ocrx_word' id='word_1_463' title='bbox 155 2711 164 2722; x_wconf 89' lang='grc'><strong><em>⁸</em></strong></span> <span class='ocrx_word' id='word_1_464' title='bbox 187 2711 302 2736; x_wconf 80' lang='grc' dir='ltr'>’Δπὸνοια</span> <span class='ocrx_word' id='word_1_465' title='bbox 315 2712 484 2743; x_wconf 55' lang='lat' dir='ltr'>insaniam7el7</span> <span class='ocrx_word' id='word_1_466' title='bbox 501 2711 631 2743; x_wconf 73' lang='lat' dir='ltr'><strong>amentiam</strong></span> <span class='ocrx_word' id='word_1_467' title='bbox 650 2710 724 2743; x_wconf 66' lang='lat' dir='ltr'>vplgo</span> <span class='ocrx_word' id='word_1_468' title='bbox 741 2709 870 2740; x_wconf 78' lang='lat' dir='ltr'>signiﬁcat.</span> <span class='ocrx_word' id='word_1_469' title='bbox 888 2709 960 2743; x_wconf 67' lang='lat' dir='ltr'><strong>Appd</strong></span> 
     </span>
    </p>
   </div>
   <div class='ocr_carea' id='block_1_61' title="bbox 122 2741 958 2772">
    <p class='ocr_par' dir='ltr' id='par_1_61' title="bbox 122 2741 958 2772">
     <span class='ocr_line' id='line_1_61' title="bbox 122 2741 958 2772; baseline -0.004 -6"><span class='ocrx_word' id='word_1_470' title='bbox 122 2741 324 2772; x_wconf 67' lang='lat' dir='ltr'>Clirysostomum</span> <span class='ocrx_word' id='word_1_471' title='bbox 342 2745 424 2766; x_wconf 68' lang='lat' dir='ltr'>auiam</span> <span class='ocrx_word' id='word_1_472' title='bbox 438 2741 539 2765; x_wconf 80' lang='grc' dir='ltr'>ἀπόνοια</span> <span class='ocrx_word' id='word_1_473' title='bbox 563 2745 590 2772; x_wconf 77' lang='grc' dir='ltr'>ιιι</span> <span class='ocrx_word' id='word_1_474' title='bbox 610 2741 739 2772; x_wconf 63' lang='grc' dir='ltr'>ρίιιτὶιζηιιπι</span> <span class='ocrx_word' id='word_1_475' title='bbox 757 2743 793 2763; x_wconf 79' lang='lat' dir='ltr'>es!</span> <span class='ocrx_word' id='word_1_476' title='bbox 807 2741 958 2772; x_wconf 72' lang='lat' dir='ltr'>arrogantiq,</span> 
     </span>
    </p>
   </div>
   <div class='ocr_carea' id='block_1_62' title="bbox 123 2769 958 2803">
    <p class='ocr_par' dir='ltr' id='par_1_62' title="bbox 123 2769 958 2803">
     <span class='ocr_line' id='line_1_62' title="bbox 123 2769 958 2803; baseline -0.005 -6"><span class='ocrx_word' id='word_1_477' title='bbox 123 2769 249 2803; x_wconf 64' lang='lat' dir='ltr'>supérbua.</span> <span class='ocrx_word' id='word_1_478' title='bbox 264 2773 317 2797; x_wconf 85' lang='lat' dir='ltr'>Hoc</span> <span class='ocrx_word' id='word_1_479' title='bbox 329 2776 412 2796; x_wconf 75' lang='lat' dir='ltr'>autem</span> <span class='ocrx_word' id='word_1_480' title='bbox 428 2773 481 2796; x_wconf 82' lang='lat' dir='ltr'>loco</span> <span class='ocrx_word' id='word_1_481' title='bbox 491 2769 628 2796; x_wconf 71' lang='lat' dir='ltr'>socordiam</span> <span class='ocrx_word' id='word_1_482' title='bbox 643 2769 703 2795; x_wconf 73' lang='lat' dir='ltr'><strong>satis</strong></span> <span class='ocrx_word' id='word_1_483' title='bbox 715 2769 882 2800; x_wconf 61' lang='lat' dir='ltr'>congruente}</span> <span class='ocrx_word' id='word_1_484' title='bbox 900 2770 958 2794; x_wconf 84' lang='lat' dir='ltr'>red-</span> 
     </span>
    </p>
   </div>
   <div class='ocr_carea' id='block_1_63' title="bbox 124 2802 889 2834">
    <p class='ocr_par' dir='ltr' id='par_1_63' title="bbox 124 2802 889 2834">
     <span class='ocr_line' id='line_1_63' title="bbox 124 2802 889 2834; baseline 0.001 -8"><span class='ocrx_word' id='word_1_485' title='bbox 124 2802 188 2827; x_wconf 73' lang='lat' dir='ltr'><strong>didit</strong></span> <span class='ocrx_word' id='word_1_486' title='bbox 200 2807 272 2827; x_wconf 86' lang='lat' dir='ltr'><strong>velus</strong></span> <span class='ocrx_word' id='word_1_487' title='bbox 282 2803 416 2833; x_wconf 72' lang='lat' dir='ltr'>interpres.</span> <span class='ocrx_word' id='word_1_488' title='bbox 428 2833 432 2834; x_wconf 98' lang='lat'><em>7</em></span> <span class='ocrx_word' id='word_1_489' title='bbox 469 2833 472 2834; x_wconf 97' lang='lat'><em>7</em></span> <span class='ocrx_word' id='word_1_490' title='bbox 608 2832 615 2834; x_wconf 95' lang='lat'>_</span> <span class='ocrx_word' id='word_1_491' title='bbox 627 2832 645 2834; x_wconf 45' lang='grc' dir='ltr'>μ</span> <span class='ocrx_word' id='word_1_492' title='bbox 807 2833 810 2834; x_wconf 97' lang='lat'><em>7</em></span> <span class='ocrx_word' id='word_1_493' title='bbox 884 2829 889 2834; x_wconf 90' lang='lat'><em>_</em></span> 
     </span>
    </p>
   </div>
   <div class='ocr_carea' id='block_1_64' title="bbox 155 2832 953 2865">
    <p class='ocr_par' dir='ltr' id='par_1_64' title="bbox 155 2832 953 2865">
     <span class='ocr_line' id='line_1_64' title="bbox 155 2832 953 2865; baseline -0.003 -7"><span class='ocrx_word' id='word_1_494' title='bbox 155 2832 362 2865; x_wconf 53' lang='grc' dir='ltr'>μΕργνωμοσύνη,</span> <span class='ocrx_word' id='word_1_495' title='bbox 374 2837 400 2857; x_wconf 85' lang='grc' dir='ltr'>ιιι</span> <span class='ocrx_word' id='word_1_496' title='bbox 407 2833 541 2865; x_wconf 60' lang='lat' dir='ltr'>plurimum</span> <span class='ocrx_word' id='word_1_497' title='bbox 553 2832 616 2863; x_wconf 83' lang='lat' dir='ltr'><strong>apud</strong></span> <span class='ocrx_word' id='word_1_498' title='bbox 622 2832 705 2861; x_wconf 84' lang='lat' dir='ltr'>Chrys.</span> <span class='ocrx_word' id='word_1_499' title='bbox 713 2833 750 2855; x_wconf 79' lang='lat' dir='ltr'>est</span> <span class='ocrx_word' id='word_1_500' title='bbox 756 2833 839 2865; x_wconf 70' lang='lat' dir='ltr'>gratus</span> <span class='ocrx_word' id='word_1_501' title='bbox 848 2832 953 2865; x_wconf 53' lang='lat' dir='ltr'>uiuimus,</span> 
     </span>
    </p>
   </div>
   <div class='ocr_carea' id='block_1_65' title="bbox 123 2861 955 2896">
    <p class='ocr_par' dir='ltr' id='par_1_65' title="bbox 123 2861 955 2896">
     <span class='ocr_line' id='line_1_65' title="bbox 123 2861 955 2896; baseline -0.004 -8"><span class='ocrx_word' id='word_1_502' title='bbox 123 2864 166 2896; x_wconf 63' lang='grc' dir='ltr'>τοι</span> <span class='ocrx_word' id='word_1_503' title='bbox 171 2863 204 2888; x_wconf 79' lang='lat' dir='ltr'>ad</span> <span class='ocrx_word' id='word_1_504' title='bbox 209 2861 452 2896; x_wconf 57' lang='lat' dir='ltr'>gratiqmlmbeudhm</span> <span class='ocrx_word' id='word_1_505' title='bbox 457 2861 613 2896; x_wconf 48' lang='lat' dir='ltr'>(Iﬁecmsjnon</span> <span class='ocrx_word' id='word_1_506' title='bbox 617 2869 646 2896; x_wconf 73' lang='lat' dir='ltr'><strong>IIl_I</strong></span> <span class='ocrx_word' id='word_1_507' title='bbox 650 2861 811 2896; x_wconf 59' lang='lat' dir='ltr'>uqualpe‘liam</span> <span class='ocrx_word' id='word_1_508' title='bbox 816 2861 955 2896; x_wconf 61' lang='lat' dir='ltr'>mqbitqlein</span> 
     </span>
    </p>
   </div>
   <div class='ocr_carea' id='block_1_66' title="bbox 125 2890 954 2955">
    <p class='ocr_par' dir='ltr' id='par_1_66' title="bbox 125 2890 954 2955">
     <span class='ocr_line' id='line_1_66' title="bbox 125 2890 954 2926; baseline -0.004 -6"><span class='ocrx_word' id='word_1_509' title='bbox 125 2890 253 2926; x_wconf 67' lang='grc' dir='ltr'>εἰαιιιιὶὲιιι.</span> <span class='ocrx_word' id='word_1_510' title='bbox 267 2895 399 2918; x_wconf 79' lang='lat' dir='ltr'>Ilicaulcm</span> <span class='ocrx_word' id='word_1_511' title='bbox 406 2890 627 2922; x_wconf 43' lang='lat' dir='ltr'>recletulvidelur,</span> <span class='ocrx_word' id='word_1_512' title='bbox 634 2890 792 2918; x_wconf 62' lang='lat' dir='ltr'>ben&#39;evolenlia</span> <span class='ocrx_word' id='word_1_513' title='bbox 798 2892 859 2916; x_wconf 75' lang='lat' dir='ltr'><strong>verti</strong></span> <span class='ocrx_word' id='word_1_514' title='bbox 865 2894 954 2923; x_wconf 60' lang='lat' dir='ltr'>pote“,</span> 
     </span>
     <span class='ocr_line' id='line_1_67' title="bbox 157 2923 954 2955; baseline -0.009 -5"><span class='ocrx_word' id='word_1_515' title='bbox 157 2926 169 2941; x_wconf 70' lang='lat'><em>‘</em></span> <span class='ocrx_word' id='word_1_516' title='bbox 189 2926 304 2955; x_wconf 79' lang='lat' dir='ltr'>Quinque</span> <span class='ocrx_word' id='word_1_517' title='bbox 315 2931 372 2948; x_wconf 71' lang='lat' dir='ltr'>mss.</span> <span class='ocrx_word' id='word_1_518' title='bbox 383 2925 491 2955; x_wconf 64' lang='grc' dir='ltr'>δαίμονος</span> <span class='ocrx_word' id='word_1_519' title='bbox 505 2923 677 2954; x_wconf 76' lang='grc' dir='ltr'>ἐνοχλούμενος.</span> <span class='ocrx_word' id='word_1_520' title='bbox 951 2923 954 2925; x_wconf 87' lang='grc'><em>’</em></span> 
     </span>
    </p>
   </div>
   <div class='ocr_carea' id='block_1_67' title="bbox 211 2931 677 2955">
    <p class='ocr_par' dir='ltr' id='par_1_67' title="bbox 211 2931 677 2955">
     <span class='ocr_line' id='line_1_68' title="bbox 211 2931 677 2955; baseline -0.006 -6"><span class='ocrx_word' id='word_1_521' title='bbox 211 2931 304 2954; x_wconf 80' lang='lat' dir='ltr'><strong>umque</strong></span> <span class='ocrx_word' id='word_1_522' title='bbox 315 2931 372 2948; x_wconf 60' lang='lat' dir='ltr'>ms‘i.</span> <span class='ocrx_word' id='word_1_523' title='bbox 383 2931 491 2955; x_wconf 62' lang='grc' dir='ltr'>οαιμηνος</span> <span class='ocrx_word' id='word_1_524' title='bbox 505 2931 677 2954; x_wconf 70' lang='grc' dir='ltr'>ενοχωυμενος.</span> 
     </span>
    </p>
   </div>
   <div class='ocr_carea' id='block_1_68' title="bbox 334 2962 653 2995">
    <p class='ocr_par' dir='ltr' id='par_1_68' title="bbox 334 2962 653 2995">
     <span class='ocr_line' id='line_1_69' title="bbox 334 2962 653 2995; baseline -0.009 0"><span class='ocrx_word' id='word_1_525' title='bbox 334 2963 468 2995; x_wconf 70' lang='grc' dir='ltr'>ιἰιτιιοι..</span> <span class='ocrx_word' id='word_1_526' title='bbox 492 2962 550 2993; x_wconf 74' lang='lat' dir='ltr'><strong>(in.</strong></span> <span class='ocrx_word' id='word_1_527' title='bbox 577 2962 653 2993; x_wconf 90' lang='lat' dir='ltr'><strong>LIII.</strong></span> 
     </span>
    </p>
   </div>
   <div class='ocr_carea' id='block_1_69' title="bbox 688 131 1258 164">
    <p class='ocr_par' dir='ltr' id='par_1_69' title="bbox 688 131 1258 164">
     <span class='ocr_line' id='line_1_70' title="bbox 688 131 1258 164; baseline 0 -2"><span class='ocrx_word' id='word_1_528' title='bbox 688 135 722 163; x_wconf 90' lang='lat' dir='ltr'><strong>IN</strong></span> <span class='ocrx_word' id='word_1_529' title='bbox 739 135 815 164; x_wconf 77' lang='lat' dir='ltr'><strong>CAP.</strong></span> <span class='ocrx_word' id='word_1_530' title='bbox 833 133 869 162; x_wconf 80' lang='lat' dir='ltr'><strong>IX</strong></span> <span class='ocrx_word' id='word_1_531' title='bbox 886 131 1006 160; x_wconf 85' lang='lat' dir='ltr'>GENES.</span> <span class='ocrx_word' id='word_1_532' title='bbox 1026 131 1142 162; x_wconf 81' lang='lat' dir='ltr'>HOMIL.</span> <span class='ocrx_word' id='word_1_533' title='bbox 1162 134 1258 162; x_wconf 77' lang='lat' dir='ltr'>XXIX.</span> 
     </span>
    </p>
   </div>
   <div class='ocr_carea' id='block_1_70' title="bbox 1797 135 1850 164">
    <p class='ocr_par' dir='ltr' id='par_1_70' title="bbox 1797 135 1850 164">
     <span class='ocr_line' id='line_1_71' title="bbox 1797 135 1850 164; baseline 0.019 -1"><span class='ocrx_word' id='word_1_534' title='bbox 1797 135 1850 164; x_wconf 75' lang='lat'>268</span> 
     </span>
    </p>
   </div>
   <div class='ocr_carea' id='block_1_71' title="bbox 1019 191 1849 228">
    <p class='ocr_par' dir='ltr' id='par_1_71' title="bbox 1019 191 1849 228">
     <span class='ocr_line' id='line_1_72' title="bbox 1019 191 1849 228; baseline 0.004 -12"><span class='ocrx_word' id='word_1_535' title='bbox 1019 198 1108 225; x_wconf 88' lang='grc' dir='ltr'>μενος,</span> <span class='ocrx_word' id='word_1_536' title='bbox 1124 191 1197 218; x_wconf 75' lang='grc' dir='ltr'>ἄκων</span> <span class='ocrx_word' id='word_1_537' title='bbox 1214 191 1408 228; x_wconf 74' lang='grc' dir='ltr'>διαπράττεται</span> <span class='ocrx_word' id='word_1_538' title='bbox 1427 192 1498 228; x_wconf 75' lang='grc' dir='ltr'>άπερ</span> <span class='ocrx_word' id='word_1_539' title='bbox 1516 192 1549 220; x_wconf 71' lang='grc' dir='ltr'><strong>ἂν</strong></span> <span class='ocrx_word' id='word_1_540' title='bbox 1571 192 1769 228; x_wconf 79' lang='grc' dir='ltr'>διαπράξηται·</span> <span class='ocrx_word' id='word_1_541' title='bbox 1797 194 1849 220; x_wconf 76' lang='grc' dir='ltr'>κᾶν</span> 
     </span>
    </p>
   </div>
   <div class='ocr_carea' id='block_1_72' title="bbox 1014 230 1850 268">
    <p class='ocr_par' dir='ltr' id='par_1_72' title="bbox 1014 230 1850 268">
     <span class='ocr_line' id='line_1_73' title="bbox 1014 230 1850 268; baseline 0.002 -11"><span class='ocrx_word' id='word_1_542' title='bbox 1014 230 1139 267; x_wconf 84' lang='grc' dir='ltr'>λακτίσῃ,</span> <span class='ocrx_word' id='word_1_543' title='bbox 1166 232 1218 258; x_wconf 83' lang='grc' dir='ltr'>κᾶν</span> <span class='ocrx_word' id='word_1_544' title='bbox 1242 232 1376 268; x_wconf 75' lang='grc' dir='ltr'>διαρῥήξῃ</span> <span class='ocrx_word' id='word_1_545' title='bbox 1409 232 1578 267; x_wconf 84' lang='grc' dir='ltr'>χιτωνίσκον,</span> <span class='ocrx_word' id='word_1_546' title='bbox 1605 233 1656 259; x_wconf 79' lang='grc' dir='ltr'>κᾶν</span> <span class='ocrx_word' id='word_1_547' title='bbox 1671 233 1772 268; x_wconf 87' lang='grc' dir='ltr'>αἰσχρά</span> <span class='ocrx_word' id='word_1_548' title='bbox 1788 241 1850 259; x_wconf 88' lang='grc' dir='ltr'>τινα</span> 
     </span>
    </p>
   </div>
   <div class='ocr_carea' id='block_1_73' title="bbox 1014 269 1847 309">
    <p class='ocr_par' dir='ltr' id='par_1_73' title="bbox 1014 269 1847 309">
     <span class='ocr_line' id='line_1_74' title="bbox 1014 269 1847 309; baseline 0.001 -12"><span class='ocrx_word' id='word_1_549' title='bbox 1014 269 1173 305; x_wconf 81' lang='grc' dir='ltr'>φθέγξηται,</span> <span class='ocrx_word' id='word_1_550' title='bbox 1191 272 1354 307; x_wconf 85' lang='grc' dir='ltr'>συγγνώμης</span> <span class='ocrx_word' id='word_1_551' title='bbox 1369 270 1501 304; x_wconf 80' lang='grc' dir='ltr'>ἀξιοῦται·</span> <span class='ocrx_word' id='word_1_552' title='bbox 1519 273 1533 298; x_wconf 83' lang='grc' dir='ltr'>ό</span> <span class='ocrx_word' id='word_1_553' title='bbox 1546 272 1574 298; x_wconf 77' lang='grc' dir='ltr'>δὲ</span> <span class='ocrx_word' id='word_1_554' title='bbox 1591 272 1708 307; x_wconf 85' lang='grc' dir='ltr'>μεθύων,</span> <span class='ocrx_word' id='word_1_555' title='bbox 1723 273 1768 299; x_wconf 83' lang='grc' dir='ltr'>καὶ</span> <span class='ocrx_word' id='word_1_556' title='bbox 1781 274 1847 309; x_wconf 79' lang='grc' dir='ltr'>ὅπερ</span> 
     </span>
    </p>
   </div>
   <div class='ocr_carea' id='block_1_74' title="bbox 1014 310 1848 347">
    <p class='ocr_par' dir='ltr' id='par_1_74' title="bbox 1014 310 1848 347">
     <span class='ocr_line' id='line_1_75' title="bbox 1014 310 1848 347; baseline 0.001 -10"><span class='ocrx_word' id='word_1_557' title='bbox 1014 310 1047 337; x_wconf 86' lang='grc' dir='ltr'>ἂν</span> <span class='ocrx_word' id='word_1_558' title='bbox 1058 311 1235 346; x_wconf 80' lang='grc' dir='ltr'>ἐπιδείξηται,</span> <span class='ocrx_word' id='word_1_559' title='bbox 1251 312 1300 338; x_wconf 86' lang='grc' dir='ltr'>οὐκ</span> <span class='ocrx_word' id='word_1_560' title='bbox 1314 311 1346 338; x_wconf 86' lang='grc' dir='ltr'>ἂν</span> <span class='ocrx_word' id='word_1_561' title='bbox 1360 311 1435 338; x_wconf 74' lang='grc' dir='ltr'>ἔσται</span> <span class='ocrx_word' id='word_1_562' title='bbox 1449 310 1613 347; x_wconf 86' lang='grc' dir='ltr'>συγγνώμης</span> <span class='ocrx_word' id='word_1_563' title='bbox 1626 312 1710 344; x_wconf 78' lang='grc' dir='ltr'>ἄξιος,</span> <span class='ocrx_word' id='word_1_564' title='bbox 1722 313 1789 340; x_wconf 87' lang='grc' dir='ltr'>ἀλλὰ</span> <span class='ocrx_word' id='word_1_565' title='bbox 1801 312 1848 339; x_wconf 81' lang='grc' dir='ltr'>καὶ</span> 
     </span>
    </p>
   </div>
   <div class='ocr_carea' id='block_1_75' title="bbox 1014 351 1850 387">
    <p class='ocr_par' dir='ltr' id='par_1_75' title="bbox 1014 351 1850 387">
     <span class='ocr_line' id='line_1_76' title="bbox 1014 351 1850 387; baseline 0.001 -9"><span class='ocrx_word' id='word_1_566' title='bbox 1014 351 1138 385; x_wconf 78' lang='grc' dir='ltr'>οἰκείους,</span> <span class='ocrx_word' id='word_1_567' title='bbox 1152 353 1198 378; x_wconf 71' lang='grc' dir='ltr'>καὶ</span> <span class='ocrx_word' id='word_1_568' title='bbox 1213 351 1315 386; x_wconf 85' lang='grc' dir='ltr'>φίλους,</span> <span class='ocrx_word' id='word_1_569' title='bbox 1331 352 1377 378; x_wconf 75' lang='grc' dir='ltr'>καὶ</span> <span class='ocrx_word' id='word_1_570' title='bbox 1392 351 1524 385; x_wconf 78' lang='grc' dir='ltr'>γείτονας,</span> <span class='ocrx_word' id='word_1_571' title='bbox 1534 351 1580 377; x_wconf 72' lang='grc' dir='ltr'>καὶ</span> <span class='ocrx_word' id='word_1_572' title='bbox 1594 351 1698 384; x_wconf 89' lang='grc' dir='ltr'>πάντας</span> <span class='ocrx_word' id='word_1_573' title='bbox 1713 352 1768 387; x_wconf 77' lang='grc' dir='ltr'>ἔχει</span> <span class='ocrx_word' id='word_1_574' title='bbox 1785 362 1850 387; x_wconf 82' lang='grc' dir='ltr'>σφο-</span> 
     </span>
    </p>
   </div>
   <div class='ocr_carea' id='block_1_76' title="bbox 1013 391 1848 428">
    <p class='ocr_par' dir='ltr' id='par_1_76' title="bbox 1013 391 1848 428">
     <span class='ocr_line' id='line_1_77' title="bbox 1013 391 1848 428; baseline 0.002 -11"><span class='ocrx_word' id='word_1_575' title='bbox 1013 391 1093 427; x_wconf 78' lang='grc' dir='ltr'>δροὺς</span> <span class='ocrx_word' id='word_1_576' title='bbox 1104 393 1281 428; x_wconf 85' lang='grc' dir='ltr'>κατηγόρους,</span> <span class='ocrx_word' id='word_1_577' title='bbox 1299 392 1391 428; x_wconf 87' lang='grc' dir='ltr'>ἐπειδὴ</span> <span class='ocrx_word' id='word_1_578' title='bbox 1411 392 1514 419; x_wconf 74' lang='grc' dir='ltr'>οἴκοθεν</span> <span class='ocrx_word' id='word_1_579' title='bbox 1531 391 1585 418; x_wconf 81' lang='grc' dir='ltr'>ἀπὸ</span> <span class='ocrx_word' id='word_1_580' title='bbox 1603 392 1788 427; x_wconf 83' lang='grc' dir='ltr'>προαιρέσεως</span> <span class='ocrx_word' id='word_1_581' title='bbox 1799 393 1848 427; x_wconf 78' lang='grc' dir='ltr'>τὴν</span> 
     </span>
    </p>
   </div>
   <div class='ocr_carea' id='block_1_77' title="bbox 1014 431 1848 468">
    <p class='ocr_par' dir='ltr' id='par_1_77' title="bbox 1014 431 1848 468">
     <span class='ocr_line' id='line_1_78' title="bbox 1014 431 1848 468; baseline 0.001 -11"><span class='ocrx_word' id='word_1_582' title='bbox 1014 431 1112 458; x_wconf 81' lang='grc' dir='ltr'>κακίαν</span> <span class='ocrx_word' id='word_1_583' title='bbox 1133 432 1305 468; x_wconf 89' lang='grc' dir='ltr'>μετελήλυθε,</span> <span class='ocrx_word' id='word_1_584' title='bbox 1323 432 1369 458; x_wconf 79' lang='grc' dir='ltr'>καὶ</span> <span class='ocrx_word' id='word_1_585' title='bbox 1382 433 1415 468; x_wconf 81' lang='grc' dir='ltr'>τῇ</span> <span class='ocrx_word' id='word_1_586' title='bbox 1440 431 1578 466; x_wconf 84' lang='grc' dir='ltr'>τυραννίδι</span> <span class='ocrx_word' id='word_1_587' title='bbox 1593 431 1642 465; x_wconf 85' lang='grc' dir='ltr'>τῆς</span> <span class='ocrx_word' id='word_1_588' title='bbox 1657 431 1740 465; x_wconf 86' lang='grc' dir='ltr'>μέθης</span> <span class='ocrx_word' id='word_1_589' title='bbox 1752 432 1848 458; x_wconf 73' lang='grc' dir='ltr'>ἐαυτὸν</span> 
     </span>
    </p>
   </div>
   <div class='ocr_carea' id='block_1_78' title="bbox 1013 469 1849 506">
    <p class='ocr_par' dir='ltr' id='par_1_78' title="bbox 1013 469 1849 506">
     <span class='ocr_line' id='line_1_79' title="bbox 1013 469 1849 506; baseline -0.001 -9"><span class='ocrx_word' id='word_1_590' title='bbox 1013 470 1128 503; x_wconf 76' lang='grc' dir='ltr'>ἐξέδωκε</span> <span class='ocrx_word' id='word_1_591' title='bbox 1141 471 1166 499; x_wconf 66' lang='grc' dir='ltr'>ἀ.</span> <span class='ocrx_word' id='word_1_592' title='bbox 1179 472 1233 498; x_wconf 76' lang='grc' dir='ltr'>Καὶ</span> <span class='ocrx_word' id='word_1_593' title='bbox 1247 471 1332 498; x_wconf 82' lang='grc' dir='ltr'>ταῦτα</span> <span class='ocrx_word' id='word_1_594' title='bbox 1345 471 1425 506; x_wconf 86' lang='grc' dir='ltr'>λέγω,</span> <span class='ocrx_word' id='word_1_595' title='bbox 1451 470 1500 505; x_wconf 81' lang='grc' dir='ltr'>οὐχ</span> <span class='ocrx_word' id='word_1_596' title='bbox 1517 470 1560 496; x_wconf 84' lang='grc' dir='ltr'>ἵνα</span> <span class='ocrx_word' id='word_1_597' title='bbox 1575 470 1622 496; x_wconf 88' lang='grc' dir='ltr'>τοῦ</span> <span class='ocrx_word' id='word_1_598' title='bbox 1638 469 1742 497; x_wconf 85' lang='grc' dir='ltr'>δικαίου</span> <span class='ocrx_word' id='word_1_599' title='bbox 1765 479 1849 506; x_wconf 87' lang='grc' dir='ltr'>κατη-</span> 
     </span>
    </p>
   </div>
   <div class='ocr_carea' id='block_1_79' title="bbox 1013 509 1849 547">
    <p class='ocr_par' dir='ltr' id='par_1_79' title="bbox 1013 509 1849 547">
     <span class='ocr_line' id='line_1_80' title="bbox 1013 509 1849 547; baseline 0 -11"><span class='ocrx_word' id='word_1_600' title='bbox 1013 511 1134 546; x_wconf 68' lang='grc' dir='ltr'>γορήσωθ</span> <span class='ocrx_word' id='word_1_601' title='bbox 1155 511 1239 538; x_wconf 84' lang='grc' dir='ltr'>πολλὰ</span> <span class='ocrx_word' id='word_1_602' title='bbox 1250 511 1303 547; x_wconf 87' lang='grc' dir='ltr'>γὰρ</span> <span class='ocrx_word' id='word_1_603' title='bbox 1319 509 1352 546; x_wconf 83' lang='grc' dir='ltr'>ἦν</span> <span class='ocrx_word' id='word_1_604' title='bbox 1369 510 1403 537; x_wconf 81' lang='grc' dir='ltr'>τὰ</span> <span class='ocrx_word' id='word_1_605' title='bbox 1429 510 1479 546; x_wconf 82' lang='grc' dir='ltr'>τὴν</span> <span class='ocrx_word' id='word_1_606' title='bbox 1499 509 1662 545; x_wconf 83' lang='grc' dir='ltr'>συγγνώμην</span> <span class='ocrx_word' id='word_1_607' title='bbox 1677 509 1751 545; x_wconf 83' lang='grc' dir='ltr'>αὺτῷ</span> <span class='ocrx_word' id='word_1_608' title='bbox 1777 519 1849 545; x_wconf 87' lang='grc' dir='ltr'>παρ-</span> 
     </span>
    </p>
   </div>
   <div class='ocr_carea' id='block_1_80' title="bbox 1013 549 1849 586">
    <p class='ocr_par' dir='ltr' id='par_1_80' title="bbox 1013 549 1849 586">
     <span class='ocr_line' id='line_1_81' title="bbox 1013 549 1849 586; baseline 0.001 -11"><span class='ocrx_word' id='word_1_609' title='bbox 1013 549 1119 585; x_wconf 86' lang='grc' dir='ltr'>έχοντα·</span> <span class='ocrx_word' id='word_1_610' title='bbox 1145 551 1192 577; x_wconf 69' lang='grc' dir='ltr'>καὶ</span> <span class='ocrx_word' id='word_1_611' title='bbox 1208 551 1276 586; x_wconf 81' lang='grc' dir='ltr'>μετά</span> <span class='ocrx_word' id='word_1_612' title='bbox 1292 551 1346 577; x_wconf 87' lang='grc' dir='ltr'>τῶν</span> <span class='ocrx_word' id='word_1_613' title='bbox 1361 550 1447 577; x_wconf 71' lang='grc' dir='ltr'>ἄλλων</span> <span class='ocrx_word' id='word_1_614' title='bbox 1472 550 1600 576; x_wconf 86' lang='grc' dir='ltr'>ἁπάντων</span> <span class='ocrx_word' id='word_1_615' title='bbox 1624 549 1654 575; x_wconf 69' lang='grc' dir='ltr'>τὸ</span> <span class='ocrx_word' id='word_1_616' title='bbox 1670 550 1767 584; x_wconf 82' lang='grc' dir='ltr'>μηκέτι</span> <span class='ocrx_word' id='word_1_617' title='bbox 1793 551 1849 582; x_wconf 80' lang='grc' dir='ltr'>τοῖς</span> 
     </span>
    </p>
   </div>
   <div class='ocr_carea' id='block_1_81' title="bbox 1012 589 1848 626">
    <p class='ocr_par' dir='ltr' id='par_1_81' title="bbox 1012 589 1848 626">
     <span class='ocr_line' id='line_1_82' title="bbox 1012 589 1848 626; baseline -0.001 -10"><span class='ocrx_word' id='word_1_618' title='bbox 1012 590 1102 621; x_wconf 81' lang='grc' dir='ltr'>αὐτοῖς</span> <span class='ocrx_word' id='word_1_619' title='bbox 1119 592 1286 625; x_wconf 85' lang='grc' dir='ltr'>περιπεσεῖν,</span> <span class='ocrx_word' id='word_1_620' title='bbox 1301 591 1369 626; x_wconf 77' lang='grc' dir='ltr'>ὅπερ</span> <span class='ocrx_word' id='word_1_621' title='bbox 1386 589 1512 624; x_wconf 85' lang='grc' dir='ltr'>μέγιστον</span> <span class='ocrx_word' id='word_1_622' title='bbox 1529 589 1561 616; x_wconf 87' lang='grc' dir='ltr'>ἂν</span> <span class='ocrx_word' id='word_1_623' title='bbox 1578 589 1621 624; x_wconf 84' lang='grc' dir='ltr'>εἰη</span> <span class='ocrx_word' id='word_1_624' title='bbox 1632 589 1730 624; x_wconf 83' lang='grc' dir='ltr'>δεῖγμα</span> <span class='ocrx_word' id='word_1_625' title='bbox 1742 589 1788 615; x_wconf 71' lang='grc' dir='ltr'>καὶ</span> <span class='ocrx_word' id='word_1_626' title='bbox 1800 589 1848 616; x_wconf 78' lang='grc' dir='ltr'>τοῦ</span> 
     </span>
    </p>
   </div>
   <div class='ocr_carea' id='block_1_82' title="bbox 1013 628 1850 666">
    <p class='ocr_par' dir='ltr' id='par_1_82' title="bbox 1013 628 1850 666">
     <span class='ocr_line' id='line_1_83' title="bbox 1013 628 1850 666; baseline -0.001 -11"><span class='ocrx_word' id='word_1_627' title='bbox 1013 628 1144 664; x_wconf 81' lang='grc' dir='ltr'>προτέρου</span> <span class='ocrx_word' id='word_1_628' title='bbox 1158 630 1368 666; x_wconf 82' lang='grc' dir='ltr'>ἁμαρτήματος,</span> <span class='ocrx_word' id='word_1_629' title='bbox 1383 629 1424 656; x_wconf 85' lang='grc' dir='ltr'>ὅτι</span> <span class='ocrx_word' id='word_1_630' title='bbox 1440 628 1469 662; x_wconf 80' lang='grc' dir='ltr'>ἐξ</span> <span class='ocrx_word' id='word_1_631' title='bbox 1495 629 1617 662; x_wconf 88' lang='grc' dir='ltr'>ἀγνοίας,</span> <span class='ocrx_word' id='word_1_632' title='bbox 1637 628 1694 655; x_wconf 84' lang='grc' dir='ltr'>ἀλλ’</span> <span class='ocrx_word' id='word_1_633' title='bbox 1724 629 1773 664; x_wconf 82' lang='grc' dir='ltr'>οὐχ</span> <span class='ocrx_word' id='word_1_634' title='bbox 1796 628 1850 655; x_wconf 73' lang='grc' dir='ltr'>ὑπὸ</span> 
     </span>
    </p>
   </div>
   <div class='ocr_carea' id='block_1_83' title="bbox 1014 668 1850 706">
    <p class='ocr_par' dir='ltr' id='par_1_83' title="bbox 1014 668 1850 706">
     <span class='ocr_line' id='line_1_84' title="bbox 1014 668 1850 706; baseline 0 -10"><span class='ocrx_word' id='word_1_635' title='bbox 1014 669 1149 706; x_wconf 72' lang='grc' dir='ltr'>ῥᾳθυμίας</span> <span class='ocrx_word' id='word_1_636' title='bbox 1164 670 1241 697; x_wconf 81' lang='grc' dir='ltr'>τοῦτο</span> <span class='ocrx_word' id='word_1_637' title='bbox 1256 670 1411 706; x_wconf 87' lang='grc' dir='ltr'>ὑπέμεινεν.</span> <span class='ocrx_word' id='word_1_638' title='bbox 1431 670 1462 696; x_wconf 84' lang='lat' dir='ltr'>El</span> <span class='ocrx_word' id='word_1_639' title='bbox 1479 669 1533 705; x_wconf 83' lang='grc' dir='ltr'>γὰρ</span> <span class='ocrx_word' id='word_1_640' title='bbox 1547 669 1602 696; x_wconf 85' lang='grc' dir='ltr'>ἀπὸ</span> <span class='ocrx_word' id='word_1_641' title='bbox 1619 668 1754 704; x_wconf 79' lang='grc' dir='ltr'>ῥᾳθυμίας</span> <span class='ocrx_word' id='word_1_642' title='bbox 1770 669 1850 696; x_wconf 78' lang='grc' dir='ltr'>τοῦτο</span> 
     </span>
    </p>
   </div>
   <div class='ocr_carea' id='block_1_84' title="bbox 1013 708 1847 745">
    <p class='ocr_par' dir='ltr' id='par_1_84' title="bbox 1013 708 1847 745">
     <span class='ocr_line' id='line_1_85' title="bbox 1013 708 1847 745; baseline 0 -10"><span class='ocrx_word' id='word_1_643' title='bbox 1013 709 1167 744; x_wconf 86' lang='grc' dir='ltr'>ὑπέμεινεν,</span> <span class='ocrx_word' id='word_1_644' title='bbox 1182 709 1264 745; x_wconf 82' lang='grc' dir='ltr'>ἐχρῆν</span> <span class='ocrx_word' id='word_1_645' title='bbox 1276 710 1329 744; x_wconf 80' lang='grc' dir='ltr'>ἄρα</span> <span class='ocrx_word' id='word_1_646' title='bbox 1344 710 1391 736; x_wconf 76' lang='grc' dir='ltr'>καὶ</span> <span class='ocrx_word' id='word_1_647' title='bbox 1404 708 1485 736; x_wconf 88' lang='grc' dir='ltr'>πάλιν</span> <span class='ocrx_word' id='word_1_648' title='bbox 1500 708 1581 735; x_wconf 77' lang='grc' dir='ltr'>αὑτὸν</span> <span class='ocrx_word' id='word_1_649' title='bbox 1588 708 1689 735; x_wconf 82' lang='grc' dir='ltr'>ἁλῶναι</span> <span class='ocrx_word' id='word_1_650' title='bbox 1703 709 1741 744; x_wconf 83' lang='grc' dir='ltr'>τῷ</span> <span class='ocrx_word' id='word_1_651' title='bbox 1756 709 1847 736; x_wconf 85' lang='grc' dir='ltr'>πάθει·</span> 
     </span>
    </p>
   </div>
   <div class='ocr_carea' id='block_1_85' title="bbox 1011 747 1850 783">
    <p class='ocr_par' dir='ltr' id='par_1_85' title="bbox 1011 747 1850 783">
     <span class='ocr_line' id='line_1_86' title="bbox 1011 747 1850 783; baseline 0 -9"><span class='ocrx_word' id='word_1_652' title='bbox 1011 747 1069 774; x_wconf 85' lang='grc' dir='ltr'>ἀλλ’</span> <span class='ocrx_word' id='word_1_653' title='bbox 1088 748 1177 776; x_wconf 84' lang='grc' dir='ltr'>οὐκέτι</span> <span class='ocrx_word' id='word_1_654' title='bbox 1192 749 1271 775; x_wconf 82' lang='grc' dir='ltr'>τοῦτο</span> <span class='ocrx_word' id='word_1_655' title='bbox 1292 749 1435 775; x_wconf 85' lang='grc' dir='ltr'>πέπονθεν.</span> <span class='ocrx_word' id='word_1_656' title='bbox 1449 748 1481 774; x_wconf 88' lang='grc' dir='ltr'>Εἰ</span> <span class='ocrx_word' id='word_1_657' title='bbox 1496 748 1552 783; x_wconf 82' lang='grc' dir='ltr'>γὰρ</span> <span class='ocrx_word' id='word_1_658' title='bbox 1571 748 1618 774; x_wconf 75' lang='grc' dir='ltr'>καὶ</span> <span class='ocrx_word' id='word_1_659' title='bbox 1633 747 1714 775; x_wconf 87' lang='grc' dir='ltr'>πάλιν</span> <span class='ocrx_word' id='word_1_660' title='bbox 1732 747 1762 774; x_wconf 78' lang='grc' dir='ltr'>τὸ</span> <span class='ocrx_word' id='word_1_661' title='bbox 1784 747 1850 775; x_wconf 83' lang='grc' dir='ltr'>αὐτὸ</span> 
     </span>
    </p>
   </div>
   <div class='ocr_carea' id='block_1_86' title="bbox 1012 786 1849 824">
    <p class='ocr_par' dir='ltr' id='par_1_86' title="bbox 1012 786 1849 824">
     <span class='ocr_line' id='line_1_87' title="bbox 1012 786 1849 824; baseline -0.001 -10"><span class='ocrx_word' id='word_1_662' title='bbox 1012 787 1166 822; x_wconf 85' lang='grc' dir='ltr'>ὑπέμεινεν,</span> <span class='ocrx_word' id='word_1_663' title='bbox 1182 788 1231 814; x_wconf 81' lang='grc' dir='ltr'>οὐκ</span> <span class='ocrx_word' id='word_1_664' title='bbox 1245 787 1278 814; x_wconf 83' lang='grc' dir='ltr'>ἂν</span> <span class='ocrx_word' id='word_1_665' title='bbox 1291 789 1307 824; x_wconf 87' lang='grc' dir='ltr'>ἠ</span> <span class='ocrx_word' id='word_1_666' title='bbox 1319 787 1413 823; x_wconf 79' lang='grc' dir='ltr'>Γραφὴ</span> <span class='ocrx_word' id='word_1_667' title='bbox 1426 786 1646 824; x_wconf 57' lang='grc' dir='ltr'>παρεσιώπησξν.</span> <span class='ocrx_word' id='word_1_668' title='bbox 1661 787 1719 813; x_wconf 89' lang='grc' dir='ltr'>ἀλλ’</span> <span class='ocrx_word' id='word_1_669' title='bbox 1733 787 1849 822; x_wconf 82' lang='grc' dir='ltr'>ἐγνώρι-</span> 
     </span>
    </p>
   </div>
   <div class='ocr_carea' id='block_1_87' title="bbox 1012 819 1850 863">
    <p class='ocr_par' dir='ltr' id='par_1_87' title="bbox 1012 819 1850 863">
     <span class='ocr_line' id='line_1_88' title="bbox 1012 819 1850 863; baseline 0.001 -11"><span class='ocrx_word' id='word_1_670' title='bbox 1012 835 1058 854; x_wconf 91' lang='grc' dir='ltr'>σεν</span> <span class='ocrx_word' id='word_1_671' title='bbox 1067 819 1106 854; x_wconf 57' lang='grc' dir='ltr'>’ἂν</span> <span class='ocrx_word' id='word_1_672' title='bbox 1119 828 1195 863; x_wconf 80' lang='grc' dir='ltr'>ἡμῖν.</span> <span class='ocrx_word' id='word_1_673' title='bbox 1216 825 1262 859; x_wconf 76' lang='grc' dir='ltr'>Εἷς</span> <span class='ocrx_word' id='word_1_674' title='bbox 1277 819 1331 862; x_wconf 84' lang='grc' dir='ltr'>γάρ</span> <span class='ocrx_word' id='word_1_675' title='bbox 1342 819 1517 858; x_wconf 64' lang='grc' dir='ltr'>ἐστι’σκοπὸς</span> <span class='ocrx_word' id='word_1_676' title='bbox 1528 819 1626 858; x_wconf 73' lang='grc' dir='ltr'>καὶέἷς</span> <span class='ocrx_word' id='word_1_677' title='bbox 1641 826 1703 861; x_wconf 81' lang='grc' dir='ltr'>ὅρος</span> <span class='ocrx_word' id='word_1_678' title='bbox 1716 819 1765 861; x_wconf 77' lang='grc' dir='ltr'>τῆς</span> <span class='ocrx_word' id='word_1_679' title='bbox 1774 819 1850 858; x_wconf 86' lang='grc' dir='ltr'>θείας</span> 
     </span>
    </p>
   </div>
   <div class='ocr_carea' id='block_1_88' title="bbox 1010 865 1850 902">
    <p class='ocr_par' dir='ltr' id='par_1_88' title="bbox 1010 865 1850 902">
     <span class='ocr_line' id='line_1_89' title="bbox 1010 865 1850 902; baseline 0 -9"><span class='ocrx_word' id='word_1_680' title='bbox 1010 866 1134 901; x_wconf 81' lang='grc' dir='ltr'>Γραφῆς,</span> <span class='ocrx_word' id='word_1_681' title='bbox 1148 866 1178 893; x_wconf 82' lang='grc' dir='ltr'>τὸ</span> <span class='ocrx_word' id='word_1_682' title='bbox 1191 867 1273 901; x_wconf 88' lang='grc' dir='ltr'>μηδὲν</span> <span class='ocrx_word' id='word_1_683' title='bbox 1286 866 1450 902; x_wconf 82' lang='grc' dir='ltr'>παραλιπεῖν</span> <span class='ocrx_word' id='word_1_684' title='bbox 1461 865 1514 892; x_wconf 85' lang='grc' dir='ltr'>τῶν</span> <span class='ocrx_word' id='word_1_685' title='bbox 1521 865 1681 900; x_wconf 83' lang='grc' dir='ltr'>γεγονότων,</span> <span class='ocrx_word' id='word_1_686' title='bbox 1696 865 1764 892; x_wconf 87' lang='grc' dir='ltr'>ἀλλὰ</span> <span class='ocrx_word' id='word_1_687' title='bbox 1780 866 1850 900; x_wconf 87' lang='grc' dir='ltr'>μετά</span> 
     </span>
    </p>
   </div>
   <div class='ocr_carea' id='block_1_89' title="bbox 1011 904 1850 941">
    <p class='ocr_par' dir='ltr' id='par_1_89' title="bbox 1011 904 1850 941">
     <span class='ocr_line' id='line_1_90' title="bbox 1011 904 1850 941; baseline 0.001 -10"><span class='ocrx_word' id='word_1_688' title='bbox 1011 905 1139 940; x_wconf 83' lang='grc' dir='ltr'>ἀληθείας</span> <span class='ocrx_word' id='word_1_689' title='bbox 1153 906 1226 940; x_wconf 81' lang='grc' dir='ltr'>ἡμᾶς</span> <span class='ocrx_word' id='word_1_690' title='bbox 1242 905 1388 932; x_wconf 87' lang='grc' dir='ltr'>διδάσκειν.</span> <span class='ocrx_word' id='word_1_691' title='bbox 1405 904 1474 931; x_wconf 79' lang='grc' dir='ltr'>Οὔτε</span> <span class='ocrx_word' id='word_1_692' title='bbox 1488 904 1542 940; x_wconf 83' lang='grc' dir='ltr'>γὰρ</span> <span class='ocrx_word' id='word_1_693' title='bbox 1555 904 1645 940; x_wconf 81' lang='grc' dir='ltr'>φθόνῳ</span> <span class='ocrx_word' id='word_1_694' title='bbox 1658 905 1712 931; x_wconf 80' lang='grc' dir='ltr'>τινὶ</span> <span class='ocrx_word' id='word_1_695' title='bbox 1724 905 1773 937; x_wconf 87' lang='grc' dir='ltr'>τὰς</span> <span class='ocrx_word' id='word_1_696' title='bbox 1785 906 1850 941; x_wconf 83' lang='grc' dir='ltr'>ἀρε-</span> 
     </span>
    </p>
   </div>
   <div class='ocr_carea' id='block_1_90' title="bbox 1009 943 1850 980">
    <p class='ocr_par' dir='ltr' id='par_1_90' title="bbox 1009 943 1850 980">
     <span class='ocr_line' id='line_1_91' title="bbox 1009 943 1850 980; baseline 0.001 -9"><span class='ocrx_word' id='word_1_697' title='bbox 1009 944 1059 976; x_wconf 75' lang='grc' dir='ltr'>τὰς</span> <span class='ocrx_word' id='word_1_698' title='bbox 1086 944 1140 970; x_wconf 85' lang='grc' dir='ltr'>τῶν</span> <span class='ocrx_word' id='word_1_699' title='bbox 1156 944 1266 971; x_wconf 86' lang='grc' dir='ltr'>δικαίων</span> <span class='ocrx_word' id='word_1_700' title='bbox 1295 944 1472 980; x_wconf 86' lang='grc' dir='ltr'>παρατρέχει,</span> <span class='ocrx_word' id='word_1_701' title='bbox 1501 943 1564 970; x_wconf 75' lang='grc' dir='ltr'>οὔτε</span> <span class='ocrx_word' id='word_1_702' title='bbox 1594 945 1685 979; x_wconf 81' lang='grc' dir='ltr'>χάριτι</span> <span class='ocrx_word' id='word_1_703' title='bbox 1719 945 1800 972; x_wconf 87' lang='grc' dir='ltr'>πάλιν</span> <span class='ocrx_word' id='word_1_704' title='bbox 1814 945 1850 973; x_wconf 83' lang='grc' dir='ltr'>τὰ</span> 
     </span>
    </p>
   </div>
   <div class='ocr_carea' id='block_1_91' title="bbox 1010 983 1848 1020">
    <p class='ocr_par' dir='ltr' id='par_1_91' title="bbox 1010 983 1848 1020">
     <span class='ocr_line' id='line_1_92' title="bbox 1010 983 1848 1020; baseline 0.002 -10"><span class='ocrx_word' id='word_1_705' title='bbox 1010 984 1197 1020; x_wconf 82' lang='grc' dir='ltr'>ἁμαρτήματα</span> <span class='ocrx_word' id='word_1_706' title='bbox 1224 984 1375 1016; x_wconf 74' lang='grc' dir='ltr'>συσκιάζει,</span> <span class='ocrx_word' id='word_1_707' title='bbox 1397 983 1453 1010; x_wconf 78' lang='grc' dir='ltr'>ἀλλ’</span> <span class='ocrx_word' id='word_1_708' title='bbox 1481 983 1590 1010; x_wconf 74' lang='grc' dir='ltr'>ἅπαντα</span> <span class='ocrx_word' id='word_1_709' title='bbox 1611 985 1651 1014; x_wconf 83' lang='grc' dir='ltr'>είς</span> <span class='ocrx_word' id='word_1_710' title='bbox 1680 984 1761 1019; x_wconf 87' lang='grc' dir='ltr'>μέσον</span> <span class='ocrx_word' id='word_1_711' title='bbox 1781 986 1848 1020; x_wconf 78' lang='grc' dir='ltr'>ἡμῖν</span> 
     </span>
    </p>
   </div>
   <div class='ocr_carea' id='block_1_92' title="bbox 1010 1023 1847 1060">
    <p class='ocr_par' dir='ltr' id='par_1_92' title="bbox 1010 1023 1847 1060">
     <span class='ocr_line' id='line_1_93' title="bbox 1010 1023 1847 1060; baseline 0.001 -10"><span class='ocrx_word' id='word_1_712' title='bbox 1010 1024 1180 1060; x_wconf 84' lang='grc' dir='ltr'>προτίθησιν,</span> <span class='ocrx_word' id='word_1_713' title='bbox 1199 1024 1231 1050; x_wconf 81' lang='grc' dir='ltr'>ἵν’</span> <span class='ocrx_word' id='word_1_714' title='bbox 1248 1023 1431 1059; x_wconf 81' lang='grc' dir='ltr'>ὑπογραμμόν</span> <span class='ocrx_word' id='word_1_715' title='bbox 1452 1031 1515 1050; x_wconf 90' lang='grc' dir='ltr'>τινα</span> <span class='ocrx_word' id='word_1_716' title='bbox 1531 1023 1577 1049; x_wconf 73' lang='grc' dir='ltr'>καὶ</span> <span class='ocrx_word' id='word_1_717' title='bbox 1591 1023 1766 1051; x_wconf 88' lang='grc' dir='ltr'>διδασκαλίαν</span> <span class='ocrx_word' id='word_1_718' title='bbox 1781 1024 1847 1060; x_wconf 79' lang='grc' dir='ltr'>ἐχω-</span> 
     </span>
    </p>
   </div>
   <div class='ocr_carea' id='block_1_93' title="bbox 1012 1062 1848 1099">
    <p class='ocr_par' dir='ltr' id='par_1_93' title="bbox 1012 1062 1848 1099">
     <span class='ocr_line' id='line_1_94' title="bbox 1012 1062 1848 1099; baseline 0 -9"><span class='ocrx_word' id='word_1_719' title='bbox 1012 1072 1071 1097; x_wconf 88' lang='grc' dir='ltr'>μεν,</span> <span class='ocrx_word' id='word_1_720' title='bbox 1085 1065 1131 1090; x_wconf 80' lang='grc' dir='ltr'>καὶ</span> <span class='ocrx_word' id='word_1_721' title='bbox 1157 1064 1265 1090; x_wconf 76' lang='grc' dir='ltr'>ἐπειδὰν</span> <span class='ocrx_word' id='word_1_722' title='bbox 1279 1064 1325 1090; x_wconf 79' lang='grc' dir='ltr'>καὶ</span> <span class='ocrx_word' id='word_1_723' title='bbox 1347 1064 1428 1098; x_wconf 87' lang='grc' dir='ltr'>ἡμεῖς</span> <span class='ocrx_word' id='word_1_724' title='bbox 1444 1062 1488 1090; x_wconf 82' lang='grc' dir='ltr'>διὰ</span> <span class='ocrx_word' id='word_1_725' title='bbox 1505 1063 1640 1098; x_wconf 77' lang='grc' dir='ltr'>ῥαθυμίαν</span> <span class='ocrx_word' id='word_1_726' title='bbox 1663 1063 1772 1099; x_wconf 84' lang='grc' dir='ltr'>άλῶμέν</span> <span class='ocrx_word' id='word_1_727' title='bbox 1794 1064 1848 1091; x_wconf 76' lang='grc' dir='ltr'>τινὶ</span> 
     </span>
    </p>
   </div>
   <div class='ocr_carea' id='block_1_94' title="bbox 1010 1102 1848 1139">
    <p class='ocr_par' dir='ltr' id='par_1_94' title="bbox 1010 1102 1848 1139">
     <span class='ocr_line' id='line_1_95' title="bbox 1010 1102 1848 1139; baseline 0.001 -10"><span class='ocrx_word' id='word_1_728' title='bbox 1010 1103 1171 1138; x_wconf 82' lang='grc' dir='ltr'>πταίσματι,</span> <span class='ocrx_word' id='word_1_729' title='bbox 1201 1103 1415 1138; x_wconf 79' lang='grc' dir='ltr'>άσφαλιζώμεθα</span> <span class='ocrx_word' id='word_1_730' title='bbox 1433 1102 1470 1138; x_wconf 86' lang='grc' dir='ltr'>μὴ</span> <span class='ocrx_word' id='word_1_731' title='bbox 1493 1102 1574 1129; x_wconf 86' lang='grc' dir='ltr'>πάλιν</span> <span class='ocrx_word' id='word_1_732' title='bbox 1596 1103 1633 1138; x_wconf 82' lang='grc' dir='ltr'>τῷ</span> <span class='ocrx_word' id='word_1_733' title='bbox 1648 1103 1721 1138; x_wconf 81' lang='grc' dir='ltr'>αὐτῷ</span> <span class='ocrx_word' id='word_1_734' title='bbox 1735 1113 1848 1139; x_wconf 88' lang='grc' dir='ltr'>περιπε-</span> 
     </span>
    </p>
   </div>
   <div class='ocr_carea' id='block_1_95' title="bbox 1011 1142 1849 1179">
    <p class='ocr_par' dir='ltr' id='par_1_95' title="bbox 1011 1142 1849 1179">
     <span class='ocr_line' id='line_1_96' title="bbox 1011 1142 1849 1179; baseline 0.001 -10"><span class='ocrx_word' id='word_1_735' title='bbox 1011 1144 1076 1169; x_wconf 85' lang='grc' dir='ltr'>σεῖν.</span> <span class='ocrx_word' id='word_1_736' title='bbox 1094 1144 1131 1170; x_wconf 68' lang='lat' dir='ltr'>Ob</span> <span class='ocrx_word' id='word_1_737' title='bbox 1145 1143 1198 1179; x_wconf 79' lang='grc' dir='ltr'>γὰρ</span> <span class='ocrx_word' id='word_1_738' title='bbox 1211 1142 1281 1169; x_wconf 80' lang='grc' dir='ltr'>οὕτω</span> <span class='ocrx_word' id='word_1_739' title='bbox 1297 1143 1326 1169; x_wconf 83' lang='grc' dir='ltr'>τὸ</span> <span class='ocrx_word' id='word_1_740' title='bbox 1342 1143 1473 1177; x_wconf 82' lang='grc' dir='ltr'>ἁμαρτεῖν</span> <span class='ocrx_word' id='word_1_741' title='bbox 1486 1142 1611 1176; x_wconf 76' lang='grc' dir='ltr'>χαλεπὸν,</span> <span class='ocrx_word' id='word_1_742' title='bbox 1625 1142 1662 1174; x_wconf 83' lang='grc' dir='ltr'>ὡς</span> <span class='ocrx_word' id='word_1_743' title='bbox 1677 1142 1707 1169; x_wconf 77' lang='grc' dir='ltr'>τὸ</span> <span class='ocrx_word' id='word_1_744' title='bbox 1722 1143 1849 1179; x_wconf 73' lang='grc' dir='ltr'>ἁμαρτή-</span> 
     </span>
    </p>
   </div>
   <div class='ocr_carea' id='block_1_96' title="bbox 1012 1181 1848 1217">
    <p class='ocr_par' dir='ltr' id='par_1_96' title="bbox 1012 1181 1848 1217">
     <span class='ocr_line' id='line_1_97' title="bbox 1012 1181 1848 1217; baseline 0.001 -9"><span class='ocrx_word' id='word_1_745' title='bbox 1012 1190 1076 1217; x_wconf 88' lang='grc' dir='ltr'>ματι</span> <span class='ocrx_word' id='word_1_746' title='bbox 1088 1182 1236 1216; x_wconf 82' lang='grc' dir='ltr'>ἐπιμένειν.</span> <span class='ocrx_word' id='word_1_747' title='bbox 1249 1181 1294 1216; x_wconf 80' lang='grc' dir='ltr'>Μὴ</span> <span class='ocrx_word' id='word_1_748' title='bbox 1309 1182 1397 1208; x_wconf 85' lang='grc' dir='ltr'>τοίνυν</span> <span class='ocrx_word' id='word_1_749' title='bbox 1407 1181 1486 1207; x_wconf 85' lang='grc' dir='ltr'>τοῦτο</span> <span class='ocrx_word' id='word_1_750' title='bbox 1497 1181 1555 1216; x_wconf 80' lang='grc' dir='ltr'>ἴδῃς</span> <span class='ocrx_word' id='word_1_751' title='bbox 1569 1182 1608 1208; x_wconf 70' lang='grc' dir='ltr'>ὅτι</span> <span class='ocrx_word' id='word_1_752' title='bbox 1621 1181 1758 1217; x_wconf 81' lang='grc' dir='ltr'>ἐμεθύσθη</span> <span class='ocrx_word' id='word_1_753' title='bbox 1780 1183 1795 1208; x_wconf 82' lang='grc' dir='ltr'><strong>ὁ</strong></span> <span class='ocrx_word' id='word_1_754' title='bbox 1806 1182 1848 1209; x_wconf 89' lang='grc' dir='ltr'>δί-</span> 
     </span>
    </p>
   </div>
   <div class='ocr_carea' id='block_1_97' title="bbox 1010 1220 1848 1256">
    <p class='ocr_par' dir='ltr' id='par_1_97' title="bbox 1010 1220 1848 1256">
     <span class='ocr_line' id='line_1_98' title="bbox 1010 1220 1848 1256; baseline 0.001 -9"><span class='ocrx_word' id='word_1_755' title='bbox 1010 1230 1096 1253; x_wconf 88' lang='grc' dir='ltr'>καιος,</span> <span class='ocrx_word' id='word_1_756' title='bbox 1113 1221 1169 1247; x_wconf 84' lang='grc' dir='ltr'>ἀλλ’</span> <span class='ocrx_word' id='word_1_757' title='bbox 1184 1221 1223 1248; x_wconf 85' lang='grc' dir='ltr'>ὅτι</span> <span class='ocrx_word' id='word_1_758' title='bbox 1236 1221 1285 1247; x_wconf 78' lang='grc' dir='ltr'>οὐκ</span> <span class='ocrx_word' id='word_1_759' title='bbox 1310 1220 1349 1247; x_wconf 80' lang='grc' dir='ltr'>ἔτι</span> <span class='ocrx_word' id='word_1_760' title='bbox 1363 1221 1441 1247; x_wconf 80' lang='grc' dir='ltr'>τοῦτο</span> <span class='ocrx_word' id='word_1_761' title='bbox 1458 1220 1599 1247; x_wconf 86' lang='grc' dir='ltr'>πέπονθεν.</span> <span class='ocrx_word' id='word_1_762' title='bbox 1620 1221 1689 1247; x_wconf 82' lang='grc' dir='ltr'>Ἀλλ’</span> <span class='ocrx_word' id='word_1_763' title='bbox 1705 1221 1788 1248; x_wconf 83' lang='grc' dir='ltr'>ἐννόει</span> <span class='ocrx_word' id='word_1_764' title='bbox 1802 1231 1848 1256; x_wconf 86' lang='grc' dir='ltr'>μοι</span> 
     </span>
    </p>
   </div>
   <div class='ocr_carea' id='block_1_98' title="bbox 1009 1259 1849 1297">
    <p class='ocr_par' dir='ltr' id='par_1_98' title="bbox 1009 1259 1849 1297">
     <span class='ocr_line' id='line_1_99' title="bbox 1009 1259 1849 1297; baseline 0 -10"><span class='ocrx_word' id='word_1_765' title='bbox 1009 1260 1072 1293; x_wconf 77' lang='grc' dir='ltr'>τοὺς</span> <span class='ocrx_word' id='word_1_766' title='bbox 1082 1260 1143 1288; x_wconf 81' lang='grc' dir='ltr'>καθ’</span> <span class='ocrx_word' id='word_1_767' title='bbox 1158 1261 1275 1295; x_wconf 83' lang='grc' dir='ltr'>ἑκάστην</span> <span class='ocrx_word' id='word_1_768' title='bbox 1289 1260 1395 1297; x_wconf 81' lang='grc' dir='ltr'>ἡμέραν</span> <span class='ocrx_word' id='word_1_769' title='bbox 1414 1261 1443 1287; x_wconf 82' lang='grc' dir='ltr'>ὲν</span> <span class='ocrx_word' id='word_1_770' title='bbox 1456 1261 1515 1291; x_wconf 88' lang='grc' dir='ltr'>ταῖς</span> <span class='ocrx_word' id='word_1_771' title='bbox 1536 1259 1717 1293; x_wconf 71' lang='grc' dir='ltr'>οἰνοφλυγίαις</span> <span class='ocrx_word' id='word_1_772' title='bbox 1732 1261 1849 1287; x_wconf 82' lang='grc' dir='ltr'>καταδα-</span> 
     </span>
    </p>
   </div>
   <div class='ocr_carea' id='block_1_99' title="bbox 1011 1299 1847 1337">
    <p class='ocr_par' dir='ltr' id='par_1_99' title="bbox 1011 1299 1847 1337">
     <span class='ocr_line' id='line_1_100' title="bbox 1011 1299 1847 1337; baseline -0.001 -10"><span class='ocrx_word' id='word_1_773' title='bbox 1011 1301 1197 1336; x_wconf 85' lang='grc' dir='ltr'>πανωμένους,</span> <span class='ocrx_word' id='word_1_774' title='bbox 1213 1301 1260 1328; x_wconf 74' lang='grc' dir='ltr'>καὶ</span> <span class='ocrx_word' id='word_1_775' title='bbox 1275 1300 1349 1337; x_wconf 70' lang='grc'>[288]</span> <span class='ocrx_word' id='word_1_776' title='bbox 1367 1301 1409 1335; x_wconf 79' lang='grc' dir='ltr'>ἐφ’</span> <span class='ocrx_word' id='word_1_777' title='bbox 1425 1300 1544 1335; x_wconf 80' lang='grc' dir='ltr'>ἑκάστης</span> <span class='ocrx_word' id='word_1_778' title='bbox 1562 1300 1654 1335; x_wconf 65' lang='grc' dir='ltr'>σχεδὸν</span> <span class='ocrx_word' id='word_1_779' title='bbox 1666 1302 1752 1328; x_wconf 86' lang='grc' dir='ltr'>εἰπεῖν</span> <span class='ocrx_word' id='word_1_780' title='bbox 1779 1299 1847 1326; x_wconf 81' lang='grc' dir='ltr'>ἀπο-</span> 
     </span>
    </p>
   </div>
   <div class='ocr_carea' id='block_1_100' title="bbox 1011 1339 1848 1376">
    <p class='ocr_par' dir='ltr' id='par_1_100' title="bbox 1011 1339 1848 1376">
     <span class='ocr_line' id='line_1_101' title="bbox 1011 1339 1848 1376; baseline -0.001 -8"><span class='ocrx_word' id='word_1_781' title='bbox 1011 1340 1185 1375; x_wconf 83' lang='grc' dir='ltr'>θνήσκοντας·</span> <span class='ocrx_word' id='word_1_782' title='bbox 1199 1340 1246 1367; x_wconf 77' lang='grc' dir='ltr'>καὶ</span> <span class='ocrx_word' id='word_1_783' title='bbox 1255 1340 1364 1367; x_wconf 79' lang='grc' dir='ltr'>ἐπειδὰν</span> <span class='ocrx_word' id='word_1_784' title='bbox 1377 1342 1416 1372; x_wconf 88' lang='grc' dir='ltr'>είς</span> <span class='ocrx_word' id='word_1_785' title='bbox 1429 1339 1554 1376; x_wconf 70' lang='grc' dir='ltr'>αἴσθησιν</span> <span class='ocrx_word' id='word_1_786' title='bbox 1566 1339 1688 1371; x_wconf 75' lang='grc' dir='ltr'>ελθωσιν.</span> <span class='ocrx_word' id='word_1_787' title='bbox 1703 1340 1763 1367; x_wconf 77' lang='grc' dir='ltr'>οὐδέ</span> <span class='ocrx_word' id='word_1_788' title='bbox 1776 1340 1848 1367; x_wconf 75' lang='grc' dir='ltr'>οὕτω</span> 
     </span>
    </p>
   </div>
   <div class='ocr_carea' id='block_1_101' title="bbox 1010 1379 1848 1416">
    <p class='ocr_par' dir='ltr' id='par_1_101' title="bbox 1010 1379 1848 1416">
     <span class='ocr_line' id='line_1_102' title="bbox 1010 1379 1848 1416; baseline -0.001 -9"><span class='ocrx_word' id='word_1_789' title='bbox 1010 1381 1158 1416; x_wconf 81' lang='grc' dir='ltr'>φεύγοντας</span> <span class='ocrx_word' id='word_1_790' title='bbox 1174 1380 1224 1416; x_wconf 85' lang='grc' dir='ltr'>τὴν</span> <span class='ocrx_word' id='word_1_791' title='bbox 1251 1379 1354 1407; x_wconf 76' lang='grc' dir='ltr'>ἐκεῖθεν</span> <span class='ocrx_word' id='word_1_792' title='bbox 1380 1380 1478 1415; x_wconf 87' lang='grc' dir='ltr'>λύμην,</span> <span class='ocrx_word' id='word_1_793' title='bbox 1506 1379 1564 1406; x_wconf 74' lang='grc' dir='ltr'>ἀλλ’</span> <span class='ocrx_word' id='word_1_794' title='bbox 1583 1379 1621 1412; x_wconf 82' lang='grc' dir='ltr'>ὡς</span> <span class='ocrx_word' id='word_1_795' title='bbox 1635 1379 1715 1415; x_wconf 80' lang='grc' dir='ltr'>ἔργον</span> <span class='ocrx_word' id='word_1_796' title='bbox 1728 1388 1755 1406; x_wconf 92' lang='grc' dir='ltr'>τι</span> <span class='ocrx_word' id='word_1_797' title='bbox 1769 1380 1848 1407; x_wconf 83' lang='grc' dir='ltr'>τοῦτο</span> 
     </span>
    </p>
   </div>
   <div class='ocr_carea' id='block_1_102' title="bbox 1010 1423 1848 1462">
    <p class='ocr_par' dir='ltr' id='par_1_102' title="bbox 1010 1423 1848 1462">
     <span class='ocr_line' id='line_1_103' title="bbox 1010 1423 1848 1462; baseline -0.004 -9"><span class='ocrx_word' id='word_1_798' title='bbox 1010 1426 1057 1453; x_wconf 77' lang='grc' dir='ltr'>καὶ</span> <span class='ocrx_word' id='word_1_799' title='bbox 1071 1425 1196 1462; x_wconf 85' lang='grc' dir='ltr'>ἀνδρείαν</span> <span class='ocrx_word' id='word_1_800' title='bbox 1215 1425 1438 1462; x_wconf 86' lang='grc' dir='ltr'>μεταδιώκοντας.</span> <span class='ocrx_word' id='word_1_801' title='bbox 1465 1423 1548 1451; x_wconf 84' lang='grc' dir='ltr'>Πάλιν</span> <span class='ocrx_word' id='word_1_802' title='bbox 1573 1423 1602 1450; x_wconf 78' lang='grc' dir='ltr'>δὲ</span> <span class='ocrx_word' id='word_1_803' title='bbox 1618 1424 1729 1450; x_wconf 88' lang='grc' dir='ltr'>κάκεῖνο</span> <span class='ocrx_word' id='word_1_804' title='bbox 1746 1423 1779 1451; x_wconf 80' lang='grc' dir='ltr'>άν</span> <span class='ocrx_word' id='word_1_805' title='bbox 1805 1432 1848 1455; x_wconf 88' lang='grc' dir='ltr'>τις</span> 
     </span>
    </p>
   </div>
   <div class='ocr_carea' id='block_1_103' title="bbox 1009 1463 1848 1503">
    <p class='ocr_par' dir='ltr' id='par_1_103' title="bbox 1009 1463 1848 1503">
     <span class='ocr_line' id='line_1_104' title="bbox 1009 1463 1848 1503; baseline -0.001 -10"><span class='ocrx_word' id='word_1_806' title='bbox 1009 1466 1170 1503; x_wconf 74' lang='grc' dir='ltr'>ἐννοήσειεν,</span> <span class='ocrx_word' id='word_1_807' title='bbox 1192 1468 1232 1495; x_wconf 82' lang='grc' dir='ltr'>ὅτι</span> <span class='ocrx_word' id='word_1_808' title='bbox 1244 1467 1347 1498; x_wconf 83' lang='grc' dir='ltr'>δίκαιος</span> <span class='ocrx_word' id='word_1_809' title='bbox 1367 1463 1453 1498; x_wconf 75' lang='grc' dir='ltr'>οὗτος,</span> <span class='ocrx_word' id='word_1_810' title='bbox 1468 1466 1492 1492; x_wconf 83' lang='grc' dir='ltr'>εἰ</span> <span class='ocrx_word' id='word_1_811' title='bbox 1505 1465 1552 1492; x_wconf 70' lang='grc' dir='ltr'>καὶ</span> <span class='ocrx_word' id='word_1_812' title='bbox 1567 1464 1620 1492; x_wconf 77' lang='grc' dir='ltr'>ὑπὸ</span> <span class='ocrx_word' id='word_1_813' title='bbox 1645 1465 1773 1500; x_wconf 83' lang='grc' dir='ltr'>ἀπειρίας</span> <span class='ocrx_word' id='word_1_814' title='bbox 1800 1465 1848 1492; x_wconf 70' lang='grc' dir='ltr'>καὶ</span> 
     </span>
    </p>
   </div>
   <div class='ocr_carea' id='block_1_104' title="bbox 1009 1505 1847 1544">
    <p class='ocr_par' dir='ltr' id='par_1_104' title="bbox 1009 1505 1847 1544">
     <span class='ocr_line' id='line_1_105' title="bbox 1009 1505 1847 1544; baseline -0.004 -9"><span class='ocrx_word' id='word_1_815' title='bbox 1009 1508 1055 1535; x_wconf 83' lang='grc' dir='ltr'>τοῦ</span> <span class='ocrx_word' id='word_1_816' title='bbox 1070 1509 1107 1544; x_wconf 82' lang='grc' dir='ltr'>μὴ</span> <span class='ocrx_word' id='word_1_817' title='bbox 1122 1509 1219 1536; x_wconf 82' lang='grc' dir='ltr'>εἰδέναι</span> <span class='ocrx_word' id='word_1_818' title='bbox 1230 1509 1264 1536; x_wconf 80' lang='grc' dir='ltr'>τὰ</span> <span class='ocrx_word' id='word_1_819' title='bbox 1275 1509 1361 1544; x_wconf 84' lang='grc' dir='ltr'>μέτρα</span> <span class='ocrx_word' id='word_1_820' title='bbox 1373 1509 1422 1543; x_wconf 83' lang='grc' dir='ltr'>τῆς</span> <span class='ocrx_word' id='word_1_821' title='bbox 1434 1506 1610 1542; x_wconf 83' lang='grc' dir='ltr'>μεταλήψεως</span> <span class='ocrx_word' id='word_1_822' title='bbox 1619 1505 1688 1532; x_wconf 86' lang='grc' dir='ltr'>πιὼν</span> <span class='ocrx_word' id='word_1_823' title='bbox 1697 1505 1847 1541; x_wconf 84' lang='grc' dir='ltr'>ἐμεθύσθη,</span> 
     </span>
    </p>
   </div>
   <div class='ocr_carea' id='block_1_105' title="bbox 1009 1546 1846 1585">
    <p class='ocr_par' dir='ltr' id='par_1_105' title="bbox 1009 1546 1846 1585">
     <span class='ocr_line' id='line_1_106' title="bbox 1009 1546 1846 1585; baseline -0.004 -9"><span class='ocrx_word' id='word_1_824' title='bbox 1009 1549 1066 1576; x_wconf 78' lang='grc' dir='ltr'>ἀλλ’</span> <span class='ocrx_word' id='word_1_825' title='bbox 1082 1550 1157 1585; x_wconf 79' lang='grc' dir='ltr'>ὅμως</span> <span class='ocrx_word' id='word_1_826' title='bbox 1185 1550 1287 1581; x_wconf 85' lang='grc' dir='ltr'>δίκαιος</span> <span class='ocrx_word' id='word_1_827' title='bbox 1306 1549 1344 1576; x_wconf 86' lang='grc' dir='ltr'>ὣν</span> <span class='ocrx_word' id='word_1_828' title='bbox 1368 1549 1416 1576; x_wconf 75' lang='grc' dir='ltr'>καὶ</span> <span class='ocrx_word' id='word_1_829' title='bbox 1443 1547 1526 1575; x_wconf 87' lang='grc' dir='ltr'>πολλὰ</span> <span class='ocrx_word' id='word_1_830' title='bbox 1545 1547 1614 1583; x_wconf 72' lang='grc' dir='ltr'>ἔχων</span> <span class='ocrx_word' id='word_1_831' title='bbox 1631 1546 1846 1582; x_wconf 86' lang='grc' dir='ltr'>κατορθώματα,</span> 
     </span>
    </p>
   </div>
   <div class='ocr_carea' id='block_1_106' title="bbox 1010 1588 1848 1625">
    <p class='ocr_par' dir='ltr' id='par_1_106' title="bbox 1010 1588 1848 1625">
     <span class='ocr_line' id='line_1_107' title="bbox 1010 1588 1848 1625; baseline -0.004 -8"><span class='ocrx_word' id='word_1_832' title='bbox 1010 1591 1166 1622; x_wconf 76' lang='grc' dir='ltr'>συσκιάζειν</span> <span class='ocrx_word' id='word_1_833' title='bbox 1177 1590 1291 1625; x_wconf 80' lang='grc' dir='ltr'>ἠδύνατο</span> <span class='ocrx_word' id='word_1_834' title='bbox 1303 1589 1332 1616; x_wconf 84' lang='grc' dir='ltr'>τδ</span> <span class='ocrx_word' id='word_1_835' title='bbox 1350 1589 1456 1625; x_wconf 84' lang='grc' dir='ltr'>συμϐἀν</span> <span class='ocrx_word' id='word_1_836' title='bbox 1470 1589 1633 1624; x_wconf 82' lang='grc' dir='ltr'>ἁμάρτημα·</span> <span class='ocrx_word' id='word_1_837' title='bbox 1648 1589 1728 1624; x_wconf 83' lang='grc' dir='ltr'>ἡμεῖς</span> <span class='ocrx_word' id='word_1_838' title='bbox 1741 1588 1770 1615; x_wconf 86' lang='grc' dir='ltr'>δὲ</span> <span class='ocrx_word' id='word_1_839' title='bbox 1783 1589 1848 1615; x_wconf 84' lang='grc' dir='ltr'>ὅταν</span> 
     </span>
    </p>
   </div>
   <div class='ocr_carea' id='block_1_107' title="bbox 1009 1629 1848 1668">
    <p class='ocr_par' dir='ltr' id='par_1_107' title="bbox 1009 1629 1848 1668">
     <span class='ocr_line' id='line_1_108' title="bbox 1009 1629 1848 1668; baseline -0.004 -9"><span class='ocrx_word' id='word_1_840' title='bbox 1009 1632 1056 1659; x_wconf 77' lang='grc' dir='ltr'>καὶ</span> <span class='ocrx_word' id='word_1_841' title='bbox 1072 1633 1116 1666; x_wconf 77' lang='grc' dir='ltr'>ὑφ’</span> <span class='ocrx_word' id='word_1_842' title='bbox 1127 1632 1227 1668; x_wconf 80' lang='grc' dir='ltr'>ἐτέρων</span> <span class='ocrx_word' id='word_1_843' title='bbox 1242 1631 1344 1667; x_wconf 78' lang='grc' dir='ltr'>μυρίων</span> <span class='ocrx_word' id='word_1_844' title='bbox 1357 1629 1431 1666; x_wconf 80' lang='grc' dir='ltr'>ὦμεν</span> <span class='ocrx_word' id='word_1_845' title='bbox 1446 1631 1667 1667; x_wconf 81' lang='grc' dir='ltr'>πολιορκούμενοι</span> <span class='ocrx_word' id='word_1_846' title='bbox 1681 1629 1785 1661; x_wconf 85' lang='grc' dir='ltr'>παθῶν,</span> <span class='ocrx_word' id='word_1_847' title='bbox 1801 1630 1848 1657; x_wconf 76' lang='grc' dir='ltr'>καὶ</span> 
     </span>
    </p>
   </div>
   <div class='ocr_carea' id='block_1_108' title="bbox 1012 1671 1848 1709">
    <p class='ocr_par' dir='ltr' id='par_1_108' title="bbox 1012 1671 1848 1709">
     <span class='ocr_line' id='line_1_109' title="bbox 1012 1671 1848 1709; baseline -0.004 -9"><span class='ocrx_word' id='word_1_848' title='bbox 1012 1674 1069 1709; x_wconf 83' lang='grc' dir='ltr'>μετ’</span> <span class='ocrx_word' id='word_1_849' title='bbox 1087 1674 1198 1700; x_wconf 85' lang='grc' dir='ltr'>ἐκείνων</span> <span class='ocrx_word' id='word_1_850' title='bbox 1214 1674 1262 1700; x_wconf 73' lang='grc' dir='ltr'>καὶ</span> <span class='ocrx_word' id='word_1_851' title='bbox 1277 1673 1329 1700; x_wconf 74' lang='grc' dir='ltr'>ὑπὸ</span> <span class='ocrx_word' id='word_1_852' title='bbox 1341 1673 1391 1709; x_wconf 88' lang='grc' dir='ltr'>τῆς</span> <span class='ocrx_word' id='word_1_853' title='bbox 1403 1673 1488 1709; x_wconf 87' lang='grc' dir='ltr'>μέθης</span> <span class='ocrx_word' id='word_1_854' title='bbox 1514 1673 1628 1704; x_wconf 69' lang='grc' dir='ltr'>ἑαυτοὺς</span> <span class='ocrx_word' id='word_1_855' title='bbox 1638 1671 1848 1704; x_wconf 79' lang='grc' dir='ltr'>καταϐαπτίζω-</span> 
     </span>
    </p>
   </div>
   <div class='ocr_carea' id='block_1_109' title="bbox 1011 1713 1848 1750">
    <p class='ocr_par' dir='ltr' id='par_1_109' title="bbox 1011 1713 1848 1750">
     <span class='ocr_line' id='line_1_110' title="bbox 1011 1713 1848 1750; baseline -0.001 -10"><span class='ocrx_word' id='word_1_856' title='bbox 1011 1723 1072 1750; x_wconf 84' lang='grc' dir='ltr'>μεν,</span> <span class='ocrx_word' id='word_1_857' title='bbox 1088 1715 1166 1742; x_wconf 84' lang='grc' dir='ltr'>ποίαν</span> <span class='ocrx_word' id='word_1_858' title='bbox 1182 1714 1278 1750; x_wconf 78' lang='grc' dir='ltr'>ἕξομεν</span> <span class='ocrx_word' id='word_1_859' title='bbox 1292 1714 1477 1750; x_wconf 86' lang='grc' dir='ltr'>παραμυθίαν,</span> <span class='ocrx_word' id='word_1_860' title='bbox 1487 1713 1548 1740; x_wconf 84' lang='grc' dir='ltr'>εἰπέ</span> <span class='ocrx_word' id='word_1_861' title='bbox 1572 1722 1635 1749; x_wconf 88' lang='grc' dir='ltr'>μοι;</span> <span class='ocrx_word' id='word_1_862' title='bbox 1659 1714 1701 1745; x_wconf 88' lang='grc' dir='ltr'>τίς</span> <span class='ocrx_word' id='word_1_863' title='bbox 1716 1713 1744 1739; x_wconf 79' lang='grc' dir='ltr'>δὲ</span> <span class='ocrx_word' id='word_1_864' title='bbox 1773 1713 1848 1748; x_wconf 77' lang='grc' dir='ltr'>ἡμᾶς</span> 
     </span>
    </p>
   </div>
   <div class='ocr_carea' id='block_1_110' title="bbox 1011 1755 1846 1791">
    <p class='ocr_par' dir='ltr' id='par_1_110' title="bbox 1011 1755 1846 1791">
     <span class='ocr_line' id='line_1_111' title="bbox 1011 1755 1846 1791; baseline -0.002 -8"><span class='ocrx_word' id='word_1_865' title='bbox 1011 1756 1120 1789; x_wconf 80' lang='grc' dir='ltr'>ἀξιώσει</span> <span class='ocrx_word' id='word_1_866' title='bbox 1136 1755 1298 1791; x_wconf 84' lang='grc' dir='ltr'>συγγνώμης</span> <span class='ocrx_word' id='word_1_867' title='bbox 1320 1756 1380 1783; x_wconf 84' lang='grc' dir='ltr'>οὺδέ</span> <span class='ocrx_word' id='word_1_868' title='bbox 1396 1755 1449 1782; x_wconf 81' lang='grc' dir='ltr'>ὑπὸ</span> <span class='ocrx_word' id='word_1_869' title='bbox 1463 1756 1512 1790; x_wconf 88' lang='grc' dir='ltr'>τῆς</span> <span class='ocrx_word' id='word_1_870' title='bbox 1523 1755 1621 1790; x_wconf 87' lang='grc' dir='ltr'>πείρας</span> <span class='ocrx_word' id='word_1_871' title='bbox 1641 1755 1726 1788; x_wconf 85' lang='grc' dir='ltr'>αὐτῆς</span> <span class='ocrx_word' id='word_1_872' title='bbox 1740 1763 1846 1790; x_wconf 84' lang='grc' dir='ltr'>σωφρο-</span> 
     </span>
    </p>
   </div>
   <div class='ocr_carea' id='block_1_111' title="bbox 1010 1795 1846 1832">
    <p class='ocr_par' dir='ltr' id='par_1_111' title="bbox 1010 1795 1846 1832">
     <span class='ocr_line' id='line_1_112' title="bbox 1010 1795 1846 1832; baseline -0.001 -9"><span class='ocrx_word' id='word_1_873' title='bbox 1010 1797 1180 1832; x_wconf 82' lang='grc' dir='ltr'>νιζομένους;</span> <span class='ocrx_word' id='word_1_874' title='bbox 1199 1796 1344 1831; x_wconf 75' lang='grc' dir='ltr'>Ἐξένηψε</span> <span class='ocrx_word' id='word_1_875' title='bbox 1360 1796 1403 1829; x_wconf 85' lang='grc' dir='ltr'>δὲ,</span> <span class='ocrx_word' id='word_1_876' title='bbox 1419 1797 1496 1832; x_wconf 77' lang='grc' dir='ltr'>φησὶ,</span> <span class='ocrx_word' id='word_1_877' title='bbox 1511 1795 1575 1823; x_wconf 84' lang='grc' dir='ltr'>Νῶε</span> <span class='ocrx_word' id='word_1_878' title='bbox 1593 1795 1652 1823; x_wconf 76' lang='grc' dir='ltr'>ἀπὸ</span> <span class='ocrx_word' id='word_1_879' title='bbox 1676 1795 1729 1822; x_wconf 83' lang='grc' dir='ltr'>τοῦ</span> <span class='ocrx_word' id='word_1_880' title='bbox 1749 1795 1846 1828; x_wconf 77' lang='grc' dir='ltr'>οἴνου,</span> 
     </span>
    </p>
   </div>
   <div class='ocr_carea' id='block_1_112' title="bbox 1010 1836 1845 1874">
    <p class='ocr_par' dir='ltr' id='par_1_112' title="bbox 1010 1836 1845 1874">
     <span class='ocr_line' id='line_1_113' title="bbox 1010 1836 1845 1874; baseline -0.004 -9"><span class='ocrx_word' id='word_1_881' title='bbox 1010 1838 1060 1866; x_wconf 78' lang='grc' dir='ltr'>καί</span> <span class='ocrx_word' id='word_1_882' title='bbox 1067 1839 1142 1874; x_wconf 72' lang='grc' dir='ltr'>ἔγνω</span> <span class='ocrx_word' id='word_1_883' title='bbox 1150 1838 1207 1865; x_wconf 84' lang='grc' dir='ltr'>ὅσα</span> <span class='ocrx_word' id='word_1_884' title='bbox 1218 1838 1362 1872; x_wconf 77' lang='grc' dir='ltr'>ἐποίησεν</span> <span class='ocrx_word' id='word_1_885' title='bbox 1374 1836 1453 1871; x_wconf 81' lang='grc' dir='ltr'>αὐτῷ</span> <span class='ocrx_word' id='word_1_886' title='bbox 1462 1839 1478 1865; x_wconf 83' lang='grc' dir='ltr'><em>ὀ</em></span> <span class='ocrx_word' id='word_1_887' title='bbox 1490 1838 1555 1870; x_wconf 85' lang='grc' dir='ltr'>υίὸς</span> <span class='ocrx_word' id='word_1_888' title='bbox 1562 1837 1655 1864; x_wconf 82' lang='grc' dir='ltr'>αὑτοῦ</span> <span class='ocrx_word' id='word_1_889' title='bbox 1664 1838 1680 1864; x_wconf 84' lang='grc' dir='ltr'>ό</span> <span class='ocrx_word' id='word_1_890' title='bbox 1693 1836 1845 1870; x_wconf 85' lang='grc' dir='ltr'>νεώτερος.</span> 
     </span>
    </p>
   </div>
   <div class='ocr_carea' id='block_1_113' title="bbox 1010 1877 1847 1914">
    <p class='ocr_par' dir='ltr' id='par_1_113' title="bbox 1010 1877 1847 1914">
     <span class='ocr_line' id='line_1_114' title="bbox 1010 1877 1847 1914; baseline -0.004 -8"><span class='ocrx_word' id='word_1_891' title='bbox 1010 1879 1095 1906; x_wconf 87' lang='grc' dir='ltr'>Πόθεν</span> <span class='ocrx_word' id='word_1_892' title='bbox 1108 1879 1191 1914; x_wconf 74' lang='grc' dir='ltr'>ἔγνως</span> <span class='ocrx_word' id='word_1_893' title='bbox 1208 1880 1288 1911; x_wconf 85' lang='grc' dir='ltr'>Ἴσως</span> <span class='ocrx_word' id='word_1_894' title='bbox 1303 1879 1328 1905; x_wconf 77' lang='lat' dir='ltr'><strong>oi</strong></span> <span class='ocrx_word' id='word_1_895' title='bbox 1344 1879 1453 1913; x_wconf 87' lang='grc' dir='ltr'>ἀδελφοί</span> <span class='ocrx_word' id='word_1_896' title='bbox 1467 1877 1692 1914; x_wconf 74' lang='grc' dir='ltr'>ἐγνώρισαν,οὒχί</span> <span class='ocrx_word' id='word_1_897' title='bbox 1710 1878 1756 1904; x_wconf 85' lang='grc' dir='ltr'>τὸν</span> <span class='ocrx_word' id='word_1_898' title='bbox 1770 1877 1847 1904; x_wconf 88' lang='grc' dir='ltr'>ἀδελ-</span> 
     </span>
    </p>
   </div>
   <div class='ocr_carea' id='block_1_114' title="bbox 1011 1918 1846 1956">
    <p class='ocr_par' dir='ltr' id='par_1_114' title="bbox 1011 1918 1846 1956">
     <span class='ocr_line' id='line_1_115' title="bbox 1011 1918 1846 1956; baseline -0.005 -8"><span class='ocrx_word' id='word_1_899' title='bbox 1011 1921 1060 1956; x_wconf 75' lang='grc' dir='ltr'>φὸν</span> <span class='ocrx_word' id='word_1_900' title='bbox 1075 1920 1211 1948; x_wconf 86' lang='grc' dir='ltr'>διαϐαλεῖν</span> <span class='ocrx_word' id='word_1_901' title='bbox 1230 1919 1395 1955; x_wconf 87' lang='grc' dir='ltr'>βουλόμενοι,</span> <span class='ocrx_word' id='word_1_902' title='bbox 1413 1919 1482 1947; x_wconf 87' lang='grc' dir='ltr'>άλλά</span> <span class='ocrx_word' id='word_1_903' title='bbox 1497 1919 1528 1946; x_wconf 81' lang='grc' dir='ltr'>τὸ</span> <span class='ocrx_word' id='word_1_904' title='bbox 1545 1920 1660 1954; x_wconf 80' lang='grc' dir='ltr'>πρᾶγμα</span> <span class='ocrx_word' id='word_1_905' title='bbox 1685 1919 1723 1950; x_wconf 83' lang='grc' dir='ltr'>ὡς</span> <span class='ocrx_word' id='word_1_906' title='bbox 1739 1918 1846 1952; x_wconf 85' lang='grc' dir='ltr'>ἐγένετο</span> 
     </span>
    </p>
   </div>
   <div class='ocr_carea' id='block_1_115' title="bbox 1010 1959 1847 1996">
    <p class='ocr_par' dir='ltr' id='par_1_115' title="bbox 1010 1959 1847 1996">
     <span class='ocr_line' id='line_1_116' title="bbox 1010 1959 1847 1996; baseline -0.004 -7"><span class='ocrx_word' id='word_1_907' title='bbox 1010 1962 1190 1993; x_wconf 83' lang='grc' dir='ltr'>διδάσκοντες,</span> <span class='ocrx_word' id='word_1_908' title='bbox 1206 1961 1248 1988; x_wconf 79' lang='grc' dir='ltr'>ἵνα</span> <span class='ocrx_word' id='word_1_909' title='bbox 1261 1960 1426 1996; x_wconf 87' lang='grc' dir='ltr'>κατάλληλον</span> <span class='ocrx_word' id='word_1_910' title='bbox 1447 1961 1550 1992; x_wconf 83' lang='grc' dir='ltr'>ἐκεῖνος</span> <span class='ocrx_word' id='word_1_911' title='bbox 1574 1960 1613 1995; x_wconf 86' lang='grc' dir='ltr'>τῷ</span> <span class='ocrx_word' id='word_1_912' title='bbox 1633 1960 1770 1995; x_wconf 82' lang='grc' dir='ltr'>τραύματι</span> <span class='ocrx_word' id='word_1_913' title='bbox 1795 1959 1847 1994; x_wconf 83' lang='grc' dir='ltr'>τὴν</span> 
     </span>
    </p>
   </div>
   <div class='ocr_carea' id='block_1_116' title="bbox 1012 2001 1847 2040">
    <p class='ocr_par' dir='ltr' id='par_1_116' title="bbox 1012 2001 1847 2040">
     <span class='ocr_line' id='line_1_117' title="bbox 1012 2001 1847 2040; baseline -0.004 -10"><span class='ocrx_word' id='word_1_914' title='bbox 1012 2004 1135 2040; x_wconf 83' lang='grc' dir='ltr'>βοήθειαν</span> <span class='ocrx_word' id='word_1_915' title='bbox 1149 2003 1266 2037; x_wconf 80' lang='grc' dir='ltr'>δέξηται.</span> <span class='ocrx_word' id='word_1_916' title='bbox 1284 2003 1338 2030; x_wconf 76' lang='grc' dir='ltr'>Καὶ</span> <span class='ocrx_word' id='word_1_917' title='bbox 1350 2003 1435 2037; x_wconf 76' lang='grc' dir='ltr'>ἔγνω,</span> <span class='ocrx_word' id='word_1_918' title='bbox 1453 2003 1529 2038; x_wconf 77' lang='grc' dir='ltr'>φησὶ,</span> <span class='ocrx_word' id='word_1_919' title='bbox 1551 2002 1614 2029; x_wconf 79' lang='grc' dir='ltr'>Νῶε</span> <span class='ocrx_word' id='word_1_920' title='bbox 1629 2001 1687 2028; x_wconf 80' lang='grc' dir='ltr'>ὅσα</span> <span class='ocrx_word' id='word_1_921' title='bbox 1702 2002 1847 2035; x_wconf 72' lang='grc' dir='ltr'>ἐποίησεν</span> 
     </span>
    </p>
   </div>
   <div class='ocr_carea' id='block_1_117' title="bbox 1008 2043 1846 2078">
    <p class='ocr_par' dir='ltr' id='par_1_117' title="bbox 1008 2043 1846 2078">
     <span class='ocr_line' id='line_1_118' title="bbox 1008 2043 1846 2078; baseline -0.004 -6"><span class='ocrx_word' id='word_1_922' title='bbox 1008 2045 1090 2077; x_wconf 79' lang='grc' dir='ltr'>αὐτῷ</span> <span class='ocrx_word' id='word_1_923' title='bbox 1106 2046 1122 2071; x_wconf 81' lang='grc' dir='ltr'><em>ὀ</em></span> <span class='ocrx_word' id='word_1_924' title='bbox 1138 2044 1203 2077; x_wconf 79' lang='grc' dir='ltr'>υίὸς</span> <span class='ocrx_word' id='word_1_925' title='bbox 1216 2045 1309 2071; x_wconf 80' lang='grc' dir='ltr'>αὐτοῦ</span> <span class='ocrx_word' id='word_1_926' title='bbox 1325 2046 1341 2071; x_wconf 83' lang='grc' dir='ltr'><em>ὀ</em></span> <span class='ocrx_word' id='word_1_927' title='bbox 1353 2043 1540 2078; x_wconf 61' lang='grc' dir='ltr'>νεώτερος-Τί</span> <span class='ocrx_word' id='word_1_928' title='bbox 1554 2044 1638 2075; x_wconf 84' lang='grc' dir='ltr'>ἐστιν,</span> <span class='ocrx_word' id='word_1_929' title='bbox 1652 2044 1729 2070; x_wconf 84' lang='grc' dir='ltr'>Ὅσα</span> <span class='ocrx_word' id='word_1_930' title='bbox 1745 2044 1846 2077; x_wconf 79' lang='grc' dir='ltr'>ἐποίη-</span> 
     </span>
    </p>
   </div>
   <div class='ocr_carea' id='block_1_118' title="bbox 1011 2084 1846 2122">
    <p class='ocr_par' dir='ltr' id='par_1_118' title="bbox 1011 2084 1846 2122">
     <span class='ocr_line' id='line_1_119' title="bbox 1011 2084 1846 2122; baseline -0.004 -9"><span class='ocrx_word' id='word_1_931' title='bbox 1011 2094 1081 2118; x_wconf 58' lang='grc' dir='ltr'>σειτ</span> <span class='ocrx_word' id='word_1_932' title='bbox 1101 2087 1172 2113; x_wconf 68' lang='grc' dir='ltr'>Ἀντί</span> <span class='ocrx_word' id='word_1_933' title='bbox 1183 2086 1242 2120; x_wconf 81' lang='grc' dir='ltr'>τοῦ,</span> <span class='ocrx_word' id='word_1_934' title='bbox 1264 2086 1336 2122; x_wconf 87' lang='grc' dir='ltr'>μέγα</span> <span class='ocrx_word' id='word_1_935' title='bbox 1352 2086 1398 2113; x_wconf 69' lang='grc' dir='ltr'>καὶ</span> <span class='ocrx_word' id='word_1_936' title='bbox 1414 2085 1560 2121; x_wconf 80' lang='grc' dir='ltr'>ἀφόρητον.</span> <span class='ocrx_word' id='word_1_937' title='bbox 1585 2085 1727 2119; x_wconf 87' lang='grc' dir='ltr'>Ἐννόησον</span> <span class='ocrx_word' id='word_1_938' title='bbox 1739 2084 1793 2119; x_wconf 82' lang='grc' dir='ltr'>γὰρ</span> <span class='ocrx_word' id='word_1_939' title='bbox 1805 2085 1846 2111; x_wconf 84' lang='grc' dir='ltr'>ὅτι</span> 
     </span>
    </p>
   </div>
   <div class='ocr_carea' id='block_1_119' title="bbox 1010 2127 1846 2164">
    <p class='ocr_par' dir='ltr' id='par_1_119' title="bbox 1010 2127 1846 2164">
     <span class='ocr_line' id='line_1_120' title="bbox 1010 2127 1846 2164; baseline -0.002 -9"><span class='ocrx_word' id='word_1_940' title='bbox 1010 2129 1064 2155; x_wconf 76' lang='grc' dir='ltr'>ἔσω</span> <span class='ocrx_word' id='word_1_941' title='bbox 1075 2130 1103 2155; x_wconf 85' lang='grc' dir='ltr'>ὲν</span> <span class='ocrx_word' id='word_1_942' title='bbox 1118 2130 1150 2164; x_wconf 87' lang='grc' dir='ltr'>τῇ</span> <span class='ocrx_word' id='word_1_943' title='bbox 1165 2128 1238 2164; x_wconf 81' lang='grc' dir='ltr'>οἰκίᾳ</span> <span class='ocrx_word' id='word_1_944' title='bbox 1251 2128 1417 2163; x_wconf 82' lang='grc' dir='ltr'>θεασάμενος</span> <span class='ocrx_word' id='word_1_945' title='bbox 1429 2128 1478 2162; x_wconf 83' lang='grc' dir='ltr'>τὴν</span> <span class='ocrx_word' id='word_1_946' title='bbox 1489 2128 1690 2163; x_wconf 85' lang='grc' dir='ltr'>ἀσχημοσύνην,</span> <span class='ocrx_word' id='word_1_947' title='bbox 1704 2127 1763 2153; x_wconf 89' lang='grc' dir='ltr'>δέον</span> <span class='ocrx_word' id='word_1_948' title='bbox 1782 2135 1846 2161; x_wconf 88' lang='grc' dir='ltr'>συγ-</span> 
     </span>
    </p>
   </div>
   <div class='ocr_carea' id='block_1_120' title="bbox 1011 2167 1845 2204">
    <p class='ocr_par' dir='ltr' id='par_1_120' title="bbox 1011 2167 1845 2204">
     <span class='ocr_line' id='line_1_121' title="bbox 1011 2167 1845 2204; baseline -0.002 -9"><span class='ocrx_word' id='word_1_949' title='bbox 1011 2169 1139 2203; x_wconf 80' lang='grc' dir='ltr'>καλύψαι,</span> <span class='ocrx_word' id='word_1_950' title='bbox 1155 2171 1169 2196; x_wconf 83' lang='grc' dir='ltr'>ὁ</span> <span class='ocrx_word' id='word_1_951' title='bbox 1184 2170 1212 2196; x_wconf 77' lang='grc' dir='ltr'>δὲ</span> <span class='ocrx_word' id='word_1_952' title='bbox 1223 2168 1337 2203; x_wconf 82' lang='grc' dir='ltr'>ἐξελθὼν</span> <span class='ocrx_word' id='word_1_953' title='bbox 1349 2169 1546 2204; x_wconf 81' lang='grc' dir='ltr'>ἐξεπόμπευσε,</span> <span class='ocrx_word' id='word_1_954' title='bbox 1569 2168 1616 2194; x_wconf 72' lang='grc' dir='ltr'>καὶ</span> <span class='ocrx_word' id='word_1_955' title='bbox 1632 2168 1672 2200; x_wconf 81' lang='grc' dir='ltr'>είς</span> <span class='ocrx_word' id='word_1_956' title='bbox 1699 2167 1845 2203; x_wconf 83' lang='grc' dir='ltr'>κωμῳδίαν</span> 
     </span>
    </p>
   </div>
   <div class='ocr_carea' id='block_1_121' title="bbox 1011 2206 1846 2246">
    <p class='ocr_par' dir='ltr' id='par_1_121' title="bbox 1011 2206 1846 2246">
     <span class='ocr_line' id='line_1_122' title="bbox 1011 2206 1846 2246; baseline -0.005 -8"><span class='ocrx_word' id='word_1_957' title='bbox 1011 2212 1058 2238; x_wconf 76' lang='grc' dir='ltr'>καὶ</span> <span class='ocrx_word' id='word_1_958' title='bbox 1070 2213 1109 2244; x_wconf 83' lang='grc' dir='ltr'>εἰς</span> <span class='ocrx_word' id='word_1_959' title='bbox 1123 2211 1268 2246; x_wconf 87' lang='grc' dir='ltr'>χλευασίαν</span> <span class='ocrx_word' id='word_1_960' title='bbox 1283 2211 1328 2237; x_wconf 80' lang='grc' dir='ltr'>τὸν</span> <span class='ocrx_word' id='word_1_961' title='bbox 1345 2211 1449 2246; x_wconf 88' lang='grc' dir='ltr'>πατέρα</span> <span class='ocrx_word' id='word_1_962' title='bbox 1458 2231 1465 2242; x_wconf 89' lang='grc'>,</span> <span class='ocrx_word' id='word_1_963' title='bbox 1481 2211 1543 2237; x_wconf 85' lang='grc' dir='ltr'>ὅσον</span> <span class='ocrx_word' id='word_1_964' title='bbox 1555 2210 1585 2236; x_wconf 78' lang='grc' dir='ltr'>τὸ</span> <span class='ocrx_word' id='word_1_965' title='bbox 1596 2208 1686 2244; x_wconf 85' lang='grc' dir='ltr'>ἐαυτῷ</span> <span class='ocrx_word' id='word_1_966' title='bbox 1695 2206 1772 2244; x_wconf 82' lang='grc' dir='ltr'>ἧκον,</span> <span class='ocrx_word' id='word_1_967' title='bbox 1788 2208 1846 2234; x_wconf 78' lang='grc' dir='ltr'>ἐνέ-</span> 
     </span>
    </p>
   </div>
   <div class='ocr_carea' id='block_1_122' title="bbox 1011 2250 1845 2286">
    <p class='ocr_par' dir='ltr' id='par_1_122' title="bbox 1011 2250 1845 2286">
     <span class='ocr_line' id='line_1_123' title="bbox 1011 2250 1845 2286; baseline -0.004 -7"><span class='ocrx_word' id='word_1_968' title='bbox 1011 2253 1085 2285; x_wconf 85' lang='grc' dir='ltr'>ϐαλε,</span> <span class='ocrx_word' id='word_1_969' title='bbox 1105 2253 1151 2279; x_wconf 82' lang='grc' dir='ltr'>καὶ</span> <span class='ocrx_word' id='word_1_970' title='bbox 1165 2253 1290 2279; x_wconf 81' lang='grc' dir='ltr'>ἐϐούλετο</span> <span class='ocrx_word' id='word_1_971' title='bbox 1316 2253 1363 2279; x_wconf 75' lang='grc' dir='ltr'>καὶ</span> <span class='ocrx_word' id='word_1_972' title='bbox 1377 2253 1439 2283; x_wconf 74' lang='grc' dir='ltr'>τοὺς</span> <span class='ocrx_word' id='word_1_973' title='bbox 1454 2252 1585 2286; x_wconf 81' lang='grc' dir='ltr'>ἀδελφοὺς</span> <span class='ocrx_word' id='word_1_974' title='bbox 1597 2251 1741 2282; x_wconf 80' lang='grc' dir='ltr'>κοινωνοὺς</span> <span class='ocrx_word' id='word_1_975' title='bbox 1754 2250 1845 2276; x_wconf 78' lang='grc' dir='ltr'>λαϐεῖν</span> 
     </span>
    </p>
   </div>
   <div class='ocr_carea' id='block_1_123' title="bbox 1010 2291 1845 2330">
    <p class='ocr_par' dir='ltr' id='par_1_123' title="bbox 1010 2291 1845 2330">
     <span class='ocr_line' id='line_1_124' title="bbox 1010 2291 1845 2330; baseline -0.004 -9"><span class='ocrx_word' id='word_1_976' title='bbox 1010 2295 1060 2329; x_wconf 79' lang='grc' dir='ltr'>τῆς</span> <span class='ocrx_word' id='word_1_977' title='bbox 1074 2295 1212 2330; x_wconf 78' lang='grc' dir='ltr'>μοχθηρᾶς</span> <span class='ocrx_word' id='word_1_978' title='bbox 1226 2294 1421 2329; x_wconf 84' lang='grc' dir='ltr'>προαιρέσεως·</span> <span class='ocrx_word' id='word_1_979' title='bbox 1434 2294 1481 2320; x_wconf 79' lang='grc' dir='ltr'>καὶ</span> <span class='ocrx_word' id='word_1_980' title='bbox 1492 2294 1550 2321; x_wconf 91' lang='grc' dir='ltr'>δέον</span> <span class='ocrx_word' id='word_1_981' title='bbox 1564 2294 1694 2329; x_wconf 84' lang='grc' dir='ltr'>μέλλοντα</span> <span class='ocrx_word' id='word_1_982' title='bbox 1704 2291 1845 2326; x_wconf 80' lang='grc' dir='ltr'>ἀπαγγέλ-</span> 
     </span>
    </p>
   </div>
   <div class='ocr_carea' id='block_1_124' title="bbox 1011 2333 1846 2370">
    <p class='ocr_par' dir='ltr' id='par_1_124' title="bbox 1011 2333 1846 2370">
     <span class='ocr_line' id='line_1_125' title="bbox 1011 2333 1846 2370; baseline -0.005 -8"><span class='ocrx_word' id='word_1_983' title='bbox 1011 2335 1066 2362; x_wconf 89' lang='grc' dir='ltr'>λειν</span> <span class='ocrx_word' id='word_1_984' title='bbox 1077 2335 1127 2362; x_wconf 81' lang='grc' dir='ltr'>κᾶν</span> <span class='ocrx_word' id='word_1_985' title='bbox 1142 2336 1196 2362; x_wconf 79' lang='grc' dir='ltr'>ἔσω</span> <span class='ocrx_word' id='word_1_986' title='bbox 1221 2336 1266 2362; x_wconf 77' lang='grc' dir='ltr'>ἐπὶ</span> <span class='ocrx_word' id='word_1_987' title='bbox 1279 2336 1328 2370; x_wconf 80' lang='grc' dir='ltr'>τῆς</span> <span class='ocrx_word' id='word_1_988' title='bbox 1338 2335 1426 2367; x_wconf 87' lang='grc' dir='ltr'>οἰκίας</span> <span class='ocrx_word' id='word_1_989' title='bbox 1450 2335 1548 2366; x_wconf 85' lang='grc' dir='ltr'>αὐτοὺς</span> <span class='ocrx_word' id='word_1_990' title='bbox 1561 2335 1685 2365; x_wconf 85' lang='grc' dir='ltr'>καλέσαι,</span> <span class='ocrx_word' id='word_1_991' title='bbox 1700 2333 1748 2360; x_wconf 77' lang='grc' dir='ltr'>καὶ</span> <span class='ocrx_word' id='word_1_992' title='bbox 1760 2333 1846 2364; x_wconf 78' lang='grc' dir='ltr'>οὕτως</span> 
     </span>
    </p>
   </div>
   <div class='ocr_carea' id='block_1_125' title="bbox 1011 2374 1845 2412">
    <p class='ocr_par' dir='ltr' id='par_1_125' title="bbox 1011 2374 1845 2412">
     <span class='ocr_line' id='line_1_126' title="bbox 1011 2374 1845 2412; baseline -0.004 -9"><span class='ocrx_word' id='word_1_993' title='bbox 1011 2377 1128 2410; x_wconf 81' lang='grc' dir='ltr'>ἐξειπεῖν</span> <span class='ocrx_word' id='word_1_994' title='bbox 1153 2377 1202 2412; x_wconf 82' lang='grc' dir='ltr'>τὴν</span> <span class='ocrx_word' id='word_1_995' title='bbox 1226 2376 1375 2411; x_wconf 87' lang='grc' dir='ltr'>γύμνωσιν,</span> <span class='ocrx_word' id='word_1_996' title='bbox 1393 2378 1407 2403; x_wconf 85' lang='grc' dir='ltr'>ὁ</span> <span class='ocrx_word' id='word_1_997' title='bbox 1424 2377 1452 2403; x_wconf 82' lang='grc' dir='ltr'>δὲ</span> <span class='ocrx_word' id='word_1_998' title='bbox 1465 2376 1575 2412; x_wconf 80' lang='grc' dir='ltr'>ἐξῆλθεν</span> <span class='ocrx_word' id='word_1_999' title='bbox 1601 2376 1663 2408; x_wconf 76' lang='grc' dir='ltr'>ἔξω,</span> <span class='ocrx_word' id='word_1_1000' title='bbox 1680 2374 1770 2407; x_wconf 81' lang='grc' dir='ltr'>ἐξεῖπε</span> <span class='ocrx_word' id='word_1_1001' title='bbox 1795 2374 1845 2409; x_wconf 80' lang='grc' dir='ltr'>τὴν</span> 
     </span>
    </p>
   </div>
   <div class='ocr_carea' id='block_1_126' title="bbox 1011 2415 1845 2453">
    <p class='ocr_par' dir='ltr' id='par_1_126' title="bbox 1011 2415 1845 2453">
     <span class='ocr_line' id='line_1_127' title="bbox 1011 2415 1845 2453; baseline -0.004 -9"><span class='ocrx_word' id='word_1_1002' title='bbox 1011 2419 1160 2453; x_wconf 76' lang='grc' dir='ltr'>γύμνωσιν-</span> <span class='ocrx_word' id='word_1_1003' title='bbox 1178 2418 1215 2450; x_wconf 85' lang='grc' dir='ltr'>ὡς</span> <span class='ocrx_word' id='word_1_1004' title='bbox 1232 2419 1256 2445; x_wconf 88' lang='grc' dir='ltr'>εἰ</span> <span class='ocrx_word' id='word_1_1005' title='bbox 1273 2419 1318 2445; x_wconf 74' lang='grc' dir='ltr'>καὶ</span> <span class='ocrx_word' id='word_1_1006' title='bbox 1333 2417 1434 2453; x_wconf 85' lang='grc' dir='ltr'>πλῆθος</span> <span class='ocrx_word' id='word_1_1007' title='bbox 1457 2418 1559 2452; x_wconf 81' lang='grc' dir='ltr'>ἐτέρων</span> <span class='ocrx_word' id='word_1_1008' title='bbox 1583 2417 1683 2452; x_wconf 83' lang='grc' dir='ltr'>παρῆν,</span> <span class='ocrx_word' id='word_1_1009' title='bbox 1703 2415 1845 2446; x_wconf 85' lang='grc' dir='ltr'>κάκείνους</span> 
     </span>
    </p>
   </div>
   <div class='ocr_carea' id='block_1_127' title="bbox 1012 2457 1842 2495">
    <p class='ocr_par' dir='ltr' id='par_1_127' title="bbox 1012 2457 1842 2495">
     <span class='ocr_line' id='line_1_128' title="bbox 1012 2457 1842 2495; baseline -0.005 -9"><span class='ocrx_word' id='word_1_1010' title='bbox 1012 2460 1153 2495; x_wconf 76' lang='grc' dir='ltr'>μάρτυρας</span> <span class='ocrx_word' id='word_1_1011' title='bbox 1170 2459 1203 2486; x_wconf 87' lang='grc' dir='ltr'>ἂν</span> <span class='ocrx_word' id='word_1_1012' title='bbox 1220 2460 1366 2495; x_wconf 82' lang='grc' dir='ltr'>ἐποιήσατο</span> <span class='ocrx_word' id='word_1_1013' title='bbox 1389 2460 1436 2494; x_wconf 85' lang='grc' dir='ltr'>τῆς</span> <span class='ocrx_word' id='word_1_1014' title='bbox 1459 2458 1650 2494; x_wconf 83' lang='grc' dir='ltr'>ἀσχημοσύνης</span> <span class='ocrx_word' id='word_1_1015' title='bbox 1670 2457 1716 2483; x_wconf 84' lang='grc' dir='ltr'>τοῦ</span> <span class='ocrx_word' id='word_1_1016' title='bbox 1731 2457 1842 2491; x_wconf 77' lang='grc' dir='ltr'>πατρός.</span> 
     </span>
    </p>
   </div>
   <div class='ocr_carea' id='block_1_128' title="bbox 1011 2498 1843 2536">
    <p class='ocr_par' dir='ltr' id='par_1_128' title="bbox 1011 2498 1843 2536">
     <span class='ocr_line' id='line_1_129' title="bbox 1011 2498 1843 2536; baseline -0.004 -9"><span class='ocrx_word' id='word_1_1017' title='bbox 1011 2501 1059 2527; x_wconf 89' lang='grc' dir='ltr'>Διὰ</span> <span class='ocrx_word' id='word_1_1018' title='bbox 1074 2501 1151 2527; x_wconf 84' lang='grc' dir='ltr'>τοῦτό</span> <span class='ocrx_word' id='word_1_1019' title='bbox 1165 2510 1256 2536; x_wconf 88' lang='grc' dir='ltr'>φησιν,</span> <span class='ocrx_word' id='word_1_1020' title='bbox 1269 2502 1347 2527; x_wconf 85' lang='grc' dir='ltr'>Ὅσα</span> <span class='ocrx_word' id='word_1_1021' title='bbox 1359 2501 1494 2534; x_wconf 79' lang='grc' dir='ltr'>ἐποίησε·</span> <span class='ocrx_word' id='word_1_1022' title='bbox 1509 2500 1641 2531; x_wconf 77' lang='grc' dir='ltr'>τουτέστι,</span> <span class='ocrx_word' id='word_1_1023' title='bbox 1654 2499 1703 2534; x_wconf 81' lang='grc' dir='ltr'>τὴν</span> <span class='ocrx_word' id='word_1_1024' title='bbox 1716 2498 1793 2533; x_wconf 81' lang='grc' dir='ltr'>ὕϐριν</span> <span class='ocrx_word' id='word_1_1025' title='bbox 1804 2499 1843 2529; x_wconf 86' lang='grc' dir='ltr'>εἰς</span> 
     </span>
    </p>
   </div>
   <div class='ocr_carea' id='block_1_129' title="bbox 1011 2539 1843 2577">
    <p class='ocr_par' dir='ltr' id='par_1_129' title="bbox 1011 2539 1843 2577">
     <span class='ocr_line' id='line_1_130' title="bbox 1011 2539 1843 2577; baseline -0.001 -11"><span class='ocrx_word' id='word_1_1026' title='bbox 1011 2541 1057 2567; x_wconf 77' lang='grc' dir='ltr'>τὸν</span> <span class='ocrx_word' id='word_1_1027' title='bbox 1071 2542 1176 2577; x_wconf 80' lang='grc' dir='ltr'>πατέρα</span> <span class='ocrx_word' id='word_1_1028' title='bbox 1191 2541 1355 2574; x_wconf 78' lang='grc' dir='ltr'>ἐπεδείξατο,</span> <span class='ocrx_word' id='word_1_1029' title='bbox 1381 2541 1525 2568; x_wconf 86' lang='grc' dir='ltr'>ἐπελάθετο</span> <span class='ocrx_word' id='word_1_1030' title='bbox 1549 2541 1598 2575; x_wconf 81' lang='grc' dir='ltr'>τῆς</span> <span class='ocrx_word' id='word_1_1031' title='bbox 1609 2539 1786 2575; x_wconf 76' lang='grc' dir='ltr'>ὀφειλομένης</span> <span class='ocrx_word' id='word_1_1032' title='bbox 1800 2548 1843 2565; x_wconf 84' lang='grc' dir='ltr'>τι·</span> 
     </span>
    </p>
   </div>
   <div class='ocr_carea' id='block_1_130' title="bbox 1013 2581 1842 2617">
    <p class='ocr_par' dir='ltr' id='par_1_130' title="bbox 1013 2581 1842 2617">
     <span class='ocr_line' id='line_1_131' title="bbox 1013 2581 1842 2617; baseline -0.002 -8"><span class='ocrx_word' id='word_1_1033' title='bbox 1013 2582 1066 2616; x_wconf 74' lang='grc' dir='ltr'>μῇς</span> <span class='ocrx_word' id='word_1_1034' title='bbox 1080 2583 1154 2617; x_wconf 88' lang='grc' dir='ltr'>παρά</span> <span class='ocrx_word' id='word_1_1035' title='bbox 1170 2582 1223 2608; x_wconf 84' lang='grc' dir='ltr'>τῶν</span> <span class='ocrx_word' id='word_1_1036' title='bbox 1243 2583 1344 2609; x_wconf 83' lang='grc' dir='ltr'>παίδων</span> <span class='ocrx_word' id='word_1_1037' title='bbox 1369 2582 1490 2616; x_wconf 87' lang='grc' dir='ltr'>γίνεσθαι</span> <span class='ocrx_word' id='word_1_1038' title='bbox 1505 2583 1544 2613; x_wconf 90' lang='grc' dir='ltr'>εἰς</span> <span class='ocrx_word' id='word_1_1039' title='bbox 1557 2583 1619 2613; x_wconf 74' lang='grc' dir='ltr'>τοὺς</span> <span class='ocrx_word' id='word_1_1040' title='bbox 1633 2581 1842 2616; x_wconf 83' lang='grc' dir='ltr'>γεγεννηκότας,</span> 
     </span>
    </p>
   </div>
   <div class='ocr_carea' id='block_1_131' title="bbox 1012 2623 1843 2659">
    <p class='ocr_par' dir='ltr' id='par_1_131' title="bbox 1012 2623 1843 2659">
     <span class='ocr_line' id='line_1_132' title="bbox 1012 2623 1843 2659; baseline -0.002 -10"><span class='ocrx_word' id='word_1_1041' title='bbox 1012 2623 1195 2659; x_wconf 74' lang='grc' dir='ltr'>ἐξεπόμπευσε</span> <span class='ocrx_word' id='word_1_1042' title='bbox 1207 2624 1241 2649; x_wconf 82' lang='grc' dir='ltr'>τὰ</span> <span class='ocrx_word' id='word_1_1043' title='bbox 1259 2623 1454 2658; x_wconf 82' lang='grc' dir='ltr'>ἁμαρτήματα,</span> <span class='ocrx_word' id='word_1_1044' title='bbox 1480 2623 1543 2654; x_wconf 79' lang='grc' dir='ltr'>τοὺς</span> <span class='ocrx_word' id='word_1_1045' title='bbox 1556 2623 1687 2656; x_wconf 78' lang='grc' dir='ltr'>ἀδελφοὺς</span> <span class='ocrx_word' id='word_1_1046' title='bbox 1712 2623 1843 2656; x_wconf 76' lang='grc' dir='ltr'>ἠθέλησεν</span> 
     </span>
    </p>
   </div>
   <div class='ocr_carea' id='block_1_132' title="bbox 1011 2664 1843 2700">
    <p class='ocr_par' dir='ltr' id='par_1_132' title="bbox 1011 2664 1843 2700">
     <span class='ocr_line' id='line_1_133' title="bbox 1011 2664 1843 2700; baseline -0.001 -9"><span class='ocrx_word' id='word_1_1047' title='bbox 1011 2665 1163 2700; x_wconf 80' lang='grc' dir='ltr'>ὑποσῦραι,</span> <span class='ocrx_word' id='word_1_1048' title='bbox 1191 2666 1237 2692; x_wconf 81' lang='grc' dir='ltr'>καὶ</span> <span class='ocrx_word' id='word_1_1049' title='bbox 1261 2666 1405 2696; x_wconf 83' lang='grc' dir='ltr'>κοινωνοὺς</span> <span class='ocrx_word' id='word_1_1050' title='bbox 1434 2664 1525 2691; x_wconf 78' lang='grc' dir='ltr'>λαϐεῖν</span> <span class='ocrx_word' id='word_1_1051' title='bbox 1550 2665 1599 2698; x_wconf 85' lang='grc' dir='ltr'>τῆς</span> <span class='ocrx_word' id='word_1_1052' title='bbox 1625 2664 1740 2700; x_wconf 82' lang='grc' dir='ltr'>ὕϐρεως.</span> <span class='ocrx_word' id='word_1_1053' title='bbox 1763 2664 1843 2690; x_wconf 79' lang='grc' dir='ltr'>’Ὅσα</span> 
     </span>
    </p>
   </div>
   <div class='ocr_carea' id='block_1_133' title="bbox 1010 2705 1843 2741">
    <p class='ocr_par' dir='ltr' id='par_1_133' title="bbox 1010 2705 1843 2741">
     <span class='ocr_line' id='line_1_134' title="bbox 1010 2705 1843 2741; baseline -0.004 -8"><span class='ocrx_word' id='word_1_1054' title='bbox 1010 2706 1152 2739; x_wconf 82' lang='grc' dir='ltr'>ἐποίησεν</span> <span class='ocrx_word' id='word_1_1055' title='bbox 1159 2706 1248 2738; x_wconf 79' lang='grc' dir='ltr'>αὐτῷ,</span> <span class='ocrx_word' id='word_1_1056' title='bbox 1264 2706 1355 2741; x_wconf 82' lang='grc' dir='ltr'>φησὶν,</span> <span class='ocrx_word' id='word_1_1057' title='bbox 1375 2707 1391 2732; x_wconf 83' lang='grc' dir='ltr'><em>ὁ</em></span> <span class='ocrx_word' id='word_1_1058' title='bbox 1405 2705 1470 2738; x_wconf 82' lang='grc' dir='ltr'>υίὸς</span> <span class='ocrx_word' id='word_1_1059' title='bbox 1487 2706 1581 2732; x_wconf 86' lang='grc' dir='ltr'>αὑτοῦ</span> <span class='ocrx_word' id='word_1_1060' title='bbox 1593 2708 1609 2733; x_wconf 81' lang='grc' dir='ltr'><strong><em>ό</em></strong></span> <span class='ocrx_word' id='word_1_1061' title='bbox 1621 2705 1771 2738; x_wconf 73' lang='grc' dir='ltr'>νεώτερος.</span> <span class='ocrx_word' id='word_1_1062' title='bbox 1789 2705 1843 2731; x_wconf 77' lang='grc' dir='ltr'>Καὶ</span> 
     </span>
    </p>
   </div>
   <div class='ocr_carea' id='block_1_134' title="bbox 1012 2743 1842 2783">
    <p class='ocr_par' dir='ltr' id='par_1_134' title="bbox 1012 2743 1842 2783">
     <span class='ocr_line' id='line_1_135' title="bbox 1012 2743 1842 2783; baseline -0.002 -10"><span class='ocrx_word' id='word_1_1063' title='bbox 1012 2748 1065 2782; x_wconf 81' lang='grc' dir='ltr'>μὴν</span> <span class='ocrx_word' id='word_1_1064' title='bbox 1083 2747 1130 2782; x_wconf 86' lang='grc' dir='ltr'>οὺχ</span> <span class='ocrx_word' id='word_1_1065' title='bbox 1155 2743 1231 2778; x_wconf 76' lang='grc' dir='ltr'>οὗτος</span> <span class='ocrx_word' id='word_1_1066' title='bbox 1254 2744 1315 2781; x_wconf 79' lang='grc' dir='ltr'>ἦνό</span> <span class='ocrx_word' id='word_1_1067' title='bbox 1329 2746 1467 2782; x_wconf 86' lang='grc' dir='ltr'>νεώτερος·</span> <span class='ocrx_word' id='word_1_1068' title='bbox 1495 2747 1619 2783; x_wconf 83' lang='grc' dir='ltr'>δεύτερος</span> <span class='ocrx_word' id='word_1_1069' title='bbox 1647 2747 1701 2782; x_wconf 84' lang='grc' dir='ltr'>γὰρ</span> <span class='ocrx_word' id='word_1_1070' title='bbox 1713 2744 1763 2781; x_wconf 84' lang='grc' dir='ltr'>ἦν,</span> <span class='ocrx_word' id='word_1_1071' title='bbox 1796 2744 1842 2771; x_wconf 78' lang='grc' dir='ltr'>καὶ</span> 
     </span>
    </p>
   </div>
   <div class='ocr_carea' id='block_1_135' title="bbox 1011 2785 1843 2825">
    <p class='ocr_par' dir='ltr' id='par_1_135' title="bbox 1011 2785 1843 2825">
     <span class='ocr_line' id='line_1_136' title="bbox 1011 2785 1843 2825; baseline -0.002 -11"><span class='ocrx_word' id='word_1_1072' title='bbox 1011 2788 1141 2823; x_wconf 81' lang='grc' dir='ltr'>πρότερος</span> <span class='ocrx_word' id='word_1_1073' title='bbox 1155 2787 1202 2814; x_wconf 81' lang='grc' dir='ltr'>τοῦ</span> <span class='ocrx_word' id='word_1_1074' title='bbox 1221 2788 1320 2822; x_wconf 74' lang='grc' dir='ltr'>Ἰάφεθ·</span> <span class='ocrx_word' id='word_1_1075' title='bbox 1333 2788 1390 2815; x_wconf 81' lang='grc' dir='ltr'>ἀλλ’</span> <span class='ocrx_word' id='word_1_1076' title='bbox 1403 2789 1427 2814; x_wconf 85' lang='grc' dir='ltr'>εί</span> <span class='ocrx_word' id='word_1_1077' title='bbox 1453 2789 1500 2816; x_wconf 74' lang='grc' dir='ltr'>καὶ</span> <span class='ocrx_word' id='word_1_1078' title='bbox 1514 2788 1563 2825; x_wconf 79' lang='grc' dir='ltr'>τὴν</span> <span class='ocrx_word' id='word_1_1079' title='bbox 1579 2788 1685 2823; x_wconf 69' lang='grc' dir='ltr'>ἠλικίαν</span> <span class='ocrx_word' id='word_1_1080' title='bbox 1700 2785 1734 2824; x_wconf 77' lang='grc' dir='ltr'>ἦν</span> <span class='ocrx_word' id='word_1_1081' title='bbox 1749 2787 1843 2821; x_wconf 79' lang='grc' dir='ltr'>πρότε-</span> 
     </span>
    </p>
   </div>
   <div class='ocr_carea' id='block_1_136' title="bbox 1041 2856 1841 2891">
    <p class='ocr_par' dir='ltr' id='par_1_136' title="bbox 1041 2856 1841 2891">
     <span class='ocr_line' id='line_1_137' title="bbox 1041 2856 1841 2891; baseline 0 -10"><span class='ocrx_word' id='word_1_1082' title='bbox 1041 2858 1056 2878; x_wconf 81' lang='lat' dir='ltr'><strong>d</strong></span> <span class='ocrx_word' id='word_1_1083' title='bbox 1073 2858 1121 2891; x_wconf 54' lang='lat' dir='ltr'>Sc;</span> <span class='ocrx_word' id='word_1_1084' title='bbox 1140 2865 1209 2891; x_wconf 74' lang='lat' dir='ltr'>m§s.7_</span> <span class='ocrx_word' id='word_1_1085' title='bbox 1219 2859 1275 2888; x_wconf 76' lang='lat' dir='ltr'>post</span> <span class='ocrx_word' id='word_1_1086' title='bbox 1291 2858 1469 2891; x_wconf 42' lang='lat' dir='ltr'>é§é§wxzv7hzep</span> <span class='ocrx_word' id='word_1_1087' title='bbox 1483 2859 1575 2891; x_wconf 71' lang='lat' dir='ltr'>addunt</span> <span class='ocrx_word' id='word_1_1088' title='bbox 1586 2857 1764 2891; x_wconf 54' lang='lat' dir='ltr'>:7i5ém¢§_8k,_</span> <span class='ocrx_word' id='word_1_1089' title='bbox 1774 2856 1841 2891; x_wconf 67' lang='grc' dir='ltr'>φησὶ,</span> 
     </span>
    </p>
   </div>
   <div class='ocr_carea' id='block_1_137' title="bbox 1010 2887 1842 2919">
    <p class='ocr_par' dir='ltr' id='par_1_137' title="bbox 1010 2887 1842 2919">
     <span class='ocr_line' id='line_1_138' title="bbox 1010 2887 1842 2919; baseline -0.005 -5"><span class='ocrx_word' id='word_1_1090' title='bbox 1010 2890 1064 2914; x_wconf 79' lang='grc' dir='ltr'>Νῶε</span> <span class='ocrx_word' id='word_1_1091' title='bbox 1076 2889 1122 2913; x_wconf 79' lang='grc' dir='ltr'>ἀπὸ</span> <span class='ocrx_word' id='word_1_1092' title='bbox 1134 2888 1177 2913; x_wconf 75' lang='grc' dir='ltr'>τοῦ</span> <span class='ocrx_word' id='word_1_1093' title='bbox 1187 2887 1261 2917; x_wconf 78' lang='grc' dir='ltr'>οἶνον,</span> <span class='ocrx_word' id='word_1_1094' title='bbox 1270 2890 1310 2912; x_wconf 80' lang='grc' dir='ltr'>καὶ</span> <span class='ocrx_word' id='word_1_1095' title='bbox 1323 2889 1381 2919; x_wconf 74' lang='grc' dir='ltr'>ἰγνω</span> <span class='ocrx_word' id='word_1_1096' title='bbox 1401 2889 1448 2912; x_wconf 81' lang='grc' dir='ltr'>ὅσα</span> <span class='ocrx_word' id='word_1_1097' title='bbox 1457 2890 1567 2918; x_wconf 82' lang='grc' dir='ltr'>ἐποίησεν</span> <span class='ocrx_word' id='word_1_1098' title='bbox 1578 2890 1642 2919; x_wconf 77' lang='grc' dir='ltr'>αὐτῷ</span> <span class='ocrx_word' id='word_1_1099' title='bbox 1655 2891 1668 2912; x_wconf 77' lang='grc' dir='ltr'><strong><em>ὺ</em></strong></span> <span class='ocrx_word' id='word_1_1100' title='bbox 1677 2887 1727 2914; x_wconf 72' lang='grc' dir='ltr'>υίὸς</span> <span class='ocrx_word' id='word_1_1101' title='bbox 1738 2887 1811 2911; x_wconf 75' lang='grc' dir='ltr'>αὐτοῦ</span> <span class='ocrx_word' id='word_1_1102' title='bbox 1825 2887 1842 2910; x_wconf 79' lang='grc' dir='ltr'><strong>ό</strong></span> 
     </span>
    </p>
   </div>
   <div class='ocr_carea' id='block_1_138' title="bbox 1011 2918 1804 2952">
    <p class='ocr_par' dir='ltr' id='par_1_138' title="bbox 1011 2918 1804 2952">
     <span class='ocr_line' id='line_1_139' title="bbox 1011 2918 1804 2952; baseline -0.004 -8"><span class='ocrx_word' id='word_1_1103' title='bbox 1011 2921 1124 2952; x_wconf 80' lang='grc' dir='ltr'>νεώτερος</span> <span class='ocrx_word' id='word_1_1104' title='bbox 1139 2920 1183 2943; x_wconf 82' lang='grc' dir='ltr'>καὶ</span> <span class='ocrx_word' id='word_1_1105' title='bbox 1194 2918 1277 2950; x_wconf 83' lang='grc' dir='ltr'>ταῦτα,</span> <span class='ocrx_word' id='word_1_1106' title='bbox 1293 2918 1343 2944; x_wconf 59' lang='lat' dir='ltr'>etc;</span> <span class='ocrx_word' id='word_1_1107' title='bbox 1358 2919 1433 2944; x_wconf 79' lang='lat' dir='ltr'><strong>Savil.</strong></span> <span class='ocrx_word' id='word_1_1108' title='bbox 1447 2922 1473 2945; x_wconf 82' lang='lat' dir='ltr'>el</span> <span class='ocrx_word' id='word_1_1109' title='bbox 1491 2920 1532 2945; x_wconf 83' lang='lat' dir='ltr'><strong>alii</strong></span> <span class='ocrx_word' id='word_1_1110' title='bbox 1545 2918 1635 2944; x_wconf 63' lang='lat' dir='ltr'>melius</span> <span class='ocrx_word' id='word_1_1111' title='bbox 1647 2922 1674 2943; x_wconf 87' lang='grc' dir='ltr'>υι</span> <span class='ocrx_word' id='word_1_1112' title='bbox 1684 2919 1711 2942; x_wconf 91' lang='lat' dir='ltr'>in</span> <span class='ocrx_word' id='word_1_1113' title='bbox 1722 2919 1804 2942; x_wconf 68' lang='lat' dir='ltr'>textu.</span> 
     </span>
    </p>
   </div>
   <div class='ocr_carea' id='block_1_139' title="bbox 1601 2959 1638 2990">
    <p class='ocr_par' dir='ltr' id='par_1_139' title="bbox 1601 2959 1638 2990">
     <span class='ocr_line' id='line_1_140' title="bbox 1601 2959 1638 2990; baseline 0 0"><span class='ocrx_word' id='word_1_1114' title='bbox 1601 2959 1638 2990; x_wconf 79' lang='grc'>17</span> 
     </span>
    </p>
   </div>
  </div>
