2058 3123
145 144 197 172 263

144 201 194 228 dus
207 200 279 229 enim
294 205 362 234 erat,
378 205 405 228 et
419 199 504 235 major
519 203 581 226 natu
595 205 674 234 quam
687 197 800 233 Japbeth
815 206 821 225 :
835 201 862 225 at
875 196 938 225 licet

145 251 224 273 aetate
237 247 284 274 illo
297 247 370 282 prior
381 250 447 277 erat,
464 246 598 273 voluntate
610 251 697 272 tamen
708 245 802 276 minor,
815 249 842 273 et
856 248 938 270 teme~

145 292 211 320 ritas
224 293 298 319 illum
313 292 418 327 deiecit.
435 291 500 319 Nam
515 292 576 326 quia
589 291 675 318 noluit
687 290 756 317 intra
766 297 827 317 suos
840 289 938 316 limites

145 343 267 369 ntanere,
292 336 381 363 amisit
402 335 531 363 benorem
546 336 595 363 sibi
618 342 633 362 a
646 338 739 362 natura
752 334 875 361 traditum
888 342 895 360 :
910 337 937 360 et

144 382 214 409 sicut
230 382 276 409 ille
297 382 323 409 id
345 381 417 416 quod
431 386 526 408 natura
549 380 650 413 habuit,
665 380 781 415 nequitia
794 378 937 406 voluntatis

144 427 244 460 amisit,
262 428 297 454 ita
310 426 422 462 Japhetlt
433 426 504 462 quod
518 431 610 454 natura
625 434 677 454 non
689 425 788 458 habuit,
803 425 935 452 saniorem

144 472 179 499 ob
192 477 309 500 mentem
323 472 434 506 accepit.

180 518 208 544 6.
230 517 283 544 Cur
302 518 370 551 [ilius
384 517 533 544 maledictus
546 517 578 543 ait
589 517 620 543 ob
632 516 710 551 patris
726 519 863 550 peccatum.
880 514 934 541 Pa-

145 567 194 588 tres
208 571 254 597 pro
268 562 351 589 liberis
364 562 448 597 puniri
459 566 599 597 optunt.—-—
614 561 706 588 Vidisti
718 561 851 596 quomodo
860 559 926 586 nihil

145 612 247 635 temere
259 613 286 635 et
297 607 404 634 fortuito
419 608 444 634 in
460 607 548 634 divina
557 607 692 641 Scriptura
702 605 853 641 reperitur?
871 605 936 638 Quw

144 653 238 684 fecerat
253 653 316 685 sibi,
332 653 432 688 inquit,
447 653 516 687 ﬁlius
532 661 593 680 suae
617 652 710 685 iunior.
727 651 772 679 25.
790 651 823 679 Et
848 650 911 679 dixit
925 657 934 676 .-

144 698 295 726 Maledictus
319 699 441 727 Chanaan
463 699 542 733 ﬁlius,
556 707 642 725 seruus
661 698 708 725 erit
728 698 849 733 fratribus
871 696 933 724 suis.

144 744 214 771 Ecce
226 745 395 780 pervenimus
405 744 438 772 ad
448 744 622 779 quaestionem
637 743 707 770 illam
716 743 813 777 ttbique
823 747 932 769 motam.

143 789 240 817 Multos
251 790 322 817 extim
337 790 458 817 audimus
472 789 591 817 dicentes
611 799 618 817 :
633 789 721 823 Quare
735 796 795 815 eum
809 794 934 822 peccave-

142 835 177 863 rit
189 839 276 869 pater,
289 839 316 862 et
330 835 477 870 prodiderit
489 835 647 867 nuditatem,
675 834 749 862 ﬁlius
762 833 932 861 maledictum

141 879 271 915 suscipit?
283 880 411 913 Obsecro,
425 879 554 908 attendite
568 880 719 916 diligenter,
734 883 761 907 et
775 879 934 907 solutionem

141 925 263 959 accipite.
277 925 323 954 Illa
335 926 405 954 enim
417 925 546 954 dicemus.
556 933 615 960 qua:
625 924 833 959 suppeditaverit
845 923 933 952 divina

140 971 225 1005 gratia
239 975 347 1006 propter
360 976 475 999 vestram
491 971 643 999 utilitatem.
666 970 698 998 Et
718 970 782 998 dixit
797 978 806 997 :
825 969 935 997 Maledi-

141 1021 196 1043 ctus
207 1014 329 1045 Chanaan
343 1017 419 1050 ﬁlius,
433 1024 517 1043 seruus
529 1017 574 1045 erit
587 1015 709 1051 fratribus
717 1015 778 1043 suis.
794 1014 853 1043 Non
867 1014 932 1042 sim-

142 1060 257 1095 pliciter,
269 1068 355 1096 neque
364 1061 389 1090 in
402 1069 498 1090 vanum
508 1061 727 1090 commemoravit
736 1061 830 1093 lilium,
843 1059 890 1087 sed
898 1059 934 1087 ob

142 1106 270 1135 latentem
281 1108 421 1136 rationem.
435 1107 548 1136 Volebat
562 1107 633 1136 enim
643 1107 722 1135 simul
735 1112 762 1134 et
773 1107 861 1142 ipsum
874 1114 933 1133 cor-

140 1151 228 1186 ripere
243 1157 352 1188 propter
361 1158 507 1187 peccatum.
524 1157 550 1181 et
563 1153 751 1181 contumeliam
762 1160 813 1188 qua
824 1160 854 1181 se
866 1152 932 1180 alie-

139 1201 232 1225 cerstt:
248 1201 275 1226 et
295 1197 373 1226 simul
396 1198 502 1226 nolebat
525 1198 685 1226 labefactare
709 1197 932 1230 benedictionem,

139 1250 200 1277 quas
210 1243 248 1272 illi
262 1243 363 1278 pridem
376 1252 391 1271 a
403 1244 458 1272 Deo
473 1244 542 1273 facta
564 1244 650 1271 fuerat
667 1252 675 1273 :
688 1243 820 1272 Benedixit
842 1244 912 1272 enim
924 1263 932 1276 ,

140 1288 236 1323 inquit.
253 1289 322 1318 Deus
346 1290 403 1319 Noe
414 1291 516 1325 quando
526 1291 600 1320 exivit
612 1299 644 1319 cr
656 1298 726 1324 arca,
739 1295 762 1319 et
777 1290 844 1325 ﬁlios
863 1289 934 1318 illius

141 1335 219 1369 (Gen.
231 1335 258 1364 9.
274 1336 286 1364 l
302 1337 322 1371 ).
340 1336 375 1364 Ut
394 1336 474 1371 igitur
495 1345 529 1365 ne
541 1337 663 1366 videatur
681 1337 841 1366 maledicere
854 1344 933 1372 quem

140 1381 213 1410 Deus
225 1382 311 1411 semel
328 1382 510 1416 benedixerat,
531 1383 667 1418 praeterito
680 1382 725 1410 illo
737 1383 783 1418 qui
799 1390 829 1411 se
841 1387 934 1411 contu.

139 1428 219 1455 melis
234 1427 369 1460 aiiecerat,
386 1428 440 1456 filio
452 1429 623 1459 maledictum
646 1429 743 1458 intulit.
759 1429 835 1462 Esto,
856 1429 932 1456 disc-

138 1473 195 1506 ris,
223 1473 275 1502 hoc
300 1474 407 1509 quidem
434 1474 551 1503 ostendit
573 1479 713 1510 propterea
741 1474 823 1503 Cham
850 1474 933 1503 male-

138 1520 241 1547 dictum
251 1528 303 1548 non
314 1520 406 1554 fuisse,
414 1521 474 1556 quia
489 1521 562 1556 prius
573 1528 588 1549 a
599 1520 653 1549 Deo
661 1520 872 1548 benedictionem
887 1527 934 1547 ac-

139 1572 249 1602 ceperat
269 1575 276 1594 :
292 1574 375 1602 quare
387 1573 476 1594 autem
489 1574 550 1594 cum
564 1567 609 1594 ille
625 1567 784 1601 peccaverit.
808 1565 851 1594 hic
875 1573 933 1600 pte-

138 1619 202 1639 nam
216 1612 283 1639 luit?
295 1612 386 1647 Neque
400 1614 450 1640 hoc
461 1612 561 1647 absque
576 1612 677 1640 ratione
688 1611 785 1640 factum
801 1616 852 1639 est.
867 1611 934 1640 Nam

139 1662 217 1692 pater
239 1665 291 1685 non
314 1658 444 1685 minorem
462 1665 566 1692 omnem
583 1657 683 1690 habuit,
698 1665 778 1692 quam
805 1657 892 1690 (ilius,
908 1661 935 1686 ct

139 1704 286 1731 cruciatum
302 1703 394 1731 sensit.
418 1703 497 1732 Scitis
511 1703 593 1735 enim,
609 1703 683 1732 scitis
702 1702 836 1737 quomodo
849 1709 934 1736 suspe-

140 1757 254 1777 numero
274 1754 361 1784 patres
382 1749 481 1784 precati
503 1753 565 1778 sunt
584 1753 612 1778 ut
641 1748 756 1778 ﬁliorum
781 1756 873 1782 pmnns
886 1748 935 1781 ipsi

140 1794 263 1827 ferrent;
279 1800 306 1822 et
326 1795 433 1829 gravius
458 1794 509 1823 illis
533 1801 593 1824 esse
608 1794 698 1823 videro
723 1793 791 1824 filios
805 1793 935 1828 supplicio

140 1840 223 1874 aftici,
236 1848 315 1876 quant
330 1841 352 1868 si
368 1841 417 1876 ipsi
431 1841 463 1868 iis
477 1841 563 1868 forent
573 1840 692 1869 obnoxii.
707 1840 818 1869 Factum
831 1839 935 1867 esthoc

141 1887 234 1921 igitur,
250 1893 278 1914 nt
293 1887 338 1914 ille
353 1887 387 1914 ob
400 1886 550 1916 naturalem
571 1885 597 1915 in
615 1885 697 1915 ftiium
710 1893 839 1917 amorem,
853 1884 935 1920 majo-

141 1940 201 1960 rem
225 1933 338 1961 sentiret
352 1933 482 1966 dolerent,
505 1937 533 1960 et
547 1932 698 1961 benedictio
712 1932 758 1959 Dei
783 1935 937 1960 servaretur

142 1980 280 2012 inviolata,
294 1985 321 2007 et
333 1979 401 2007 illius
412 1983 519 2013 accepta
536 1978 732 2009 tnuledictione,
748 1985 857 2007 suorum
870 1984 934 2012 pro-

143 2026 264 2060 priorum
276 2033 369 2060 pinnas
383 2029 552 2060 peccatorum
567 2025 662 2052 lueret.
676 2024 742 2053 Nam
756 2024 816 2053 licet
829 2028 937 2058 propter

144 2072 227 2107 patris
240 2076 378 2106 peccatum
391 2079 460 2098 nunc
476 2071 654 2101 maledictioni
668 2070 702 2099 sit
714 2069 855 2102 obnoxius,
870 2072 938 2098 atta-

144 2127 207 2145 men
222 2118 367 2146 verisimile
381 2122 432 2150 est,
449 2125 510 2148 eum
533 2117 613 2145 etiam
636 2122 746 2151 propter
768 2124 814 2145 sua
839 2116 935 2144 delicta

145 2165 252 2193 dedisse
274 2172 390 2200 pinnam.
413 2163 471 2191 Non
485 2164 556 2190 enim
570 2163 656 2190 solttm
669 2166 779 2197 propter
801 2166 937 2197 peccaturo

145 2210 228 2245 patris
253 2209 466 2237 maledictioncm
485 2209 596 2243 accepit,
613 2208 660 2236 sed
683 2207 803 2236 fortassis
817 2208 896 2235 etiam
912 2211 940 2235 ut

114 2261 121 2268 ‘
146 2264 195 2291 per
210 2256 298 2290 ipsum
311 2255 354 2282 ille
367 2255 494 2290 majorem
505 2262 611 2289 paruam
625 2253 765 2289 penderet.
783 2253 848 2283 Nam
868 2252 938 2287 (μιοΛ

146 2309 233 2336 neque
243 2306 331 2336 patres
343 2308 392 2336 pro
404 2301 474 2334 filiis,
489 2307 574 2335 neque
586 2299 632 2329 lilii
645 2306 691 2334 pro
702 2299 819 2334 patribus
834 2305 938 2333 pinnam

146 2347 232 2379 luant,
254 2346 301 2374 sed
321 2346 502 2380 unusquisque
523 2353 571 2381 pro
585 2345 640 2375 suis
662 2344 777 2379 peccatis
801 2351 886 2380 pinnat
905 2344 941 2371 sit

151 2392 299 2425 obnoxius,
312 2392 404 2419 multis
417 2391 443 2419 in
459 2391 524 2419 locis
536 2398 549 2418 τι
563 2390 699 2426 prophetis
713 2389 812 2418 dictum
840 2388 940 2418 inveni.-

146 2446 217 2469 mus.
233 2442 262 2466 ut
275 2445 335 2465 cum
347 2438 438 2466 dicunt
454 2446 461 2466 ε
474 2437 630 2465 Comedentis
650 2445 711 2464 uvas
722 2437 834 2469 acerbas,
854 2436 940 2466 dentes

146 2484 326 2517 obstupescunt
341 2483 405 2518 (λεν.
421 2483 465 2510 51.
477 2483 542 2518 Ξ9);
568 2487 604 2516 et,
618 2482 709 2511 Anima
723 2490 778 2517 qua:
793 2482 939 2516 peccauerit,

147 2531 204 2565 ipsa
229 2534 255 2558 et
277 2530 398 2557 morietur
417 2529 521 2564 (Ezcclt.
536 2529 579 2557 18.
603 2529 672 2564 20);
693 2533 720 2557 et
745 2530 839 2558 iterum
858 2538 865 2555 :
881 2528 941 2556 Non

149 2578 289 2604 morientur
310 2581 394 2611 patres
413 2584 459 2611 pro
481 2576 540 2610 ﬁliis
553 2596 560 2609 ,
587 2584 665 2611 neque
689 2575 736 2609 ﬁlii
763 2583 808 2610 pro
829 2575 942 2610 patribus

148 2623 237 2658 (Deut.
254 2622 299 2650 24.
313 2621 346 2648 l6
357 2620 378 2657 ).
389 2621 482 2648 Nullus
505 2621 583 2655 igitur
598 2626 728 2654 vestrum,
743 2629 844 2655 quisse,
867 2621 942 2656 quasi

148 2669 275 2705 ignorans
285 2668 383 2694 divina:
397 2667 541 2702 Scriptum
555 2675 676 2702 scopum,
689 2667 786 2694 audeat
799 2668 856 2694 hinc
877 2667 943 2694 scri-

150 2721 193 2750 pta
214 2715 424 2750 reprehendere,
449 2714 494 2741 sed
518 2718 595 2749 grato
621 2715 711 2742 animo
737 2722 796 2749 qua:
818 2714 944 2743 dicuntur

149 2762 273 2800 accipiat,
289 2761 490 2798 admireturqne
503 2761 599 2788 divina:
615 2760 759 2796 Scriptum
773 2761 866 2788 miram
881 2761 943 2788 dili-

149 2809 278 2844 gentiam,
298 2812 326 2836 ct
337 2807 473 2842 expendat
488 2811 614 2842 quantum
626 2807 724 2836 malum
739 2808 774 2835 sit
793 2812 940 2842 peccatum.

151 2855 218 2883 Ecce
242 2854 316 2883 enim
340 2853 451 2882 fratrem
481 2852 573 2881 cadent
603 2857 693 2882 natum
720 2860 871 2889 puerpera,
897 2860 943 2882 co-

695 141 726 169 lN
745 140 821 169 CAP.
843 139 888 169 1x.
908 139 1031 170 GENES.
1052 139 1166 169 IIOMIL.
1187 140 1281 169 XXIX.

1727 142 1780 171 270

993 197 1054 224 dem
1072 204 1208 232 egressum
1234 202 1319 231 utero,
1346 198 1543 233 subingressum
1564 204 1700 234 peccatum
1727 208 1782 228 ser-

992 250 1053 269 vum
1069 242 1145 275 fecit,
1159 247 1187 270 et
1199 242 1287 272 ablata
1300 243 1432 276 libertate,
1449 244 1476 271 in
1490 245 1680 280 subiectionem
1706 245 1778 274 iilutn

990 288 1094 316 induxit
1107 297 1114 315 :
1131 289 1200 317 unde
1213 293 1304 324 postea
1318 290 1432 317 servitus
1442 291 1553 324 sumpsit
1563 290 1704 326 originem.
1719 291 1772 319 Ne-

990 341 1041 369 que
1055 334 1126 362 enim
1139 339 1216 362 antea
1240 334 1362 363 solebant
1377 335 1412 364 ita
1432 335 1549 363 molliter
1558 343 1647 371 agere,
1659 337 1779 364 deliciari

989 384 1016 406 et
1036 379 1147 407 aliorum
1166 380 1319 408 ministeriis
1343 379 1471 416 indigere.
1490 380 1542 408 Sed
1553 381 1669 416 sibiipsis
1680 383 1779 417 quique

990 424 1187 458 ministrabant,
1203 430 1311 460 eratque
1325 433 1373 461 par
1395 426 1514 454 omnium
1540 426 1634 459 honor,
1650 432 1677 454 et
1690 427 1777 454 ablata

989 479 1005 498 e
1017 471 1105 499 medio
1115 475 1172 499 erat
1181 473 1267 500 omnis
1280 473 1444 508 inmqualitas
1455 481 1462 506 ;
1474 473 1519 503 ubi
1537 478 1625 500 autem
1642 477 1777 508 pmtum

989 516 1107 549 intravit,
1127 517 1275 545 libertatem
1291 518 1413 553 perdidit,
1430 523 1457 546 et
1481 518 1634 553 dignitatem
1649 525 1663 545 ι
1680 522 1775 546 natura

988 561 1077 589 datam
1092 562 1269 595 labefactavit,
1281 564 1490 598 servitutemqne
1501 563 1658 597 introduxit,
1671 568 1699 592 ut
1713 571 1777 591 con-

988 607 1060 634 tinua
1073 608 1108 636 sit
1119 608 1240 638 doctrina
1259 613 1286 637 et
1300 609 1444 638 admonitio
1468 609 1590 637 humanm
1612 614 1724 641 natum,
1749 614 1778 636 ut

988 651 1119 688 fugiamus
1131 655 1287 683 servitutem
1299 655 1410 690 peccati,
1427 660 1454 684 ot
1466 655 1498 684 ad
1513 655 1616 683 virtutis
1628 655 1776 684 libertatem

987 699 1138 727 redeamus.
1152 700 1228 732 Quod
1244 701 1314 728 enim
1327 709 1423 729 servus
1435 707 1462 729 et
1474 702 1598 731 demittas
1619 702 1681 730 hine
1693 702 1779 730 conti-

988 752 1077 777 nttam,
1092 745 1114 772 si
1125 745 1217 779 velint,
1233 745 1347 774 habeant
1365 747 1505 776 utilitatem
1516 768 1524 781 ,
1541 748 1666 783 cogitent.
1683 755 1778 776 servus

987 789 1092 823 quidem
1103 789 1162 817 ideo
1172 790 1198 818 in
1211 792 1365 820 servitutem
1378 799 1407 819 se
1421 792 1568 825 redactum,
1582 793 1643 828 quia
1653 793 1736 820 Citam
1750 793 1776 820 in

987 839 1085 863 tantam
1101 841 1258 870 pervenerat
1273 838 1447 865 temeritatem
1464 847 1471 864 ι
1487 842 1515 866 et
1526 838 1649 866 dominus
1671 845 1777 873 quoque

986 881 1093 915 cogitet,
1106 888 1158 909 non
1174 882 1282 913 aliunde
1299 883 1492 918 subjectionem
1504 887 1532 911 et
1544 884 1701 912 servitutem
1714 891 1771 911 cm-

986 926 1067 962 pisse,
1081 935 1160 962 quam
1175 928 1246 963 quod
1259 929 1303 956 ille
1318 936 1472 963 perversam
1487 929 1638 957 exhibuerit
1653 929 1774 957 volunta-

987 977 1051 1006 tetn,
1067 978 1095 1001 et
1106 982 1121 1001 a
1136 975 1192 1009 puri
1206 974 1316 1002 fratrum
1334 975 1462 1011 dignitate
1476 975 1617 1004 exciderit.

1022 1018 1038 1046 7
1066 1019 1172 1052 Verum,
1189 1020 1210 1049 si
1226 1020 1308 1047 sobrii
1325 1027 1418 1048 sumus
1437 1025 1464 1048 et
1478 1021 1631 1055 prudentes,
1648 1020 1714 1048 nihil
1728 1027 1778 1048 nos

987 1064 1122 1092 offendent
1137 1065 1193 1093 huic
1204 1070 1311 1101 propter
1328 1071 1435 1101 peccata
1461 1071 1601 1102 parentum
1622 1071 1774 1094 nostrorum

987 1110 1135 1139 introducta
1149 1111 1176 1139 in
1190 1112 1258 1140 hanc
1271 1113 1363 1146 vitam,
1376 1120 1436 1140 cum
1452 1120 1495 1140 res
1510 1113 1536 1140 in
1547 1113 1700 1140 nominibus
1712 1113 1777 1140 solis

986 1152 1118 1185 v'ersetnr.
1129 1157 1195 1191 Quia
1207 1162 1234 1184 et
1247 1159 1349 1192 primtts
1360 1165 1455 1193 parens
1467 1162 1577 1193 propter
1589 1158 1778 1193 transgressio—

987 1209 1047 1229 nem
1059 1203 1152 1229 mortis
1162 1210 1266 1238 pernam
1278 1203 1411 1238 vitamque
1421 1203 1446 1230 in
1461 1203 1595 1230 laboribus
1605 1202 1779 1231 mmroribus-

986 1255 1039 1283 que
1052 1248 1262 1278 consumendam
1287 1249 1385 1281 intulit,
1401 1253 1428 1276 et
1439 1249 1481 1276 hic
1495 1249 1649 1276 servitutem
1665 1256 1777 1276 :vernm

986 1295 1175 1329 superveniens
1194 1294 1323 1323 Dominus
1342 1294 1463 1322 Christus
1476 1294 1533 1321 inec
1545 1294 1633 1321 omnia
1647 1301 1707 1321 esse
1719 1301 1779 1328 per-

986 1340 1058 1368 misit
1067 1340 1099 1367 ad
1108 1341 1214 1368 nomina
1221 1348 1304 1375 usque
1315 1344 1428 1373 tantum,
1437 1340 1459 1368 si
1467 1340 1597 1367 volumus.
1608 1339 1699 1375 Neque
1705 1339 1776 1366 enim

986 1394 1068 1419 mors,
1085 1393 1155 1414 tnors
1167 1386 1234 1414 ultra
1246 1391 1296 1419 est,
1305 1386 1350 1413 sed
1367 1393 1462 1414 nomen
1472 1389 1573 1412 tantum
1583 1385 1662 1413 habet
1674 1384 1777 1416 mortis,

987 1431 1041 1458 imo
1057 1436 1084 1459 et
1097 1432 1183 1466 ipsum
1199 1439 1296 1458 nomen
1311 1431 1443 1460 sublatum
1460 1434 1510 1458 est.
1526 1430 1591 1458 Nam
1606 1438 1692 1464 neque
1705 1436 1778 1457 mor-

988 1481 1041 1503 tem
1056 1476 1139 1510 ipsam
1160 1477 1229 1503 ultra
1243 1476 1365 1508 dicimus,
1387 1475 1434 1503 sed
1454 1482 1577 1510 saperem
1603 1479 1629 1501 et
1644 1481 1776 1504 somnum.

987 1522 1101 1550 Proinde
1114 1526 1141 1549 et
1164 1522 1285 1552 Christus
1309 1522 1366 1556 ipse
1387 1521 1494 1551 dicebat
1513 1529 1520 1548 :
1547 1520 1660 1547 Lazarus
1681 1520 1778 1549 amicus

987 1574 1070 1595 uoster
1084 1568 1176 1595 dormit
1188 1568 1275 1602 (Joan.
1296 1569 1338 1595 il.
1352 1568 1382 1595 ll
1398 1568 1407 1602 )
1424 1576 1431 1594 :
1452 1572 1479 1594 et
1492 1566 1590 1595 Paulus
1605 1566 1777 1595 Thsssaloni~

987 1613 1110 1642 censibus
1132 1614 1251 1641 scribens
1264 1634 1271 1646 ,
1295 1613 1380 1648 inquit
1400 1622 1406 1639 :
1431 1612 1470 1639 De
1491 1612 1670 1641 dormientibus
1696 1615 1779 1641 autem

987 1660 1045 1687 nolo
1060 1668 1102 1686 uos
1116 1660 1244 1695 ignorare,
1258 1660 1349 1694 fratres
1368 1660 1377 1694 (
1389 1660 1414 1686 l.
1432 1659 1519 1686 Thess.
1537 1659 1564 1687 Δ.
1577 1657 1636 1693 12).
1650 1658 1684 1687 Ει
1697 1658 1779 1686 servi-

989 1710 1030 1732 tus
1044 1713 1149 1740 quoque
1161 1705 1284 1732 similiter
1297 1712 1392 1732 nomen
1406 1709 1447 1732 est
1460 1713 1467 1730 :
1482 1705 1528 1731 ille
1540 1703 1611 1732 enirn
1622 1707 1663 1731 est
1674 1710 1778 1735 servus,

987 1751 1031 1786 qui
1047 1755 1184 1785 peccatum
1195 1754 1330 1785 operatur.
1347 1750 1381 1777 Et
1391 1750 1461 1785 quod
1482 1751 1562 1777 etiam
1578 1749 1646 1777 hanc
1659 1748 1778 1778 abstuie~

988 1796 1022 1822 rit
1035 1795 1151 1825 adventu
1166 1803 1216 1823 suo
1229 1795 1359 1827 Christus,
1376 1802 1425 1822 nec
1438 1795 1487 1823 nisi
1497 1802 1595 1822 nomen
1609 1801 1670 1822 esse
1682 1793 1780 1828 permi-

988 1842 1062 1874 serit,
1077 1842 1131 1869 imo
1146 1847 1173 1869 et
1187 1842 1344 1869 vocabulum
1358 1842 1444 1876 ipsum
1463 1841 1608 1874 deleverit,
1629 1839 1691 1868 audi
1712 1839 1780 1867 Patro

989 1887 1043 1914 lum
1060 1887 1192 1916 dicentem
1211 1896 1217 1914 :
1234 1888 1284 1920 Qui
1294 1893 1377 1914 autent
1388 1887 1475 1920 ﬁdeles
1487 1887 1578 1915 habent
1591 1887 1717 1917 dominos,
1729 1892 1781 1914 nou

988 1937 1148 1961 contemnant
1157 1941 1208 1963 eos,
1220 1933 1278 1966 quia
1289 1933 1380 1967 fratres
1390 1937 1449 1960 sunt
1460 1933 1502 1967 (i.
1515 1932 1583 1960 Tim.
1599 1932 1625 1960 6.
1640 1932 1658 1959 2
1667 1931 1688 1966 ).
1699 1931 1780 1958 Vides

989 1977 1122 2011 quomodo
1136 1977 1180 2004 ubi
1196 1978 1280 2004 virtus
1301 1977 1478 2010 subintravit,
1492 1984 1538 2004 eos
1561 1977 1587 2004 in
1608 1976 1781 2005 fraternitatis

989 2030 1086 2050 nomen
1101 2023 1280 2057 congregavit,
1291 2023 1335 2057 qui
1348 2023 1423 2058 prius
1431 2023 1566 2051 servitutis
1580 2023 1688 2050 nomine
1703 2027 1781 2050 erant

990 2068 1121 2096 obnoxii?
1134 2068 1168 2095 Et
1177 2069 1235 2102 erit,
1249 2069 1342 2103 inquit,
1367 2068 1491 2095 Chanaan
1506 2068 1574 2102 ﬁlius
1589 2076 1674 2096 seruus
1691 2067 1780 2103 fratri-

991 2115 1035 2145 bus
1046 2115 1108 2142 suis.
1121 2114 1225 2142 Abusus
1239 2121 1279 2147 es,
1293 2114 1387 2149 inquit,
1403 2113 1513 2147 honore,
1533 2121 1585 2141 non
1600 2114 1669 2142 bene
1684 2118 1710 2140 te
1722 2120 1781 2148 gos.

991 2161 1058 2193 sisti,
1073 2168 1132 2190 cum
1145 2167 1191 2193 par
1205 2167 1278 2187 esses
1293 2159 1438 2195 dignitate;
1462 2163 1603 2194 propterea
1616 2158 1783 2193 subiectione

991 2206 1128 2234 emendari
1151 2210 1177 2233 te
1197 2205 1268 2233 volo.
1285 2205 1341 2233 [loc
1363 2205 1397 2232 ab
1412 2205 1487 2232 initio
1502 2209 1529 2233 et
1542 2204 1648 2233 mulieri
1662 2203 1781 2238 contigit.

991 2253 1122 2286 Quoniam
1137 2252 1208 2279 enim
1232 2260 1280 2287 par
1302 2255 1360 2280 erat
1385 2251 1443 2278 viro
1468 2251 1608 2286 dignitate,
1628 2255 1656 2278 et
1682 2250 1784 2279 honore

992 2299 1073 2327 abusa
1088 2303 1138 2331 est,
1155 2303 1294 2333 propterea
1314 2298 1399 2325 ablata
1427 2302 1467 2324 est
1489 2297 1523 2325 ab
1543 2297 1586 2325 illa
1607 2301 1736 2332 potestas,
1757 2300 1785 2323 et

992 2345 1092 2373 audivit
1109 2353 1115 2372 :
1137 2345 1177 2371 Ad
1207 2345 1289 2372 virum
1307 2349 1377 2372 tuum
1397 2344 1524 2371 conversio
1542 2348 1600 2375 tua;
1625 2347 1648 2369 et
1673 2343 1728 2377 ipse
1748 2345 1784 2368 tut

993 2390 1164 2418 dominabitur
1183 2389 1258 2425 (Gen.
1281 2390 1307 2417 5.
1339 2390 1401 2425 16).
1426 2389 1492 2423 Quia
1519 2388 1663 2421 nescivisti,
1688 2387 1782 2422 inquit,

995 2437 1105 2472 imperio
1120 2441 1193 2464 recte
1206 2437 1253 2469 uti,
1271 2436 1344 2463 disce
1358 2435 1446 2470 potius
1456 2439 1529 2462 recte
1543 2434 1654 2469 imperio
1676 2433 1783 2468 subjici,

994 2491 1072 2519 quam
1099 2483 1168 2510 male
1191 2482 1333 2518 imperare.
1357 2481 1471 2508 Proinde
1492 2480 1571 2508 etiam
1600 2479 1642 2506 hic
1661 2486 1731 2506 nunc
1751 2477 1784 2505 ad

994 2529 1206 2557 emendationem
1230 2536 1334 2563 pinnam
1361 2528 1466 2562 accipit,
1494 2530 1519 2554 et
1543 2533 1592 2561 per
1617 2525 1700 2554 lilium
1730 2524 1786 2559 ipse

994 2576 1126 2605 cruciatur
1140 2584 1147 2602 ι
1162 2581 1191 2602 ut
1209 2575 1306 2607 discas,
1325 2574 1376 2601 etsi
1403 2581 1485 2618 senex
1513 2577 1576 2600 tttnc
1598 2577 1668 2599 esset
1685 2591 1693 2604 .
1718 2575 1786 2599 alta-

995 2630 1065 2654 men,
1089 2621 1151 2657 quia
1168 2628 1247 2656 pinna
1266 2621 1291 2647 in
1317 2620 1399 2646 filium
1419 2618 1531 2651 transiit,
1557 2618 1582 2645 id
1601 2617 1650 2652 ipsi
1675 2617 1785 2645 luctuo-

996 2676 1052 2697 sam
1064 2672 1090 2696 et
1104 2668 1241 2695 insuavem
1252 2666 1333 2701 vitam
1348 2665 1454 2696 feciSse,
1478 2663 1604 2699 cogitanti
1620 2663 1699 2690 etiam
1727 2667 1787 2696 post

996 2721 1071 2742 suam
1094 2716 1208 2740 mortem
1235 2711 1317 2738 filium
1343 2717 1450 2746 pcenam
1472 2709 1598 2737 luiturum
1625 2716 1694 2736 esse.
1719 2707 1787 2736 Nam

996 2759 1065 2795 quod
1080 2759 1150 2786 filius
1167 2765 1215 2793 per
1228 2765 1258 2785 sc
1280 2757 1375 2790 malus,
1395 2761 1421 2784 et
1444 2762 1537 2783 omnes
1555 2755 1599 2790 qni
1618 2755 1652 2782 ab
1667 2755 1712 2781 illo
1732 2753 1787 2781 nati

998 2806 1095 2833 fuerint
1109 2803 1310 2835 abominabiles,
1324 2807 1351 2830 et
1365 2802 1398 2830 ad
1412 2802 1509 2829 malutn
1522 2808 1654 2836 propeuse
1665 2800 1786 2828 declina-

997 2852 1060 2888 rint,
1074 2850 1134 2879 audi
1148 2850 1312 2885 Scriptorum
1329 2849 1462 2881 dicentem
1482 2855 1529 2884 per
1541 2847 1651 2881 modum
1670 2844 1785 2888 maledi-
