2058 3123
267 131 316 158 211

267 185 318 212 oti:
329 183 468 211 I’atcrtutts
480 183 650 217 Amorrlta'us,
658 190 682 212 et
692 191 771 213 mater
777 191 820 213 tua
829 185 938 213 Chettwa
950 185 1055 221 (Ezech.

270 231 315 258 16.
327 232 345 259 3
355 231 376 264 ).
392 230 424 258 Et
437 231 506 258 alius
520 232 713 259 contumeliose
726 232 800 265 dicit,
815 232 909 259 Semen
921 231 1055 262 Chanaan,

267 281 292 303 et
318 285 368 303 non
393 277 464 303 Juda
486 276 567 311 (Dan.
594 277 638 304 15.
653 277 718 311 56).
736 278 819 305 Porro
831 285 920 312 operae
943 278 1056 312 pretium

268 321 349 349 fuerit
361 322 453 349 audire
467 330 538 350 nunc
551 327 610 358 post
624 329 743 357 penam,
754 323 948 358 quamaecepit
970 324 992 350 is
1013 323 1056 357 qui

268 366 414 394 nuditatem
435 367 576 402 evulgavit,
602 375 662 402 quae
689 368 797 402 praemia
819 368 953 402 assequnti
970 367 1021 394 sint
1039 367 1056 394 ii

267 412 312 446 qui
329 417 428 440 tantam
447 413 622 440 reverentiam
643 417 672 441 et
686 413 814 441 honorem
837 414 903 449 patri
927 414 1057 441 exhibue-

269 463 342 486 ruut.
356 459 401 487 26.
419 458 451 486 Et
464 459 540 492 dixit,
562 459 658 494 inquit,
674 459 827 487 Benedictus
845 459 967 486 Dominus
991 458 1058 486 Deus

269 505 340 538 Sent,
351 511 373 533 et
382 506 428 533 erit
438 505 561 533 Chanaan
571 515 657 534 seri-us
664 506 745 534 illius.
758 506 824 538 lloc,
835 505 901 533 forte
911 506 970 540 quis
982 505 1059 533 dixe-

268 554 314 586 rit,
329 560 381 580 non
394 558 435 581 est
449 554 607 582 benedicere
620 554 692 582 Sem.
718 553 773 581 lmo
784 553 862 580 valde
877 552 1011 580 benedixit
1024 552 1057 579 il-

269 600 334 626 lum.
348 599 460 633 Quando
472 599 544 627 enim
560 600 629 627 Deus
644 599 808 627 hencdicitur
825 620 832 632 ,
846 603 874 626 01
887 603 1001 633 aguntur
1021 598 1058 625 illi

269 644 362 678 gratia:
374 645 408 671 ab
420 643 582 676 hominibus,
599 648 660 672 tunc
674 644 782 672 uberior
803 643 836 670 ab
851 643 896 670 illo
910 643 980 670 solet
1001 643 1058 670 istis

269 689 420 717 benedictio
432 690 499 722 dari,
516 695 624 724 propter
635 698 702 725 quos
714 690 769 724 ipse
782 689 957 716 benedicitur.
970 689 1059 723 Itaque

265 734 431 762 benedicens
455 736 538 763 Deum
551 736 698 764 debitorem
714 735 800 770 ipsum
815 735 876 762 fecit
888 734 996 768 majoris
1011 734 1058 761 be-

270 779 438 812 nedictionis,
455 785 600 815 auctorque
608 780 656 807 fuit
665 779 729 808 Sem
741 779 850 814 majoris
863 779 1056 812 retributionis,

268 831 348 857 quam
361 825 382 851 si
404 832 464 852 011111
482 826 538 860 ipse
558 833 604 860 per
625 833 655 852 se
679 825 873 852 benedixissct.
890 824 964 852 Sicut
987 825 1058 852 enim

269 869 376 904 quando
404 870 569 897 benedicitur
592 874 701 905 propter
721 877 780 903 nos,
806 870 918 896 multum
941 870 966 896 id
983 870 1058 897 nobis

269 915 393 942 conciliat
414 915 531 942 favoris:
555 916 589 942 ita
609 920 637 943 et
657 919 749 942 contra
765 915 872 950 quando
894 920 1000 950 propter
1011 921 1059 942 nos

272 961 317 988 alii
335 961 408 988 illum
423 961 620 996 blasphemant,
635 961 720 996 major
730 961 792 989 hinc
811 965 901 988 nostra
925 960 1060 988 111000110-

270 1007 381 1039 mnatio,
397 1006 562 1041 qui'causam
576 1006 707 1034 dedimus.
720 1007 860 1040 Quocirca,
874 1006 996 1039 obsecro,
1010 1006 1058 1033 de-

269 1059 330 1078 mus
342 1059 462 1086 operata,
477 1056 505 1079 ut
519 1052 554 1079 ita
567 1053 689 1079 vivamus
699 1073 707 1086 ,
722 1057 749 1079 et
762 1056 842 1079 tanta:
853 1052 958 1078 virtutis
971 1052 1058 1085 speci-

270 1104 331 1124 men
341 1097 525 1130 exhibeamus,
541 1102 570 1125 ut
580 1105 682 1130 omnes,
699 1097 742 1132 qui
754 1104 803 1124 nos
815 1097 936 1129 viderint,
951 1097 1060 1124 benedi-

269 1142 373 1170 ctiones
384 1143 472 1170 laudis
489 1143 602 1170 011οη111
616 1143 730 1170 Domino
746 1143 809 1169 Deo.
826 1142 890 1168 Nam
903 1142 963 1176 quia
975 1141 1060 1168 bonus

270 1194 298 1216 et
310 1189 438 1224 benignus
448 1193 499 1221 est,
516 1197 562 1224 per
575 1196 624 1216 nos
636 1188 691 1216 vult
704 1188 784 1223 gloria
800 1187 869 1214 affici
895 1195 902 1213 ε
923 1195 976 1214 01111
988 1186 1059 1221 quod

270 1235 320 1270 ipsi
333 1234 431 1269 aliquid
444 1234 477 1262 ad
492 1242 566 1262 suam
589 1234 700 1269 gloriam
721 1233 849 1262 accedat:
873 1232 971 1259 nullius
988 1232 1058 1259 enim

271 1281 376 1316 indigus
390 1285 448 1311 est;
472 1280 518 1307 sed
543 1284 572 1307 ut
585 1280 740 1307 occasiones
761 1279 811 1314 ipsi
827 1278 1003 1314 111-10110010ος,
1031 1281 1061 1304 111

271 1326 364 1361 maiori
379 1334 428 1353 nos
439 1325 624 1353 benevolentia
646 1328 829 1359 prosequatur.
843 1323 992 1350 Benedictus
1007 1322 1060 1349 Do-

271 1373 354 1400 minus
373 1372 443 1405 Seni,
457 1377 480 1399 et
502 1373 547 1399 crit
560 1371 682 1398 Chanaan
696 1378 780 1397 seruus
806 1369 885 1396 illius.
901 1368 981 1396 Vides
992 1375 1060 1403 quo-

272 1419 352 1447 modo
367 1424 503 1454 paternam
515 1425 621 1454 pmnam
636 1417 746 1452 profert,
761 1424 819 1451 quis
835 1421 923 1443 tamen
936 1415 1061 1442 emenda-

272 1465 310 1492 tio
333 1466 420 1500 potius
439 1469 509 1497 erat,
531 1471 611 1499 quam
640 1463 740 1498 [1111101
758 1462 836 1489 Pater
856 1461 926 1489 enim
948 1465 1016 1493 erat,
1034 1465 1062 1488 et

272 1511 470 1537 amantissimus
496 1514 580 1544 pater,
608 1516 692 1544 neque
713 1507 811 1542 justam
836 1514 942 1542 pmnam
957 1507 1062 1534 volebat

273 1557 409 1588 inducere,
424 1556 470 1584 sed
484 1556 520 1583 ita
542 1560 570 1582 ut
584 1555 736 1582 ulteriorem
752 1554 879 1581 malitiam
893 1553 1059 1588 reprimeret.

273 1602 347 1634 Ideo,
362 1601 408 1634 ait,
424 1601 460 1628 ad
483 1601 636 1628 servitutem
649 1605 676 1628 te
697 1599 857 1632 condemno,
879 1603 908 1626 ut
928 1599 1019 1633 jugem
1034 1602 1062 1626 et

273 1648 443 1675 indelebilem
462 1647 560 1675 habcos
585 1647 645 1674 facti
665 1646 831 1673 rnetnoriam.
856 1645 952 1672 Postea
967 1643 1031 1671 dicit
1051 1652 1060 1671 :

272 1693 318 1720 27.
342 1691 435 1719 Dilatet
449 1691 516 1720 Deus
529 1691 651 1725 Japheth,
676 1696 699 1718 et
722 1691 814 1718 habitet
844 1690 870 1717 in
894 1690 1062 1717 tabernaculis

273 1738 344 1770 Sent,
360 1742 382 1764 et
395 1737 440 1772 ﬁat
450 1737 571 1765 Chanaan
583 1745 667 1765 servus
677 1737 757 1764 illius.
779 1736 944 1764 lterum-litae
958 1742 1063 1770 quoque

273 1783 388 1810 maxima
403 1783 553 1810 benedictio
573 1787 625 1814 est,
639 1782 706 1810 forte
727 1782 854 1810 latentem
872 1781 990 1816 aliquem
1013 1781 1063 1808 ha-

273 1829 340 1856 bens
363 1827 527 1856 thesaurum.
545 1827 649 1860 Ditatet,
670 1828 762 1862 inquit,
779 1827 845 1854 Deus
867 1827 988 1862 Japheth.
1004 1826 1062 1854 Non

272 1875 408 1902 nberrabit
421 1875 491 1909 quis,
506 1874 527 1901 si
543 1875 640 1901 dixerit
658 1873 855 1901 benedictiones
869 1873 932 1908 justi
947 1871 1063 1908 prophe-

275 1921 326 1947 tias
339 1927 409 1947 esse.
424 1920 490 1947 Nam
506 1919 528 1947 si
543 1924 619 1955 pater
633 1919 690 1946 Noe
713 1926 765 1946 non
783 1918 956 1953 simpliciter,
977 1925 1063 1953 neque

274 1966 370 1993 frustra
384 1965 539 1993 vocabulum
553 1965 647 1994 indidit
660 1964 727 1996 Noe,
741 1964 788 1991 sed
799 1963 956 1991 vaticinatus
966 1967 1007 1991 est
1016 1970 1063 1997 per

274 2020 371 2039 nomen
385 2012 500 2039 futurum
513 2011 651 2039 diliuvium
670 2019 678 2038 :
703 2011 786 2038 multo
810 2010 893 2045 magis
905 2010 994 2044 justus
1018 2009 1063 2036 ille

273 2066 327 2086 non
339 2058 504 2092 simpliciter,
523 2065 609 2092 neque
622 2057 718 2084 frustra
730 2056 929 2084 benediCIioues
943 2055 1062 2090 protulit.

274 2105 373 2139 Opinor
383 2104 454 2131 enim
469 2111 529 2131 eum
545 2103 668 2131 hosduos
683 2103 873 2135 benedicendo,
890 2102 1001 2129 duorum
1015 2109 1065 2136 po-

280 2151 404 2186 pulorum
419 2150 584 2177 vocationem
600 2149 747 2184 signiﬁcare
758 2149 873 2175 voluisse
888 2156 895 2176 :
908 2152 935 2175 et
944 2155 992 2182 per
1002 2147 1063 2174 Sem

275 2195 382 2230 quidem
395 2195 519 2224 Judmos:
534 2203 565 2222 ex
577 2195 622 2221 illo
635 2195 706 2221 enim
719 2200 745 2221 et
756 2193 900 2225 Abraham,
914 2197 941 2220 et
956 2192 1063 2220 ,1011100-

277 2249 335 2268 rum
358 2248 443 2276 genus
458 2240 660 2275 multiplicatum
681 2244 722 2267 est
737 2247 802 2274 :pcr
823 2238 938 2273 Japhelh
962 2243 1062 2271 autem,

276 2288 393 2323 gentium
407 2287 582 2314 vocationem.
597 2286 663 2313 Vide
677 2290 764 2312 autem
780 2284 992 2313 benedictionem
1002 2284 1064 2311 iure

278 2333 456 2368 prmuuntiare
473 2341 480 2360 :
497 2332 591 2359 Dilatet
611 2332 693 2362 enim,
714 2331 807 2365 inquit,
824 2330 890 2357 Deus
900 2329 1023 2364 Japheth,
1042 2335 1065 2358 et

277 2379 371 2406 habitet
391 2380 419 2406 in
440 2379 607 2406 tabernaculis
632 2378 702 2405 Sem.
724 2377 778 2403 1100
801 2377 964 2411 ingentibus
980 2377 1064 2404 adim-

278 2426 377 2459 pictum
400 2424 531 2451 videmus.
555 2423 621 2451 Cum
646 2423 710 2450 dicit
733 2422 813 2454 enim,
833 2421 947 2454 Dilatet,
970 2429 1065 2450 omnes

278 2475 370 2506 gentes
382 2469 571 2500 subindicavit;
583 2468 629 2496 sed
645 2468 770 2502 dit-cudo,
788 2467 890 2495 flabitet
904 2468 930 2494 in
944 2467 1064 2494 taberna-

275 2519 342 2546 rttlis
351 2517 421 2551 Seni,
431 2519 547 2547 siniticat
560 2520 652 2550 gentes
667 2513 717 2541 frui
727 2514 840 2548 coepisse
852 2514 884 2541 iis
896 2521 955 2548 quae
967 2513 1066 2541 Judznis

278 2565 367 2596 parata
382 2566 408 2588 et
417 2561 542 2588 adornata
553 2565 638 2588 erant.
653 2560 684 2587 Et
703 2561 749 2587 erit
765 2560 887 2588 Chanaan
901 2568 985 2587 servus
1000 2561 1064 2595 ejus.

311 2607 338 2633 8.
363 2605 472 2633 Vidistis
493 2606 599 2640 qualem
621 2611 648 2633 et
673 2606 690 2633 ii
714 2606 782 2641 grati
805 2606 885 2633 animi
907 2610 1066 2640 acceperunt

279 2652 440 2684 1111110011οη1,
455 2657 483 2679 01
496 2657 593 2687 quanta
604 2652 648 2679 ille
664 2657 772 2687 propter
785 2652 960 2680 temeritatem
973 2656 1001 2679 et
1014 2652 1065 2679 im-

280 2697 446 2732 prudentiam
469 2697 803 2732 18110111111100πο01000111
819 2698 877 2725 Sint
900 2697 957 2724 haec
972 2705 1066 2732 perpe-

276 2746 328 2770 tuo
342 2742 368 2769 in
382 2747 472 2770 nostra
487 2746 576 2770 mente
587 2743 696 2777 scripta,
716 2747 746 2770 ut
776 2742 872 2770 horum
897 2743 1067 2770 aemulatores

279 2793 306 2816 et
319 2789 465 2816 imitatores
478 2789 532 2816 ﬁcri
549 2790 681 2824 possimus
698 2798 704 2816 :
719 2788 797 2823 hujus
809 2793 898 2816 autem
914 2787 1064 2823 improbam

279 2839 394 2863 mentem
408 2855 416 2867 ,
432 2839 459 2863 et
473 2835 605 2871 ingentem
620 2834 790 2870 petulantiam
807 2832 946 2870 fugiamus.
969 2834 1015 2862 28.
1031 2833 1064 2862 Et

625 129 807 160 SJOANNIS
824 129 1059 159 000100510111
1082 130 1240 158 ΑΠΕΗΙΕΡ.
1260 129 1523 158 CONSTANTINOP.

1847 129 1902 157 272

1114 185 1184 217 vixit,
1203 185 1295 220 inquit,
1311 185 1367 213 Noe
1383 191 1439 221 post
1458 185 1579 212 diluvium
1593 192 1673 212 annos
1686 189 1809 212 trecentos
1819 187 1896 220 quin-

1111 231 1251 265 quaginta;
1263 231 1307 258 29.
1319 237 1342 258 et
1353 233 1454 267 [uerunt
1467 239 1553 257 omnes
1564 230 1616 257 dies
1633 229 1690 257 Noe
1697 231 1817 265 nongenti
1828 231 1901 265 quin-
1926 236 1929 238 '

1111 276 1229 311 quaginta
1243 277 1315 308 anni,
1327 281 1349 303 et
1369 281 1481 303 mortuus
1495 282 1542 303 est.
1565 276 1604 303 Ne
1626 275 1677 303 hoc
1698 281 1775 311 putes
1801 277 1903 309 absque

1115 327 1195 347 causa
1212 322 1363 356 assignasse
1383 321 1556 356 Scripturam,
1572 321 1617 349 sed
1633 321 1692 348 vide
1714 326 1740 348 et
1766 321 1817 348 hoc
1843 321 1900 348 loco

1108 364 1172 400 justi
1183 366 1383 393 continentiam.
1400 365 1467 399 Quia
1480 374 1540 393 cum
1554 370 1624 393 tanta
1636 366 1766 393 frueretur
1781 366 1901 393 ubertate

1111 415 1139 437 et
1172 412 1366 445 prosperitate,
1399 412 1632 446 supervivat-tque
1663 416 1736 438 tanto
1770 419 1900 438 annorum

1111 462 1222 483 numero
1235 461 1294 491 post
1314 463 1451 491 egressum
1473 456 1507 483 ab
1525 463 1598 489 arca,
1615 457 1700 484 noluit
1722 457 1791 484 ultra
1816 457 1903 484 indul-

1110 509 1173 537 gere
1186 502 1329 529 liberorum
1344 502 1534 537 procreationi.
1555 502 1612 529 Non
1627 504 1697 530 enim
1708 507 1901 530 commemorat

1111 547 1246 582 Scriptura
1269 548 1342 575 illum
1357 548 1423 575 alios
1434 552 1593 583 111-1111011100
1612 548 1678 575 istos
1699 548 1824 576 habuisse
1835 549 1902 576 libe-

1111 601 1165 621 ros.
1177 594 1224 621 Hic
1231 594 1324 621 iterum
1334 595 1417 628 cogita
1424 601 1544 629 magnam
1555 593 1718 622 salacitatem
1728 593 1831 624 Chami,
1840 595 1901 629 quin

1111 647 1198 674 neque
1213 645 1315 674 patrem
1333 639 1427 668 videns
1440 645 1520 667 tantae
1530 640 1700 667 continentia:
1711 661 1718 672 ,
1733 640 1832 667 castior
1845 641 1902 674 ipse

1111 685 1196 712 factus
1204 690 1254 719 est,
1262 686 1308 713 sed
1316 686 1406 713 omnia
1419 686 1526 714 diverso
1537 686 1616 713 modo
1625 694 1703 721 quam
1712 692 1786 721 pater
1794 686 1898 721 agebat.

1111 730 1226 758 Proinde
1237 731 1333 758 merito
1345 738 1424 758 omne
1437 731 1520 766 ipsius
1531 739 1616 766 genus
1630 731 1656 758 in
1668 731 1823 759 servitutem
1835 739 1901 758 con-

1110 777 1264 804 demnatum
1279 782 1329 811 est,
1342 782 1371 805 ut
1385 778 1512 812 improba:
1533 778 1677 805 voluntatis
1691 777 1795 805 frenum
1819 777 1901 805 habe-

1113 829 1162 851 ret.
1178 823 1279 851 Deinde
1289 824 1331 852 hic
1345 829 1433 851 narrat
1447 824 1583 860 Scriptura
1598 832 1646 852 eos
1659 825 1704 859 qui
1720 832 1753 852 ex
1767 825 1829 851 filiis
1842 825 1896 852 nati

1112 874 1184 902 sunt,
1198 874 1225 897 et
1238 870 1321 904 inquit
1335 879 1343 897 :
1356 870 1435 897 Cham
1448 876 1533 896 autem
1544 871 1629 905 genuit
1646 870 1733 903 Chus;
1746 875 1773 898 01
1795 879 1899 905 rursus,

1112 914 1179 942 Chus
1191 916 1274 949 genuit
1285 915 1410 948 Nemrod,
1422 915 1464 950 qui
1476 916 1549 950 coepit
1557 924 1610 942 esse
1620 916 1692 950 gigas
1704 924 1780 950 super
1794 920 1900 943 terram.

1112 959 1163 986 Hic
1178 961 1226 996 fuit
1240 961 1313 996 gigas
1330 966 1436 988 1101111101
1453 969 1537 988 coram
1556 960 1666 988 Domino
1680 961 1754 996 (Cap.
1771 961 1814 988 l0.
1833 961 1858 988 6.
1872 961 1900 988 8.

1112 1005 1159 1041 9).
1179 1007 1294 1040 Quidam
1321 1007 1412 1034 dicunt
1433 1007 1486 1039 hic,
1507 1007 1599 1034 Coram
1622 1007 1740 1039 Domina,
1758 1007 1902 1034 idem‘esso

1111 1053 1180 1087 quod
1194 1058 1286 1081 contra
1302 1054 1383 1081 Deum
1399 1062 1406 1081 :
1421 1058 1574 1089 egoautem
1590 1061 1641 1080 non
1662 1058 1726 1088 puto
1737 1053 1901 1088 Scriptorum

1113 1099 1163 1127 hoc
1174 1100 1317 1132 insinuare,
1333 1100 1380 1128 sed
1396 1101 1480 1135 ipsum
1494 1100 1588 1127 fortem
1603 1099 1795 1134 robustumque
1810 1099 1901 1126 fuisse.

1111 1146 1186 1179 Quod
1200 1150 1288 1173 autem
1299 1145 1372 1179 dicit,
1388 1145 1479 1173 Coram
1490 1145 1599 1172 Domino
1607 1145 1673 1177 Deo,
1690 1145 1740 1172 1100
1753 1150 1804 1175 est,
1816 1144 1851 1171 ab
1868 1151 1902 1171 eo

1113 1192 1283 1223 constitutus,
1313 1199 1345 1219 eo
1369 1191 1439 1226 quod
1468 1195 1607 1226 acceperat
1631 1190 1843 1218 benedictionem
1868 1189 1903 1216 ab

1113 1237 1159 1264 illo
1173 1245 1180 1265 ε
1197 1237 1238 1264 vel
1253 1236 1323 1272 quod
1338 1237 1407 1264 Deus
1422 1244 1470 1272 per
1491 1237 1562 1264 hunc
1585 1240 1656 1264 esset
1682 1236 1708 1263 in
1728 1235 1903 1264 admiratione

1112 1282 1261 1316 habendus,
1277 1282 1346 1317 quod
1367 1282 1446 1310 talem
1459 1282 1641 1318 produxisset,
1660 1286 1688 1309 et
1700 1289 1782 1317 super
1795 1286 1901 1308 terram

1113 1332 1297 1356 monstrasset.
1314 1327 1367 1355 Sed
1383 1327 1426 1355 hic
1436 1328 1531 1355 iterum
1543 1335 1669 1363 proavum
1683 1333 1761 1355 suum
1772 1327 1901 1360 imitatus,

1112 1378 1139 1401 et
1151 1373 1250 1401 abusus
1264 1379 1365 1401 natura:
1387 1374 1578 1409 praerogativis,
1593 1373 1672 1400 alium
1684 1373 1823 1400 servitutis
1846 1380 1903 1400 mo-

1111 1418 1173 1446 dum
1193 1419 1328 1447 adiuvenit
1339 1439 1347 1451 ,
1363 1423 1442 1454 atque
1464 1419 1641 1454 principatum
1659 1426 1823 1453 regnumque
1836 1418 1901 1445 affe-

1111 1465 1202 1492 ctavit.
1219 1464 1274 1491 Rex
1301 1465 1371 1492 enim
1394 1472 1536 1500 numquam
1550 1464 1640 1497 fuerit,
1656 1465 1677 1491 si
1700 1472 1751 1491 non
1769 1464 1823 1491 sint
1838 1463 1902 1491 sub-

1113 1510 1160 1538 diti
1176 1519 1183 1537 :
1198 1515 1259 1537 tunc
1269 1515 1357 1538 autem
1369 1518 1432 1538 vere
1446 1510 1550 1538 videtur
1568 1518 1628 1538 esse
1642 1510 1750 1537 libertas
1765 1518 1772 1536 :
1788 1509 1904 1537 servitus

1114 1563 1194 1590 porro
1204 1555 1362 1591 gravissima
1379 1561 1420 1584 est
1442 1557 1468 1583 in
1479 1556 1573 1584 ordine
1596 1556 1736 1588 libertatis,
1753 1555 1902 1590 przesertim

1113 1604 1135 1630 si
1151 1603 1242 1630 liberis
1262 1603 1418 1638 imperetur.
1434 1604 1472 1630 Ac
1486 1603 1545 1630 vide
1558 1607 1655 1637 quanta
1677 1602 1756 1629 faciat
1772 1601 1902 1628 ambitio:

1113 1649 1174 1676 vide
1192 1649 1313 1683 corporis
1337 1649 1418 1676 robur
1432 1656 1484 1676 non
1507 1656 1622 1675 manens
1637 1649 1705 1674 intra
1718 1647 1904 1679 suoselimitcs.

1114 1695 1161 1722 sed
1183 1695 1256 1730 plura
1269 1699 1398 1730 expetens
1409 1715 1416 1727 ,
1431 1699 1466 1722 vet
1481 1695 1578 1730 gloria:
1592 1699 1760 1729 appetentem
1772 1698 1904 1720 naturam.

1114 1740 1171 1768 Non
1185 1741 1256 1768 enim
1270 1745 1297 1768 ut
1312 1740 1467 1768 defenderet
1480 1740 1539 1768 illos
1555 1760 1562 1773 ,
1587 1740 1735 1774 imperabat
1746 1747 1753 1772 ;
1764 1739 1815 1766 sed
1829 1743 1855 1766 et
1867 1738 1907 1766 ci-

1115 1787 1210 1814 vitates
1233 1786 1382 1813 :ediflcabat
1403 1791 1431 1813 ut
1449 1786 1569 1813 hostibus
1593 1785 1745 1819 imperaret.
1771 1785 1818 1812 11.
1841 1783 1907 1810 Inde

1114 1832 1191 1864 enim,
1215 1831 1308 1866 inquit,
1330 1839 1361 1858 ea:
1381 1836 1446 1858 terra
1463 1831 1508 1858 illa
1525 1831 1600 1858 01111νί1
1621 1830 1711 1862 Assur,
1735 1834 1759 1856 et
1771 1829 1906 1863 azdiﬁcavit

1117 1877 1238 1905 Niniven.
1255 1878 1443 1905 Animadverte
1454 1877 1496 1904 hic
1510 1884 1616 1912 quoque
1636 1876 1701 1904 nihil
1716 1876 1812 1903 lmderc
1827 1880 1906 1902 natu-

1115 1931 1171 1950 ram
1195 1928 1314 1950 nostram
1337 1923 1535 1957 progenitorum
1561 1922 1698 1950 malitiam.
1717 1922 1747 1949 lli
1762 1922 1845 1954 enim,
1858 1921 1905 1948 Ni-

1116 1970 1213 1997 nivitas
1233 1969 1303 2001 dico,
1318 1969 1527 1996 misericordiam
1544 1969 1588 1996 Dei
1612 1968 1766 2002 pmnilentiu
1780 1967 1829 1995 sibi
1842 1974 1907 1993 con-

1116 2015 1249 2048 ciliarunt,
1261 2019 1382 2042 revocata
1397 2015 1468 2041 illius
1482 2014 1616 2041 sententia
1641 2013 1698 2046 :-hi,
1714 2013 1832 2047 inquam,
1846 2020 1907 2046 pro-

1115 2061 1421 2096 genitoremhabuerunt
1435 2060 1518 2087 Cham
1533 2059 1701 2094 parricidam,
1713 2058 1809 2086 deinde
1825 2057 1906 2084 Nem-

1117 2108 1164 2135 rod
1176 2108 1311 2135 hominem
1328 2112 1467 2143 tyrannum
1485 2111 1512 2133 et
1531 2110 1709 2140 arrogantem,
1721 2113 1754 2132 ex
1767 2112 1820 2139 quo
1832 2109 1906 2131 ortus

1117 2155 1202 2182 Assur
1215 2153 1261 2189 (a).
1280 2153 1407 2180 Dicuntur
1431 2157 1519 2179 autem
1535 2151 1604 2178 forte
1631 2156 1658 2178 et
1670 2151 1714 2178 alii
1737 2150 1817 2177 fuisse
1838 2150 1907 2176 inter

1118 2201 1177 2228 illos
1191 2200 1285 2227 molles
1311 2205 1338 2227 et
1351 2199 1471 2231 delicati,
1487 2204 1513 2226 et
1525 2198 1683 2226 dissolutam
1705 2205 1738 2224 ac
1753 2201 1906 2231 corruptam

1117 2252 1225 2283 agentes
1237 2247 1333 2279 vitam,
1345 2245 1476 2278 ebrietati,
1487 2249 1516 2272 et
1526 2242 1905 2276 11801,0101111111011011011111110,

1117 2299 1144 2321 et
1157 2294 1309 2321 scommatis
1321 2292 1414 2320 dediti.
1429 2291 1481 2319 Sed
1496 2292 1556 2326 quia
1571 2291 1704 2317 sinceram
1723 2297 1779 2324 prae
1792 2296 1822 2316 se
1836 2288 1906 2316 ferre

1115 2341 1225 2368 voluere
1239 2339 1433 2374 pmnitentiam,
1449 2337 1514 2365 nihil
1528 2337 1592 2372 ipsis
1607 2336 1693 2364 obfuit
1706 2337 1906 2370 progenitor-um

1118 2385 1238 2418 malitia,
1264 2384 1311 2412 sed
1335 2388 1436 2411 tantum
1461 2383 1512 2410 sibi
1534 2382 1648 2410 czclestis
1663 2381 1763 2408 favoris
1783 2380 1906 2407 concilia-

1150 2441 1186 2472 (a)
1203 2441 1231 2465 10
1244 2447 1324 2472 graeco
1336 2441 1425 2471 legitur
1435 2459 1441 2468 ,
1450 2446 1525 2471 ,εττονσν
1537 2446 1625 2470 ισιηιάη
1635 2445 1669 2472 et
1679 2439 1758 2469 Lamp.
1771 2437 1851 2461 Vetus
1866 2436 1907 2472 ln-

1119 2471 1224 2503 terpres,
1236 2471 1344 2502 nepotem
1354 2477 1445 2502 quoque
1459 2477 1546 2503 aesar;
1556 2477 1600 2494 nos
1610 2471 1733 2503 vertimus,
1744 2474 1776 2492 ex
1784 2474 1832 2503 quo
1843 2471 1908 2503 ortus

1118 2500 1200 2528 Assur.
1212 2500 1287 2527 Assur
1300 2500 1363 2533 ergo
1368 2500 1438 2556 putat
1447 2501 1628 2532 (hrysostomus
1641 2507 1672 2524 ex
1694 2500 1818 2525 Nemrodo
1829 2502 1908 2522 ortum

1119 2540 1185 2556 esse.
1195 2537 1276 2556 contra
1287 2540 1359 2556 uuam
1378 2533 1460 2556 mitur
1475 2533 1499 2556 in
1511 2531 1597 2556 eodem
1611 2537 1673 2554 nono
1684 2534 1763 2556 cat-ite
1774 2533 1907 2556 Gencseos.

1119 2540 1185 2562 esse,
1195 2537 1276 2558 contra
1287 2531 1359 2563 quain
1368 2531 1460 2564 legitur
1475 2531 1499 2556 iri
1511 2531 1597 2556 eodem
1611 2537 1673 2554 nono
1684 2534 1763 2560 cal-ite
1772 2533 1907 2564 pencscps,

1117 2565 1160 2588 ubi
1172 2559 1247 2588 Assur
1255 2559 1320 2588 ﬁlius
1329 2559 1498 2587 Semivdicitur.
1511 2566 1584 2586 Locus
1595 2565 1676 2586 autem
1686 2559 1760 2592 quem
1772 2560 1811 2584 hic
1823 2559 1908 2589 expla-

1119 2598 1160 2619 nat
1171 2595 1360 2625 chrysostomus,
1373 2599 1476 2624 nempe:
1487 2597 1521 2625 De
1529 2597 1594 2618 terra
1605 2592 1648 2625 illa
1659 2598 1768 2625 egressus
1779 2593 1813 2625 cst
1827 2596 1907 2625 401111,

1119 2626 1187 2650 varie
1199 2620 1334 2655 eiplicatur
1346 2620 1376 2649 ab
1389 2620 1578 2655 interpretibus;
1591 2622 1630 2647 alii
1648 2620 1732 2655 putant
1744 2621 1783 2645 hic
1793 2620 1826 2645 de
1839 2624 1907 2645 Nem-

1122 2656 1183 2681 rodo
1194 2653 1247 2687 agit,
1265 2655 1362 2687 dicique
1374 2653 1597 2687 ipsumiprofectrmi
1610 2658 1666 2677 esse
1677 2653 1788 2687 deterra
1803 2655 1908 2687 senuaar

1119 2680 1246 2714 Assurftd'
1256 2688 1295 2710 est
1306 2680 1329 2710 111
1341 2680 1471 2714 Assyriam;
1485 2689 1511 2710 et
1523 2684 1653 2709 aedificasse
1669 2683 1782 2714 Niniven,
1796 2685 1846 2707 em.
1862 2680 1907 2705 Alii

1119 2713 1205 2741 dicunt
1213 2717 1250 2741 his
1261 2716 1358 2740 indicari
1370 2713 1445 2740 Assur
1456 2716 1528 2740 illium
1540 2720 1594 2740 sem
1607 2715 1713 2739 exivisse
1726 2713 1758 2738 de
1776 2716 1842 2737 terra
1853 2716 1908 2736 sen-

1120 2753 1191 2779 naar,
1203 2750 1229 2771 et
1246 2747 1376 2779 aedificasse
1392 2747 1500 2779 ttinivep,
1511 2750 1569 2779 _otc.,
1579 2746 1618 2770 cui
1633 2743 1840 2779 opinioni__favent
1856 2746 1908 2779 Lit_x

1120 2772 1287 2806 Interpretes,
1305 2777 1371 2802 favet
1388 2778 1460 2801 etiam
1472 2772 1583 2806 vulgata.
1596 2772 1656 2800 111110
1667 2781 1727 2806 ergo
1739 2774 1857 2806 libentius
1868 2772 1908 2797 ad-

1119 2805 1220 2838 stipulor
1229 2807 1312 2832 multis
1318 2808 1349 2832 de
1357 2809 1444 2837 causis.
1450 2814 1510 2838 quas
1521 2805 1560 2832 hic
1568 2805 1705 2832 resensere'
1710 2805 1832 2838 longioris
1843 2807 1909 2838 esset

1121 2837 1204 2869 opera:
1211 2845 1216 2863 :
1223 2839 1380 2870 quamobrem
1389 2845 1431 2865 res
1437 2837 1502 2865 aliud
1513 2845 1538 2864 111
1549 2842 1643 2870 tempus
1653 2837 1792 2862 remittatur
1804 2837 1907 2866 oportet.
