2058 3123
121 140 170 168 271

122 198 299 234 πραγμένων.
326 199 388 226 Ὅτι
418 199 472 236 γὰρ
496 200 544 228 καὶ
564 200 580 228 ὀ
601 201 665 234 παῖς
687 201 801 229 οἴκοθεν·
818 202 952 238 μοχθηρὸς

121 242 238 278 ὑπῆρχε,
256 243 305 270 καὶ
320 244 345 270 al
368 243 398 276 ἐξ
414 244 518 271 ἐκείνου
542 245 643 277 πάντες
671 245 807 280 βδελυκτοὶ
826 245 951 280 γεγόνασι

120 286 190 321 πρὸς
209 287 310 314 κακίαν
322 287 525 321 ἀποκλίναντες,
538 288 620 315 ἄκουε
638 290 687 324 τῆς
700 289 809 325 Γραφῆς
822 289 952 324 λεγούσης

120 331 150 357 ἐν
160 330 237 364 τάξει
249 331 382 367 κατάρας·
403 332 433 358 '0
449 332 547 366 πατήρ
564 340 622 360 σου
636 332 710 369 [291]
719 333 894 367 Ἀμορραῖος,
905 333 955 360 καί

120 375 140 407 ἢ
157 374 259 409 μήτηρ
271 382 330 402 σου
342 376 476 403 Χετταία.
489 377 543 403 Καὶ
551 376 630 403 πάλιν
643 377 736 412 ἕτερός
743 385 784 409 τις
797 377 954 412 ἐνυδρίζων,

119 419 243 453 Σπέρμα
254 419 376 446 Χαναὰν
387 420 436 447 καί
449 420 506 447 οὐκ
529 420 630 447 Ἰούδα.
648 420 728 447 Ἀλλὰ
742 420 796 455 γὰρ
810 419 885 452 ἄξιον
900 420 956 447 λοι-

125 463 174 490 πδν
197 462 313 490 ἀκοῦσαι
342 463 411 499 μετὰ
433 464 484 500 τὴν
502 464 669 500 ἐπιτίμησιν,
696 464 729 499 ήν
749 464 858 497 ἐδέξατο
878 465 892 491 ὁ
906 465 956 500 τὴν

120 507 262 543 γύμνωσιν
289 507 336 535 τοῦ
359 508 461 544 πατρὸς
493 508 702 544 ἐκπομπεύσας,
725 508 804 535 τίνων
819 508 955 542 ἀξιοῦνται

121 552 176 578 τῶν
188 551 310 587 ἀμοι6ῶν
324 551 347 578 οί
364 551 414 587 τὴν
434 552 568 587 τοσαύτην
591 553 658 578 αίδῶ
676 552 723 579 καὶ
732 552 781 588 τὴν
794 552 875 588 τιμὴν
889 553 955 579 ἀπο-

120 595 265 630 νείμαντες
280 595 318 630 τῷ
333 595 425 631 πατρί.
437 595 492 622 Καὶ
505 594 579 628 εἶπε,
595 596 687 630 φησὶν,
703 595 876 630 Εὐλογητὸς
890 596 955 622 Κύ-

119 647 184 673 ριος
200 640 217 666 ό
234 639 306 672 Θεὸς
320 640 373 667 τοῦ
383 639 457 674 Σὴμ,
474 640 523 667 καὶ
537 640 622 668 ἔσται
637 640 759 667 Χαναὰν
766 641 836 673 παῖς
850 640 952 667 αὑτοῦ.

121 682 217 715 Τοῦτο,
229 683 294 715 ἴσως
308 684 342 710 ἄν
355 692 397 715 τις
413 684 494 715 εῐποι,
513 684 562 710 οὐκ
588 683 645 711 ἐστι
657 684 702 710 τὸν
718 684 778 719 Σὴμ
798 684 952 719 εὐλογῆσαι.

120 726 178 752 Καὶ
193 726 293 762 σφόδρα
319 727 367 762 μέν
392 727 539 762 εὐλόγησεν
563 728 654 756 αὐτόν.
679 728 762 755 Ὅταν
776 727 830 763 γὰρ
853 728 867 754 ὁ
888 728 954 760 Θεὸς

121 769 324 805 εὐχαριστεῖται
338 770 385 796 καὶ
407 770 556 804 εὐλογεῖται
580 771 624 797 διὰ
639 770 693 798 τῶν
716 771 875 806 ἀνθρώπιον,
892 771 953 798 τότε

120 813 316 849 δαψιλεστέραν
331 813 380 849 τὴν
401 815 464 850 παρ’
478 815 575 841 ἑαυτοῦ
592 814 715 849 εὐλογίαν
733 815 811 842 εἴωθε
826 817 954 851 χορηγεῖν

120 856 247 889 ἐκείνοις,
264 857 297 884 δι’
308 857 354 890 οὓς
369 858 449 890 αὐτὸς
459 858 619 893 εὐλογεῖται.
634 859 791 894 Εὑλογήσας
809 859 896 886 τοίνυν
908 859 953 887 τὸν

119 900 199 933 Θεὸν,
215 901 355 937 ὀφειλέτην
375 902 455 928 αὐτδν
466 902 618 937 κατέστησε
635 902 756 938 μείζονος
767 902 890 937 εὐλογίας
906 902 953 929 καὶ

118 943 208 975 duo;
219 944 314 979 γέγονε
325 945 363 980 τῷ
376 946 436 982 Σὴμ
451 946 571 978 πλείονος
586 946 712 982 ἀμοιϐῆς,
724 944 758 982 ἧς
770 946 849 978 αὐτὸς
862 946 952 978 αὐτὸν,

119 987 145 1013 εί
155 987 190 1014 δι’
206 988 301 1015 ἐαυτοῦ
312 992 326 1006 ⁸
334 989 489 1024 εὐλόγησεν.
504 990 609 1025 Ὥσπερ
624 990 676 1026 γὰρ
692 990 756 1017 ὃταν
767 989 910 1024 εὐλογῆται
920 990 952 1017 δι’

119 1031 207 1066 ἡμᾶς,
223 1031 323 1067 πολλῆς
340 1034 415 1068 ἡμᾶς
429 1034 500 1066 ἀξιοῖ
516 1035 565 1069 τῆς
579 1034 644 1069 παρ’
660 1033 742 1061 αὐτοῦ
756 1034 870 1067 εὐνοίας,
882 1033 953 1061 οὕτω

119 1074 202 1101 πάλιν
216 1076 325 1103 ἐπειδάν
335 1076 369 1103 δι’
383 1077 456 1112 ἡμᾶς
465 1077 552 1113 ἕτεροι
564 1077 644 1104 αὐτὸν
659 1077 838 1113 βλασφημῷσι
854 1078 953 1113 μείζων

118 1117 246 1145 ἐντεῦθεν
271 1119 369 1155 ήμίνή
395 1120 558 1155 κατάκρισις
582 1120 685 1155 γίνεται
711 1122 769 1152 τοῖς
792 1121 841 1157 τὴν
864 1121 952 1148 αἰτίαν

119 1163 330 1197 παρεχομένοις.
359 1163 558 1199 Σπουδάζωμεν
575 1165 674 1196 τοίνυν,
697 1164 856 1200 παρακαλῶ,
882 1164 952 1192 οὕτω

120 1204 197 1239 βιοῦν
208 1206 253 1233 καὶ
268 1206 402 1243 τοσαύτην
415 1207 617 1235 ἐπιδείκνυσθαι
630 1209 678 1244 τῆς
688 1209 788 1244 ἀρετῆς
801 1209 850 1244 τὴν
861 1209 953 1235 ἐπίτα-

121 1256 178 1281 σιν,
188 1249 227 1281 ὡς
240 1250 306 1282 τοὺς
315 1251 354 1282 είς
369 1252 441 1286 ἡμᾶς
457 1251 579 1287 ὁρῶντας
595 1252 718 1286 εὐλογίας
733 1252 834 1287 ὐμνους
852 1253 951 1286 ἀναφέ-

121 1300 186 1326 ρεινι
194 1293 234 1328 τῷ
247 1294 368 1330 Δεσπότῃ
381 1294 449 1330 Θεῷ.
466 1295 594 1322 Βούλεται
611 1296 665 1332 γὰρ
678 1296 779 1331 ἀγαθὸς
796 1296 833 1323 ὣν
849 1296 894 1323 καὶ
910 1305 953 1331 φι-

119 1335 281 1372 λάνθρωπος
296 1338 455 1371 δοξάζεσθαι
469 1339 503 1366 δι’
517 1340 608 1375 ήμῶν,
630 1341 679 1367 οὐκ
706 1341 798 1376 ἐπειδὴ
823 1341 903 1373 αὐτός
926 1349 952 1367 τι

119 1380 324 1416 προσλαμϐάνει
338 1383 377 1414 είς
389 1383 438 1418 τὴν
450 1383 554 1410 οἰκείαν
567 1384 654 1418 δόξαν·
669 1385 794 1420 ἀνενδεὴς
802 1385 856 1420 γάρ
867 1385 951 1411 ἐστιν’

119 1425 179 1453 ἀλλ’
194 1426 237 1454 ἵνα
253 1427 378 1463 ἀφορμάς
397 1428 470 1465 αὐτῷ
481 1430 665 1466 παράσχωμεν
675 1430 722 1457 τοῦ
745 1431 866 1463 πλείονος
879 1432 952 1467 ἡμᾶς

119 1470 214 1503 ἀξιοῦν
227 1471 276 1506 τῆς
291 1472 357 1508 παρ’
372 1472 454 1500 αὐτοῦ
473 1473 587 1505 εὐνοίας.
609 1474 781 1509 Εὐλογητὸς
807 1475 914 1509 Κύριος
935 1477 952 1502 ὁ

121 1514 194 1547 Θεὸς
209 1514 262 1542 τοῦ
287 1515 363 1551 Σὴμ,
382 1516 435 1543 καὶ
452 1517 538 1545 ἔσται
556 1517 676 1544 Χαναὰν
691 1518 761 1551 παῖς
775 1516 862 1552 αὐτῷ.
872 1519 952 1555 Ὁρᾷς

119 1558 180 1589 πῶς
198 1559 335 1595 πατρικήν
345 1559 528 1588 ἐπιδείκνυται
537 1560 587 1596 τὴν
603 1561 747 1596 τιμωρίαν,
764 1563 952 1598 σωφρονισμὸν

118 1600 315 1638 οὖσανεμᾶλλον
328 1603 349 1638 ἢ·
361 1604 511 1640 τιμωρίαν;
533 1605 627 1641 Πατὴρ
644 1606 698 1640 γὰρ
713 1604 758 1641 ἦν,
782 1606 830 1633 καὶ
861 1607 952 1643 πατὴρ

119 1645 361 1682 φιλ-ἄστοργος,καὶ
374 1647 405 1673 οὐ
416 1647 465 1684 τὴν
475 1648 554 1682 ἀξίαν
568 1649 692 1676 ἐϐούλετο
706 1649 783 1685 δίκην
792 1651 951 1685 ἐπαγαγεῖν,

119 1689 178 1716 ἀλλ’
195 1689 265 1717 ὥστε
275 1690 325 1726 τὴν
338 1692 376 1723 είς
393 1691 424 1719 τὺ
436 1693 529 1727 πρόσω
544 1692 642 1720 κακίαν
659 1694 784 1729 ἐγκόψᾳι.
803 1695 852 1722 Διὰ
863 1694 951 1727 τοῦτο,

119 1733 198 1769 φησὶ,
210 1734 316 1771 δουλείᾳ
333 1743 362 1761 σε
374 1735 558 1770 καταδικάζω,
578 1737 621 1763 ἶνα
634 1737 745 1773 διηνεκῆ
759 1739 805 1765 καὶ
815 1738 952 1771 ἀνεξάλει-

119 1786 186 1804 πτον
201 1779 266 1814 ἔχῃς
277 1779 328 1816 τὴν
341 1779 503 1816 ὑπόμνησιν.
517 1778 584 1808 Εἶτά
598 1790 674 1817 φησι·
688 1783 840 1810 Πλατύναι
850 1784 867 1810 ὁ
882 1783 953 1817 Θεὸς

118 1821 162 1854 τῷ
183 1822 285 1856 Ἰὰφεθ,
302 1823 352 1850 καὶ
365 1824 568 1858 κατοικησάτω
586 1825 622 1852 ἐν
636 1826 697 1858 τοῖς
710 1826 885 1862 σκηνώμασι
899 1828 952 1854 τοῦ

118 1865 196 1899 Σὴμ,
226 1867 275 1894 καί
302 1867 453 1902 γενηθήτω
482 1870 602 1896 Χαναὰν
620 1870 691 1902 παῖς
705 1870 810 1899 αὑτοῦ.
829 1872 951 1908 Μεγίστη

119 1909 202 1935 πάλιν
228 1909 298 1946 αὕτη
313 1911 330 1946 ἡ
354 1911 472 1946 εὐλογία,
488 1913 563 1947 τάχα·
576 1914 636 1940 τινὰ
653 1914 839 1950 κεκρυμμένον
855 1915 952 1951 ἔχουσα

119 1953 267 1989 θησαυρόν.
283 1955 435 1982 Πλατύναι
462 1956 526 1991 γὰρ,
552 1957 644 1992 φησὶν,
660 1959 675 1984 ό
697 1957 768 1991 Θεὸς
789 1958 829 1991 τῷ
842 1959 950 1993 Ἰἀφεθο

120 1997 177 2024 οὐκ
191 1998 224 2024 ἄν
238 2006 280 2029 τις
289 1998 406 2034 ἁμάρτοι
421 1999 505 2027 είπὼν
514 2001 680 2036 προφητείαν
691 1999 760 2028 εἶναι
774 2002 821 2034 τὰς
827 2002 952 2037 εὐλογίας

117 2041 166 2068 τοῦ
179 2041 294 2069 δικαίου.
302 2042 393 2078 Είγαρ
400 2044 414 2070 ό
423 2044 513 2079 πατὴρ
520 2044 601 2071 αὐτοῦ
611 2045 660 2080 οὐχ
668 2045 759 2077 ἁπλῶς
765 2046 824 2072 οὐδέ
832 2046 892 2082 είκῆ
903 2046 951 2082 τὴν

118 2086 306 2121 προσηγορίαν
318 2086 392 2122 αὐτῷ
411 2087 556 2123 ἐπέθηκεν,
572 2088 640 2115 ἀλλὰ
659 2090 835 2125 προφητεύων
850 2090 894 2118 διὰ
904 2091 950 2117 τοῦ

118 2128 250 2164 ὀνόματος
264 2130 294 2156 τὸ
308 2130 403 2166 μέλλον
417 2131 526 2158 ἔσεσθαι
543 2132 696 2159 κλυδώνιον·
715 2133 804 2169 πολλῷ
825 2134 924 2169 μᾶλλον
937 2136 952 2162 δ

118 2172 222 2205 δίκαιος
246 2170 324 2206 οὗτος
344 2175 395 2201 οὐκ
419 2175 452 2202 ἂν
469 2175 562 2208 ἁπλῶς
586 2176 646 2203 οὐδὲ
659 2177 748 2212 μάτην
764 2178 812 2208 τὰς
827 2178 951 2213 εὐλογίας

119 2215 277 2251 ἐποιήσατο.
298 2217 348 2243 Διά
359 2217 412 2252 γὰρ
423 2217 478 2244 τῶν
497 2218 628 2252 εὐλογιῶν
641 2218 753 2250 τούτων,
769 2219 814 2247 τοῦ
828 2220 887 2256 Σὴμ
904 2221 952 2249 καὶ

118 2259 167 2286 τοό
186 2259 287 2294 Ἱάφεθ,
300 2261 354 2288 τῶν
368 2261 414 2288 δύο
430 2261 502 2288 λαῶν
520 2262 683 2289 αίνίττεσθαι
701 2263 781 2290 αὐτὸν
802 2261 878 2299 οἶμαι
902 2264 950 2300 τὴν

118 2302 224 2338 κλῆσιν·
239 2304 287 2330 καὶ
301 2303 345 2331 διὰ
365 2304 414 2339 μὲν
430 2304 475 2331 τοῦ
494 2305 563 2340 Σῆμ,
577 2306 639 2338 τοὺς
666 2306 819 2339 Ἰουδαίους·
835 2307 863 2340 ἐξ
878 2308 950 2334 ἐκεί-

118 2354 163 2373 νου
179 2346 235 2382 γὰρ
251 2347 268 2373 ἁ
290 2348 461 2383 πατριάρχης
489 2349 623 2384 Ἀϐραὰμ,
643 2349 731 2376 καὶτὸ
745 2349 799 2376 τῶν
819 2350 951 2378 Ἰουδαίων

117 2389 265 2417 ἐπιδέδωκε
275 2391 362 2425 γένος·
377 2391 421 2418 διὰ
439 2392 467 2418 δέ
481 2392 527 2419 τοῦ
542 2393 641 2427 Ἰάφεθ,
656 2393 705 2428 τὴν
720 2394 773 2420 τῶν
785 2393 870 2421 ἐθνῶν
886 2394 951 2430 κλῆ-

118 2441 168 2460 σιν.
189 2434 262 2469 Ὅρα
276 2434 388 2470 γάρκαὶ
410 2436 511 2471 ταύτην
533 2437 581 2472 τὴν
598 2437 721 2471 εὐλογίαν
742 2437 820 2464 τοῦτο
844 2447 950 2474 προμη-

115 2477 244 2504 νύουσαν.
262 2479 414 2506 Πλατύναι
425 2478 489 2515 γὰρ,
504 2481 595 2516 φησὶν,
609 2483 625 2508 ό
641 2482 712 2514 Θεὸς
720 2482 759 2514 τῷ
777 2481 884 2516 Ἰάφεθ,
901 2482 950 2509 καὶ

115 2521 325 2556 κατοικησάτω
340 2523 374 2549 ἐν
388 2523 450 2556 τοῖς
462 2524 640 2558 σκηνώμασι
652 2525 705 2552 τοῦ
718 2525 792 2559 Σήμ.
807 2525 892 2552 Τοῦτο
905 2526 951 2552 ἐπὶ

114 2565 171 2591 τῶν
187 2565 272 2591 ἐθνῶν
286 2567 325 2596 είς
337 2566 416 2601 ἔργον
428 2567 575 2603 ἐκϐεϐηκδς
588 2568 704 2603 ὁρῶμεν.
717 2569 766 2596 Διὰ
777 2569 826 2604 μὲν
840 2569 894 2605 γὰρ
904 2569 954 2596 τοῦ

115 2609 216 2640 εἰπεῖν,
228 2610 391 2640 [Matth-at,
400 2610 504 2645 τάἑθνη
510 2611 597 2637 πάντα
605 2611 723 2648 ῂνίξατσ
733 2612 777 2639 διὰ
785 2613 815 2641 δέ
821 2613 867 2639 τοῦ
875 2613 950 2650 [292]

115 2653 215 2685 εἰπεῖν,
234 2654 445 2687 Κατοικησάτω
469 2655 503 2681 ἐν
526 2655 588 2687 τοῖς
604 2657 782 2692 σκηνώμασι
806 2658 860 2685 τοῦ
875 2658 948 2693 Σὴμ.

114 2695 156 2722 ὃτι
168 2695 224 2722 τῶν
236 2698 293 2728 τοῖς
309 2697 446 2730 Ἰουδαίοις
457 2698 686 2732 εὐτρεπισθέντων
709 2701 757 2727 καὶ
776 2702 889 2733 ἐκείνοις
900 2711 953 2729 πα-

116 2740 359 2775 ρασκευασθέντων
374 2742 407 2768 τὰ
419 2742 482 2777 ἔθνη
493 2742 541 2777 την
560 2743 707 2770 ἀπόλαυσιν
717 2745 791 2780 ἔσχε.
799 2746 853 2772 Καὶ
863 2754 950 2781 γενη-

115 2782 196 2818 θήτω
214 2784 335 2811 Χαναὰν
350 2785 420 2818 παῖς
432 2786 535 2814 αὐτοῦ.

151 2827 187 2862 η’.
201 2826 278 2860 Εἶδες
293 2830 352 2861 οἵας
365 2829 460 2857 ἔλαϐον
474 2831 520 2857 καὶ
534 2826 605 2857 οῦτοι
618 2831 668 2866 τῆς
683 2832 886 2870 εὐγνωμοσύνης
903 2835 950 2867 τὰς

149 2922 162 2938 ⁸
176 2923 283 2948 ΞεμὶΗι]
294 2929 371 2952 marg.
386 2924 446 2953 conj.
459 2923 486 2953 ἧς
497 2924 516 2948 εἰ
527 2924 596 2952 αὐτὸς
606 2924 675 2949 αὐτὸν
686 2926 714 2950 δι’
725 2923 817 2949 ἑαυτοῦ,

691 142 725 171 IN
742 143 818 172 CAP.
835 143 872 171 IX
890 142 1012 173 GENES.
1033 143 1149 173 HOMIL.
1169 143 1266 173 XXIX.
1787 143 1841 170 272

1006 202 1133 238 ἀμοιϐὰς,
1153 202 1207 229 καὶ-
1217 202 1302 237 πόσην
1317 194 1418 234 ἐκεῖνος
1437 201 1481 230 διὰ
1493 202 1543 238 τῆς
1565 201 1730 239 προπετείας
1739 201 1837 230 ἑαυτοῦ

1009 247 1188 273 κατεσκέδασε
1196 246 1245 280 τὴν
1259 246 1381 281 ἀτιμίαν.
1403 246 1496 273 Ταῦτα
1513 246 1644 282 διηνεκῶς
1657 246 1768 282 ἔχωμεν·
1778 246 1839 272 ἐπισ-

1008 290 1187 326 γεγραμμένα
1199 291 1232 325 τῇ
1244 289 1347 325 διανοίᾳ
1361 290 1394 325 τῇ
1405 290 1543 325 ἡμετέρᾳ,
1560 290 1604 318 ῑνα
1617 291 1671 317 τῶν
1687 290 1736 324 μὲν
1754 298 1840 325 μιμησ-

1007 334 1052 360 ταὶ
1064 334 1110 361 καὶ
1129 333 1247 369 ζηλωταὶ
1272 334 1396 369 γενέσθαι
1417 334 1584 369 δυνηθῶμεν,
1599 334 1646 360 τοῦ
1659 335 1690 361 δὲ’
1708 334 1839 369 φύγωμεν

1006 378 1037 404 τὸ
1054 378 1190 413 μοχθηρὸν
1202 379 1250 413 τῆς
1259 377 1381 413 γνώμης,
1395 378 1443 405 καὶ
1455 378 1503 413 τῆς
1514 377 1680 413 προπετείας
1691 377 1741 413 τὴν
1758 378 1840 414 ὑπερ-

1007 422 1098 457 ϐολήν.
1115 422 1170 449 Καὶ
1182 421 1279 456 ἔζησε,
1300 422 1376 458 φησὶ,
1390 421 1454 448 Νῶε
1464 421 1540 456 μετὰ
1555 421 1609 448 τὸν
1622 421 1839 456 κατακλυσμὸν

1006 466 1058 500 ἔτη
1073 467 1227 501 τριακόσια
1249 466 1446 500 πεντήκοντα·
1473 466 1522 493 καὶ
1539 465 1678 501 ἐγένοντο
1693 466 1787 493 πᾶσαι
1808 468 1839 494 αι

1006 510 1111 544 ἡμέραι
1122 509 1185 537 Νῶε
1199 510 1363 537 ἐννακόσια
1370 510 1559 544 πεντήκοντα
1565 510 1628 543 ἔτη,
1635 510 1684 537 καὶ
1697 509 1836 537 ἀπέθανε.

1005 553 1052 588 Μή
1070 553 1183 588 νομίσῃς
1204 553 1233 580 δὲ
1248 553 1327 580 τοῦτο
1349 553 1442 586 ἁπλῶς
1466 553 1673 588 ἐπισημήνασθαι
1696 553 1746 588 τὴν
1763 552 1837 579 θείαν

1005 597 1025 623 Γ
1028 597 1127 632 ραφὴν,
1143 597 1264 633 ἀλλ”ὃρα
1279 597 1326 624 καὶ¹
1350 597 1478 624 ἐντεῦθεν·
1494 596 1541 624 τοῦ
1561 597 1665 624 δικαίου
1676 597 1725 633 τὴν
1740 597 1839 632 ἐγκρά-

1005 649 1079 667 τειαν
1095 641 1135 667 ὃτι
1153 640 1214 667 οὔτε
1230 641 1321 672 ἀδείας
1340 641 1385 667 καὶ
1402 640 1519 672 ἀνέσεως
1534 640 1698 673 ἀπολαύσας,
1710 640 1758 667 καὶ
1776 648 1837 667 τοσ-

1005 684 1083 711 οῦτον
1095 685 1211 720 ἀριθμὸν
1227 685 1294 711 ἐτῶν
1309 685 1451 720 ἐπιζήσας,
1470 685 1539 720 μετὰ
1554 685 1602 720 τὴν
1620 685 1673 711 ἀπὸ
1690 685 1739 720 τῆς
1755 684 1839 711 κιὸω-

1005 727 1051 754 τοῦ
1075 727 1180 760 ἔξοδον,
1208 727 1381 758 παιδοποιίας
1407 728 1536 763 ἠνέσχετο
1560 728 1662 755 λοιπόν.
1688 728 1754 754 υὺδέ
1783 728 1839 763 γὰρ

1006 771 1206 807 ἐμνημόνευσεν
1231 771 1247 806 ή
1265 771 1370 805 Γραφὴ,
1386 771 1426 797 ὃτι
1441 771 1549 807 ἐτέρους
1560 771 1622 806 ἔσχε
1644 771 1753 803 παῖδας,
1769 771 1841 806 πλὴν

1004 814 1106 841 τούτων
1131 814 1185 840 τῶν
1205 814 1299 851 τριῶν.
1319 814 1456 841 Ἐντεῦθεν
1481 815 1560 841 πάλιν
1584 814 1692 849 λογίζου
1706 814 1752 841 τοῦ
1771 815 1838 849 Χὰμ

1005 858 1054 893 τὴν
1069 858 1168 893 πολλὴν
1183 857 1284 894 ταύτην
1300 857 1456 889 ἀκολασίαν,
1471 859 1511 884 ὅτι
1521 858 1582 885 οὕτε
1592 858 1638 884 τὸν
1654 858 1758 893 πατέρα
1768 858 1840 894 ὁρῶν

1004 901 1138 937 τοσαύτην
1151 901 1370 936 ἐπιδεικνύμενον
1382 901 1545 937 ἐγκράτειαν
1562 902 1770 938 ἐσωφρονίξετο,
1781 901 1840 928 ἀλλ’

1004 945 1051 972 ἀπ’
1067 945 1188 977 ἐναντίας
1212 945 1251 980 τῷ
1267 945 1442 980 γεγεννηκότι
1460 945 1567 972 ἅπαντα
1583 945 1768 981 διεπράττετο.
1793 945 1840 971 Διὸ

1005 989 1051 1015 καὶ
1064 988 1175 1020 εἰκότως
1191 988 1262 1015 ἅπαν
1275 988 1305 1014 τὸ
1321 987 1350 1020 ἐξ
1362 987 1446 1014 αὐτοῦ
1465 988 1542 1022 γένος
1557 990 1589 1024 τῇ
1606 989 1713 1024 δουλείᾳ.
1731 989 1840 1015 κατεδι-

1004 1031 1112 1064 κάζετο,
1124 1032 1168 1058 ἵνα
1176 1031 1285 1066 χαλινὸν
1299 1031 1347 1066 ἔχῃ
1359 1031 1407 1066 τῆς
1419 1031 1558 1067 μοχθηρᾶς
1569 1032 1763 1068 προαιρέσεως.
1772 1030 1842 1059 Εἶτα

1003 1075 1127 1103 ἐντεῦθεν
1138 1076 1303 1111 διηγουμένη
1319 1077 1335 1110 ή
1354 1076 1412 1102 θεία
1429 1076 1524 1112 Γραφὴ
1537 1076 1600 1108 τούς
1612 1077 1643 1103 ἐκ
1664 1076 1837 1104 τῶν.παίδων

1002 1119 1157 1154 τεχθέντας,
1168 1120 1244 1155 φησί·
1254 1120 1318 1154 Χὰμ
1331 1119 1364 1145 δὲ
1374 1119 1519 1154 ἐγέννησε
1532 1120 1585 1146 τὸν
1597 1120 1683 1153 Χούς·
1694 1120 1740 1146 καὶ
1746 1120 1837 1146 πάλιν

1003 1163 1080 1196 Χοὺς
1094 1163 1128 1189 δὲ
1135 1163 1280 1198 ἐγέννησε
1291 1163 1345 1190 τὸν
1366 1161 1491 1197 Νεϐρώδ.
1525 1161 1620 1197 Οὗτος
1632 1163 1743 1198 ἤρξατο
1762 1161 1838 1191 εἷναι

1003 1206 1087 1241 γίγας
1101 1206 1149 1232 ἐπὶ
1164 1206 1218 1240 τῆς
1242 1207 1307 1241 γῆς.
1330 1204 1424 1240 Οὗτος
1446 1205 1486 1242 ἦν
1499 1207 1584 1242 γίγας
1603 1207 1734 1242 κυνηγὸς
1748 1207 1838 1234 ἐναν-

1003 1251 1068 1277 τίον
1083 1250 1205 1284 Kvplov.
1227 1250 1282 1278 Καί
1307 1258 1380 1282 τινες
1406 1251 1454 1286 μέν
1476 1259 1542 1285 φασι
1560 1250 1591 1277 τὸ
1608 1250 1763 1278 Ἐναντίον
1781 1252 1840 1277 Κυ-

999 1299 1079 1333 ρίου,
1105 1298 1164 1325 άντὶ
1192 1298 1239 1326 τοῦ
1265 1298 1469 1334 ἐναντιούμενος
1490 1298 1530 1334 τῷ
1557 1298 1628 1334 Θεῷ·
1658 1298 1713 1332 ἐγὼ
1739 1298 1766 1325 δέ
1789 1298 1839 1332 οὐχ

1003 1345 1122 1381 ἡγοῦμαι
1148 1345 1227 1372 τοῦτο
1260 1346 1424 1373 αἰνίττεσθαι
1445 1346 1495 1382 τὴν
1524 1345 1604 1373 θείαν·
1630 1345 1752 1381 Γραφῆν,
1779 1345 1837 1372 ἀλλ’

1003 1394 1043 1420 ὅτι
1055 1393 1162 1429 ἰσχυρός
1170 1402 1211 1425 τις
1220 1391 1253 1429 ἦν
1268 1393 1314 1421 καὶ
1331 1394 1460 1429 ἀνδρεῖος.
1477 1393 1513 1420 Τδ
1524 1393 1553 1419 δέ
1565 1393 1709 1421 ἀπέναντι
1728 1393 1840 1427 Κυρίου

1003 1441 1056 1468 τοῦ
1075 1441 1160 1474 Θεοῦ,
1175 1441 1236 1468 ἀντὶ
1259 1441 1317 1475 τοῦ,
1333 1441 1379 1468 ὐπ’
1403 1440 1485 1468 αὐτοῦ
1511 1440 1673 1476 παραχθεὶς,
1697 1439 1743 1467 ὑπ’
1755 1439 1839 1466 αὐτοῦ

1003 1488 1148 1524 δεξάμενος
1174 1487 1220 1515 τοῦ
1242 1488 1308 1515 Θεοῦ
1339 1488 1388 1524 τὴν
1413 1488 1537 1523 εὐλογίαν
1555 1488 1580 1521 ιι,
1597 1488 1613 1523 ἢ
1633 1488 1673 1515 ὅτι
1689 1487 1805 1523 ἤμελλεν
1824 1489 1839 1514 ὁ

1003 1536 1069 1568 Θεὸς
1079 1536 1113 1563 δι’
1124 1536 1206 1563 αὐτοῦ
1222 1536 1418 1572 θαυμάζεσθαι,
1431 1536 1468 1568 ὡς
1478 1535 1598 1563 τοιοῦτον
1608 1534 1777 1571 παραγαγὼν
1791 1535 1839 1561 καὶ

1003 1584 1092 1618 δείξας
1110 1584 1157 1611 ἐπὶ
1177 1585 1225 1620 τῆς
1242 1584 1303 1620 γῆς.
1323 1584 1403 1611 Ἀλλά
1423 1584 1471 1611 καὶ
1486 1580 1563 1616 οὗτος
1575 1584 1657 1611 πάλιν
1673 1582 1841 1619 μιμούμενος

1003 1633 1048 1660 τὸν
1061 1633 1203 1670 πρόγονον,
1221 1632 1268 1659 καὶ
1283 1632 1332 1658 οὐκ
1347 1633 1385 1664 είς
1397 1631 1456 1659 δέον
1473 1632 1642 1669 χρησάμενος
1657 1631 1714 1662 τοῖς
1726 1630 1775 1666 τῆς
1790 1629 1841 1664 φύ-

1004 1690 1072 1714 σεως
1085 1682 1301 1717 προτερήμασιν,
1320 1681 1412 1717 ἕτερον
1423 1680 1543 1713 δουλείας
1558 1680 1655 1716 ἐφεῦρε
1671 1679 1780 1715 τρόπον,
1793 1677 1839 1704 καὶ

1003 1730 1093 1765 ἄρχων
1108 1730 1154 1756 καὶ
1168 1729 1292 1765 βασιλεὺς
1306 1729 1430 1763 γενέσθαι
1448 1728 1619 1765 ἐπεχείρησε.
1637 1727 1768 1758 Βασιλεὺς
1783 1726 1839 1761 γὰρ

1003 1778 1052 1804 οὐκ
1071 1778 1104 1805 ἂν
1120 1777 1225 1812 γένοιτό
1240 1785 1304 1804 ποτε
1317 1777 1354 1812 μὴ
1370 1776 1453 1803 ὄντων
1467 1776 1521 1803 τῶν
1535 1775 1704 1812 ἀρχομένων.
1718 1774 1791 1810 Λῦτη
1810 1774 1840 1801 δὲ

1002 1827 1075 1853 δοκεῖ
1089 1826 1138 1861 μὲν
1150 1826 1249 1861 μᾶλλον
1262 1825 1402 1861 ἐλευθερία
1416 1823 1484 1852 εἶναι
1496 1833 1502 1838 ·
1520 1824 1626 1852 δουλεία
1640 1823 1668 1850 δέ
1680 1824 1743 1850 ’ἐστι
1761 1823 1841 1858 χαλε-

1003 1875 1121 1909 πωτάτη·
1133 1873 1162 1900 ἐν
1184 1873 1337 1909 ἐλευθερίας
1358 1872 1444 1906 τάξει,
1465 1873 1520 1908 ὅσῳ
1543 1872 1590 1899 καῖ
1612 1871 1666 1898 τῶν
1689 1871 1840 1906 ἐλευθέρων

1003 1922 1109 1958 κρατεῖξ
1127 1921 1182 1948 Καὶ
1193 1921 1244 1956 δρα
1255 1921 1304 1956 τὴν
1319 1919 1484 1953 πλεονεξίαν,
1500 1920 1550 1947 ὅσα
1565 1920 1645 1946 ποιεῖ·
1664 1920 1715 1954 ὅρα
1727 1918 1772 1944 τοῦ
1787 1917 1840 1944 σώ-

1004 1978 1087 2006 ματος
1099 1969 1146 2005 τὴν
1159 1969 1234 2004 ἰσχὺν
1249 1969 1278 1995 οὐ
1296 1969 1430 2003 μένουσαν
1442 1969 1488 1995 ἐπὶ
1503 1967 1556 1994 τῶν
1567 1967 1673 1994 οἰκείων
1684 1967 1764 2002 ὅρων,
1779 1965 1837 1992 ἀλλ’

1002 2016 1103 2045 άεὶλτοῦ
1123 2016 1242 2048 πλείονος
1254 2016 1410 2051 ἐφιεμένην,
1423 2017 1470 2043 καὶ
1479 2016 1528 2051 τῆς
1542 2015 1620 2050 δόξης
1632 2014 1799 2050 ὀρεγομένην
1811 2019 1835 2040 ο.

1002 2066 1040 2092 Οὐ
1052 2065 1105 2100 γὰρ
1116 2064 1154 2096 ὼς
1166 2064 1361 2100 προϊστάμενος
1373 2063 1471 2097 αὐτῶν,
1483 2063 1642 2096 ὐπέταττεν,
1655 2062 1722 2089 ἀλλὰ
1733 2062 1778 2088 καὶ
1791 2062 1839 2088 πό-

1001 2113 1057 2144 λεις
1070 2112 1213 2148 ᾠκοδόμει,
1232 2111 1276 2139 ἴνα
1290 2112 1360 2147 ἄρχῃ
1380 2112 1434 2139 τῶν
1454 2111 1601 2147 πολεμίων.
1627 2110 1758 2138 Ἐκεῖθεν
1772 2109 1838 2145 γὰρ,

1002 2161 1095 2196 φησὶν,
1115 2160 1149 2186 ἐκ
1172 2159 1228 2194 τῆς
1250 2158 1305 2193 γῆς
1319 2159 1438 2193 ἐκείνης
1457 2159 1587 2193 ἐξῆλθεν
1603 2160 1619 2185 ό
1636 2157 1774 2191 Ἀσσοὺρ,
1789 2155 1840 2184 καὶ

1001 2207 1174 2242 ᾠκοδόμησε
1185 2206 1243 2240 τὴν
1254 2206 1366 2234 Νινευί.
1381 2207 1480 2233 Σκόπει
1496 2215 1540 2242 μοι
1550 2205 1630 2233 πάλιν
1642 2204 1767 2236 ἐνταῦθα,
1780 2204 1839 2236 πῶς

1001 2255 1075 2282 οὐδὲν
1092 2255 1251 2291 λυμαίνεται
1267 2255 1316 2290 τὴν
1333 2255 1469 2291 ἡμετέραν
1484 2254 1592 2290 φύσινή
1609 2253 1693 2281 κακία
1704 2253 1759 2280 τῶν
1774 2261 1840 2288 προ-

1001 2303 1097 2338 γόνων.
1113 2299 1191 2330 Οὗτοι
1200 2303 1253 2338 γὰρ
1264 2302 1447 2335 οίΝινευίται,
1462 2303 1486 2329 οἱ
1496 2302 1545 2338 τὴν
1556 2302 1603 2329 τοῦ
1615 2301 1682 2328 Θεοῦ
1693 2300 1841 2336 φιλανθρω-

1002 2352 1066 2378 πίαν
1077 2350 1152 2387 [295]
1160 2350 1204 2378 διὰ
1211 2351 1260 2386 τῆς
1270 2351 1415 2386 μετανοίας
1423 2351 1648 2386 ἐπισπασάμενοι,
1661 2350 1707 2376 καὶ
1717 2349 1766 2384 τὴν
1776 2349 1842 2376 ἀπό-

1002 2408 1083 2435 φασιν
1092 2399 1282 2427 τοῦΔεσπότου
1298 2399 1538 2434 ἀνακαλεσάμενοι,
1556 2395 1628 2425 οὗτοι
1647 2398 1695 2433 μὲν
1708 2397 1839 2433 πρότερον

1002 2447 1080 2482 ἔσχον
1094 2446 1254 2482 προπάτορα
1269 2445 1314 2473 τὸν
1333 2445 1407 2481 Χὰμ,
1425 2446 1470 2472 τὸν
1485 2444 1651 2481 πατραλοίαν
1665 2445 1778 2471 ἐκεῖνον·
1791 2443 1839 2470 ἐπ-

1002 2504 1060 2521 ειτα
1075 2495 1119 2521 τδν
1135 2493 1258 2529 Νεϐρὼδ,
1270 2494 1412 2529 ἄνθρωπον
1425 2493 1554 2529 τύραννον
1569 2493 1615 2519 καὶ
1630 2492 1744 2526 αὐθάδη,
1757 2492 1837 2526 ἔγγο-

1002 2552 1046 2570 νον
1073 2542 1208 2578 ἐσχηκότα
1229 2542 1274 2569 τὸν
1291 2541 1415 2577 Ἀσσούρ.
1428 2541 1557 2576 Λέγονται
1570 2540 1598 2567 δέ
1613 2540 1678 2571 ἴσως
1691 2539 1737 2567 καὶ
1749 2539 1847 2575 ἕτεροι-

1002 2590 1163 2627 γεγενῆσθαι
1177 2592 1206 2617 ἐν
1218 2590 1309 2622 αὐτοῖς
1323 2589 1421 2624 βλᾶκες
1431 2589 1477 2616 καὶ
1488 2588 1722 2624 διατεθρυμμένοι,
1732 2587 1779 2613 καὶ
1791 2587 1836 2613 τὸν

1003 2640 1085 2676 ὑγρὸν
1103 2639 1150 2667 καὶ
1166 2638 1324 2675 διαῤῥέοντα
1337 2638 1435 2670 ζῶντες
1447 2637 1513 2672 βίον,
1531 2637 1599 2673 μέθῃ
1616 2637 1661 2664 καὶ
1677 2636 1773 2671 γέλωτι
1789 2636 1836 2663 καὶ¹

1002 2689 1105 2725 κώμοις
1120 2688 1166 2715 καὶ
1180 2687 1334 2723 χλευασίαις
1348 2686 1459 2717 ἑαυτοὺς
1470 2685 1656 2716 ἐκδεδωκότες·
1672 2684 1728 2711 ἀλλ’
1744 2683 1835 2719 ἐπειδὴ

1001 2736 1188 2772 ἠϐουλήθησαν
1202 2734 1301 2770 ἀκριϐῆ
1316 2734 1364 2769 τὴν
1385 2733 1528 2769 μετάνοιαν
1545 2731 1740 2764 ἐπιδείξασθαι.
1759 2731 1835 2758 οὐδὲν

1001 2784 1099 2816 αὐτοὺς
1116 2783 1265 2818 ἐλυμήνατο
1275 2782 1329 2808 τῶν
1340 2781 1479 2818 προγόνων
1489 2782 1506 2817 ή
1519 2780 1611 2814 κακία,
1624 2780 1692 2808 ἀλλὰ
1701 2779 1835 2815 τοσαύτην

1034 2863 1047 2883 b
1064 2865 1120 2889 [res
1133 2870 1190 2887 mss.
1202 2863 1244 2891 τὴν
1256 2862 1389 2893 ἀνα)ογῖαν,
1403 2864 1480 2894 atque
1490 2862 1521 2886 ita
1532 2861 1594 2892 legit
1607 2862 1738 2894 interm-Ps;

1001 2897 1043 2951 in:
1056 2896 1164 2923 Quamor
1178 2901 1234 2919 mss.
1249 2890 1388 2925 ὀρεγομένην
1400 2890 1443 2921 τὴ(
1454 2893 1531 2924 φύσιν,
1551 2890 1624 2923 dique
1636 2893 1669 2917 iln
1689 2890 1751 2921 legit
1764 2890 1834 2914 voltu

1039 2932 1133 2957 crprcs.
