2058 3123
174 145 228 173 275

179 208 252 237 runt,
268 208 296 231 ut
316 211 400 239 usque
416 212 486 233 nunc
498 204 650 232 celebretur
663 207 789 240 prmclara
802 215 895 235 cornuti
909 213 964 242 pcn-

180 250 305 276 nitentia.

215 294 322 322 Marciis
335 294 521 322 es/tortatio.—
529 295 643 322 Proinde
655 296 713 323 illos
722 300 749 323 et
764 303 812 323 nos
825 297 967 330 imitemur,

178 345 205 367 el
218 348 278 367 cum
293 341 409 367 sciamus
422 349 507 375 neque
521 346 659 375 pamntum
673 343 815 377 nequitiam
830 350 879 370 nos
889 343 973 370 hrde-

179 394 220 416 re,
235 385 258 412 si
273 386 436 414 voluerimus
449 386 616 421 resipiscere,
633 395 719 422 neque
734 393 872 421 parentum
886 387 970 414 virtu-

180 437 233 459 tem
247 432 324 459 nobis
335 432 472 466 prodesse,
485 433 508 459 si
524 432 651 460 fuerimus
661 434 834 468 negligentes,
846 440 971 468 magnum

180 479 214 505 sit
224 478 300 505 nobis
308 475 425 505 studium
434 477 549 509 virtutis,
561 482 588 505 et
597 483 700 513 gratam
709 478 872 505 voluntatem
880 483 972 506 osten-

179 523 293 556 damus,
309 528 336 550 ut
348 523 469 550 eamdem
484 531 564 558 quam
575 523 639 551 Sem
652 529 677 551 et
692 523 805 558 Japheth
824 531 973 558 consequa-

181 577 242 597 mur
256 570 469 598 benedictionem
486 579 494 597 :
514 574 542 597 et
563 574 620 597 uta
642 570 828 598 moledictione
841 575 869 597 et
889 570 974 597 servi-

182 620 248 648 tute.
265 623 343 651 quam
355 615 482 643 Chanaan
502 615 622 650 accepit,
636 616 791 649 liberemur,
804 620 832 644 et
845 622 879 643 ne
892 616 976 643 simus

182 661 255 688 servi
270 658 382 696 peccati,
393 658 441 689 sed
452 669 542 689 veram
555 661 720 696 possidentes
734 662 895 695 libertatem,
907 661 974 689 inel-

182 706 273 734 fabilia
287 707 355 734 bona
368 706 558 741 adipiscamur,
579 707 665 742 gratia
676 711 705 734 et
717 707 899 734 misericordia
923 707 976 734 Do-

186 752 251 779 mini
265 752 350 779 nostri
362 751 425 779 .lesu
437 751 549 785 Christi,
561 759 620 780 cum
631 759 684 788 quo
694 752 774 785 Patri,
786 752 866 780 simul
878 757 905 779 et
916 751 978 787 8ρί-

184 798 247 825 ritui
261 801 354 825 sancto
365 797 399 825 sit
411 797 506 832 gloria,
516 797 671 832 imperium,
681 798 781 832 honor,
789 805 860 825 nunc
869 802 895 826 et
907 803 977 825 sem-

183 850 243 877 per,
258 847 286 870 et
299 843 324 870 in
336 843 494 871 saeculorum
506 843 614 870 sazcula.
630 843 728 871 Amen.

461 907 599 937 llOMILlA
619 908 705 937 XXX.

205 964 238 993 Et
252 970 306 994 erat
315 966 397 994 euntis
409 970 475 994 terra
486 965 580 993 labium
591 975 680 999 unum,
691 970 714 993 rt
724 975 772 994 vos:
786 975 836 994 una
846 966 960 994 omnibus

489 1011 563 1046 (Cen.
580 1012 610 1040 ll
640 1010 677 1048 1).

224 1080 249 1106 Ι.
266 1080 286 1105 Α
307 1079 456 1114 negligentia
470 1078 597 1107 auditores
607 1080 704 1106 avertit.
726 1079 856 1115 Confessio
866 1084 981 1115 peccato-

185 1133 255 1151 rum.
269 1124 293 1151 11
297 1133 349 1152 ora:
359 1125 468 1160 nmjores
478 1125 516 1152 vel
526 1125 634 1152 minores
647 1131 692 1159 pro
703 1125 861 1160 longitudine
871 1125 981 1153 dierum.

187 1170 241 1196 Cur
257 1178 350 1205 magna
364 1170 462 1196 dicatur
481 1170 534 1197 Ita'c
553 1169 720 1197 hebdomade.
734 1185 769 1190 —
782 1170 852 1198 Ecce
873 1170 980 1197 tandem

187 1217 221 1244 ad
246 1216 325 1244 tinem
348 1222 446 1244 sancta:
466 1216 681 1252 Quadragesimte
700 1217 831 1249 venimus,
845 1221 872 1244 et
887 1216 980 1251 jejunii

187 1263 382 1298 navigationem
398 1263 557 1297 perfecimus
568 1281 576 1295 ,
592 1263 809 1298 appulimusque,
825 1263 870 1290 Dei
884 1263 979 1298 gratia,

188 1308 216 1335 in
233 1312 348 1342 portum.
364 1308 462 1335 Verum
482 1315 535 1335 non
558 1307 619 1335 ideo
641 1308 804 1343 negligentes
819 1308 913 1340 simus,
934 1307 981 1335 sed

189 1355 240 1382 hac
253 1354 286 1381 de
301 1361 379 1381 causa
403 1353 498 1380 iterum
514 1354 600 1388 majus
619 1354 752 1387 studium,
774 1354 900 1388 majorem
920 1353 982 1380 dili-

187 1401 305 1435 gentiam
316 1419 323 1432 ,
338 1400 519 1434 majoremqne
539 1400 700 1434 vigilantiam
718 1400 900 1428 exhibeamns.
916 1399 981 1426 Nam

189 1451 218 1473 et
229 1446 347 1473 naucleri
358 1453 418 1472 cum
431 1453 477 1480 per
491 1446 572 1472 multa
586 1446 668 1472 maria
681 1445 843 1479 transierint,
857 1451 883 1472 et
897 1445 983 1479 plenis

190 1492 272 1524 velis,
286 1491 445 1525 eductis‘luer
455 1492 588 1519 mercibus
602 1490 653 1528 (a)
668 1491 694 1518 in
717 1496 822 1526 portum
839 1491 982 1526 ingressuri

191 1537 307 1569 fuerint,
322 1541 376 1564 tum
393 1537 535 1563 maximam
557 1544 648 1564 curam
666 1541 693 1564 et
715 1536 918 1563 sollicitudinem
935 1543 983 1570 ge-

190 1586 263 1615 runt,
278 1590 312 1609 ne
325 1582 352 1608 in
366 1581 503 1617 scopulum
519 1582 562 1609 vel
576 1582 602 1609 in
616 1586 718 1616 petram
731 1581 872 1616 quamdam
886 1581 983 1616 impin-

189 1632 266 1662 gant,
279 1635 338 1662 qua:
351 1635 444 1654 omnes
458 1627 560 1662 priores
572 1627 678 1654 labores
692 1626 771 1654 simul
784 1626 929 1661 disperdat.
946 1626 983 1653 ita

191 1680 298 1707 quoque
320 1672 418 1699 faciunt
430 1679 553 1699 cursores
570 1681 576 1699 :
591 1680 650 1699 cum
663 1672 734 1699 enim
746 1672 779 1699 ad
793 1672 870 1699 linem
882 1671 984 1699 stadio-

192 1726 252 1745 rum
265 1718 438 1752 perveniunt,
453 1717 678 1745 vehementiorem
694 1721 800 1744 servant
820 1725 941 1750 cursum,
957 1721 985 1744 ut

192 1768 292 1790 metam
305 1764 446 1798 attingant,
458 1767 485 1791 et
497 1763 607 1798 praimia
618 1768 780 1790 mereantur.
792 1763 904 1790 Athlcun
920 1770 987 1798 quo-

191 1817 246 1844 que
260 1814 320 1844 post
335 1810 445 1844 plurima
459 1809 602 1836 certamina
618 1813 645 1836 et
654 1809 788 1842 victorias,
803 1816 863 1836 cum
878 1816 925 1843 pro
938 1816 985 1836 co-

193 1863 262 1882 rona
276 1855 431 1882 certandum
446 1860 487 1883 est
497 1875 505 1887 ,
529 1855 623 1889 majori
637 1855 696 1882 nisu
711 1855 800 1882 omnia
820 1855 935 1888 faciunt,
957 1860 986 1882 ut

193 1906 303 1936 accepta
319 1909 417 1928 corona
437 1901 543 1929 abeant.
565 1902 657 1936 itaque
674 1901 896 1936 quemadmodum
919 1909 985 1928 nau-

193 1947 272 1980 cleri,
285 1951 313 1974 et
325 1954 463 1980 cursores,
477 1952 505 1974 et
517 1946 641 1979 athletae,
657 1947 701 1974 ubi
715 1947 748 1974 ad
765 1947 844 1974 linem
865 1947 990 1980 veniunt,

194 1992 280 2026 magis
292 1992 430 2019 enituntur
448 1996 476 2019 et
494 1992 603 2027 vigilant
619 2000 627 2018 :
644 1992 738 2019 eodem
752 1993 831 2020 modo
846 1997 931 2020 etnos
946 1992 986 2020 fa-

193 2037 299 2064 ciamus
311 2041 435 2071 oportet,
449 2037 509 2072 quia
531 2037 557 2064 in
577 2045 699 2073 magnam
714 2037 781 2064 hanc
794 2037 986 2065 hebdomadam

196 2083 243 2110 Dei
261 2084 345 2117 gratia
360 2084 544 2117 pervenimus,
560 2091 631 2111 nune
651 2084 766 2111 maxime
777 2085 870 2119 jejunii
894 2092 990 2113 cursus

195 2128 384 2162 Intendendus,
399 2133 426 2156 et
436 2129 609 2157 ferventiores
620 2129 759 2157 fundendo:
774 2138 877 2164 preces,
891 2130 989 2158 facien-

194 2175 284 2210 daque
292 2175 408 2209 diligens
417 2179 443 2202 et
454 2183 518 2210 pura
532 2180 700 2210 peccatorum
710 2175 852 2208 confessio,
866 2181 892 2203 et
905 2175 931 2202 in
942 2176 991 2203 bo-

196 2221 238 2248 nis
252 2220 378 2255 operibus
390 2220 515 2248 sedulitas
533 2219 691 2253 exhibenda,
707 2221 875 2256 cleemosyna
898 2221 969 2256 larga
979 2241 988 2254 ,

195 2267 310 2301 aquilas
321 2286 329 2299 ,
343 2266 541 2299 mansuetudo,
556 2266 669 2301 alimque
689 2267 803 2294 virtutes
819 2275 825 2292 :
847 2271 876 2293 ut
895 2267 994 2294 talibus-

195 2311 284 2338 ornati
295 2311 446 2344 virtutibus,
461 2311 503 2338 ubi
518 2312 544 2338 in
558 2311 628 2339 diem
643 2311 806 2339 Dominicam
820 2311 929 2339 Pascbm
941 2319 990 2339 ve-

196 2357 327 2389 nerimus,
343 2357 448 2384 Domini
463 2357 619 2385 liberalitate
630 2357 758 2385 fruamur.
770 2358 889 2393 Magnam
900 2364 989 2386 autem

196 2410 326 2429 vocamus
341 2402 545 2436 hebdomadam,
560 2410 611 2430 non
625 2403 696 2437 quod
711 2403 844 2437 longiores
856 2404 881 2430 in
892 2411 923 2430 ea
938 2404 992 2431 sint

198 2448 273 2475 intra:
287 2457 294 2475 :
312 2453 374 2475 sunt
388 2448 457 2475 enim
474 2448 532 2475 alite
544 2456 603 2483 quae
622 2448 706 2475 multo
721 2448 835 2483 majores
848 2449 928 2476 horas
942 2449 989 2476 ha-

197 2494 279 2526 bent;
296 2501 383 2528 ncque
395 2493 465 2528 quod
481 2494 568 2528 plures
582 2493 639 2521 dies
654 2493 751 2521 habeat
765 2502 771 2520 :
786 2499 826 2521 est
837 2495 907 2521 enim
922 2494 991 2522 idem

198 2547 328 2566 numerus
348 2539 372 2565 in
388 2538 438 2566 hac
456 2539 567 2574 aliisque
586 2539 720 2567 omnibus.
743 2539 830 2573 Quare
842 2548 907 2575 ergo
922 2541 991 2568 illam

197 2592 327 2611 vocamus
338 2585 477 2619 magnam?
488 2584 554 2618 Quia
566 2585 592 2612 in
605 2585 647 2611 illa
658 2593 751 2620 magna
760 2586 880 2620 qutudam
890 2590 917 2614 et
927 2586 994 2614 inef-

199 2630 289 2658 fabilia
307 2630 374 2657 bona
395 2631 563 2666 contigerunt
576 2630 663 2658 nobis.
684 2630 712 2658 In
727 2631 770 2658 illa
789 2631 861 2659 enim
879 2632 993 2659 solutum

197 2682 240 2704 est
256 2676 354 2703 bellum
377 2676 524 2710 diutinum,
538 2677 666 2703 exstincta
687 2684 771 2709 mors,
786 2677 937 2705 maledictio
952 2677 993 2704 in~

198 2727 342 2757 loretnpla,
356 2722 453 2749 diaboli
465 2722 582 2757 tyrannis
591 2722 729 2757 dissoluta,
741 2731 801 2751 vasa
812 2723 868 2758 ejus
882 2723 992 2758 direpta;

231 2789 268 2819 (ιι)
279 2789 319 2813 uis
328 2789 405 2821 innuit
415 2789 605 2821 chrysostomus,
616 2795 661 2814 suo
673 2792 784 2821 tempore
796 2790 820 2814 in
830 2796 898 2814 more
912 2789 994 2818 fuisse,

200 2824 223 2843 ut
240 2827 270 2843 l'X
285 2820 400 2848 mnibus,
418 2820 530 2844 confecto
546 2821 704 2850 navigationis
719 2827 805 2852 clu'su,
823 2825 953 2852 antequam
972 2821 994 2844 in

201 2858 206 2881 ι
217 2854 298 2875 ortum
310 2851 451 2879 inti-aretur,
463 2857 538 2875 onera
551 2854 577 2876 et
589 2852 688 2877 sarcina:
702 2851 872 2882 educerentur,
885 2855 909 2877 et
921 2852 945 2876 in
958 2858 995 2875 sn-

200 2888 286 2913 prcmu
296 2881 405 2907 tabulato
415 2886 575 2913 ponerentur.

665 150 699 178 ΙΝ
716 149 791 179 CAP.
813 150 836 179 Χ
856 148 898 179 ΕΤ
919 148 963 179 XI.
985 148 1096 180 GENES
1127 151 1240 180 ilOMll..
1262 151 1346 181 XXX.

1758 154 1809 182 27$

1024 207 1093 234 Deus
1107 208 1257 235 hominibus
1271 209 1454 236 reconciliatus
1467 213 1516 241 est,
1531 210 1623 236 civium
1649 210 1811 244 penetrabile

1022 251 1119 279 factum
1132 257 1182 283 est,
1199 253 1321 280 homines
1335 260 1394 280 cum
1406 255 1507 289 angelis
1519 257 1654 283 commixti
1669 261 1738 289 sunt,
1752 266 1810 291 qua:

1023 297 1155 324 distabant
1166 297 1305 332 conjuncta
1317 304 1388 331 sunt,
1397 306 1475 334 scpes
1484 300 1596 332 sublata,
1607 307 1709 336 septum
1724 311 1798 330 remo
1806 318 1812 322 -

1024 347 1092 375 tum,
1107 344 1176 371 Deus
1189 345 1260 378 pacis
1273 345 1381 379 pacilica
1401 344 1463 373 fecit
1475 347 1574 380 omnia,
1587 355 1646 382 qua:
1659 349 1686 375 in
1701 349 1775 376 cmlis
1788 354 1814 376 ct

1025 396 1082 422 qua:
1097 389 1123 416 in
1138 390 1226 416 terris.
1238 390 1293 418 line
1304 391 1390 426 itaque
1400 391 1433 419 de
1446 398 1524 419 causa
1538 400 1659 427 magnam
1670 394 1815 422 hebdoma-

1025 435 1086 461 dam
1101 443 1236 469 vocamus,
1248 437 1308 471 quia
1323 442 1422 464 tantam
1439 438 1514 465 nobis
1526 438 1656 466 donorum
1669 439 1815 467 multitudi~

1025 487 1087 507 nem
1102 481 1127 507 in
1147 481 1188 507 illa
1209 482 1317 516 largitus
1330 486 1371 510 est
1386 483 1522 510 Dominus.
1539 484 1572 510 Et
1585 484 1682 511 ideirco
1696 485 1770 511 lnllili
1785 490 1812 512 et

1025 525 1153 560 jejunium
1170 526 1319 560 intendunt,
1331 532 1358 554 et
1373 528 1485 563 vigilias,
1506 533 1532 556 et
1546 529 1759 563 pernoctationes
1772 537 1816 556 sa-

1026 579 1101 602 cras,
1125 577 1152 599 et
1172 572 1370 608 elecmosynas.
1386 573 1445 600 hinc
1462 574 1617 601 exhibentes
1637 580 1716 606 cuin,
1734 582 1813 609 quem

1028 617 1202 645 hebdomade:
1217 619 1278 646 huic
1292 623 1429 653 prmstant,
1445 620 1583 650 honorem.
1599 621 1664 648 Nam
1685 621 1708 648 si
1727 621 1818 648 Domi—

1029 671 1078 691 nus
1094 665 1155 692 talia
1166 665 1235 693 bona
1251 667 1277 693 iu
1297 666 1340 694 illa
1357 668 1434 694 nobis
1448 667 1566 702 donavit,
1580 668 1714 704 quomodo
1727 677 1778 696 non
1792 672 1820 696 et

1030 717 1079 737 nos
1088 710 1225 744 debemus,
1237 716 1364 746 quantum
1378 720 1528 748 possumus,
1544 716 1719 743 retierentiam
1731 721 1758 743 ut
1770 716 1818 744 ho-

1030 762 1121 782 norem
1135 757 1276 785 ostcndcre
1283 758 1296 784 ?

1065 800 1196 828 Justitiam
1207 803 1329 829 indicturi:
1346 804 1501 831 hebdomade
1516 810 1615 832 sumta.
1630 821 1665 826 -—-
1677 806 1819 834 Enimvero

1031 846 1207 880 imperatores
1218 848 1268 882 ipsi
1278 849 1359 883 gestis
1373 849 1428 876 suis
1441 850 1577 877 declarant
1588 857 1667 885 quam
1679 852 1803 879 venerahi
1812 867 1819 870 -

1031 892 1069 919 les
1082 892 1142 920 illos
1154 892 1212 920 dies
1231 894 1362 926 habeant,
1376 895 1532 923 exundantes
1547 899 1575 923 ut
1586 897 1709 924 ommbus
1719 897 1771 924 sint
1783 897 1820 924 iu-

1031 937 1115 965 duciro
1126 944 1153 966 et
1165 938 1237 966 feria:
1253 940 1284 967 iis
1297 941 1341 975 qui
1352 941 1473 969 civilibus
1487 942 1632 977 funguntur
1645 944 1766 978 negotiis,
1782 948 1821 970 nt-

1031 990 1084 1018 quc
1098 984 1254 1012 claudantur
1267 985 1338 1012 fores
1349 986 1508 1021 judiclorum
1519 1008 1526 1020 ,
1541 991 1568 1015 et
1581 988 1751 1016 climincutur
1764 996 1822 1016 om-

1032 1037 1079 1057 nes
1095 1030 1179 1057 litium
1192 1035 1219 1058 et
1233 1032 1432 1059 contentionum
1449 1036 1561 1067 species,
1575 1041 1628 1069 quo
1643 1042 1735 1070 magna
1747 1040 1822 1062 tran-

1032 1074 1162 1109 quillitate
1170 1083 1200 1102 ac
1208 1076 1297 1110 quieto
1306 1077 1382 1104 liccat
1391 1078 1423 1105 ad
1430 1077 1575 1113 spiritualia
1584 1084 1655 1107 recte
1664 1080 1821 1114 perﬁcienda

1033 1120 1167 1148 festinare.
1183 1121 1215 1148 Et
1227 1128 1279 1149 non
1291 1120 1340 1150 hoc
1349 1123 1444 1156 solum,
1457 1123 1537 1151 sedet
1547 1124 1626 1152 aliam
1640 1125 1822 1153 liberalitatem

1032 1165 1177 1193 ostendunt
1192 1175 1199 1193 :
1211 1173 1257 1195 eos
1269 1168 1340 1194 enim
1354 1169 1399 1202 qui
1412 1169 1437 1195 in
1451 1169 1602 1197 carceribus
1615 1174 1687 1203 sunt,
1703 1177 1718 1198 a
1733 1172 1823 1198 vincu~

1034 1212 1066 1239 iis
1077 1212 1200 1246 solvunt,
1220 1218 1246 1241 et
1264 1219 1312 1248 pro
1327 1214 1442 1242 humana
1457 1215 1579 1243 facultate
1594 1216 1732 1244 Dominum
1747 1224 1824 1244 suum

1035 1258 1181 1286 imitantur.
1200 1258 1274 1286 Sicut
1293 1260 1364 1287 enim
1383 1260 1440 1295 ipse
1460 1266 1476 1286 a
1501 1261 1574 1296 gravi
1591 1267 1639 1288 nos
1656 1266 1824 1296 peccatorum

1033 1310 1141 1332 carcere
1169 1305 1277 1338 liberat,
1303 1309 1330 1332 et
1354 1305 1502 1334 innumeris
1524 1307 1599 1334 bonis
1614 1306 1715 1334 allicit:
1732 1307 1825 1335 eodem

1034 1350 1115 1377 modo
1128 1355 1155 1378 et
1169 1351 1246 1378 nobis
1261 1358 1309 1385 pro
1324 1350 1392 1378 virili
1406 1353 1556 1381 faciendum
1567 1356 1616 1385 est,
1629 1358 1656 1379 ut
1671 1353 1753 1380 simus
1767 1353 1825 1380 imi-

1036 1399 1134 1424 tatores
1149 1395 1337 1424 misericordiae
1354 1397 1459 1425 Domini
1473 1398 1517 1426 Dei
1531 1399 1625 1426 nostri.
1642 1398 1749 1426 Vidistis
1760 1406 1825 1433 quo,

1036 1441 1115 1468 modo
1127 1441 1223 1476 singuli
1237 1442 1263 1469 in
1276 1442 1398 1470 omnibus
1405 1443 1540 1478 specimen
1554 1444 1664 1471 edamus
1676 1443 1734 1478 ejus
1744 1444 1826 1472 hono-

1036 1487 1073 1514 ris
1084 1494 1116 1514 nc
1127 1488 1292 1521 reverentim,
1307 1495 1385 1523 quam
1400 1489 1555 1517 exhibemus
1570 1489 1663 1517 diebus
1674 1490 1706 1517 iis
1720 1490 1764 1524 qui
1778 1495 1825 1517 no-

1037 1532 1078 1560 bis
1092 1537 1131 1560 tot
1152 1533 1281 1560 bonorqu
1301 1541 1389 1561 causa:
1410 1535 1490 1561 sunt?
1505 1535 1619 1562 Proinde
1634 1542 1698 1570 rogo
1717 1543 1787 1563 nunc
1805 1536 1826 1563 si

1037 1587 1162 1614 umquam
1175 1579 1251 1613 alias,
1266 1585 1293 1607 ut
1307 1580 1420 1615 repulsis
1432 1581 1602 1608 saicularibus
1613 1580 1826 1616 cogitationibus,

1036 1630 1062 1651 ei
1077 1627 1166 1652 mente
1182 1631 1291 1660 purgata
1305 1633 1336 1653 ac
1356 1625 1427 1661 vigili
1441 1626 1493 1653 huc
1512 1626 1712 1654 conveniainus.
1736 1627 1828 1654 Nullus

1036 1671 1176 1698 o-ciesiam
1199 1671 1333 1706 ingressus
1347 1671 1489 1699 su-cularcs
1502 1678 1580 1699 curas
1592 1679 1682 1700 secum
1698 1673 1786 1708 ducat,
1801 1678 1836 1701 ut

1036 1717 1115 1748 digna
1130 1717 1248 1744 laborum
1262 1717 1385 1744 mercede
1401 1723 1518 1752 recepta,
1535 1719 1628 1745 iterum
1642 1718 1750 1745 domum
1766 1724 1828 1753 pro-

1039 1763 1121 1790 lieisei
1133 1763 1219 1790 liceat.
1235 1763 1291 1798 Age
1304 1763 1382 1798 igitur
1396 1768 1551 1791 consuetam
1564 1765 1636 1791 vobis
1650 1772 1768 1791 mensam
1782 1765 1829 1792 ite-

1039 1818 1097 1837 rum
1112 1817 1290 1845 propanamus
1300 1831 1308 1843 ,
1329 1814 1356 1837 ct
1376 1810 1410 1838 de
1424 1811 1456 1837 iis
1470 1817 1528 1845 qum
1543 1810 1611 1838 lecta
1626 1815 1687 1838 sunt
1706 1818 1737 1838 ex
1752 1812 1830 1839 beato

1040 1857 1122 1888 Mose,
1138 1857 1241 1884 caritati
1253 1860 1346 1884 vestra:
1359 1857 1509 1884 convivium
1521 1862 1654 1891 patorum,
1667 1857 1759 1884 eadem
1774 1857 1830 1892 ipsa

1040 1904 1066 1930 in
1078 1903 1193 1930 medium
1208 1902 1371 1930 adducentes
1381 1907 1408 1930 et
1418 1902 1564 1930 indicantes
1577 1902 1676 1929 divina:
1687 1903 1831 1937 Scriptum:

1039 1949 1213 1984 diligentiam.
1232 1948 1298 1976 Nam
1318 1953 1456 1983 postquam
1479 1947 1597 1975 historia:
1619 1948 1652 1975 de
1677 1948 1753 1975 beato
1777 1947 1839 1976 Noe,

1042 1995 1120 2021 finem
1145 1993 1280 2028 imposuit,
1307 1993 1489 2028 genealogiam
1512 1997 1708 2027 consequenter
1732 1999 1747 2019 a
1769 1992 1830 2020 Sem

1041 2041 1187 2072 exorditur,
1201 2044 1228 2067 et
1240 2039 1305 2066 dicit
1319 2048 1325 2065 :
1340 2039 1384 2067 2|.
1400 2038 1475 2075 (Gen.
1487 2039 1532 2074 10)
1543 2039 1574 2065 Et
1589 2038 1650 2066 Scm
1663 2039 1717 2066 nati
1728 2044 1795 2072 sunt,
1810 2045 1833 2066 et

1041 2087 1091 2121 ipsi
1104 2087 1173 2121 patri
1184 2086 1296 2113 omnium
1312 2085 1425 2118 ﬁliorum
1439 2084 1532 2117 ΙΙειιίιν·⁷
1547 2085 1622 2120 fratri
1641 2084 1753 2119 anltclh
1777 2092 1833 2111 um-

1038 2133 1104 2168 joris
1118 2133 1176 2166 lilii.
1201 2131 1300 2159 Deinde
1312 2131 1434 2158 confecto
1444 2131 1580 2158 nominum
1590 2131 1711 2166 catalogo
1721 2131 1775 2157 ait:

1043 2179 1076 2206 Et
1088 2179 1169 2206 Heber
1177 2179 1231 2205 nati
1241 2183 1299 2205 sunt
1312 2178 1362 2204 duo
1377 2178 1434 2212 ﬁlii,
1447 2184 1537 2204 notiten
1555 2178 1598 2204 uni
1611 2176 1708 2204 Phalec
1719 2185 1728 2203 :
1738 2177 1797 2212 quia
1809 2177 1835 2203 in

1043 2226 1130 2252 diebus
1148 2225 1217 2252 illius
1232 2224 1312 2251 diuisa
1329 2228 1364 2250 est
1389 2228 1467 2250 terra.
1489 2223 1633 2250 Considera
1649 2222 1782 2257 quomodo
1797 2222 1833 2248 si-

1043 2273 1087 2308 gni
1103 2272 1140 2307 (a)
1154 2279 1206 2299 non
1223 2271 1307 2298 multo
1322 2274 1381 2305 post
1400 2269 1478 2296 futuri
1496 2269 1691 2303 praescientiam
1704 2268 1834 2295 vocabulo

1043 2320 1098 2346 uati
1113 2320 1184 2354 pueri
1198 2317 1302 2351 indidit,
1316 2322 1345 2344 ut
1360 2323 1419 2343 eum
1433 2316 1531 2343 videris
1544 2322 1600 2342 rem
1613 2322 1695 2349 opere
1706 2314 1836 2351 adimple-

1045 2370 1110 2398 tam,
1125 2372 1179 2392 non
1192 2364 1258 2391 ultra
1271 2363 1387 2397 mireris,
1398 2362 1490 2390 videns
1503 2362 1629 2390 divinitus
1640 2361 1691 2390 hoc
1701 2362 1775 2397 pueri
1788 2370 1836 2389 no-

1045 2413 1116 2439 mine
1135 2411 1301 2446 praedictum.
1325 2410 1390 2437 Nam
1415 2413 1553 2444 postquam
1575 2409 1722 2443 cawlogum
1743 2415 1835 2435 eorum

1045 2458 1117 2490 fecit,
1133 2457 1177 2492 qui
1192 2461 1284 2492 postea
1304 2457 1358 2484 nati
1378 2460 1451 2487 sunt,
1465 2455 1572 2490 inquit:
1590 2455 1615 2481 l.
1637 2454 1712 2490 (Cap.
1735 2453 1779 2486 ll)
1803 2451 1837 2478 Et

1044 2508 1099 2531 erat
1118 2503 1200 2530 omnis
1213 2506 1279 2529 terra
1294 2501 1387 2528 («bium
1409 2509 1505 2533 unum,
1518 2505 1541 2527 et
1561 2507 1610 2527 vos:
1628 2507 1679 2527 una
1700 2497 1814 2525 omnibus
1829 2506 1835 2523 :

1047 2557 1099 2577 non
1123 2548 1157 2576 de
1182 2553 1251 2575 terra
1272 2547 1394 2581 loquens,
1410 2546 1456 2573 sed
1479 2546 1513 2573 de
1528 2545 1664 2572 hominum
1686 2551 1794 2578 genere,
1811 2548 1839 2570 ut

1047 2603 1095 2622 nos
1119 2594 1215 2621 docent
1230 2600 1308 2619 uuam
1323 2592 1438 2626 linguam
1452 2591 1524 2617 omni
1538 2590 1673 2616 hominum
1691 2589 1773 2616 fuisse
1789 2595 1838 2615 na-

1048 2645 1123 2667 turai.
1137 2638 1169 2665 Et
1180 2643 1232 2664 erat
1247 2638 1326 2664 annuis
1340 2642 1406 2663 terra
1418 2636 1512 2663 labium
1526 2643 1612 2668 unum,
1626 2639 1648 2662 et
1661 2643 1709 2661 rex
1722 2642 1772 2660 una
1783 2642 1839 2661 om-

1047 2687 1129 2714 nibus.
1145 2686 1249 2712 Lubiam
1268 2693 1356 2716 unum,
1369 2691 1518 2711 sermonem
1532 2683 1605 2714 dicit,
1620 2687 1647 2710 et
1659 2682 1773 2717 idipsum
1789 2682 1836 2708 ite-

1049 2741 1106 2760 rum
1122 2741 1168 2767 per
1185 2739 1277 2759 vocem
1299 2730 1414 2762 indicat,
1429 2730 1581 2764 signiﬁcans
1599 2735 1694 2756 omnes
1715 2735 1777 2755 usos
1791 2735 1836 2754 ea-

1049 2781 1108 2808 dem
1124 2786 1188 2806 voce
1202 2782 1229 2806 ct
1249 2777 1344 2812 lingua.
1362 2777 1394 2803 Et
1406 2776 1476 2811 quod
1494 2776 1529 2803 de
1550 2775 1653 2811 loquela
1667 2775 1782 2807 dicatur,
1804 2773 1837 2800 Et

1078 2849 1115 2879 (η)
1133 2853 1165 2874 ne
1183 2850 1252 2881 signo
1278 2855 1322 2874 seu
1341 2846 1455 2873 miraculo
1479 2846 1602 2871 (iiiiSiOltis
1634 2844 1769 2876 linguarum
1801 2842 1837 2864 io—

1049 2886 1138 2914 φίλων.
