2058 3123
231 134 284 163 £75

229 201 288 223 erat
309 193 389 221 omnis
408 196 475 220 terra
497 191 591 219 labium
611 201 688 220 unum
699 213 706 225 ,
722 191 783 220 audi
797 191 961 227 Scripturam
974 190 1027 218 alio

236 240 295 266 loco
312 238 465 266 dicentem:
495 237 620 265 Venenum
640 238 756 272 aspidum
777 237 821 264 sub
846 237 919 264 labiis
942 245 1028 263 eorum

234 285 246 318 ί
262 283 334 312 Psal.
353 284 414 312 159.
429 285 446 312 4
457 284 477 320 ).
495 283 532 311 Ita
545 284 614 311 solet
627 283 764 318 Scriptura
777 283 906 311 labiorum
921 283 1028 310 nomine

235 331 368 365 loquelam
384 331 528 366 appellare.
543 329 571 357 2.
585 329 618 356 Et
626 332 721 365 factum
734 335 770 357 est
783 338 839 356 eam
853 333 977 356 moverent
990 328 1027 354 illi

234 377 266 403 ab
281 376 392 410 Oriente,
408 377 554 403 invenerunt
563 383 682 410 campum
691 375 718 402 in
729 379 798 402 terra
808 375 935 407 Seunuar,
948 377 972 400 et
981 373 1028 400 Ita-

234 422 374 449 bitavcrunt
387 422 451 449 illic.

269 467 297 494 2.
319 467 438 494 Humana
448 472 541 495 natura
553 475 651 502 majora
664 475 762 502 semper
774 465 878 502 appetit.
897 464 1028 492 Memoria

234 518 336 540 aeternae
357 513 492 548 cupiditas.
508 528 544 534 -—
559 513 625 541 Vide
644 512 777 548 quomodo
797 512 911 538 humana
934 515 1027 538 natura

235 565 288 586 non
304 562 391 593 potest
403 559 550 586 subsistere
566 558 634 585 intra
647 565 710 585 suos
724 557 833 591 limites,
849 556 896 584 sed
914 556 1027 591 amplius

235 604 437 639 concupiscens,
454 605 556 640 majora
570 612 650 640 supra
664 612 694 632 se
703 604 814 639 appetit.
829 604 915 638 Atque
928 603 978 630 hoc
987 607 1028 630 est

235 649 306 684 quod
327 650 470 677 humanum
493 657 577 686 genus
591 651 755 686 potissimum
778 649 876 685 perdit,
898 650 959 685 quia
975 657 1027 677 non

234 696 291 722 vult
307 700 408 723 natum
428 703 484 723 suae
504 703 657 724 mensuram
678 703 841 731 agnoscere,
856 695 903 723 scd
922 703 1028 730 semper

235 741 337 776 majora
359 742 474 777 appetit,
499 746 527 769 et
541 749 600 777 qua:
614 749 693 777 supra
707 749 782 769 suam
795 745 859 769 sunt
871 741 1026 776 dignitatem

235 787 305 814 votis
325 787 449 823 concipit.
472 787 538 815 Hinc
557 792 585 815 et
599 788 645 823 qui
671 787 802 815 tuundana
816 787 981 823 suspiciunt,
1005 787 1028 815 si

234 833 342 867 quando
354 833 437 860 multo
447 833 638 861 abundaverint
652 841 728 867 auro,
742 838 769 861 ct
782 838 905 869 potentes
919 833 1027 866 iuerint,

234 879 311 914 quasi
323 878 398 907 obliti
410 886 465 907 sum
476 884 588 912 natum,
604 880 630 907 in
641 884 741 907 tantum
751 887 781 908 se
793 879 926 915 fastigium
937 879 1028 907 ell'em'

235 925 345 958 volunt,
368 925 454 953 donec
478 925 504 952 in
527 925 688 960 profundum
703 925 790 960 ipsum
804 924 970 960 dcjiciantur.
995 924 1027 952 Et

235 970 288 998 hoc
312 970 431 998 videmus
454 971 571 1006 quotidie
591 972 763 1006 contingere,
776 971 896 1006 quamvis
916 979 966 999 nec
979 970 1029 999 hac

236 1016 338 1044 ratione
362 1017 558 1044 emendatiores
576 1015 691 1044 evadant
713 1016 758 1044 alii
772 1026 778 1044 :
793 1016 839 1044 sed
855 1017 903 1044 etsi
918 1016 952 1043 ad
967 1024 1028 1051 par-

235 1070 298 1089 vum
309 1065 414 1097 tempus
425 1062 615 1097 reprimuntur,
625 1062 712 1090 subito
721 1066 808 1089 tamen
816 1062 934 1089 omnium
942 1061 1028 1094 obliti,

236 1108 332 1136 iterum
345 1107 466 1136 eamdem
481 1107 607 1135 incedunt
619 1107 705 1141 viam,
719 1111 746 1135 et
759 1107 785 1134 in
798 1107 892 1135 eadem
906 1107 1028 1142 principi-

236 1153 272 1180 tia
285 1152 439 1180 deferuntur
464 1160 473 1178 :
497 1152 523 1180 id
544 1152 616 1188 quod
634 1157 662 1180 et
675 1160 745 1180 nunc
763 1152 856 1180 videre
877 1152 940 1180 licet
960 1152 1028 1188 apud

236 1199 302 1226 istos
317 1197 425 1225 factum.
440 1198 474 1225 Et
485 1199 581 1234 factum
594 1202 631 1225 est
645 1206 702 1224 cum
713 1202 837 1225 moverent
847 1198 885 1225 illi
896 1197 929 1225 ab
939 1197 1029 1224 Orien-

237 1250 272 1278 te,
285 1244 431 1271 invenerunt
445 1252 563 1280 campum
576 1244 602 1271 in
612 1248 679 1271 terra
687 1244 814 1277 Senuaar,
825 1249 849 1271 et
858 1244 1030 1271 habitaverunt

235 1291 299 1318 illic.
315 1290 380 1318 Vide
392 1290 526 1326 quomodo
539 1290 665 1326 paulatim
679 1290 758 1318 docet
768 1297 816 1318 nos
832 1290 955 1318 instabile
969 1290 1030 1318 illo-

237 1343 296 1363 rum
312 1335 487 1371 propOsitum.
501 1335 630 1370 Quoniam
641 1335 774 1368 viderunt,
787 1335 880 1371 inquit,
894 1343 1028 1371 campum,

236 1383 382 1418 migrantes
394 1403 402 1416 ,
418 1387 444 1410 et
459 1382 552 1410 relicto
570 1382 653 1418 priori
666 1382 725 1410 loco
735 1403 742 1416 ,
758 1382 811 1410 illic
834 1382 1028 1410 habitaverunt.

237 1429 340 1458 Deinde
351 1429 433 1456 dicit:
449 1429 476 1457 5.
495 1428 565 1456 Dixit
577 1429 747 1464 unusquisque
759 1429 874 1462 proximo
890 1437 936 1456 suo
952 1437 962 1456 :
980 1428 1030 1455 γε.

237 1477 298 1509 nite,
314 1476 478 1510 conﬁciemus
489 1476 587 1508 lateres,
603 1479 627 1503 et
639 1483 775 1511 soquanms
788 1483 831 1502 eos
844 1475 906 1511 igni.
922 1475 955 1502 Et
969 1475 1030 1510 facti

237 1526 296 1549 sunt
310 1521 361 1548 illis
373 1522 463 1549 lateres
476 1522 503 1548 in
515 1521 638 1556 lapidem,
649 1525 673 1548 et
683 1521 793 1548 bituincn
806 1526 858 1548 erat
873 1520 924 1548 illis
937 1521 1029 1548 lutum.

239 1568 267 1594 4.
283 1566 316 1593 Et
328 1566 446 1594 dixerunt
461 1575 467 1593 :
488 1566 575 1594 Venite
584 1587 592 1600 ,
606 1566 759 1601 (edi/iocatus
774 1566 844 1594 nobis
856 1566 978 1594 civitatem
988 1587 995 1599 ,
1008 1571 1031 1593 et

237 1613 339 1644 turrim,
359 1612 432 1647 cujus
444 1616 522 1647 caput
535 1613 582 1639 erit
594 1620 672 1648 usque
689 1613 714 1639 in
733 1612 841 1646 ca'lum,
862 1617 886 1639 et
907 1613 1031 1648 facimnus

239 1658 310 1685 nobis
330 1658 392 1693 ipsis
406 1667 512 1691 nomen,
529 1660 676 1694 priusquam
695 1659 869 1695 disperguntur
890 1667 966 1694 super
977 1667 1032 1686 ont-

239 1713 296 1732 nem
309 1709 409 1732 terram.
426 1705 491 1733 Vide
506 1706 640 1741 quomodo
653 1706 797 1733 abutuntur
806 1705 940 1733 communi
955 1713 1029 1738 voce,

239 1756 266 1778 ct
276 1752 408 1787 quomodo
421 1760 516 1780 vanum
529 1753 589 1780 vita:
602 1753 766 1788 propositum
777 1753 810 1780 sit
822 1753 964 1780 multorum
975 1760 1032 1780 ma-

240 1798 327 1825 iorum
344 1799 459 1826 occasio.
479 1798 575 1832 Venite,
592 1800 686 1835 inquit,
703 1800 826 1834 faciamus
840 1800 938 1832 lateres,
953 1804 976 1827 et
988 1807 1032 1827 ca-

239 1852 346 1877 quamus
358 1852 399 1871 eos
412 1844 475 1880 igni.
491 1844 523 1872 Et
536 1845 597 1879 facti
610 1849 668 1872 sunt
685 1844 736 1872 illis
754 1845 842 1872 lateres
856 1845 882 1872 in
904 1844 1030 1880 lapidem,

240 1895 263 1916 rt
283 1890 391 1918 bitumen
411 1891 437 1918 in
459 1899 566 1918 caenum.
592 1891 657 1919 Vide
671 1897 768 1926 quanta
784 1893 926 1920 securitate
941 1892 1032 1920 volunt

239 1936 383 1970 a'dilicare,
404 1937 554 1965 nescientes
569 1937 648 1967 illud.
660 1937 719 1965 Nisi
732 1937 857 1966 Dominus
871 1938 1032 1973 aediﬁcaverit

239 1982 351 2014 domum,
365 1982 393 2009 in
402 1991 493 2010 vanum
502 1983 676 2010 laboraverunt
686 1985 729 2018 qui
738 1984 865 2018 aedificant
876 1992 931 2011 eant
943 1983 1030 2020 (Psal.

240 2028 302 2056 126.
320 2029 356 2064 i).
374 2028 405 2055 Et
419 2030 580 2064 wdiﬁcemus,
595 2030 725 2065 inquiunt,
740 2030 811 2058 nobis
821 2031 964 2058 civitatem:
978 2039 1031 2058 non

239 2075 305 2106 Deo,
321 2075 368 2102 sed
385 2074 466 2103 Nobis
480 2076 551 2111 ipsis.
566 2075 642 2108 Vide,
659 2083 718 2109 oro,
733 2084 812 2112 quam
831 2077 942 2104 invaluit
954 2076 1032 2103 mali-

239 2121 274 2147 tia
288 2130 295 2148 :
311 2120 438 2148 habentes
451 2120 538 2148 adhuc
548 2125 682 2149 recentem
694 2122 850 2149 memoriam
863 2121 995 2157 generalis
1006 2122 1032 2149 in

239 2168 341 2195 dilu\io
355 2167 490 2198 interitus.
517 2168 542 2194 in
560 2172 658 2195 lautam
677 2168 826 2196 inciderunt
844 2169 982 2196 insaniant.
1000 2168 1033 2196 Et

240 2214 405 2248 tediﬁcemus,
420 2213 515 2248 inquit,
528 2214 597 2241 nobis
612 2214 745 2247 civitatem,
757 2219 780 2241 et
796 2215 894 2247 turrim,
909 2216 981 2250 cujus
991 2223 1034 2242 ca-

241 2264 285 2293 put
296 2259 342 2286 erit
352 2267 429 2293 usque
443 2259 468 2285 in
479 2259 578 2286 cwlum.
590 2259 702 2286 Nomine
711 2259 769 2287 caeli
784 2267 913 2287 summam
928 2260 1032 2288 illorum

241 2305 379 2332 audaciam
403 2305 538 2340 Scriptura
553 2305 642 2333 divina
657 2305 784 2333 declarat.
801 2304 833 2332 Et
845 2306 978 2341 faciamus,
994 2307 1034 2334 in-

240 2352 315 2386 quit,
336 2352 470 2387 nobisipsis
492 2361 591 2380 nomen.
613 2351 724 2379 Vidistis
750 2352 866 2380 radicem
888 2353 966 2380 mali?
983 2353 1033 2386 Ut,

243 2399 338 2435 inquit,
353 2404 508 2435 perpetuam
522 2399 678 2426 memoriam
689 2406 894 2434 consequamur,
909 2404 938 2427 ut
950 2400 1034 2428 nostri

243 2450 371 2481 perpetuo
397 2452 530 2473 memores
553 2445 606 2472 sint
627 2445 751 2480 posteri:
768 2445 820 2473 tale
843 2445 894 2473 erit
914 2451 1034 2473 nostrum

242 2499 326 2527 opus,
341 2496 371 2518 ut
393 2498 537 2526 numquam
550 2490 676 2518 oblivioni
693 2490 820 2518 tradatur.
844 2491 877 2518 Et
891 2491 942 2518 ltoc
957 2491 1035 2519 facia-

242 2545 302 2565 mus
317 2537 471 2572 Priusquam
488 2537 661 2572 disperyamur
670 2546 745 2573 super
757 2538 845 2573 facient
859 2537 940 2564 omnis
952 2543 1033 2565 terras.

243 2583 337 2610 Adhuc
346 2603 353 2616 ,
371 2583 454 2618 inquit
466 2604 473 2616 ,
486 2584 637 2619 congregati
652 2584 721 2619 quod
734 2584 810 2612 nobis
823 2584 908 2612 visum
921 2590 961 2612 est
975 2584 1036 2612 elli-

243 2631 361 2662 ciamus,
378 2634 407 2656 ut
423 2630 536 2664 posteris
550 2635 707 2665 perpetuuut
728 2639 823 2659 nomen
843 2632 1032 2667 relinquamus.

244 2678 313 2704 Sunt
328 2676 401 2703 nutlti
416 2677 496 2704 etiam
510 2676 588 2704 hodie
602 2677 646 2712 qui
661 2678 721 2705 illos
736 2677 882 2710 imitantur,
897 2682 925 2705 et
940 2678 1035 2706 talibus

244 2723 369 2757 operibus
379 2723 508 2751 celebrari
520 2724 621 2756 volunt,
635 2723 679 2758 qui
694 2723 848 2758 splendidas
861 2723 956 2750 domus
969 2724 1035 2750 mdi-
1055 2737 1058 2739 -

246 2768 336 2802 licant,
348 2772 376 2796 et
389 2769 503 2802 lavacra,
517 2773 544 2797 et
557 2770 673 2804 porticus
683 2790 692 2802 ,
713 2774 741 2796 et
755 2769 951 2797 dcambulacra.
965 2770 1036 2802 Quo-

247 2822 303 2842 rum
317 2815 338 2842 si
349 2815 462 2850 aliquem
475 2815 625 2851 rogaveris,
642 2823 724 2850 quare
735 2815 770 2842 ita
789 2815 890 2842 laboret
901 2819 929 2842 et
941 2815 1035 2850 fatige-

245 2864 299 2895 tur,
326 2866 466 2899 taulosquc
495 2863 665 2899 pecuniarum
691 2866 812 2898 sumptus
832 2861 918 2897 iaciat,
936 2870 1035 2898 eosque

571 134 600 162 S.
620 133 758 162 JOANNIS
772 131 1008 162 CHRYSOSTOMI
1026 131 1185 160 ARCHIEP.
1206 132 1472 164 CONSTANTINOP.

1816 137 1869 166 276

1083 191 1190 220 inutiles
1204 201 1211 220 :
1227 193 1292 221 nihil
1312 193 1383 222 aliud
1398 194 1500 229 audies,
1514 201 1593 230 quam
1607 194 1664 223 htec
1676 195 1767 229 verba,
1779 200 1808 223 ut
1823 196 1873 223 im-

1081 238 1202 266 mortalis
1214 245 1335 267 servetur
1348 241 1486 274 memoria,
1499 245 1527 268 ει
1536 241 1641 269 dicatur
1654 241 1724 269 illius
1733 249 1794 269 esse
1805 241 1873 269 hanc

1081 285 1199 318 domum,
1213 286 1283 314 illius
1297 286 1368 314 hunc
1380 295 1483 322 agrum.
1499 287 1534 315 At
1545 287 1597 315 hoc
1608 295 1661 315 non
1674 293 1715 316 est
1727 288 1833 315 laudem
1846 295 1874 316 cs

1082 331 1254 364 memoriam,
1267 332 1314 359 sed
1331 333 1432 360 crimen
1454 332 1503 360 sibi
1523 340 1628 368 parare.
1649 333 1714 361 Nam
1735 335 1825 361 statim
1840 335 1872 362 ad

1082 374 1140 403 hinc
1153 376 1347 412 subjungentur
1359 377 1532 412 plurimarum
1543 379 1763 406 contumeliarum
1778 380 1871 412 verba;

1081 427 1177 455 nempe
1187 421 1266 457 hujus
1276 427 1318 450 est
1326 423 1410 455 avari,
1429 422 1508 457 hujus
1521 424 1634 458 rapacis,
1649 424 1725 459 hujus
1736 425 1874 453 viduantm

1081 473 1108 496 et
1122 469 1301 504 orphanorum
1317 469 1476 505 spoliaturis.
1492 469 1574 506 Igitur
1586 471 1636 498 hoc
1650 479 1702 498 non
1716 476 1757 500 est
1770 479 1875 499 memo-

1081 514 1146 541 riam
1154 515 1270 549 assequi,
1283 515 1330 543 sed
1344 515 1479 550 perpetuis
1491 516 1571 551 objici
1582 516 1747 550 criminibus,
1756 521 1784 545 ct
1793 519 1874 546 etiam

1082 563 1142 594 post
1155 564 1267 588 mortem
1283 560 1415 595 infamari,
1427 569 1459 589 ac
1469 566 1648 597 spectatorum
1659 563 1761 599 linguas
1774 571 1870 593 acuere

1081 605 1107 632 in
1122 605 1313 640 blasphemiam
1323 627 1330 639 ,
1345 611 1372 634 et
1385 607 1582 635 accusationem
1599 608 1659 643 ejus
1673 609 1719 644 qui
1731 609 1773 637 illa
1789 610 1874 645 possi-

1081 650 1136 678 dct.
1152 651 1227 685 Quod
1249 652 1272 680 si
1287 653 1396 680 omnino
1410 657 1537 681 retentam
1552 655 1708 682 memoriam
1723 662 1807 688 amas,
1823 663 1874 690 ego

1081 696 1127 724 tibi
1143 697 1211 725 viam
1227 698 1391 730 monstrabo,
1403 705 1453 734 qua
1465 699 1566 734 poteris
1575 707 1683 735 semper
1694 700 1832 734 celebrari,
1847 705 1875 728 et

1080 749 1140 777 quae
1152 741 1225 770 dab.t
1237 742 1283 771 tibi
1297 742 1420 771 ﬁduciam
1434 744 1460 771 in
1472 744 1561 772 futuro
1574 745 1684 772 saculo.
1694 745 1815 779 Quonam
1827 753 1874 780 pa-

1081 794 1125 816 clo
1136 788 1216 824 igitur
1228 789 1329 824 poteris
1342 794 1370 818 et
1382 791 1596 823 commemorari,
1610 795 1638 818 et
1648 791 1776 819 celebrari
1787 791 1874 826 quoti-

1080 835 1135 869 die,
1148 835 1328 871 encomiisque
1338 835 1415 864 evehi
1426 837 1506 864 etiam
1519 842 1578 872 post
1591 836 1661 865 hanc
1675 837 1755 865 vitam
1764 838 1776 864 ἲ
1786 837 1815 865 Si
1827 838 1875 866 has

1081 881 1206 917 pecunias
1219 882 1245 909 in
1260 890 1355 910 manus
1370 883 1478 918 inopum
1494 883 1643 919 dispenses,
1660 884 1761 912 relictis
1781 884 1875 919 lapidi-

1080 928 1141 962 bus,
1152 928 1254 964 maguis
1267 928 1396 962 aediﬁciis,
1415 930 1492 962 villis,
1504 935 1530 958 et
1543 930 1655 958 balneis.
1671 931 1733 958 llaec
1745 931 1875 959 memoria

1081 975 1237 1003 innutneros
1249 975 1295 1002 tibi
1308 975 1449 1003 thesauros
1460 976 1595 1009 conciliat,
1609 976 1667 1004 haec
1676 978 1804 1004 memoria
1818 985 1876 1004 sar-

1080 1020 1167 1048 cinam
1183 1025 1351 1056 peccatorum
1367 1021 1481 1054 alleviat,
1497 1023 1554 1049 hazc
1567 1022 1676 1049 multant
1690 1022 1736 1049 tibi
1751 1021 1875 1050 ﬁduciam

1080 1067 1150 1102 apud
1173 1067 1313 1095 Dominum
1337 1068 1470 1096 conciliat.
1492 1067 1596 1103 Cogita,
1621 1069 1750 1101 obsecro,
1767 1073 1794 1096 et
1817 1069 1878 1097 han:

1082 1113 1161 1141 verba
1176 1121 1236 1149 qum
1255 1113 1350 1150 singuli
1373 1114 1468 1142 dicturi
1488 1119 1567 1147 sunt,
1582 1119 1707 1142 vocantes
1722 1114 1876 1142 misericor-

1081 1159 1153 1194 dem,
1163 1160 1316 1195 benignum,
1327 1165 1504 1194 mansuetum,
1514 1168 1632 1195 suavem,
1647 1166 1699 1188 tam
1711 1161 1811 1196 largum
1821 1161 1877 1188 dis-

1081 1210 1261 1241 pensatorem.
1277 1206 1402 1240 Dispersi!
1423 1207 1506 1239 enim,
1522 1206 1616 1240 inquit,
1634 1207 1702 1233 dedit
1713 1207 1876 1242 pauperibus;

1076 1252 1177 1286 justitia
1193 1252 1246 1287 ejus
1258 1257 1342 1279 manet
1361 1253 1388 1279 in
1402 1253 1522 1279 saxulum
1537 1251 1622 1289 (Prol.
1639 1253 1700 1280 HI.
1715 1251 1755 1288 9).
1777 1253 1876 1287 Hujus-

1081 1296 1153 1324 modi
1164 1297 1234 1324 enim
1249 1301 1311 1325 sunt
1336 1297 1507 1332 pecuniarum
1527 1298 1641 1331 divitiis;
1668 1297 1798 1334 dispersa:
1818 1305 1876 1325 ma-

1082 1346 1161 1374 nent;
1185 1343 1208 1369 si
1231 1343 1394 1370 retineantur
1407 1347 1434 1370 et
1448 1343 1650 1376 concludantur,
1670 1344 1749 1371 etiam
1772 1351 1802 1371 se
1816 1351 1876 1371 ser-

1082 1391 1189 1414 vantem
1203 1395 1293 1415 secum
1316 1388 1440 1423 perdunt.
1465 1388 1589 1424 Dispersit
1604 1389 1685 1422 enim,
1701 1389 1795 1424 inquit,
1809 1389 1877 1416 dedit

1083 1434 1244 1469 pauperibus.
1256 1434 1308 1463 Sed
1321 1434 1382 1462 audi
1391 1442 1452 1470 qum
1461 1439 1607 1470 sequuntur
1621 1443 1628 1461 :
1642 1434 1746 1462 Iustitia
1758 1435 1813 1470 ejus
1823 1443 1877 1461 ma-

1082 1485 1123 1507 net
1129 1481 1154 1507 in
1161 1480 1292 1508 utentum.
1302 1480 1361 1508 Uno
1368 1480 1412 1508 die
1420 1480 1524 1508 divitias
1533 1480 1668 1516 dispersit,
1678 1480 1811 1516 ctjustitiu
1819 1480 1877 1515 ejus

1082 1531 1173 1555 manet
1191 1526 1217 1554 iu
1235 1526 1380 1560 smculum,
1400 1531 1428 1554 et
1442 1527 1598 1554 memoriam
1613 1527 1674 1554 facit
1688 1526 1875 1554 immortalem.

1120 1573 1146 1600 ὅ.
1164 1572 1295 1600 Memoria
1308 1572 1347 1599 sui
1358 1573 1529 1607 relinquenda
1542 1573 1608 1599 ratio
1621 1573 1727 1608 optima.
1736 1587 1772 1592 —
1781 1572 1876 1600 Vidisti

1083 1619 1251 1652 memoriam,
1262 1627 1322 1654 qua:
1335 1626 1365 1647 se
1373 1619 1399 1646 iu
1408 1626 1489 1646 omne
1498 1619 1624 1646 sacculum
1636 1619 1755 1646 extendit
1763 1620 1776 1646 ἲ
1788 1617 1877 1646 vidisti

1083 1664 1238 1692 memoriam
1253 1664 1354 1699 magnis
1366 1668 1393 1692 et
1406 1664 1584 1692 ineiiabilibus
1599 1663 1704 1699 plenam
1716 1663 1813 1692 bonis?
1826 1663 1877 1691 Ta-

1083 1709 1153 1737 libus
1163 1710 1282 1737 mdiliciis
1291 1710 1373 1738 nostri
1383 1711 1539 1737 memoriam
1553 1710 1705 1745 relinquere
1711 1710 1876 1738 Studeamus.

1084 1757 1151 1785 Nam
1162 1756 1293 1792 lapidibus
1305 1756 1462 1789 mdilicasse,
1474 1764 1527 1784 non
1540 1756 1625 1784 solum
1635 1755 1699 1783 nihil
1712 1756 1788 1783 nobis
1797 1756 1878 1791 prod-

1084 1810 1144 1831 esse
1168 1803 1284 1838 poterit,
1307 1802 1355 1830 sed
1369 1809 1419 1830 nos
1438 1802 1565 1830 continuo
1580 1806 1714 1837 tamquam
1737 1802 1877 1835 columna,

1085 1849 1158 1876 clara
1174 1856 1239 1876 voce
1254 1848 1402 1875 iul'amabit.
1419 1848 1452 1875 Et
1465 1855 1513 1875 nos
1533 1847 1595 1875 hinc
1608 1847 1713 1875 abimus
1726 1847 1878 1875 dcl'crcntcs

1084 1898 1191 1930 peccata
1206 1893 1267 1921 inde
1281 1898 1366 1929 parta,
1377 1899 1404 1921 et
1415 1893 1527 1921 aedilicia
1540 1894 1583 1921 hic
1598 1893 1774 1928 relinquimus
1789 1902 1796 1920 :
1813 1893 1877 1928 quin

1085 1947 1135 1968 nec
1157 1940 1279 1975 frigidam
1306 1939 1378 1967 illam
1402 1944 1430 1967 et
1457 1939 1577 1966 inutilem
1603 1939 1759 1967 memoriam
1784 1946 1879 1966 conse-

1084 1985 1202 2021 quimur,
1216 1984 1263 2012 sed
1278 1984 1367 2019 potius
1392 1983 1497 2019 probris
1518 1984 1701 2019 deturpamur,
1728 1990 1879 2018 nomenque

1085 2032 1173 2060 statim
1188 2031 1284 2058 transit
1300 2030 1333 2058 ad
1346 2030 1470 2058 alterum.
1484 2030 1589 2058 Etenim
1605 2030 1644 2058 sic
1658 2037 1687 2057 se
1705 2037 1748 2056 res
1761 2029 1877 2060 habent.

1085 2082 1115 2105 ut
1128 2078 1162 2105 ab
1182 2077 1233 2104 hoc
1252 2076 1285 2104 ad
1300 2076 1381 2104 alium
1407 2080 1561 2109 transeant,
1577 2081 1604 2104 ct
1622 2076 1656 2103 ab
1670 2076 1715 2103 illo
1734 2076 1831 2103 iterum
1852 2075 1878 2102 in

1085 2124 1176 2151 alium.
1200 2123 1235 2150 Et
1260 2122 1339 2150 hodie
1362 2122 1470 2157 quidem
1495 2122 1591 2149 domus
1615 2121 1755 2149 dicebatur
1781 2121 1877 2156 hujus,

1086 2176 1146 2196 cras
1179 2168 1248 2196 illius
1264 2189 1272 2202 ,
1299 2167 1446 2203 postridie,
1474 2167 1578 2195 dicetur
1605 2167 1726 2195 alterius.
1769 2166 1879 2194 interim

1085 2219 1181 2250 sponte
1205 2222 1254 2242 nos
1278 2214 1350 2249 ipsos
1375 2213 1538 2248 decipimus,
1569 2217 1694 2248 putantes
1718 2219 1767 2240 nos
1790 2211 1879 2240 domi-

1086 2262 1159 2290 niqu
1174 2261 1306 2296 quoddam
1323 2260 1459 2295 possidere
1469 2280 1476 2292 ,
1489 2260 1639 2287 nescientes
1661 2267 1710 2286 nos
1721 2259 1808 2286 soluat
1830 2266 1879 2286 usu

1087 2307 1176 2343 potiri,
1189 2311 1216 2334 et
1227 2306 1348 2338 velimus,
1362 2305 1487 2338 nolimus,
1497 2305 1555 2332 aliis
1569 2305 1627 2333 hmo
1636 2304 1784 2332 concedere
1798 2313 1805 2331 :
1819 2312 1880 2331 nam

1087 2354 1158 2390 quod
1173 2353 1267 2389 quibus
1288 2353 1421 2384 nolumus,
1438 2351 1463 2379 id
1481 2351 1535 2386 jam
1551 2357 1693 2387 praetereo.
1709 2350 1824 2378 Omnino
1840 2355 1880 2378 ta-

1087 2408 1160 2433 men,
1176 2400 1200 2427 si
1215 2400 1371 2428 memoriam
1387 2398 1567 2433 concupiscis,
1583 2402 1610 2426 et
1624 2398 1702 2433 hujus
1717 2397 1764 2424 tibi
1778 2401 1880 2424 tantum

1088 2448 1204 2475 studium
1227 2452 1267 2475 est
1283 2456 1289 2475 :
1304 2447 1365 2474 audi
1387 2446 1522 2482 quomodo
1543 2445 1629 2472 vidua:
1652 2450 1785 2471 memores
1806 2447 1882 2470 erant

1088 2494 1227 2527 Tabithzc,
1253 2498 1281 2521 ct
1301 2493 1437 2528 quomodo
1456 2491 1665 2519 circumstabant
1681 2490 1790 2518 Pctrmn
1812 2489 1879 2516 ﬂen-

1089 2546 1146 2575 tes,
1166 2545 1193 2568 ct
1220 2541 1434 2568 demonstrantes
1459 2539 1561 2566 tunicas
1579 2543 1608 2566 et
1629 2542 1734 2569 vestes,
1755 2545 1821 2572 quas
1843 2536 1881 2563 ia-

1088 2588 1176 2615 clebat
1194 2587 1246 2614 illis
1268 2587 1381 2618 Dorcas,
1401 2594 1461 2614 cum
1483 2585 1570 2612 adhuc
1589 2588 1742 2619 superesset
1770 2584 1837 2618 (Act.
1855 2583 1880 2612 9.

1089 2633 1194 2669 59—“).
1218 2633 1311 2660 Vidisti
1329 2633 1424 2660 domus
1443 2632 1574 2659 animatas
1592 2639 1684 2658 vocem
1714 2630 1882 2663 amittentes,

1088 2685 1115 2708 et
1142 2684 1222 2707 tantm
1249 2679 1373 2712 virtutis,
1399 2684 1428 2706 ut
1450 2686 1465 2705 a
1485 2682 1571 2705 morte
1596 2677 1629 2704 ad
1653 2677 1733 2704 vitam
1757 2684 1881 2704 revocare

1087 2725 1205 2761 queant?
1218 2725 1283 2752 Nam
1300 2729 1437 2760 postquam
1451 2725 1686 2752 circumsteterunt
1702 2723 1822 2755 Petrum,
1838 2730 1878 2749 ca-

1089 2771 1157 2798 lidas
1184 2771 1316 2806 Iacrymas
1340 2770 1550 2806 profundentes,
1573 2769 1716 2804 cibumque
1737 2773 1766 2796 et
1786 2768 1884 2803 quibus

1089 2825 1155 2852 opus
1168 2817 1300 2844 habebant
1310 2820 1472 2851 qumrentes,
1491 2815 1585 2843 Petrus
1596 2815 1689 2849 ejectis
1702 2814 1839 2847 omnibus,
1855 2819 1882 2841 ct

1091 2863 1184 2899 positis
1202 2863 1315 2899 genibus
1326 2862 1430 2897 oravit;
1452 2866 1551 2890 etcum
1567 2861 1709 2890 excitaSSct
1724 2861 1815 2895 illam,
1833 2867 1879 2888 vi»
