2058 3123
211 137 263 165 277

207 194 279 222 cavit
300 197 407 222 sanctos
427 198 454 221 et
473 194 575 227 viduas,
597 198 624 222 et
642 194 758 222 reddidit
772 203 832 223 eam
846 196 943 222 vivam.
967 196 996 223 Si

207 240 366 267 memoriam
377 240 484 274 quaeris.
500 240 522 267 si
535 247 624 267 veram
638 240 748 274 gloriam
759 248 844 274 amas,
860 240 928 268 hanc
941 241 999 267 imi-

208 291 281 318 tare,
296 285 363 314 tales
376 286 471 312 domus
482 290 591 313 exstrue
602 306 609 318 ,
625 286 679 313 noli
699 291 822 320 sumplus
838 290 896 313 tuos
912 285 998 313 inani-

207 332 287 359 matis
304 331 468 367 impendere,
483 332 530 359 sed
543 339 604 359 cum
619 332 673 359 illis
685 332 729 367 qui
743 332 862 367 ejusdem
876 337 937 359 sunt
951 339 998 367 ge-

207 378 280 404 neris
305 377 515 405 miscricordiam
542 378 630 405 facito.
658 378 721 405 lla:c
745 377 825 405 laude
851 377 930 413 digna
958 382 1000 404 est

206 424 347 456 memoria,
364 424 420 450 hinc
439 431 565 458 magnum
587 423 689 450 lucrum
709 423 795 450 affert.
815 422 947 450 therum
965 422 998 449 ad

207 470 360 498 institutum
376 469 518 497 redeamus
529 490 536 502 ,
553 473 580 496 et
593 469 730 496 videamus
744 469 849 496 illorum
869 469 996 502 virorum,

206 517 250 550 qui
266 521 327 542 tunc
340 520 426 548 erant,
440 515 590 542 audaciam.
612 514 720 542 illorum
734 515 805 542 enim
825 514 979 542 inductiones
989 535 996 548 ,

205 567 316 596 nostra;
333 563 356 590 si
371 570 465 597 sapere
488 562 660 593 voluerimus,
675 562 854 589 emendationi
869 562 997 589 serviunt.

205 610 232 636 4.
249 608 281 635 Et
304 609 470 642 azdiﬁcemus,
492 609 587 643 inquit,
611 609 683 635 nobis
702 608 842 641 civitatem,
857 612 879 635 et
899 608 998 640 turrim,

205 655 278 690 cujus
293 659 369 689 caput
382 654 428 681 erit
441 662 518 689 usque
528 655 554 681 in
568 654 669 686 caelum,
684 658 707 680 et
721 653 845 688 faciamus
860 653 999 688 nobisipsis

205 709 297 727 nomen
321 701 466 735 priusquam
489 700 665 736 disperguntur
686 708 762 734 super
788 704 891 727 terram.
917 699 998 728 Vides

205 747 341 782 quomodo
354 747 554 782 corruptionem
568 747 664 774 anima:
679 754 733 774 sua:
752 746 848 781 ubique
861 745 997 774 exhibent.

206 793 241 820 Et
264 793 438 827 redi/imitus,
459 793 554 827 inquit,
577 793 648 819 nobis
667 792 811 819 civitatem:
825 796 852 819 et
872 792 968 818 iterum
991 800 998 818 :

207 840 345 866 Faciamus
355 839 425 866 nobis
438 839 501 873 ipsis
513 847 613 865 nomen.
628 838 691 865 Vide
705 838 840 873 quomodo
849 838 928 865 etiam
941 843 1000 872 post

206 885 363 920 generalem
376 886 495 912 omnium
517 885 654 912 interitum
669 892 722 912 non
743 885 845 912 minora
868 884 937 911 mala
951 891 999 918 ag-

203 930 371 966 grediantur.
387 930 455 964 Quid
476 938 539 965 ergo
554 931 620 958 lict?
636 931 769 964 quomodo
787 930 821 957 ab
835 931 937 957 insania
951 937 998 957 sus

208 976 407 1011 reprimuntur?
420 976 558 1004 Pollicitus
569 981 611 1004 est
627 976 706 1008 Deus,
722 983 751 1003 se
766 984 818 1003 non
833 976 901 1003 ultra
915 975 999 1002 lactu-

206 1031 265 1050 rtun
278 1023 420 1055 diluvium,
440 1023 567 1050 nimirum
583 1023 774 1050 misericordiae
786 1030 842 1050 sua:
855 1027 999 1049 consuetu-

204 1070 296 1097 dinem
311 1077 441 1096 scrvans:
456 1070 492 1096 illi
505 1074 594 1096 autem
607 1076 693 1103 neque
706 1069 792 1104 pomis
803 1068 999 1096 emendatiorcs

204 1115 267 1142 facti
282 1119 355 1148 sunt,
370 1123 456 1150 neque
471 1116 608 1143 beneﬁciis
622 1115 757 1143 meliores.

242 1161 304 1188 Non
325 1166 382 1188 sunt
395 1166 486 1188 temere
499 1162 682 1189 condemnandi
697 1162 799 1196 (mres,
814 1169 893 1197 neque
906 1169 937 1188 ex
951 1166 999 1187 au-

204 1208 261 1234 ditu
280 1208 459 1243 judicaudum.
473 1222 509 1228 —
521 1208 589 1235 Audi
601 1216 660 1243 qua:
681 1213 847 1243 sequuntur,
860 1212 889 1235 ut
910 1208 999 1235 discas

204 1253 350 1281 int-ﬂabilis
373 1254 566 1281 misericordiae
591 1254 637 1281 Dei
661 1253 884 1288 magnitudinem.
912 1254 940 1281 5.
967 1253 999 1280 Et

205 1300 346 1332 descendit,
363 1299 457 1334 inquit,
475 1298 600 1326 Dominus
614 1299 683 1326 Deus
694 1320 701 1332 ,
714 1304 741 1326 at
755 1299 849 1326 uideret
862 1299 997 1331 civitatem,

205 1351 229 1373 et
244 1347 347 1378 turrim,
362 1354 438 1381 quam
452 1345 611 1379 wdiﬁcabam
627 1346 676 1379 lilii
696 1345 834 1372 hominum.
851 1344 919 1372 Vide
933 1352 1000 1378 quo-

204 1391 286 1420 modo
297 1391 413 1418 humano
427 1398 503 1418 more
523 1391 660 1426 Scriptura
677 1391 803 1426 loquitur.
815 1390 850 1417 Et
860 1390 998 1423 descendit,

206 1440 306 1475 inquit,
323 1439 449 1466 Dominus
462 1438 546 1470 Deus,-
561 1445 614 1466 non
637 1441 666 1465 ut
681 1438 797 1465 humano
812 1437 891 1464 modo
903 1437 999 1464 intelli-

202 1494 310 1522 gamus,
325 1486 373 1514 sed
385 1490 416 1513 ut
429 1491 477 1520 per
490 1485 542 1512 hoc
555 1484 717 1517 erudiamur,
735 1490 880 1518 numquam
897 1487 999 1510 temere

205 1532 303 1560 lratrcs
315 1530 544 1563 condemnandos,
560 1536 648 1565 neque
658 1529 748 1556 auditu
759 1528 816 1556 solo
825 1527 998 1563 iudicandum

203 1585 278 1610 esse,
295 1577 345 1604 nisi
360 1576 482 1612 pluribus
496 1575 661 1611 argumentis
675 1574 749 1609 prius
762 1575 828 1602 Certi
841 1573 998 1602 reddamur.

204 1623 300 1652 Omnia
311 1625 381 1651 enim
394 1631 410 1650 a
426 1623 481 1650 Deo
495 1622 555 1650 ideo
568 1623 641 1654 iiunt,
653 1625 680 1649 et
692 1621 727 1648 ob
737 1620 790 1648 hoc
801 1625 874 1647 tanta
888 1619 921 1646 ad
936 1627 999 1647 eru-

204 1669 335 1698 diendum
355 1669 500 1696 bumanum
514 1675 598 1703 genus
615 1667 698 1694 utitur
719 1666 852 1694 sermonis
870 1669 1001 1700 attempe-

196 1716 322 1749 _ratione.
351 1714 385 1742 Et
409 1715 550 1747 descendit,
580 1713 682 1749 inquit,
706 1712 833 1740 Dominus
857 1711 943 1744 Deus,
972 1715 1000 1737 ut

206 1763 303 1790 uideret
317 1762 442 1789 ciuitatem
455 1766 478 1788 et
493 1761 591 1788 turrim.
611 1759 677 1787 Vide
689 1758 824 1794 quomodo
836 1765 890 1785 non
909 1757 999 1784 statim

206 1809 241 1836 ab
257 1808 332 1836 initio
346 1808 452 1835 illorum
466 1807 588 1842 reprimit
601 1807 743 1840 insaniam,
759 1804 807 1833 sed
820 1805 945 1832 diuturna
958 1804 999 1832 le-

207 1856 292 1883 nitate
314 1855 406 1888 utitur,
431 1858 458 1882 et
481 1857 618 1889 exspectat
635 1852 721 1880 donec
739 1856 846 1879 omnem
871 1850 999 1877 malitiam

206 1907 283 1929 suam
302 1907 384 1935 opere
404 1900 551 1933 declarent,
576 1902 604 1926 et
624 1903 687 1926 tunc
708 1903 821 1926 conatus
838 1904 930 1924 eorum
950 1897 1000 1923 im-

207 1946 281 1981 pedit
305 1945 342 1973 Ne
354 1945 425 1972 enitn
439 1944 499 1980 quis
511 1945 602 1972 dicere
611 1944 706 1980 possit,
717 1943 878 1972 deliberasse
890 1942 999 1977 quidem

207 1992 279 2024 illos,
292 1991 339 2019 sed
362 2000 421 2026 qua:
439 1991 630 2024 decreverant,
646 1991 671 2017 iu
691 1997 759 2025 opus
773 1997 826 2017 non
844 1989 998 2022 deduxisse,

207 2038 378 2072 prmstolatur
396 2037 483 2064 donec
510 2037 602 2063 animo
627 2036 788 2063 destinatum
814 2042 882 2070 Opus
903 2041 999 2069 aggre-

209 2083 334 2114 diantur,
351 2087 379 2109 ut
398 2087 460 2109 tunc
480 2086 611 2109 monstret
629 2081 668 2109 eis
687 2088 767 2116 quam
790 2080 891 2108 inutilia
914 2085 1000 2107 atten-

209 2130 301 2157 tarinl.
318 2129 352 2156 Et
371 2129 509 2163 descendit,
526 2129 627 2164 inquit,
643 2128 767 2156 Dominus
779 2130 895 2158 Detuml
907 2127 1000 2155 uideret

206 2176 346 2208 civitatem,
360 2183 390 2202 ac
405 2175 508 2207 turrim,
524 2183 600 2210 quam
616 2175 777 2209 aedificabant
797 2174 844 2207 ﬁlii
858 2174 998 2201 hominum.

209 2220 276 2248 \‘ide
290 2220 482 2248 misericordia:
495 2220 697 2248 excellentiam:
713 2220 833 2254 permisit
851 2219 910 2247 illos
924 2219 999 2247 labo-

208 2267 284 2294 ribus
297 2274 357 2294 sese
370 2266 499 2301 amigere,
512 2271 541 2293 ut
549 2273 637 2294 rerum
649 2266 815 2301 experientia
829 2265 1000 2301 praiceptoris

208 2314 270 2341 loco
289 2312 342 2340 illis
359 2317 440 2340 eSset.
466 2311 501 2340 Et
522 2313 647 2347 quoniam
664 2312 730 2340 vidit
752 2312 880 2339 malitiam
898 2311 1000 2339 invale-

207 2365 293 2392 scere,
310 2363 337 2387 et
351 2359 473 2387 morbum
492 2359 608 2392 intendi,
623 2366 675 2386 non
697 2365 781 2393 usque
795 2358 828 2385 ad
848 2357 926 2386 tinem
941 2364 1001 2393 per-

207 2407 302 2440 mittit,
318 2406 364 2434 sed
377 2414 451 2433 suam
462 2405 580 2433 declarat
592 2406 736 2433 bonitatem
752 2414 758 2432 :
775 2405 1000 2440 quemadmodum

208 2452 328 2481 lliL‘dlCllS
342 2452 428 2479 bonus
440 2452 533 2479 videns
547 2452 667 2479 morbum
681 2452 781 2486 augeri,
794 2453 823 2478 ‘et
834 2451 909 2478 ulcus
924 2451 999 2477 ineu-

208 2499 292 2526 rabile
307 2498 375 2530 ﬁeri,
394 2498 483 2525 statim
506 2498 625 2526 sectioae
638 2499 734 2529 utitur,
751 2502 779 2524 ut
793 2503 899 2524 omnem
914 2496 999 2524 morbi

207 2551 318 2572 causam
343 2545 427 2572 tollat.
445 2544 470 2572 6.
494 2544 529 2571 Et
547 2544 622 2578 dixit,
645 2544 740 2579 inquit,
765 2543 888 2570 Dominus
908 2543 1000 2571 Deus:

211 2592 277 2618 Ecce
290 2599 369 2627 genus
386 2598 462 2617 unum
476 2595 500 2617 et
517 2590 611 2617 labitmt
631 2598 709 2617 unum
723 2591 833 2617 omnium
847 2597 857 2617 :
878 2591 928 2617 hoc
943 2593 999 2622 est,

211 2646 262 2666 vox
274 2645 325 2665 una
340 2642 367 2665 et
379 2636 467 2673 lingua
479 2645 542 2665 una.
556 2637 590 2664 Et
603 2638 649 2664 hoc
658 2642 784 2672 carpet-unt
796 2639 887 2674 facere,
898 2643 921 2665 et
934 2644 1001 2665 nunc

209 2693 260 2711 non
273 2684 406 2711 cessabunt
420 2684 451 2710 ab
465 2685 496 2711 iis
508 2691 563 2719 qua:
576 2684 735 2711 decreverunt
749 2685 840 2718 facere.

245 2731 272 2758 6.
292 2731 365 2758 Solet
388 2731 455 2758 Deus
474 2731 610 2758 admonere
633 2736 767 2766 antequam
789 2731 886 2766 puniat.
901 2743 936 2750 -—
950 2731 999 2757 At-

211 2776 290 2804 tende
307 2776 411 2803 Domini
430 2776 650 2803 misericordiam.
670 2776 800 2809 Quoniam
822 2781 933 2803 conatus
947 2776 999 2802 im-

211 2823 351 2857 pediturus
363 2827 431 2855 erat,
452 2823 567 2857 primum
587 2822 769 2857 purgationem
792 2822 841 2850 sibi
864 2827 953 2857 parat,
974 2828 1000 2850 et

211 2868 287 2904 quasi
301 2868 416 2897 ostendit
436 2868 535 2904 peccati
549 2876 642 2896 eorum
665 2868 890 2904 magnitudinem,
907 2873 933 2896 et
948 2869 998 2896 im-

719 137 749 165 IN
767 137 844 166 CAP.
865 136 910 165 Xl.
932 137 1053 167 GENES.
1074 140 1188 169 llOMlL.
1210 143 1290 174 XXX.

1791 158 1842 188 278

1057 198 1197 249 probitatis
1211 208 1360 236 excessum,
1377 204 1501 242 ipsosque
1520 209 1617 238 ubusos
1635 219 1694 240 esse
1709 214 1804 251 linguae
1817 224 1844 246 et

1055 244 1138 293 vocis.
1148 248 1335 293 consonantia.
1351 249 1416 277 Ecce
1435 253 1522 286 enim,
1541 255 1641 290 inquit,
1662 266 1739 293 genus
1747 244 1842 290 Vununi

1052 292 1074 313 et
1103 288 1198 316 labium
1221 299 1298 319 unum
1319 295 1439 323 omnium.
1464 297 1499 324 Et
1521 299 1567 326 hoc
1578 288 1712 337 ‘cwpcrvuut
1741 288 1823 341 facere

1051 337 1075 359 et
1101 341 1168 388 nunc
1188 344 1238 363 non
1263 339 1394 366 cessabunt
1421 342 1452 368 ab
1479 344 1510 370 iis
1529 351 1585 378 qua
1612 330 1841 388 decreverunt-"fa:

1051 386 1115 406 cere.
1130 379 1178 407 llic
1187 382 1258 409 enim
1274 383 1318 410 Dei
1334 393 1392 412 mos
1402 391 1454 421 est,
1470 393 1498 414 ut
1509 390 1648 423 puniturus
1662 394 1734 428 prius
1745 379 1843 426 indicet

1051 433 1130 460 quam
1147 435 1240 463 magna
1254 430 1306 457 sint
1320 438 1444 467 peccata,
1461 440 1488 462 et
1501 437 1582 464 veluti
1596 438 1779 469 defensionem
1796 444 1844 471 ali-

1051 478 1130 505 quam
1139 473 1190 519 sibi
1203 480 1288 509 paret,
1303 484 1333 504 ac
1347 483 1409 506 tunc
1425 481 1530 508 tandem
1545 485 1680 519 corripiat.
1692 487 1757 514 Nam
1774 493 1843 516 tom-

1129 518 1235 567 diluvii,
1263 529 1323 549 cum
1347 525 1481 553 terribiles
1503 527 1561 554 illas
1584 518 1669 558 minas
1690 532 1842 567 intentarct,

1051 561 1116 611 dicit
1136 564 1271 600 Scriptura
1295 577 1301 595 :
1320 568 1353 595 Ut
1371 575 1454 598 autem
1477 573 1538 599 vidit
1557 574 1637 608 Deus,
1663 578 1732 611 quod
1754 561 1842 606 multi:

1051 608 1152 659 plicatat
1165 616 1223 637 sunt
1237 613 1341 641 malitia:
1360 615 1500 650 hominum,
1517 622 1539 644 ct
1561 608 1730 656 unusquisqtie
1750 625 1843 659 cogitat

1051 653 1162 704 corda
1175 664 1222 683 suo
1235 658 1368 693 diligenter
1377 662 1404 687 in
1416 662 1484 688 mula
1497 653 1652 698 ajuvcntuia
1669 653 1745 702 (Cen.
1761 653 1791 696 6:
1801 670 1840 704 5).

1052 698 1146 727 Vidisti
1159 703 1293 736 quomodo
1307 705 1380 739 prius
1393 709 1549 735 monstravit
1562 698 1772 740 nmiitiai'eorum
1787 698 1843 742 ma-

1050 745 1233 794 gnitudinem,
1249 753 1276 776 et
1297 756 1388 784 postea
1411 752 1474 780 dicit
1488 762 1494 780 :
1506 753 1600 782 Delcbo
1622 756 1747 784 hominem
1763 759 1842 794 (Ibid.

1051 799 1074 817 υ.
1089 792 1138 824 7)?
1152 793 1188 820 ita
1207 798 1234 821 et
1247 803 1318 823 nunc
1332 806 1337 823 :
1353 797 1418 824 Ecce
1433 807 1511 833 genus
1525 808 1603 827 unum
1619 807 1642 828 et
1657 803 1752 831 labium
1763 792 1843 832 tinum

1051 840 1175 873 omnium,
1199 846 1222 867 et
1236 842 1283 868 hoc
1305 850 1433 878 coeperunt
1448 846 1542 880 facere.
1562 847 1590 875 Si
1606 855 1668 876 cum
1691 855 1761 878 tanta
1780 860 1843 880 con-

1051 884 1154 917 cordia,
1170 890 1197 913 et
1218 887 1314 922 linguae
1334 890 1436 918 unitate
1460 892 1485 918 in
1506 897 1605 921 tantam
1628 895 1779 925 inciderunt
1801 900 1843 926 in-

1051 932 1152 958 Snuiatn
1165 940 1173 959 :
1188 933 1231 960 ubi
1252 938 1356 969 tempus
1380 940 1552 972 processerit,
1574 942 1708 975 quomodo
1731 951 1783 971 non
1796 945 1844 972 do-

1052 978 1150 1027 teriora
1169 981 1354 1009 attentabunt'!
1367 984 1428 1012 Non
1448 987 1579 1015 cessabunt
1599 989 1670 1016 enim
1690 991 1722 1017 ab
1744 990 1774 1018 iis
1788 999 1845 1027 qua

1051 1024 1214 1053 decreuerunt
1228 1029 1312 1062 facere
1325 1037 1333 1055 :
1347 1030 1413 1058 nihil
1427 1039 1519 1060 eorum
1537 1034 1662 1069 impetum
1678 1042 1704 1063 et
1719 1024 1843 1065 ardorem

1051 1073 1152 1099 morari
1165 1075 1272 1108 potcrit,
1282 1076 1329 1103 sed
1340 1078 1429 1105 omnia
1440 1086 1498 1113 qum
1511 1084 1662 1109 statuerunt
1671 1090 1772 1117 secum,
1787 1090 1843 1111 stu-

1050 1117 1152 1146 debunt
1177 1121 1316 1156 perlicere,
1340 1124 1366 1150 ni
1392 1125 1481 1152 statim
1506 1133 1554 1161 pro
1574 1130 1714 1157 attentatis
1737 1136 1843 1164 ptenam

1051 1164 1135 1192 luant.
1151 1166 1177 1193 id
1194 1174 1300 1202 quoque
1323 1169 1440 1198 inveniet
1461 1171 1557 1207 aliquis
1576 1177 1603 1200 et
1625 1174 1658 1201 de
1678 1177 1844 1210 protopiasto

1050 1209 1151 1238 factum
1178 1220 1249 1240 esse.
1263 1212 1404 1248 Ejectunis
1423 1215 1495 1243 enim
1510 1218 1582 1244 illum
1604 1209 1708 1246 Densa
1729 1209 1844 1255 paradisi

1051 1256 1168 1285 incolatu
1179 1278 1186 1290 ,
1207 1259 1244 1286 ait
1255 1278 1262 1291 ,
1280 1260 1343 1293 Quis
1365 1263 1523 1290 annmttiavit
1539 1264 1583 1290 tibi
1597 1265 1663 1298 quod
1675 1266 1758 1292 nudus
1778 1275 1844 1294 esses

1051 1301 1132 1337 (Ibid.
1149 1304 1175 1331 5.
1194 1304 1237 1340 ii)
1248 1305 1260 1332 i
1273 1305 1306 1332 Et
1321 1306 1417 1334 iterum
1430 1315 1436 1334 :
1454 1308 1519 1336 Ecce
1532 1309 1612 1336 Adam
1626 1311 1709 1345 [actus
1724 1317 1759 1339 est
1772 1315 1844 1348 quasi

1052 1355 1117 1375 unus
1127 1356 1159 1376 ea:
1171 1350 1263 1378 nobis:
1277 1356 1304 1378 ut
1316 1353 1379 1379 sciat
1395 1353 1489 1380 bonum
1509 1359 1534 1382 et
1548 1355 1653 1382 malum.
1677 1356 1710 1383 Et
1727 1365 1793 1384 nunc
1813 1366 1845 1385 ne

1052 1393 1118 1427 forte
1131 1397 1251 1422 extendat
1265 1403 1368 1423 manum
1383 1404 1466 1432 suam,
1480 1402 1503 1425 et
1522 1401 1630 1435 accipiat
1644 1401 1675 1428 de
1689 1401 1758 1436 ligno
1775 1403 1843 1436 eine,

1051 1443 1076 1465 et
1088 1440 1213 1474 comedat,
1227 1446 1251 1468 et
1271 1442 1336 1468 vivat
1348 1443 1375 1469 in
1394 1444 1523 1471 sarculum.
1547 1443 1578 1471 Et
1599 1446 1680 1473 misit
1696 1447 1768 1474 illum
1791 1448 1845 1475 Do-

1051 1487 1135 1515 minus
1148 1488 1180 1515 de
1188 1489 1307 1523 paradiso
1317 1489 1398 1525 (Ibid.
1410 1498 1434 1518 υ.
1443 1491 1488 1518 22.
1499 1489 1556 1527 25).
1567 1492 1652 1520 Etiam
1662 1500 1732 1521 nunc
1741 1495 1842 1530 inquit:

1051 1533 1117 1561 Ecce
1130 1542 1208 1569 genus
1223 1542 1302 1562 unum
1315 1541 1338 1563 et
1353 1535 1446 1564 labium
1460 1545 1538 1565 unum
1553 1540 1676 1573 omnium,
1692 1544 1714 1567 et
1729 1541 1776 1568 hoc
1790 1549 1843 1569 cae—

1052 1585 1143 1615 peruut
1156 1581 1240 1616 facere
1255 1588 1264 1609 :
1277 1587 1301 1609 et
1315 1590 1382 1610 nunc
1396 1591 1447 1611 non
1460 1585 1591 1612 cessabunt
1603 1586 1634 1612 ab
1647 1587 1678 1613 iis
1691 1594 1748 1622 qua
1760 1588 1845 1616 decre-

1051 1631 1138 1653 verunt
1151 1628 1245 1662 furem
1261 1628 1289 1654 7.
1308 1627 1408 1662 Venite,
1424 1633 1447 1656 et
1462 1629 1639 1658 descendentes
1658 1633 1845 1668 conlaudatum

1050 1671 1153 1699 illorum
1160 1673 1271 1708 linguas,
1282 1678 1308 1700 ut
1317 1681 1348 1700 ne
1355 1675 1443 1702 audiat
1452 1677 1620 1712 unusquisque
1627 1684 1710 1704 vocem
1721 1677 1842 1713 proximi.

1051 1717 1118 1746 Vide
1138 1719 1234 1746 lterum
1250 1721 1393 1748 verborum
1407 1725 1611 1756 attemperalam
1633 1724 1775 1752 rationem.
1795 1725 1844 1752 Ve-

1051 1764 1112 1797 nite,
1126 1765 1227 1799 inquit,
1241 1769 1264 1792 et
1283 1765 1471 1793 descendentes.
1487 1767 1556 1801 Quid
1577 1768 1670 1796 volunt
1689 1769 1739 1796 sibi
1763 1769 1843 1798 verba

1052 1809 1109 1836 iure
1121 1810 1133 1836 ἓ
1145 1809 1253 1845 Opusne
1267 1810 1348 1838 habet
1360 1812 1551 1847 cooperatlone
1565 1814 1692 1842 Dominus
1703 1815 1737 1842 ad
1751 1822 1843 1843 corre-

1051 1855 1167 1883 ctionem
1177 1856 1188 1883 τ
1198 1863 1232 1884 sn
1242 1857 1361 1885 subsidio
1368 1858 1400 1885 ad
1409 1859 1512 1886 illarum
1521 1859 1728 1888 destructionem
1737 1862 1749 1888 ?
1757 1862 1842 1889 Absit.

1051 1900 1104 1928 Sed
1125 1902 1193 1929 sicut
1211 1902 1266 1937 jam
1288 1903 1355 1930 dixit
1372 1903 1528 1939 Scriptura:
1543 1903 1679 1933 Descendit
1692 1906 1817 1934 Dominus
1832 1915 1841 1934 :

1050 1945 1151 1974 docens
1166 1952 1215 1975 nos
1229 1953 1276 1982 per
1289 1948 1340 1976 hoc
1349 1956 1380 1976 se
1387 1949 1526 1977 evidenter
1539 1949 1646 1978 malitia:
1665 1950 1771 1979 illorum
1787 1960 1844 1979 ma-

1051 1993 1219 2028 gnitudinem
1229 1993 1329 2022 vidisse
1340 2002 1347 2022 :
1359 1995 1395 2022 ita
1406 1999 1431 2022 et
1443 1995 1486 2023 hic
1496 1995 1560 2023 dicit
1572 2003 1578 2022 :
1595 1995 1691 2029 Venite,
1704 2003 1727 2024 et
1739 1998 1843 2026 descen-

1052 2041 1147 2069 dentes.
1168 2041 1272 2069 Dictum
1288 2040 1358 2069 haud
1372 2042 1451 2070 dubie
1465 2047 1505 2069 est
1522 2050 1570 2070 ceu
1584 2043 1616 2070 ad
1635 2043 1736 2072 honore
1755 2051 1841 2079 pares.

1059 2086 1154 2120 Venite,
1179 2086 1273 2122 inquit,
1295 2092 1318 2115 et
1336 2087 1513 2116 descendentes
1534 2089 1719 2125 confundamul
1742 2091 1843 2118 illorum

1053 2133 1164 2168 linguas,
1173 2137 1200 2160 ut
1211 2141 1242 2160 ne
1249 2134 1337 2160 audiat
1347 2135 1517 2169 unusquisque
1525 2142 1608 2161 vocem
1616 2135 1735 2170 proximi.
1747 2136 1842 2170 Qucm<

1052 2178 1213 2211 admodum,
1241 2178 1342 2214 inquit,
1365 2180 1471 2214 cippqu
1496 2180 1638 2214 quemdam
1665 2185 1841 2216 perpetuum,

1054 2224 1135 2252 talem
1164 2223 1217 2252 illis
1236 2227 1326 2252 statuo
1339 2232 1445 2260 pinnam
1462 2225 1536 2252 omni
1556 2226 1655 2253 sieculo
1677 2225 1843 2261 duraturam,

1052 2273 1081 2297 ut
1097 2269 1171 2297 nullo
1186 2274 1307 2305 tempore
1320 2270 1377 2297 hzec
1391 2270 1591 2298 obliviscantur.
1604 2270 1670 2298 Nam
1694 2272 1754 2307 quia
1770 2273 1845 2301 abusi

1052 2321 1115 2345 sunt
1127 2317 1201 2345 vocis
1212 2316 1353 2345 concordia
1364 2338 1371 2350 ,
1390 2317 1450 2345 ideo
1461 2316 1534 2345 vocis
1549 2317 1703 2345 diversitate
1722 2318 1846 2354 castigari

1053 2369 1101 2391 eos
1114 2362 1186 2390 volo.
1201 2362 1247 2390 Sic
1260 2363 1331 2390 enim
1343 2362 1441 2397 ubique
1455 2363 1541 2390 lacere
1552 2363 1690 2390 consuevit
1705 2363 1842 2391 Dominus.

1054 2408 1110 2436 lloc
1120 2408 1154 2436 ab
1170 2408 1245 2435 initio
1258 2408 1328 2435 circa
1342 2408 1482 2434 mulierem
1494 2406 1591 2434 factum
1604 2411 1646 2434 est
1660 2414 1666 2434 :
1681 2407 1841 2436 abutebatur

1053 2455 1098 2482 illa
1113 2456 1215 2483 honore
1228 2462 1366 2488 concesso,
1383 2454 1454 2481 unde
1468 2453 1582 2488 subjecit
1594 2459 1652 2480 eam
1668 2453 1736 2481 viro.
1754 2455 1785 2481 Et
1803 2455 1844 2483 si-

1053 2500 1154 2529 militer
1175 2501 1241 2528 Atla:
1260 2501 1392 2535 Contigit:
1409 2499 1470 2534 quia
1492 2499 1562 2526 enim
1583 2506 1616 2526 ex
1632 2498 1714 2525 nmlta
1735 2506 1844 2535 prospe-

1054 2548 1142 2579 ritate,
1158 2545 1451 2582 paradisiqueincolatu
1466 2544 1532 2572 nihil
1548 2545 1612 2572 lucri
1626 2545 1698 2578 fecit,
1714 2545 1762 2573 sed
1778 2554 1845 2580 prte-

1054 2593 1199 2621 varieando
1212 2599 1297 2627 pinna:
1312 2590 1445 2618 obnoxius
1457 2594 1498 2617 est
1521 2589 1620 2622 iactus,
1646 2590 1723 2624 cjecit
1735 2599 1795 2618 eum
1811 2598 1844 2621 ex

1054 2639 1194 2674 paradiso:
1209 2644 1236 2665 et
1249 2644 1354 2672 pmnam
1367 2635 1391 2663 ei
1412 2639 1566 2670 perpetuam
1586 2635 1713 2670 injunxit,
1727 2636 1819 2664 dicens
1837 2647 1844 2665 :

1054 2684 1150 2718 Spinas
1170 2688 1193 2709 et
1214 2681 1318 2708 tribulos
1337 2681 1487 2716 geminabit
1505 2680 1549 2707 tibi
1562 2685 1629 2707 terra
1641 2681 1718 2716 (Gen.
1736 2680 1764 2709 ’5.
1787 2682 1844 2718 18).

1055 2729 1154 2757 llorum
1168 2735 1273 2763 quoque
1290 2727 1397 2754 malitia:
1420 2733 1538 2758 cursum,
1553 2726 1613 2760 quia
1632 2726 1734 2754 unitate
1749 2727 1845 2763 lingua

1055 2774 1188 2806 honorati,
1204 2773 1303 2800 honore
1327 2779 1457 2800 concesso
1480 2771 1505 2798 in
1528 2771 1625 2798 malum
1648 2771 1841 2806 abutebantnr,

1056 2823 1124 2849 Deus
1139 2829 1186 2855 per
1204 2820 1350 2854 linguarum
1368 2820 1520 2846 varietatem
1541 2818 1668 2845 Cohibuit.
1685 2816 1718 2844 Et
1733 2821 1842 2851 confun-

1055 2869 1153 2900 dumus,
1179 2865 1273 2901 lnquit,
1295 2865 1396 2892 illorum
1419 2865 1542 2899 linguam,
1566 2869 1636 2890 utne
1655 2863 1743 2889 audiat
1768 2867 1847 2886 uuar
