2058 3123
229 143 283 171 979

227 203 331 238 quisque
342 208 426 228 uocem
440 198 549 234 proximi
560 206 570 225 :
583 202 612 225 ut
629 199 697 226 sicut
711 198 808 233 linguae
824 197 912 224 unitas
924 199 1018 223 contu-

230 247 351 275 bernium
374 245 445 277 t'ccit,
460 245 496 271 ita
510 244 607 278 lingua:
625 243 767 271 diversitas
784 242 931 276 dispergat.
952 240 1016 268 Nam

228 292 326 326 quibus
342 297 393 317 non
403 294 445 317 est
456 289 526 316 idem
537 295 626 315 sermo
635 292 662 315 et
677 288 776 322 lingua,
793 286 927 321 quomodo
940 285 1018 313 simul

231 337 352 364 habitare
362 335 526 371 possunt?8.
538 334 570 361 Et
583 334 699 368 dispersit
711 332 780 365 iuor,
791 332 885 366 inquit,
897 331 1019 357 Dominus

229 382 299 410 Deus
309 382 340 408 ab
351 381 397 408 illo
412 381 466 408 loco
477 388 552 415 super
562 379 652 415 faciem
667 379 789 405 universe
802 382 886 409 (me,
900 381 923 403 et
934 383 1018 403 coun-

229 432 317 455 oeruut
330 427 485 461 ediﬁtautu
499 426 624 452 civitatem
642 429 666 451 et
684 423 784 450 turrim.
799 421 945 449 Considera
966 421 1019 448 Do-

229 474 294 501 mini
311 473 533 506 misericordiam,
548 471 575 499 in
589 475 715 506 quamam
727 469 808 496 animi
823 467 1018 495 ha*sitationem

229 520 303 554 ipsos
322 519 435 553 impulit.
453 517 612 545 Amentibus
634 516 706 544 enim
728 520 818 550 postea
838 513 941 541 similes
963 513 1021 541 fue—

230 571 302 593 runt.
318 566 353 592 Et
366 566 409 592 ille
430 565 537 599 quidem
559 563 706 598 imperabat
719 562 780 594 hoc,
795 566 823 589 et
843 561 912 588 alius
924 567 1020 595 suppe-

230 612 332 639 ditabat
343 611 413 638 aliud
425 619 433 644 ;
445 610 599 645 inutilisque
609 609 658 637 fuit
673 610 760 636 omnis
774 608 880 634 illorum
891 611 1018 634 conatus:

231 658 292 685 ideo
308 657 473 685 Cossaeorum
495 656 625 690 cedi/icore
643 655 766 682 ciuitatem
779 658 802 680 et
822 653 922 680 turrim.
944 652 972 680 9.
988 651 1020 678 Et

231 704 326 730 idcirco
336 708 450 730 uocatum
473 707 509 729 est
525 709 614 728 nomen
633 700 713 732 illius,
734 699 855 735 Confusio
866 719 874 731 ,
886 698 945 734 quia
966 697 1020 724 illic

230 749 345 784 confudit
356 748 482 775 Dominus
505 747 575 774 Deus
588 746 655 774 labia
672 746 754 772 omnis
765 749 840 772 (errat
851 752 860 771 :
871 748 895 770 et
910 744 968 770 hinc
981 743 1021 770 di-

229 796 321 830 spersit
342 795 410 829 ipsos
431 793 556 821 Domitius
575 792 643 819 Dens
661 793 687 818 in
707 799 805 818 onmem
827 795 932 817 terram.
956 789 1022 816 Vide

229 846 327 877 quanta
344 842 418 874 ﬁant,
434 845 462 868 ut
478 839 605 867 memoria
619 839 696 873 hujus
708 838 769 865 facti
785 837 810 864 in
825 836 913 864 omnia
924 835 1021 863 mula

231 884 366 920 pervadat.
382 884 498 910 Primum
510 883 656 916 linguarum
670 881 698 907 ﬁt
710 880 817 913 divisio,
829 880 883 907 imo
893 883 955 906 ante
970 877 1021 905 hoe

231 931 348 958 nominis
360 930 520 966 appellatio:
536 929 632 956 Phalec
644 928 715 955 enim
730 934 837 956 nomen.
852 926 922 961 quod
934 925 1021 953 lleber

234 978 289 1005 lilio
304 977 439 1011 imposuit,
454 975 624 1011 partitionem
639 974 781 1009 signiﬁcat.
793 972 894 1000 Deinde
910 971 960 999 loci
972 978 1021 1006 ap-

231 1022 342 1058 pellatio
356 1020 493 1056 :Confusio
506 1021 577 1048 enim
589 1024 698 1047 vocatus
711 1023 763 1051 est,
778 1018 804 1045 id
818 1017 888 1052 quod
903 1016 1020 1052 Babylon

230 1073 318 1095 sonat.
335 1067 502 1095 Postremum
520 1066 608 1093 lleber
628 1066 685 1100 ipse
708 1064 805 1092 mansit
824 1064 893 1090 idem
911 1069 1022 1090 servans

233 1113 342 1145 idioma,
355 1112 426 1147 quod
447 1116 473 1139 et
491 1115 567 1138 antea
593 1110 725 1142 habebat,
742 1114 771 1136 ut
793 1108 962 1136 manifestum
982 1107 1022 1135 di-

230 1159 342 1186 visionis
357 1158 435 1193 bujus
455 1158 559 1192 signum
574 1157 644 1184 foret
656 1156 710 1190 (α).
725 1155 819 1183 Vidisti
842 1163 889 1189 per
900 1158 965 1189 quot
979 1161 1022 1181 res

232 1204 411 1232 immortalem
426 1203 550 1238 nullaque
565 1202 698 1229 oblivione
711 1200 852 1228 delendam
866 1200 949 1234 hujus
960 1199 1022 1226 facti

231 1250 388 1277 memoriam
409 1249 510 1276 servari
536 1247 666 1275 voluerit?
688 1246 754 1274 llinc
777 1246 848 1273 enim
872 1249 951 1280 pater
968 1245 1023 1272 ﬁlio

234 1300 325 1330 pestea
339 1295 483 1330 cogebatur
502 1293 592 1322 dicere
605 1300 712 1320 causam
737 1297 789 1319 tam
804 1292 919 1319 diversa:
938 1291 1020 1318 vocis.

235 1341 267 1368 Et
282 1348 349 1375 puer
359 1348 374 1367 a
390 1344 466 1375 patre
477 1339 613 1374 qumrebat
629 1345 711 1373 quare
728 1337 768 1364 sic
781 1337 856 1364 locus
875 1336 919 1364 ille
932 1336 1023 1371 appel-

232 1387 334 1414 laretur
346 1395 352 1413 :
368 1385 427 1413 ideo
439 1392 553 1419 namque
564 1383 681 1419 Babylon
695 1382 782 1410 dictus
793 1386 835 1409 est
847 1381 938 1414 locus;
951 1381 1023 1417 quod

232 1436 273 1460 est
282 1431 403 1459 confusio
411 1451 420 1464 ,
432 1431 502 1466 quod
513 1430 566 1458 illic
580 1430 706 1457 Dominus
718 1429 787 1456 Deus
795 1427 945 1455 confuderit
953 1427 1022 1455 labia

235 1478 366 1505 universa:
380 1482 468 1510 terra),
483 1481 509 1504 et
524 1477 558 1504 ab
571 1477 616 1503 illo
631 1476 689 1503 loco
703 1475 859 1510 disperserit
872 1474 941 1502 illos.
956 1474 1021 1502 Nam

232 1529 374 1558 utrumque
389 1523 440 1550 loci
454 1522 596 1557 appellatio
611 1521 675 1548 mihi
689 1521 841 1556 signiﬁcare
857 1520 979 1552 videtur,
996 1524 1023 1548 et

233 1568 304 1604 quod
314 1569 416 1602 linguas
422 1567 581 1600 confuderit,
591 1571 618 1594 et
625 1566 696 1602 quod
708 1566 768 1594 inde
774 1565 906 1600 dispersio
914 1569 971 1592 orta
977 1565 1022 1593 sit.

267 1615 294 1641 5.
309 1614 463 1645 Audivistis,
477 1613 578 1646 dilecti,
594 1613 664 1641 unde
679 1613 742 1648 ipsis
755 1612 928 1647 dispersionis
938 1613 1024 1640 varie-

233 1660 347 1694 tatisque
360 1659 507 1694 linguarum
518 1663 575 1686 orta
586 1659 620 1686 sit
633 1666 721 1686 causa.
733 1658 886 1692 Fugiamus,
897 1657 1023 1691 obsecro,

235 1712 270 1732 nc
285 1705 332 1731 hos
348 1704 500 1731 imitemur:
517 1708 543 1730 et
556 1703 588 1731 iis
596 1711 654 1738 qua:
666 1703 742 1731 nobis
756 1703 825 1730 Deus
839 1703 972 1731 conceSsit
990 1711 1025 1731 ne

234 1750 374 1777 abutamur
389 1758 399 1778 :
412 1757 443 1776 ae
458 1754 579 1776 naturam
600 1749 744 1776 humanam
758 1748 972 1782 considerantes,
991 1756 1023 1776 ea

235 1796 417 1824 consulte-mus
435 1804 494 1830 qua:
510 1796 636 1823 mortales
655 1795 776 1822 homines
789 1795 902 1822 deceant
916 1804 924 1822 :
938 1800 966 1823 et
979 1803 1024 1822 co-

234 1843 349 1878 gitantes
375 1842 513 1877 pra-scutis
531 1843 593 1870 vita)
617 1842 795 1876 fragilitatem,
808 1849 840 1868 ac
852 1849 930 1876 quam
943 1842 1024 1869 breve

233 1885 267 1912 sit
283 1890 388 1919 tempus
405 1886 466 1912 vita:
477 1891 586 1916 noslrm,
610 1885 719 1912 multam
744 1892 792 1919 per
805 1884 936 1912 bonorum
958 1891 1024 1918 ope-

233 1938 292 1958 rum
305 1931 460 1958 exercitium
473 1931 597 1958 ﬁduciam
611 1929 785 1957 recondamus
797 1937 804 1956 :
824 1933 852 1957 et
873 1936 925 1956 non
938 1929 1023 1956 solum

235 1984 282 2011 per
297 1976 346 2004 hos
359 1977 417 2004 dies
438 1984 574 2004 servemus
598 1976 692 2010 jejunii
716 1975 859 2008 fervorem,
875 1975 921 2002 sed
944 1975 1024 2002 etiam

234 2023 413 2059 cleemosyna:
434 2023 580 2058 largitatem
600 2027 627 2050 et
651 2030 758 2057 prccmn
772 2021 964 2049 assiduitatem.
977 2021 1024 2048 Et-

237 2069 306 2105 enim
319 2069 420 2103 jejunio
434 2077 526 2103 preces
539 2076 645 2102 semper
660 2068 814 2102 eonjuuctas
835 2075 893 2095 esse
909 2071 1022 2102 oportet.

236 2115 270 2141 Et
284 2115 352 2150 quod
369 2115 419 2142 hoc
437 2123 529 2141 verum
554 2115 598 2147 sit,
626 2114 686 2141 andi
705 2114 841 2141 Christum
869 2113 1022 2140 dicentem:

238 2160 292 2187 Hoc
306 2169 383 2195 genus
396 2160 575 2187 daemoniorum
586 2168 636 2186 non
651 2159 776 2194 egreditur
790 2158 839 2186 nisi
848 2160 873 2185 in
884 2159 1027 2193 precatione

235 2211 257 2232 et
267 2206 364 2240 jejunio
375 2204 481 2241 (Matth.
497 2205 540 2233 l7.
555 2205 610 2240 20).
624 2205 657 2232 Et
670 2206 764 2232 itermn
778 2205 811 2232 de
819 2204 945 2239 apostolis
958 2204 1025 2232 dici-

238 2255 281 2278 tur
297 2260 304 2278 :
319 2249 388 2277 Nam
402 2258 459 2277 cum
470 2255 593 2283 orassent,
609 2251 703 2285 inquit,
721 2256 743 2277 ct
763 2251 933 2285 jejunaucnt,
956 2259 1025 2277 com-

238 2296 418 2322 mendat-erunt
436 2304 478 2323 eos
501 2294 623 2328 Domino,
646 2296 671 2322 in
685 2304 758 2330 quem
777 2296 935 2322 crediderant
957 2295 1024 2330 (Act.

240 2342 282 2369 M.
298 2340 354 2377 22).
372 2341 404 2368 Et
415 2342 508 2368 iterum
519 2340 602 2375 inquit
616 2341 757 2375 Apostolus
773 2349 779 2367 :
797 2340 837 2368 Ne
849 2340 973 2374 ['raudetis
987 2341 1024 2367 in-

235 2390 321 2421 vicem,
338 2389 386 2416 nisi
397 2390 423 2416 in
432 2389 574 2424 precatione
583 2393 607 2414 ct
616 2387 712 2422 jejunio
723 2388 745 2423 (l
753 2407 760 2414 .
772 2387 830 2415 Cor.
843 2388 868 2414 7.
880 2387 918 2422 5).
933 2387 1026 2414 Vidisti

238 2434 370 2469 quomodo
379 2435 509 2469 jejunium
526 2435 576 2462 hoc
585 2433 703 2462 subsidio
717 2433 850 2469 indigeat?
865 2433 939 2460 Tunc
955 2433 1025 2460 enim

238 2480 403 2514 potissimum
419 2487 513 2514 preces
529 2487 589 2506 cum
605 2478 750 2506 attentione
766 2478 842 2512 ﬁunt,
859 2486 919 2506 cum
945 2485 1028 2513 cxpe-

239 2526 320 2552 ditior
331 2530 371 2552 est
395 2533 470 2552 mens
486 2529 588 2557 nostra,
609 2532 695 2559 neque
707 2529 823 2559 gravata,
845 2531 931 2559 neque
954 2524 1025 2551 malo

238 2571 393 2598 deliciarum
403 2578 485 2598 onere
496 2577 586 2605 pressa
599 2570 686 2598 fuerit.
702 2570 794 2606 Magna
807 2578 879 2598 artua
888 2575 950 2597 sunt
965 2578 1027 2605 pre-

269 2669 306 2698 (a)
323 2668 348 2693 Id
360 2669 424 2700 quod
436 2669 475 2700 hic
486 2670 520 2694 ait
529 2669 561 2694 ch

448 2670 475 2705 tic
486 2670 520 2694 ait
529 2670 722 2702 chrysostomus,
740 2670 862 2694 Heberum
874 2676 966 2706 nempe
977 2670 1027 2724 pri-

448 2699 568 2724 Ialoctutn.
577 2701 675 2724 (malem
684 2701 790 2724 Adamus
799 2700 951 2724 loauebatur.
960 2701 974 2724 ιΙ
986 2701 1026 2724 ud.

234 2706 299 2735 scam
311 2699 421 2735 servasse
430 2699 568 2735 dialogum,
576 2699 677 2735 qualem
684 2701 790 2735 Adamus
799 2699 952 2732 loquebatur,
960 2699 1026 2729 illud,

612 2701 675 2725 atem
684 2701 790 2726 Adamus
799 2700 952 2732 loquebatur,
960 2701 974 2725 il

234 2731 345 2762 inquam,
357 2730 449 2762 aliquot
459 2730 638 2756 difﬁcultatibus
656 2733 788 2756 obnoxium
805 2730 843 2756 est
856 2738 862 2756 :
875 2738 930 2755 nam
947 2735 1028 2756 utrum

234 2761 317 2785 Heber
326 2761 426 2791 priscam
439 2761 544 2792 linguam
555 2763 700 2791 servaverit,
713 2769 760 2787 non
773 2763 805 2787 ita
816 2767 910 2787 certum
921 2762 1027 2786 est.t)is-

234 2795 337 2824 νιιιιιᾳιι·Δ
343 2795 425 2824 autem
437 2796 490 2817 utra
501 2792 619 2818 dialectus
630 2794 772 2824 jwimigenia
784 2793 870 2822 fuerit,
878 2793 1028 2824 Itebraicaue

234 2821 264 2846 si.
282 2821 419 2853 (:haldaica;
437 2830 480 2854 pro
496 2828 599 2854 utraque
615 2821 728 2855 opinione
744 2827 809 2849 stant
824 2830 873 2849 non
888 2823 1027 2855 spernenda

233 2857 386 2884 argumenta,
397 2861 452 2886 qua:
464 2855 561 2886 longius
573 2858 639 2881 esset
651 2854 756 2881 referre.

588 139 618 168 S.
637 139 776 168 JOANNIS
788 136 1025 167 CHRYSOSTOMI
1044 137 1201 166 ARCﬂlEI'.
1221 137 1489 167 CONQ'I’ANTINOP.

1810 143 1862 172 εεο

1072 202 1128 228 ces,
1152 202 1245 230 magna
1267 196 1409 230 securitas,
1435 203 1546 232 magnus
1569 196 1726 232 thesaurus,
1751 207 1867 236 magnus

1073 245 1175 275 portus,
1188 241 1334 269 tutissimus
1348 242 1423 270 locus
1439 251 1446 270 :
1466 243 1547 270 modo
1559 243 1641 271 sobrii
1656 249 1686 272 et
1696 245 1790 280 vigiles
1806 248 1860 274 Dom

1073 286 1173 312 minum
1188 285 1324 320 adeamus,
1346 292 1436 315 mente
1447 292 1537 315 nostra
1549 288 1664 324 undique
1676 290 1798 324 calicem,
1810 291 1862 319 ini-

1073 330 1196 366 micoquc
1211 336 1308 359 nostrzn
1322 333 1415 360 salutis
1439 333 1512 360 nullo
1537 333 1609 361 aditu
1631 336 1772 369 permisso.
1796 335 1862 364 Cum

1073 375 1140 402 sciat
1154 375 1225 403 enim
1239 376 1361 404 inimicus
1376 382 1475 410 noster,
1489 385 1538 405 nos
1552 383 1718 415 per-tempus
1731 381 1794 408 illud
1805 389 1864 416 pos-

1072 429 1102 448 se
1123 421 1161 449 de
1171 422 1203 450 iis
1215 431 1274 458 qua:
1288 423 1321 450 ad
1344 427 1462 451 nostram
1478 424 1590 452 salutem
1603 426 1717 454 attinent
1733 427 1820 462 loqui,
1836 432 1865 455 ct

1073 472 1180 502 peccata
1189 468 1320 502 conﬁteri,
1333 473 1362 497 et
1368 469 1475 497 vulnera
1490 470 1593 498 medico
1606 472 1758 505 ostendere,
1779 478 1805 500 et
1818 481 1860 500 sa-

1073 514 1183 541 nitatem
1204 515 1330 549 consequi
1346 523 1353 541 :
1369 515 1432 543 ideo
1453 516 1568 544 maxime
1588 522 1651 544 tunc
1665 518 1779 549 obsistit,
1806 527 1864 546 om-

1073 559 1168 595 niaque
1182 559 1244 587 facit
1259 564 1287 588 et
1302 565 1406 592 tractat,
1423 565 1451 588 ut
1471 569 1520 588 nos
1546 563 1697 596 supplantet
1708 584 1715 596 ,
1731 564 1865 599 negligen»

1074 608 1165 639 tesque
1175 604 1277 632 reddat.
1291 605 1405 633 Proinde
1418 606 1566 641 vigilemus,
1576 607 1699 641 obsecro,
1712 613 1738 636 et
1749 609 1867 637 scientes

1074 651 1144 679 iHius
1160 652 1279 685 insidias,
1294 653 1408 680 maxime
1418 658 1539 688 tempore
1553 653 1597 680 illo
1608 661 1716 688 operam
1730 655 1825 682 demus
1836 661 1865 683 ut

1073 696 1148 731 quasi
1165 701 1322 731 pnesentcm
1336 697 1410 725 illum
1426 703 1488 726 ante
1501 699 1593 726 oculos
1608 704 1722 726 stantem
1746 700 1866 728 videntes

1073 750 1267 777 oppugnemus,
1283 747 1312 770 et
1321 744 1506 778 cogitationem
1521 752 1637 777 omnem,
1650 753 1709 780 qum
1724 753 1771 772 nos
1783 746 1872 773 ίιιιριν

1075 788 1182 815 turbare
1195 789 1287 823 possit,
1303 789 1461 824 repellamus
1476 799 1484 817 :
1501 791 1601 825 totique
1613 791 1728 818 nitamur
1738 792 1820 819 Dcuai
1835 797 1866 819 ut

1073 833 1151 860 decet
1162 833 1269 868 alloqui,
1279 839 1308 861 ut
1323 842 1375 862 non
1387 835 1475 862 solum
1489 836 1579 868 verba,
1595 836 1642 863 sed
1653 841 1761 864 etmens
1776 838 1866 864 verbo-

1074 887 1132 906 rum
1147 887 1238 907 comes
1249 880 1281 907 ad
1298 881 1380 908 Deum
1393 881 1530 909 accedant.
1544 882 1608 909 Nam
1622 883 1644 910 si
1658 883 1745 918 lingua
1759 884 1865 919 quidem

1075 924 1192 959 proferat
1213 924 1305 958 verba,
1322 933 1398 953 mens
1412 931 1500 953 autem
1517 927 1581 954 foris
1594 933 1730 963 evagetur,
1745 937 1803 963 qua:
1816 929 1873 956 dor

1075 970 1111 997 mi
1125 975 1186 997 sunt
1199 970 1330 1002 lustrans,
1344 976 1370 998 et
1386 971 1533 1006 imaginans
1552 980 1611 1007 qua:
1632 973 1657 999 in
1673 973 1730 1000 foro
1741 979 1864 1008 aguntur,

1074 1017 1147 1044 nulla
1163 1016 1238 1044 nobis
1249 1017 1412 1051 utilitascst,
1422 1018 1542 1045 fortassis
1555 1023 1643 1046 autem
1654 1023 1681 1046 et
1703 1019 1788 1054 major
1801 1028 1877 1047 con-

1074 1062 1217 1090 demnatio.
1247 1062 1390 1090 Enimvero
1412 1063 1434 1090 si
1461 1070 1526 1090 cum
1539 1064 1661 1090 homines
1676 1064 1795 1097 adimus,
1813 1070 1865 1091 tam

1074 1108 1192 1136 studiose
1205 1108 1229 1135 id
1239 1108 1351 1141 agimus,
1368 1113 1396 1135 ut
1406 1115 1488 1143 prope
1501 1113 1602 1136 stantes
1615 1116 1800 1143 smpcnumero
1813 1118 1864 1137 non

1075 1153 1222 1187 videamus,
1247 1153 1293 1181 sed
1308 1153 1459 1189 colligimus
1472 1159 1603 1187 mentem,
1619 1159 1646 1181 et
1658 1154 1691 1181 ad
1704 1162 1764 1181 cum
1780 1162 1793 1181 s
1812 1155 1866 1182 lum

1074 1203 1226 1233 spectamus
1242 1198 1276 1225 ad
1297 1206 1376 1234 quem
1392 1198 1544 1226 accedimus
1560 1204 1678 1233 :quanto
1693 1199 1776 1233 magis
1797 1199 1874 1234 apnd'

1075 1243 1159 1270 Deum
1176 1243 1248 1270 idem
1263 1243 1350 1270 iacere
1365 1248 1488 1278 oportet,
1504 1249 1531 1271 et
1544 1243 1642 1278 jugiter
1657 1244 1780 1278 precibus
1802 1245 1866 1272 insi»

1073 1295 1145 1317 stcre
1153 1289 1167 1316 ἲ
1175 1289 1286 1324 Propter
1296 1289 1346 1317 hoc
1359 1294 1385 1317 et
1400 1289 1496 1317 Paulus
1506 1289 1627 1317 scribens
1639 1290 1743 1317 dicebat
1759 1299 1765 1316 :
1781 1290 1865 1317 0mm

1074 1341 1110 1362 tes
1125 1336 1152 1362 in
1163 1336 1233 1362 omni
1248 1341 1373 1371 tempore,
1393 1340 1463 1363 orate
1480 1341 1503 1363 et
1518 1335 1544 1362 in
1559 1336 1650 1370 spiritu
1664 1335 1744 1371 (Ep/1.
1759 1336 1785 1364 6.
1804 1337 1846 1371 l8)
1860 1346 1867 1363 :

1075 1389 1128 1409 non
1143 1382 1231 1417 lingua
1247 1386 1360 1416 tantum,
1373 1386 1472 1409 etcum
1485 1387 1624 1417 perpetua,
1640 1383 1737 1417 inquit,
1752 1383 1866 1418 vigilan.

1076 1427 1122 1460 tia,
1136 1427 1183 1455 sed
1197 1427 1230 1454 Et
1240 1428 1266 1454 in
1288 1428 1387 1463 spiritu.
1403 1428 1562 1462 Spirituales
1580 1429 1650 1456 enim
1663 1449 1676 1462 ν
1697 1429 1791 1464 inquit,
1815 1430 1868 1456 siut

1075 1478 1171 1501 vestra:
1186 1473 1337 1508 petitiones,
1352 1475 1444 1502 sobrio
1454 1475 1490 1502 sit
1516 1475 1595 1508 ratio,
1612 1479 1639 1502 ct
1652 1475 1685 1502 iis
1700 1483 1759 1510 qua:
1773 1476 1868 1504 dicun-

1076 1524 1120 1546 tur
1133 1527 1208 1546 tueas
1222 1519 1351 1546 attendat.
1367 1519 1441 1547 Talia
1456 1520 1547 1555 petite,
1559 1520 1646 1555 qualia
1661 1528 1677 1548 a
1703 1521 1756 1548 Deo
1777 1526 1869 1556 petere

1075 1565 1211 1598 convenit,
1237 1569 1265 1592 ut
1277 1570 1305 1592 ct
1314 1565 1395 1600 petita
1409 1566 1551 1594 obtineatis
1567 1574 1574 1593 :
1589 1571 1616 1594 et
1635 1568 1661 1594 in
1683 1567 1747 1594 illud
1767 1568 1869 1595 ineunt-

1076 1611 1180 1644 lmtcs,
1194 1615 1223 1638 et
1245 1611 1292 1638 toti
1310 1611 1497 1647 expcrgcfacti,
1511 1612 1593 1639 sobrii
1616 1616 1643 1639 ct
1657 1617 1746 1640 tuente
1764 1613 1868 1648 vigiles,

1076 1665 1129 1685 non
1143 1658 1302 1691 oscitantes,
1313 1665 1362 1686 nec
1377 1665 1424 1686 vns
1439 1657 1583 1692 fricantes,
1596 1663 1623 1686 et
1636 1658 1699 1686 hinc
1718 1659 1780 1687 inde
1793 1667 1871 1687 mcu—

1077 1709 1130 1732 tem
1147 1708 1282 1731 vortentes
1295 1712 1305 1731 :
1327 1703 1374 1731 sed
1388 1711 1448 1731 cum
1469 1703 1564 1732 timore
1579 1708 1605 1731 et
1620 1708 1737 1732 tremore
1756 1705 1870 1732 salutem

1076 1754 1193 1777 vestram
1208 1749 1364 1784 operamini.
1380 1748 1474 1776 Beatus
1488 1749 1570 1780 enim,
1584 1749 1680 1784 inquit,
1701 1748 1746 1784 qui
1769 1754 1871 1783 propter

1078 1795 1194 1830 pietatem
1207 1795 1293 1822 metuit
1307 1795 1391 1822 omnia
1408 1794 1498 1830 (Prov.
1512 1794 1558 1822 28.
1571 1794 1627 1830 Η).
1638 1794 1759 1830 Magnum
1770 1795 1870 1822 bonttm

1077 1841 1206 1876 precatio.
1215 1840 1281 1867 Nam
1291 1840 1314 1867 si
1326 1840 1427 1867 homini
1440 1840 1503 1875 quis
1513 1840 1625 1875 loquens
1636 1841 1733 1868 virtute
1747 1840 1877 1876 praedito,

1078 1894 1129 1913 non
1144 1893 1252 1920 parvum
1264 1885 1325 1913 inde
1340 1885 1452 1913 fructum
1465 1887 1595 1921 percipit:
1607 1887 1714 1922 quantis
1729 1887 1806 1914 bonis
1815 1895 1868 1914 non

1078 1932 1180 1959 lt‘ttctur
1206 1933 1238 1965 is,
1260 1933 1302 1960 cui
1322 1940 1382 1959 cum
1403 1933 1458 1960 Deo
1474 1933 1634 1968 colloquiuttt
1660 1933 1759 1960 fuerit?
1780 1933 1879 1961 Oritio

1078 1980 1149 2006 cnim
1163 1979 1323 2014 colloquium
1335 1983 1376 2006 est
1397 1986 1457 2006 cmn
1478 1979 1542 2006 Deo.
1558 1979 1634 2013 Quod
1656 1984 1685 2006 ut
1705 1980 1784 2013 scias,
1808 1980 1870 2007 audi

1079 2026 1235 2061 prophetam
1263 2026 1395 2053 dicentem
1410 2033 1417 2052 :
1431 2024 1578 2052 Iucundum
1605 2026 1638 2053 sit
1669 2025 1722 2052 Deo
1744 2026 1875 2061 eloq'tiunt'

1079 2081 1160 2099 meum
1174 2073 1259 2107 (Psal.
1273 2072 1334 2100 103.
1346 2073 1391 2106 3i)
1407 2081 1413 2098 :
1428 2071 1479 2099 hoc
1489 2076 1540 2103 est,
1552 2079 1641 2099 sermo
1656 2072 1875 2106 meusjucnmlus

1079 2123 1204 2153 appareat
1221 2118 1284 2145 Deo.
1297 2118 1391 2144 Annon
1403 2117 1474 2144 enim
1483 2122 1609 2152 prasstarc
1621 2122 1706 2152 potest
1718 2118 1870 2152 priusquam

1080 2163 1220 2198 petatnus?
1234 2163 1332 2190 Verum
1351 2167 1458 2197 pr0pter
1472 2162 1522 2190 hoc
1532 2161 1657 2190 diﬁcrtct
1670 2168 1818 2197 exspectat,
1844 2167 1871 2189 ut

1079 2209 1246 2236 occasionem
1269 2208 1392 2243 accipiat,
1407 2215 1458 2242 qua
1471 2209 1543 2242 juste
1565 2214 1614 2234 nos
1639 2215 1685 2235 sua
1706 2208 1870 2242 prmitlentia

1079 2254 1173 2288 dignos
1184 2253 1272 2280 faciat.
1283 2253 1345 2280 Sive
1352 2257 1441 2280 autem
1454 2260 1650 2287 consequamur
1662 2253 1732 2287 quod
1747 2254 1868 2288 petimus,

1079 2299 1135 2326 sive
1150 2307 1201 2326 non
1216 2306 1422 2333 consequamur,
1436 2305 1638 2332 perseveremus
1650 2306 1756 2333 semper
1769 2299 1794 2326 in
1810 2307 1876 2326 ora-

1081 2346 1152 2373 tione
1166 2353 1173 2371 :
1191 2350 1218 2373 et
1231 2354 1283 2372 non
1297 2345 1382 2372 solunt
1395 2345 1493 2380 gratias
1507 2352 1616 2380 agamus
1629 2345 1652 2372 si
1664 2353 1869 2380 consequamur,

1079 2392 1126 2419 sed
1139 2391 1241 2419 etiamsi
1253 2391 1386 2426 repulsam
1401 2391 1471 2425 passi
1488 2390 1628 2418 fuerimus.
1642 2390 1709 2418 Nam
1727 2391 1870 2426 denegare,

1079 2445 1139 2465 cum
1154 2438 1222 2465 Deus
1235 2437 1301 2470 vult,
1322 2445 1376 2464 non
1391 2437 1477 2464 minus
1492 2441 1534 2464 cst
1547 2444 1626 2471 quam
1640 2437 1662 2464 si
1683 2438 1872 2465 caucessissct.

1080 2483 1218 2510 Nescimus
1231 2483 1302 2510 enim
1316 2490 1366 2510 nos
1379 2490 1439 2517 qua:
1461 2482 1537 2510 nobis
1550 2482 1710 2515 conducant,
1727 2484 1795 2510 sicut
1816 2483 1872 2518 ipso

1080 2529 1163 2556 nmit.
1177 2529 1269 2564 Itaque
1281 2529 1338 2557 sive
1351 2529 1404 2556 voti
1419 2533 1568 2563 compotes,
1582 2536 1638 2556 sive
1651 2529 1765 2563 impotes
1779 2529 1871 2561 sinms,

1080 2575 1179 2610 gratias
1191 2582 1270 2609 agere
1279 2574 1418 2602 debemus.
1431 2574 1465 2601 Et
1477 2574 1540 2608 quid
1555 2574 1677 2607 miraris,
1686 2574 1708 2602 si
1724 2582 1775 2601 nos
1788 2575 1874 2602 nesci~

1081 2627 1140 2647 mus
1152 2620 1214 2655 quid
1229 2620 1305 2647 nobis
1324 2619 1425 2656 prosit?
1445 2619 1542 2647 Paulus
1554 2640 1561 2652 ,
1585 2619 1645 2646 talis
1662 2624 1689 2646 et
1715 2624 1804 2646 tantus
1822 2621 1872 2652 vir,

1080 2674 1176 2694 arcana
1194 2666 1287 2693 audire
1307 2665 1403 2701 dignus
1421 2666 1536 2697 habitus,
1562 2665 1604 2700 ign
1623 2665 1700 2692 tabat
1712 2672 1741 2692 se
1761 2673 1792 2692 ea
1813 2673 1873 2700 qua:

1081 2720 1133 2740 non
1153 2712 1333 2748 expediebant
1361 2713 1473 2747 precari.
1497 2712 1562 2739 Nam
1578 2712 1638 2746 quia
1662 2711 1769 2739 videbat
1785 2719 1814 2738 se
1837 2716 1873 2738 tot

1080 2758 1212 2785 molestiis
1232 2758 1314 2793 cingi,
1333 2765 1366 2785 ac
1378 2757 1536 2786 circumdari
1549 2757 1652 2784 crebris
1672 2757 1873 2790 tentatiouihus,

1081 2803 1175 2831 orabat
1187 2807 1215 2831 ut
1229 2803 1263 2835 ab
1276 2803 1314 2830 eis
1325 2803 1498 2834 liberaretur,
1521 2803 1600 2837 idque
1614 2811 1666 2829 non
1689 2803 1773 2829 semel
1789 2810 1873 2837 neque

1085 2849 1192 2884 iterum,
1220 2850 1266 2877 scd
1281 2853 1307 2878 et
1327 2849 1435 2884 sapius.
1451 2848 1499 2876 Tcr
1513 2849 1597 2883 ciunt,
1621 2848 1716 2883 inquit,
1740 2847 1874 2875 Dominum
