2058 3123
156 130 210 159 279

161 190 177 224 ἡ
193 186 332 222 δμοφωνία
352 186 402 222 τὴν
426 185 580 220 συνοίκησιν
603 183 756 219 εἰργάζετο,
779 182 865 212 οὕτως
885 181 902 216 ἡ
919 179 988 206 διαί-

158 240 233 268 ρεσις
254 231 305 266 τῆς
328 231 420 266 φωνῆς
441 230 491 265 τὴν
515 227 663 264 διασπορὰν
679 227 769 258 αὐτοῖς
786 224 988 268 κατασκευάσῃ.

158 266 189 303 Ol
208 276 245 311 μὴ
267 275 317 311 τὴν
335 274 420 310 αὐτὴν
438 274 543 308 ἔχοντες
561 272 652 308 φωνὴν
668 271 715 298 καὶ
735 269 861 302 διάλεξιν,
877 267 936 299 πῶς
950 266 990 311 ἀν

157 310 377 354 ἠδύναντονκατά
397 317 480 344 ταὺτὸ
497 318 597 348 οἰκεῖν;
617 315 672 342 Kal
689 313 859 347 διέσπειρεν
870 310 990 343 αὐτοὺς,

158 364 237 399 φησὶ,
251 363 356 396 Κύριος
371 362 387 388 ὁ
405 361 476 393 Θεὸς
493 359 607 387 ἐκεῖθεν
621 359 670 386 ἐπὶ
700 356 876 391 προσώπουι
890 355 993 388 πάσης

158 408 215 442 τῆς
234 406 301 442 τῆς,
321 406 370 433 καὶ
390 405 563 432 ἐπαύσαντο
584 402 811 438 οἰκοδομοῦντες
824 400 881 434 τὴν
903 400 994 425 πόλιν

159 451 208 479 καί
227 451 282 478 τὸν
306 451 431 485 πύργον.
455 449 527 484 Ὀρα
550 447 683 474 Δεσπότου
711 443 926 480 φιλανθρωπίαν,
953 443 992 474 εἰς

158 497 225 532 ὅσην
240 495 339 526 αὐτοὺς
353 493 478 521 ἐνέϐαλεν
495 491 660 527 ἀμηχανίαν.
675 491 730 517 Kal
745 490 800 524 γὰρ
823 487 994 523 μαινομένοις

158 540 252 568 λοιπὸν
277 539 407 566 ἐοίκασιν.
428 538 457 563 '0
477 536 525 572 μὲν
541 536 686 563 ἐπέταττεν
706 533 809 568 ἕτερον,
827 534 841 559 6
856 532 884 558 δὲ
901 532 994 567 ἕτερον

158 583 282 610 ἐπεδίδου
292 590 299 597 ·
325 581 373 608 καὶ
396 580 524 615 ἀνόνητος
545 578 636 609 αὐτοῖς
650 577 743 604 λοιπὸν
759 574 793 611 ἦν
809 576 882 602 πᾶσα
898 575 915 610 ή
933 576 993 601 ἑπι-

159 627 296 663 χείρησις.
323 625 368 652 Διὸ
395 623 448 651 Καὶ
475 623 648 650 ἐπαύσαντο
683 618 917 663 οίκοδυμοῦντεςν
937 617 995 652 τὴν

159 662 251 698 πόλιν
268 670 318 696 καὶ
334 669 388 696 τὸν
406 668 531 702 πύργον.
545 666 597 692 Διὰ
617 665 705 692 τοῦτο
722 663 834 697 ἐκλήθη
856 662 887 689 τὸ
902 662 995 696 ὄνομα

158 713 266 748 αὐτῆς,
280 713 432 748 Σύγχυσις
443 720 450 726 ·
467 710 511 737 ὅτι
533 710 597 736 ἐκεῖ
615 708 743 742 συνέχεε
767 707 874 740 Κύριος
888 708 903 733 ό
924 705 995 738 Θεὸς

158 758 197 786 τὰ
221 759 308 792 χείλη
325 755 427 789 πάσης
443 755 502 788 τῆς
522 753 593 789 γῆς’
617 753 666 780 καί
691 752 805 778 ἐκεῖθεν
827 751 995 784 διέσπειρεν

158 801 271 834 αὐτοὺς
289 801 397 834 Κύριος
417 801 433 826 ό
450 798 522 830 Θεὸς
545 797 594 824 ἐπὶ
616 795 717 830 πάσης
733 795 787 829 τῆς
811 794 877 829 γῆς.
896 794 994 820 Σκόπει

159 846 232 872 πόσα
251 845 366 879 γίνεται,
388 843 457 869 ὥστε
474 841 522 877 τὴν
544 841 654 876 μνήμην
673 839 754 866 παντὶ
769 839 807 873 τῷ
828 838 905 864 αἰῶνι
929 846 996 871 συμ-

159 887 396 925 παρεκτείνεσθαι.
411 885 521 922 Πρῶτον
542 884 590 920 μὲν
607 885 623 919 ἡ
637 884 691 910 τῶν
704 882 833 917 γλωσσῶν
853 881 995 925 διαίρεσις,

161 923 263 967 μᾶλλον
278 931 306 958 δὲ
319 930 366 956 καὶ
382 929 436 965 πρὸ
452 927 548 955 τούτου
561 928 578 962 ὴ
593 927 640 953 τοῦ
657 926 788 961 ὀνόματος
803 923 973 960 προσηγορία
987 932 994 939 ·

160 976 191 1002 16
204 975 293 1002 Φαλὲκ
307 974 361 1009 γάρ
374 973 468 1008 ὄνομα,
489 972 557 1006 ὅπερ
571 972 584 997 6
598 970 682 1005 Ἔϐερ
704 969 822 1004 ἐπέθηκε
845 968 884 1003 τῷ
901 967 994 999 παιδὶ,

163 1018 298 1055 μερισμδν
315 1016 453 1052 σημαίνει.
466 1016 582 1041 Ἔπειτα
603 1014 620 1049 ή
640 1013 686 1040 τοῦ
703 1014 785 1039 τόπου
807 1012 976 1047 προσηγορία
988 1020 995 1027 ·

160 1062 296 1096 Σύγχυσις
307 1060 366 1095 ’γὰρ
382 1060 395 1086 6
413 1059 494 1090 τόπος
514 1057 671 1093 ὠνομάσθη,
684 1057 752 1091 ὅπερ
776 1056 834 1082 ἐστὶ
857 1055 994 1082 Βαϐυλών.

162 1106 281 1133 Ἔπειτα
308 1104 389 1135 αὐτὸς
411 1104 425 1129 6
436 1103 520 1137 Ἔϐερ
534 1101 613 1136 ἔμενε
627 1101 676 1136 τὴν
690 1100 773 1133 αὐτὴν
788 1099 856 1133 ἔχων
870 1098 995 1130 διάλεξιν,

160 1150 251 1185 ἥνπερ
272 1148 320 1176 καὶ
339 1147 481 1183 πρότερον,
499 1146 542 1172 ῐνα
565 1145 611 1172 καὶ
642 1144 720 1171 τοῦτο
746 1144 857 1178 σημεῖον
885 1143 998 1177 ἐναργὲς

160 1194 274 1228 γένηται
297 1191 346 1227 τῆς
373 1189 542 1226 διαιρέσεως.
569 1188 646 1220 Εἶδες
672 1187 716 1215 διὰ
743 1187 834 1214 πόσων
860 1186 998 1221 ἡδουλήθη

159 1237 272 1271 διηνεκῆ
294 1235 344 1269 τὴν
369 1234 479 1270 μνήμην
502 1231 691 1264 διασώζεσθαι,
708 1232 755 1258 καὶ
779 1231 913 1266 μηδέποτε
929 1229 997 1265 λήθῃ

161 1279 348 1315 παραδοθῆναι
362 1277 392 1304 τὸ
406 1277 466 1304 τότε
484 1275 682 1312 γεγενημένον;
700 1275 755 1302 Kal
771 1275 825 1310 7&9
842 1275 871 1306 ἐξ
894 1274 997 1300 ἐκείνου

160 1323 255 1350 λοιπὸν
270 1321 360 1356 πατὴρ
373 1320 449 1348 παιδὶ
462 1320 583 1355 ἀνάγκην
604 1317 659 1355 εἶχε
677 1320 726 1354 τὴν
744 1318 833 1345 αἰτίαν
846 1318 934 1352 λέγειν
949 1318 999 1352 τῆς

161 1365 358 1402 ἑτεροφωνίας,
373 1365 421 1391 καὶ
436 1365 502 1395 παῖς
523 1363 597 1399 παρὰ
614 1363 717 1399 πατρὸς
741 1362 885 1398 μανθάνειν
909 1361 998 1397 ἐζήτει

160 1409 215 1445 τῆς
228 1408 276 1435 τοῦ
292 1408 375 1435 τόπου
397 1406 581 1442 προσηγορίας
605 1406 653 1441 τὴν
676 1405 779 1432 αἰτίαν·
797 1404 924 1432 Βαΰυλὼν
946 1405 998 1440 γὰρ

161 1453 208 1480 διὰ
222 1451 302 1479 τοῦτο
317 1453 332 1479 6
347 1451 429 1482 τόπος
449 1449 595 1485 ὠνομάσθη
605 1469 612 1481 ,
636 1449 702 1484 ὅπερ
723 1449 780 1475 ἐστὶ
794 1448 935 1484 σύγχυσις,
959 1449 1000 1476 ὅτι

161 1497 223 1523 ἐκεῖ
242 1496 351 1531 συνέχεε
369 1494 468 1530 Κύριος
485 1495 499 1520 6
517 1494 582 1525 Θεὸς
598 1493 632 1520 τὰ
652 1493 728 1528 χείλη
749 1493 839 1528 πάσης
861 1494 910 1528 τῆς
932 1493 998 1527 γῆς,

161 1541 213 1568 καὶ
226 1539 332 1566 ἐκεῖθεν
353 1538 507 1573 διέσπειρεν
522 1537 629 1569 αὐτούς.
650 1536 803 1571 Ἀμφότερα
821 1537 838 1570 ὴ
854 1536 901 1562 τοῦ
918 1536 999 1562 τόπου

162 1582 336 1618 προσηγορία
355 1582 498 1616 σημαίνειν
524 1589 569 1616 μοι
583 1581 664 1614 δοκεῖ,
681 1580 728 1606 καὶ
746 1580 786 1606 ὅτι
802 1579 852 1611 τὰς
876 1577 1000 1614 γλώσσας

164 1626 287 1662 συνέχεε,
301 1624 349 1652 καὶ
362 1624 474 1651 αὐτόθεν
490 1624 540 1660 τὴν
557 1624 707 1659 διασπορὰν
723 1623 881 1658 ὑπέμειναν.

202 1705 232 1732 ε’,
241 1703 400 1736 Ἠκούσατε,
414 1702 560 1738 ἀγαπητοὶ,
569 1702 649 1729 πόθεν
660 1702 750 1734 αὐτοῖς
764 1703 780 1738 ἡ
793 1703 841 1738 τῆς
853 1703 1001 1738 διασπορᾶς

164 1752 295 1783 ὑπόθεσις
313 1752 417 1786 γέγονε,
431 1751 480 1778 καὶ
497 1750 551 1777 τῶν
567 1750 693 1785 γλωττῶν
715 1751 732 1786 η
751 1751 892 1786 διαίρεσις,
907 1751 1002 1785 Φύγω-

166 1804 229 1830 μεν,
249 1794 412 1830 παρακαλῶ,
428 1794 477 1829 τὴν
496 1794 622 1829 μίμησιν,
640 1793 687 1821 καὶ
701 1795 757 1826 τοῖς
773 1795 849 1830 παρὰ
872 1793 918 1820 τοῦ
934 1793 1001 1820 Θεοῦ

165 1839 376 1874 παρασχεθεῖσιν
394 1839 459 1873 ἡμῖν
476 1838 516 1869 είς
529 1837 586 1864 δέον
605 1837 779 1873 χρησώμεθα,
797 1838 842 1864 καὶ
857 1838 906 1873 τὴν
922 1838 1001 1871 φύσιν

164 1882 217 1917 τὴν
231 1881 404 1916 ἀνθρωπίνην
422 1880 573 1912 ἐννοοῦντες
590 1880 660 1907 οὕτω
684 1880 885 1916 βουλευώμεθα,
902 1880 940 1912 ὼς
961 1881 1001 1906 εἰ-

165 1925 216 1958 κὸς
234 1924 394 1960 ἀνθρώπους
407 1923 601 1959 βουλεύσασθαι
616 1923 729 1959 θνητοὺς
744 1924 939 1959 τυγχάνονταςο
955 1924 1002 1951 καὶ

165 1971 336 2006 λογιζόμενοι
361 1969 407 1996 τοῦ
433 1968 565 2004 παρόντος
591 1968 648 2004 βίου
672 1969 704 1995 τὺ
730 1969 872 2004 ἐπίκηρον,
898 1969 944 1996 καὶ
965 1970 1002 2001 ὡς

166 2014 273 2049 βραχὺς
289 2014 303 2039 6
317 2013 367 2048 τῆς
385 2012 457 2046 ζωῆς
476 2011 554 2046 ἡμῶν
568 2012 673 2047 χρόνος,
693 2012 792 2048 πολλὴν
809 2013 913 2044 ἑαυτοῖς
933 2014 1004 2048 παῤ-

168 2058 268 2093 ῤηίαν
290 2054 510 2091 προαποθώμεθα
532 2055 575 2081 διὰ
595 2056 644 2090 τῆς
667 2055 722 2082 τῶν
746 2055 856 2090 ἀγαθῶν
878 2056 1002 2092 πράξεων

166 2099 314 2136 ἐργασίαςο
327 2099 375 2125 καὶ
388 2098 424 2134 μὴ
442 2099 520 2133 μόνον
531 2099 580 2133 τῆς
591 2099 716 2133 νηστείας
733 2099 782 2134 τὴν
795 2099 920 2126 ἐπίτασιν
934 2099 1003 2126 κατά

166 2143 218 2175 τὰς
243 2142 349 2178 ἡμέρας
365 2142 476 2173 ,ταύτας
501 2141 707 2177 έπιδειξώμεθα,
728 2142 796 2168 ἀλλὰ
814 2142 861 2168 καὶ
888 2143 1004 2178 ὲλεημω

169 2187 254 2221 σύνης
272 2186 412 2220 δαψίλειαν
436 2186 483 2212 καὶ
509 2185 661 2221 προσευχὰς
680 2186 808 2217 ἐκτενεῖς.
826 2186 881 2213 Kal
901 2186 955 2221 γὰρ
970 2187 1002 2222 τῇ

167 2229 283 2265 νηστείᾳ
305 2228 354 2264 τὴν
379 2228 531 2264 προσευχὴν
551 2228 594 2255 ἀεὶ
620 2228 793 2263 συνεζεῦχθαι
814 2228 863 2256 δεῖ.
885 2229 941 2256 Καὶ
963 2230 1004 2256 ὅτι

166 2274 248 2301 τοῦτό
264 2275 336 2300 ἐστιν
349 2272 458 2308 ἀληθὲς,
470 2273 550 2300 ἄκουε
567 2271 615 2298 τοῦ
628 2272 746 2307 Χριστοῦ
759 2272 881 2306 λέγοντος
890 2282 896 2288 ’
914 2273 1005 2300 Τοῦτο

168 2318 202 2345 τὸ
216 2318 304 2352 γένος
318 2318 373 2344 οὐκ
388 2316 462 2353 [501]
480 2316 679 2350 ἐκπορεύεται,
694 2317 720 2342 ει
742 2315 785 2350 μὴ
801 2316 836 2342 ἐν
848 2315 1004 2351 προσευχῇ

168 2361 220 2388 καὶ
239 2360 374 2394 νηστείᾳ.
393 2360 447 2387 Καὶ
463 2360 544 2387 πάλιν
564 2359 609 2386 ἐπὶ
623 2359 677 2386 τῶν
692 2359 857 2386 ἀποστόλων·
871 2361 1004 2394 Προσευ-

168 2404 294 2439 ξάμενοι
317 2403 382 2439 γὰρ,
409 2403 493 2438 φησὶ,
514 2403 564 2430 καὶ
592 2403 822 2437 νηστεύσαντες-⁷
842 2403 1004 2437 παρέθεντο

168 2447 282 2481 αὐτοὺς
301 2447 342 2480 τῷ
360 2447 466 2481 Κιφίφ,
483 2448 526 2480 εἰς
539 2447 576 2474 ὃν
593 2447 855 2474 πεπιστεύκεισαν.
872 2447 925 2474 Καὶ
950 2448 1004 2474 πά-

169 2491 213 2518 λιν
225 2492 240 2518 ὁ
257 2491 428 2522 ’Δπόστολος-
443 2490 492 2525 Μὴ
511 2490 712 2524 ἀποστερεῖτε,
728 2491 821 2526 φησὶν,
837 2491 1004 2525 ἀλλήλους,

168 2536 196 2562 ει
210 2534 254 2569 μὴ
282 2536 317 2562 ὲν
334 2534 490 2569 προσευχῇ
514 2535 563 2560 καὶ
591 2535 726 2568 νηστείᾳ.
743 2532 820 2566 Εἶδες
841 2535 900 2567 πῶς
921 2535 1005 2562 δεῖται

169 2580 220 2614 τῆς
241 2578 365 2604 ἐντεῦθεν
381 2578 537 2613 συμμαχίας
558 2578 574 2613 ἡ
590 2578 716 2614 νηστεία;
735 2579 802 2605 Τότε
818 2579 872 2615 γὰρ
890 2579 1006 2614 μάλιστα

170 2623 219 2649 καὶ
242 2622 313 2657 μετά
333 2621 438 2658 νήψεως
455 2622 482 2648 αἱ
507 2623 657 2658 προσευχαὶ
681 2622 811 2657 γίνονται,
838 2624 1005 2659 κουφοτέρας

170 2667 220 2701 τῆς
238 2666 357 2697 διανοίας
371 2665 568 2701 τυγχανούσης,
584 2666 631 2692 καὶ
646 2666 734 2692 οὐδενὶ
749 2666 929 2702 βαρουμένης,
946 2667 1006 2694 οὐδὲ

172 2710 225 2736 ὑπὸ
239 2709 286 2736 τοῦ
301 2708 418 2744 πονηροῦ
433 2710 481 2744 τῆς
492 2710 597 2744 τρυφῆς
613 2709 722 2744 φορτίου
737 2709 912 2746 πιεζομένης.
924 2711 1006 2745 Μέγα

171 2753 226 2789 γάρ
242 2753 324 2780 ὅπλον
337 2754 354 2788 ἡ
374 2753 450 2788 εὐχὴ,
471 2752 575 2788 μεγάλη
597 2753 741 2787 ἀσφάλεια,
757 2753 843 2788 μέγας
859 2754 1006 2790 θησαυρὸς,

173 2798 262 2834 μέγας
279 2796 372 2833 λιμὴν,
384 2797 481 2824 ἄσυλον
495 2796 607 2832 χωρίον·
625 2797 704 2832 μόνον
718 2797 765 2825 ἐὰν
779 2798 910 2834 νήφοντες
927 2807 1007 2834 προσ-

203 2915 216 2929 ⁸
228 2914 341 2944 Qualuor
352 2919 410 2937 mss.
420 2914 446 2937 et
456 2912 520 2938 Bibl.
533 2912 569 2937 ἐπὶ
578 2912 715 2943 πρόσωπον.

729 124 762 151 ΙΝ
781 123 858 152 CAP.
875 119 910 149 XI
931 121 1054 149 GENES.
1074 121 1188 150 IIOMIL.
1208 122 1293 150 XXX.

1821 123 1874 150 280

1043 178 1126 214 ίωμεν
1139 179 1179 212 τῷ
1195 180 1328 216 Δεσπότῃ,
1343 179 1390 207 καὶ
1405 179 1574 215 πανταχόθεν
1592 178 1753 214 συνάγοντες
1769 179 1873 207 ἑαυτῶν

1041 223 1092 257 τὴν
1117 221 1245 255 διάνοιαν,
1261 223 1332 250 οὕτω
1351 224 1399 259 τὴν
1421 223 1551 259 πρόσοδον
1572 223 1722 258 ποιώμεθα,
1740 224 1873 259 μηδεμίαν

1043 267 1218 302 παρείσδυσιν
1236 267 1350 299 διδόντες
1370 267 1410 302 τῷ
1426 267 1515 303 ἐχθρῴ
1529 267 1579 302 τῆς
1595 268 1730 303 σωτηρίας
1743 268 1791 303 τῆς
1804 268 1873 302 ήμε-

1041 310 1133 346 τέρας.
1152 311 1260 346 Ἐπειδὴ
1278 311 1331 346 γὰρ
1353 308 1422 337 οἶδεν
1443 312 1484 337 ὅτι
1509 311 1580 338 κατά
1595 311 1639 338 τὸν
1661 311 1753 346 καιρὸν
1770 312 1873 338 ἐκεῖνον

1041 353 1178 389 δυνάμεθα
1195 353 1323 389 περὶτῶν
1341 354 1506 390 συνεχόντων
1521 355 1593 390 ἡμᾶς
1615 354 1806 390 διαλεχθέντες,
1829 355 1874 382 καὶ

1042 397 1076 424 τὰ
1101 398 1282 433 ἡμαρτημένα
1308 398 1546 434 ὲξαγορεύσαντες.
1562 399 1609 425 καὶ
1628 399 1662 424 τὰ
1680 398 1825 434 τραύματα
1837 397 1875 433 τῷ

1045 441 1128 478 ἰατρῷ
1143 441 1286 474 δείξαντες,
1303 442 1403 477 πολλῆς
1423 443 1560 477 ἐπιτυχεῖν
1576 442 1625 477 τῆς
1638 442 1796 477 θεραπείας,
1814 442 1874 468 τότε

1045 487 1162 521 μάλιστα
1177 486 1317 521 ἐφίσταται
1333 488 1380 514 καὶ
1396 487 1484 514 πάντα
1496 487 1567 513 ποιεῖ
1582 487 1628 513 καὶ
1642 486 1874 521 πραγματεύεται,

1044 530 1114 557 ὦστε
1128 530 1275 566 ἐκκροῦσαι
1296 532 1370 566 ἡμᾶς
1393 532 1440 558 καὶ
1459 532 1498 562 είς
1520 530 1809 566 ρᾳθυμίαννέμὸαλεῖν.
1831 530 1875 556 Διὸ

1043 575 1182 610 νήφωμεν,
1202 575 1364 611 παρακαλῶ,
1380 575 1427 602 καὶ
1448 575 1547 608 εἰδότες
1560 575 1641 602 αὑτοῦ
1658 575 1707 606 τὰς
1720 574 1876 606 ὲπιὸουλὰς,

1046 619 1163 653 μάλιστα
1177 619 1248 645 κατὰ
1262 619 1307 645 τὸν
1321 619 1414 656 καιρὸν
1433 621 1534 646 ἐκεῖνον
1554 619 1758 654 σπουδάζωμεν,
1778 618 1876 644 ὡσανεὶ

1046 662 1166 697 παρόντα
1184 662 1232 688 καὶ
1251 663 1304 698 πρὸ
1315 663 1369 689 τῶν
1380 663 1525 698 ὀφθαλμῶν
1539 663 1616 698 ἡμῶν
1628 662 1733 689 ἑστῶτα
1749 662 1876 698 δρῶντες,

1044 705 1131 738 οὕτως
1149 706 1229 733 αὐτὸν
1245 706 1446 742 διακρούεσθαι,
1472 707 1519 733 καὶ
1536 707 1625 733 πάντα
1640 707 1768 741 λογισμὸν
1784 707 1876 734 διατα-

1047 750 1178 786 ράττοντα
1192 751 1268 786 ἡμῶν
1280 751 1328 787 τὴν
1340 751 1457 778 διάνοιαν
1473 751 1650 782 ἀπωθεῖσθαι,
1663 751 1710 778 καὶ
1725 751 1801 783 ὅλους
1815 751 1870 778 έαυ

1044 795 1107 826 τοὺς
1122 795 1279 826 συντείνειν,
1299 796 1346 822 καὶ
1362 795 1464 831 ἀκριϐῆ
1479 795 1615 822 ποιεῖσθαι
1629 795 1677 831 τὴν
1691 794 1820 827 ἔντευξιν,
1834 796 1877 822 ἴνα

1047 838 1084 873 μὴ
1100 839 1180 873 μόνον
1195 839 1211 874 ἡ
1228 839 1335 872 γλῶττα
1350 839 1510 874 φθέγγηται,
1524 839 1592 866 ἀλλὰ
1605 839 1652 865 καὶ
1666 839 1795 875 ήδιάνοια
1810 847 1876 874 συμο

1045 882 1125 918 ὄαίνῃ
1141 883 1198 914 τοῖς
1209 883 1374 917 λεγομένοις.
1393 883 1456 909 Ἐὰν
1470 883 1524 919 γὰρ
1539 883 1555 918 ἡ
1570 882 1678 917 γλῶττα
1691 883 1740 918 μὲν
1754 883 1877 918 προτέρῃ

1045 926 1080 952 τὰ
1097 927 1216 962 ῥήματα,
1240 928 1256 962 ἡ
1277 927 1305 953 δὲ
1328 927 1430 954 διάνοια
1455 927 1508 958 ἕξω
1531 927 1676 962 ρέμόηται,
1692 927 1725 953 τὰ
1740 927 1811 954 κατὰ
1828 927 1878 962 τὴν

1046 970 1134 996 οίκίαν
1144 970 1359 1005 περισκοποῦσά,
1373 971 1405 997 τά
1419 971 1488 997 κατὰ
1503 970 1551 1006 τὴν
1562 970 1664 1006 ἀγορὰν
1677 971 1876 1006 φανταζομένη,

1046 1013 1121 1040 οὐδὲν
1132 1015 1197 1048 ἡμῖν
1212 1013 1305 1048 ὖψελος
1316 1013 1402 1047 ἔσται,
1417 1015 1487 1049 τάχα
1500 1014 1529 1040 δὲ
1545 1015 1591 1041 καὶ
1603 1014 1702 1041 πλείων
1716 1015 1732 1050 ή
1746 1015 1878 1050 κατάκρι-

1047 1066 1100 1089 σις.
1120 1058 1151 1084 El
1166 1057 1220 1092 γὰρ
1244 1057 1379 1092 ἀνθρώπῳ
1403 1058 1558 1092 προσιόντες
1579 1058 1713 1093 τοσαύτην
1729 1057 1879 1084 έτιιδιεικνύ⁸

1048 1101 1118 1138 μεθα
1143 1101 1190 1137 τὴν
1205 1102 1330 1137 σπουδὴν,
1350 1102 1388 1134 ὡς
1412 1102 1478 1137 μηδὲ
1493 1103 1555 1134 τοὺς
1574 1102 1687 1138 πλησίον
1701 1102 1879 1138 παρεστῶτας

1047 1146 1176 1177 πολλάκις
1199 1146 1276 1181 ὸρᾷν,
1302 1146 1369 1172 ἀλλὰ
1386 1146 1530 1172 συντείνειν
1552 1146 1655 1173 ἑαυτῶν
1678 1146 1728 1182 τὴν
1749 1147 1877 1180 διάνοιαν,

1047 1189 1171 1217 κάκεῖνον
1206 1190 1286 1224 μόνον
1319 1189 1517 1224 φαντάζεσθαι,
1545 1187 1567 1223 ᾧ
1592 1190 1766 1226 προσίωμενσ
1790 1190 1880 1225 πολλῷ

1049 1233 1150 1269 μᾶλλον
1168 1233 1214 1260 ἐπὶ
1228 1233 1274 1260 τοῦ
1289 1233 1356 1259 Θεοῦ
1370 1233 1449 1260 τοῦτο
1464 1235 1549 1260 ποιεῖν
1563 1235 1637 1269 ἡμᾶς
1651 1234 1715 1269 χρὴ,
1735 1234 1782 1260 καὶ
1802 1242 1879 1260 συνε-

1048 1277 1104 1312 χῶς
1120 1277 1167 1304 καὶ
1192 1277 1371 1308 ἀδιαλείπτως
1393 1278 1451 1309 ταῖς
1469 1279 1630 1313 προσευχαῖς
1654 1278 1878 1313 προσκαρτερεῖν.

1048 1321 1098 1348 Διά
1111 1321 1166 1356 γὰρ
1180 1320 1258 1347 τοῦτο
1274 1321 1320 1347 καὶ
1343 1320 1449 1353 Παῦλος
1468 1321 1582 1357 γράφων
1603 1321 1691 1355 ἔλεγε,
1709 1321 1881 1355 Προσευχό-

1046 1373 1132 1401 μενοι
1155 1365 1191 1391 ἐν
1205 1364 1293 1391 παντὶ
1314 1364 1414 1398 καιρῷ,
1436 1366 1641 1400 προσεύχεσθε
1664 1365 1713 1392 καὶ
1737 1365 1773 1391 ἐν
1789 1365 1880 1391 πνεύ-

1046 1417 1131 1444 ματι·
1156 1409 1193 1445 μὴ
1219 1408 1329 1445 γλώσσῃ
1347 1409 1436 1444 μόνον,
1452 1410 1499 1436 καὶ
1524 1410 1592 1444 μετὰ
1617 1410 1769 1445 ἀγρυπνίας
1791 1409 1881 1444 διηνε-

1049 1452 1124 1485 κοῦς,
1140 1453 1232 1487 φησὶν,
1248 1452 1316 1479 ἀλλὰ
1332 1453 1376 1479 καὶ
1389 1453 1417 1479 ἐν
1431 1453 1499 1489 αὑτῇ
1514 1455 1546 1489 τῇ
1557 1453 1641 1489 ψυχῇ,
1655 1455 1705 1480 Ἐν
1725 1454 1880 1488 πνεύματι.

1050 1497 1224 1533 Πνευματικά
1241 1497 1306 1532 γὰρ,
1325 1497 1417 1532 φησὶν,
1432 1496 1502 1524 ἔστω
1521 1497 1597 1532 ὑμῶν
1615 1497 1650 1524 τὰ
1669 1498 1816 1532 αἰτήματα,
1834 1506 1882 1532 νη-

1049 1541 1123 1576 φέτω
1138 1542 1152 1568 6
1173 1541 1312 1576 λογισμὸς,
1331 1540 1540 1577 συντεινέσθωή
1563 1541 1666 1568 διάνοια
1687 1542 1742 1573 τοῖς
1767 1541 1882 1576 λεγομέ-

1049 1593 1114 1616 νοις.
1134 1584 1253 1611 Τοιαῦτα
1267 1583 1395 1615 αίτεϊσθε,
1410 1581 1454 1610 οἷα
1468 1584 1540 1616 εἰκὸς
1555 1584 1630 1619 παρά
1643 1584 1690 1610 τοῦ
1703 1584 1770 1611 Θεοῦ
1785 1585 1880 1616 αἰτεῖν,

1051 1628 1094 1655 [va
1109 1628 1155 1655 καὶ
1167 1627 1222 1654 τῶν
1236 1627 1403 1662 αἰτουμένων
1417 1627 1563 1663 ὲπιτύχητε
1573 1636 1580 1643 ’
1601 1628 1648 1655 καὶ
1665 1630 1704 1659 εἰς
1721 1628 1785 1655 αὐτὸ
1798 1629 1884 1663 άγρυ-

1051 1670 1135 1705 πνῆτε
1158 1670 1374 1706 διεγηγερμένοι,
1392 1671 1531 1706 νήφοντες,
1553 1671 1734 1706 ἐγρηγορότες
1752 1671 1801 1706 τὴν
1823 1671 1882 1697 διά-

1050 1723 1133 1745 νοιαν,
1150 1715 1187 1749 μὴ
1204 1714 1391 1750 χασμώμενοι,
1416 1714 1464 1740 καὶ
1483 1713 1627 1749 κνώμενοι,
1644 1715 1690 1741 καὶ
1705 1712 1753 1741 ὧδε
1772 1715 1883 1742 κάκεῖσε

1051 1758 1096 1784 τὸν
1116 1758 1244 1792 λογισμὸν
1261 1758 1464 1794 περιαγόμενοι,
1482 1758 1549 1784 ἀλλὰ
1568 1758 1636 1793 μετὰ
1651 1757 1734 1792 φόϐου
1755 1758 1801 1785 καὶ
1820 1758 1883 1794 τρό-

1054 1810 1104 1836 μου
1113 1801 1162 1836 τὴν
1172 1801 1275 1828 ἑαυτῶν
1286 1801 1420 1837 σωτηρίαν
1434 1801 1645 1837 κατεργάζεσθε.
1657 1801 1805 1836 Μακάριος
1817 1801 1851 1835 γὸ
1857 1810 1881 1836 ρ,

1053 1846 1144 1881 φησὶν,
1162 1845 1193 1878 ὃς
1209 1845 1415 1879 καταπτήσσει
1443 1847 1541 1873 πάντα
1558 1847 1594 1872 δι’
1617 1847 1783 1873 εὐλάϐειαν.
1804 1846 1883 1880 Μέγα

1051 1889 1154 1923 ἀγαθὸν
1170 1890 1185 1924 ἡ
1203 1890 1278 1924 εὐχή.
1294 1890 1324 1916 Εἰ
1339 1889 1394 1925 γὰρ
1411 1889 1547 1925 ἀνθρώπῳ
1564 1899 1606 1921 τις
1620 1889 1808 1925 διαλεγόμενος
1823 1891 1884 1916 ένα-

1054 1933 1134 1968 ρέτῳ,
1150 1933 1180 1960 οὺ
1207 1933 1308 1968 μικρὰν
1323 1933 1352 1966 ἐξ
1376 1933 1459 1960 αὑτοῦ
1477 1933 1628 1968 καρποῦται
1642 1933 1690 1968 τὴν
1708 1933 1852 1968 ὠφέλειαν,
1868 1934 1883 1960 6

1052 1976 1114 2011 Θεῷ
1128 1976 1299 2010 διαλέγεσθαι
1324 1977 1501 2009 καταξιωθεὶς
1528 1977 1618 2003 πόσων
1637 1977 1687 2004 οὐκ
1700 1977 1883 2004 ἀπολαύσεται

1052 2020 1107 2047 τῶν
1118 2020 1245 2055 ἀγαθῶνς
1263 2021 1296 2047 Ἢ
1314 2021 1367 2056 γὰρ
1379 2020 1444 2056 εὐχὴ
1464 2020 1578 2052 διάλεξίς
1594 2022 1651 2047 ἐστι
1664 2021 1732 2055 πρὸς
1747 2021 1792 2047 τὸν
1805 2021 1882 2048 Θεόν.

1053 2065 1108 2092 Kal
1121 2065 1164 2092 ἵνα
1185 2065 1283 2101 μάθῃς,
1303 2065 1384 2092 ἄκουε
1401 2064 1447 2092 τοῦ
1472 2066 1611 2100 προφήτου
1631 2064 1764 2098 λέγοντος,
1780 2065 1877 2092 Ἠδυνι

1053 2109 1116 2142 θείη
1125 2108 1165 2141 τῷ
1174 2108 1234 2141 Θεῷ
1246 2110 1264 2142 ὴ
1271 2108 1395 2142 διαλοτή
1404 2117 1464 2143 μου
1472 2108 1548 2144 1502]
1570 2108 1642 2135 τοῦτ’
1650 2108 1732 2138 ἔστιν,
1742 2109 1759 2143 ἡ
1769 2109 1884 2142 ad).ng

1055 2161 1105 2188 μου
1120 2153 1198 2187 ἡδεῖα
1217 2152 1312 2188 φανείη
1327 2152 1366 2188 τῷ
1382 2151 1451 2186 θεῷ.
1473 2153 1519 2188 Μὴ
1533 2153 1587 2188 γὰρ
1602 2153 1648 2179 καὶ
1661 2153 1725 2188 πρὶν
1738 2152 1754 2187 ἢ
1767 2153 1883 2188 αἰτήσω

1055 2203 1114 2230 μεν,
1132 2195 1181 2222 οὐκ
1194 2195 1308 2229 ἠδύνατο
1318 2196 1468 2230 παρασχεῖν
1479 2203 1487 2227 ;
1506 2194 1584 2221 Ἀλλὰ
1597 2195 1641 2222 διὰ
1655 2195 1734 2221 τοῦτο
1744 2195 1884 2230 ἀναμένει,

1054 2238 1097 2264 ἵνα
1116 2239 1243 2273 ἀφορμὴν
1258 2238 1326 2273 λάϐῃ
1342 2239 1406 2273 παρ’
1423 2238 1499 2273 ἡμῶν
1514 2237 1560 2264 τοῦ
1581 2238 1691 2269 δικαίως
1705 2239 1778 2273 ἡμᾶς
1793 2237 1884 2270 ἀξιοῦν

1053 2281 1102 2316 τῆς
1114 2282 1179 2316 παρ’
1203 2281 1285 2308 αὑτοῦ
1303 2281 1439 2316 προνοίας.
1465 2281 1523 2308 Κάν
1536 2281 1708 2317 ὲπιτύχωμεν
1729 2282 1817 2309 τοίνυν
1831 2282 1884 2309 τῶν

1053 2324 1232 2359 αἰτηθέντων,
1252 2323 1303 2351 κᾶν
1317 2324 1354 2359 μὴ
1373 2324 1556 2360 ἐπιτύχωμεν,
1574 2325 1776 2360 παραμένωμεν
1792 2327 1825 2360 τῇ
1843 2327 1878 2352 al-

1054 2369 1142 2403 τήσει,
1167 2368 1214 2394 καὶ
1240 2368 1277 2403 μὴ
1311 2368 1389 2403 μόνον
1412 2368 1636 2403 ἐπιτυγχάνοντες
1669 2369 1884 2403 εὐχαριστῶμεν,

1054 2411 1122 2438 ἀλλὰ
1147 2412 1193 2438 καὶ
1212 2411 1455 2446 ἀποτυγχάνοντες.
1481 2411 1517 2437 T6
1540 2411 1595 2447 γὰρ
1617 2413 1771 2446 ἀποτυχεῖν,
1787 2412 1851 2438 ὅταν
1871 2413 1884 2439 έ

1054 2455 1121 2486 Θεὸς
1139 2454 1276 2490 βούληται,
1297 2455 1346 2481 οὐκ
1366 2454 1478 2481 ἔλασσόν
1499 2455 1557 2481 ἐστι
1579 2454 1625 2481 τοῦ
1647 2456 1793 2490 ἐπιτυχεῖν.
1817 2454 1888 2482 Οὐδὲ

1054 2499 1108 2535 γὰρ
1122 2500 1202 2534 ἴσμεν
1220 2497 1255 2525 τὰ
1269 2499 1349 2534 ἡμεῖς
1365 2499 1537 2533 συμφέροντα
1559 2499 1624 2534 ἡμῖν
1642 2498 1737 2531 οὕτως,
1753 2499 1791 2530 ὡς
1805 2499 1883 2530 αὐτὸς

1059 2543 1212 2569 ἐπίσταται.
1227 2542 1308 2568 ’Ὥστε
1321 2540 1379 2574 οὖν,
1404 2541 1454 2568 κᾶν
1467 2541 1648 2577 ὲπιτύχωμεν,
1666 2542 1717 2568 κᾶν
1742 2542 1883 2577 ἀποτύχοι-

1057 2595 1116 2622 μεν,
1132 2586 1300 2621 εὐχαριστεῖν
1313 2585 1465 2620 ὀφείλομεν.
1489 2586 1543 2612 Kal
1555 2586 1581 2612 τί
1595 2585 1743 2620 θαυμάζεις
1761 2586 1786 2612 εί
1805 2586 1884 2622 ἡμεῖς

1054 2634 1105 2661 οὐκ
1119 2633 1198 2668 ἴσμεν
1210 2633 1245 2660 τά
1258 2632 1447 2668 συμφέροντας
1465 2631 1570 2664 Παῦλος
1585 2632 1598 2657 6
1610 2631 1735 2663 τοσοῦτος
1753 2631 1799 2658 καὶ
1809 2631 1883 2667 τηλιο

1055 2680 1161 2712 κοῦ-τος,
1176 2681 1190 2706 6
1203 2680 1258 2706 τῶν
1270 2679 1432 2714 ἀπορρήτων
1455 2678 1566 2705 ἐκείνων
1585 2678 1720 2711 ἀξιωθεὶς,
1745 2679 1836 2714 ἠγνόει
1852 2679 1884 2706 τὸ

1057 2725 1095 2761 μὴ
1114 2724 1287 2760 συμφέροντα
1307 2724 1401 2752 αίτῶν.
1419 2724 1528 2760 Ἐπειδὴ
1552 2725 1606 2760 γάρ
1623 2725 1696 2760 ἑώρα
1721 2726 1816 2753 ἑαυτὸν
1839 2734 1881 2753 πυ·

1056 2771 1202 2807 κλούμενον
1219 2771 1270 2797 ὑπὸ
1293 2771 1347 2798 τῶν
1361 2771 1456 2798 δεινῶν
1479 2772 1526 2799 καὶ
1547 2772 1601 2799 τῶν
1614 2772 1771 2808 ἐπαλλήλων
1789 2781 1884 2809 πειρα-

1057 2818 1143 2855 σμῶν,
1162 2817 1263 2852 ηὔξατο
1276 2817 1378 2844 τούτων
1394 2818 1592 2854 ἀπαλλαγῆναι,
1618 2819 1665 2846 καὶ
1681 2819 1729 2854 οὐχ
1742 2819 1815 2852 ἅπαξ
1827 2820 1883 2847 οὐδὲ

1057 2865 1191 2900 δεύτερον,
1206 2863 1273 2890 ἀλλὰ
1295 2864 1342 2890 καὶ
1365 2864 1503 2897 πολλάκις.
1521 2866 1623 2899 Τρίτον
1648 2866 1712 2900 γὰρ,
1734 2867 1811 2901 φησὶ,
1835 2867 1885 2892 τὸν

1059 2909 1380 2950 Κύριον-παρεκάλεσα.
1393 2911 1429 2938 T6
1444 2911 1471 2938 δὲ
1487 2910 1601 2945 Τρίτον,
1618 2911 1745 2944 πολλάκις
1767 2911 1889 2946 παρεκά-
