2058 3123
168 135 217 164 281

169 191 258 226 rogavi
273 191 311 226 (9.
326 191 384 220 Cor.
402 192 445 220 η.
458 193 495 228 8).
510 193 573 226 Ter,
588 193 616 221 id
628 200 682 226 est,
709 195 810 222 vocavit
835 203 906 231 saepe
928 201 956 223 et

168 246 222 266 non
239 239 399 273 impetravit.
414 239 556 267 Videamus
567 248 630 276 ergo
641 242 776 276 quomodo
785 241 894 269 allectus
903 242 959 269 fue-

168 283 214 310 rit.
229 283 296 312 Num
311 284 439 318 gravatim
455 285 528 312 tulit?
546 294 607 313 num
621 287 726 322 segnior
740 286 808 314 fuit?
822 296 885 314 num
908 288 959 314 ob-

169 329 287 363 torpuit?
307 329 424 357 Minime.
440 330 492 358 Sed
506 331 568 365 quid
580 331 685 366 inquit?
703 332 770 359 Dixit
786 341 793 359 :
810 332 906 367 Sufﬁcit
917 332 960 359 tibi

169 374 254 408 gratia
269 383 334 402 mea.
361 374 449 402 Virtus
472 376 537 403 enim
553 385 608 403 mea
623 377 649 404 in
663 377 808 411 inﬁrmitate
832 378 961 412 perﬁcitur

170 419 252 454 (Ibid.
269 428 295 447 ν.
308 421 347 456 9).
362 421 418 448 Non
430 422 516 449 solum
532 430 583 450 nou
597 423 718 451 liberavit
738 424 810 451 illum
821 425 961 458 prtescnti-

171 466 220 492 bus
234 467 321 498 malis,
347 467 395 494 sed
410 467 436 494 in
462 468 527 502 ipsis
542 476 712 503 perseverare
730 470 859 504 perntisit.
878 471 960 497 Esto:

169 511 219 540 sed
246 512 315 540 unde
327 512 454 540 discimus
466 521 527 540 cum
550 522 602 541 non
627 515 742 549 graviter
763 515 874 542 tulisse?
893 515 961 542 Audi

171 557 283 585 Paulum
294 558 437 592 dicentem,
463 563 603 594 postquam
618 560 709 587 didicit
722 568 754 587 ea
767 568 826 595 qua:
849 561 961 588 Dontiuo

171 602 267 636 placita
287 607 364 630 erant
379 612 386 630 :
399 603 518 630 Libenter
530 605 607 639 igitur
619 605 749 640 gloriabor
763 607 789 633 in
805 606 960 641 inﬁrmitati-

171 648 216 675 bus
228 649 300 675 meis.
315 648 373 675 Nott
395 649 491 680 solum,
511 649 605 684 inquit,
630 650 756 686 deinceps
776 651 881 678 liberari
908 659 960 680 non

172 694 289 728 requiro,
302 695 348 722 sed
363 699 388 722 et
399 695 492 729 majori
505 696 639 731 voluptate
652 697 785 731 gloriabor
796 698 821 724 itt
834 697 897 724 illis.
917 697 962 724 Vi-

171 737 234 766 disti
247 743 348 772 gratam
361 740 496 766 animam?
519 741 606 767 vidisti
618 741 676 775 ejus
689 742 714 768 itt
732 742 812 769 Deum
828 743 962 770 amorem?

171 783 241 811 Audi
251 783 473 813 etiatttdicetttetn
488 794 494 812 :
514 785 582 817 Quid
597 787 662 812 enim
676 795 807 821 precemur
817 792 843 814 ut
855 792 960 822 oportet,

171 829 295 857 nescimus
310 829 398 865 (Rom.
411 831 438 858 8.
449 831 505 866 '26).
521 832 697 866 lmpossibile,
721 833 817 868 inquit,
831 839 881 866 est,
901 841 961 861 eum

172 881 223 902 nos
237 876 358 903 homines
386 876 478 909 simus,
502 877 590 904 omnia
605 881 679 904 etrto
701 878 780 905 seire.
802 878 963 913 Relinquen-

171 920 235 949 dum
251 928 316 956 ει·εο
335 922 386 949 hoe
398 927 438 949 est
456 923 575 949 omnium
599 923 757 956 Conditori;
780 924 962 958 sumcndaquc

171 971 235 994 sunt
251 975 312 994 eum
324 967 420 1002 gaudio
431 973 458 995 et
478 969 611 1003 voluptate
621 975 795 1003 qua-cumque
807 969 863 1003 ipse
876 969 964 996 volnt-—

172 1012 207 1039 rit
223 1020 230 1044 ;
248 1020 297 1040 nec
321 1013 493 1047 spectandum
508 1014 541 1041 ad
569 1014 685 1048 speciem
707 1021 800 1041 eorum
825 1022 885 1049 qua:
900 1023 962 1041 cvr-

172 1058 260 1089 ttiuttt,
271 1057 318 1085 sed
333 1058 396 1092 quid
410 1064 546 1093 acceptum
559 1059 592 1086 sit
607 1059 727 1085 ilontino.
738 1059 787 1092 Qui
798 1060 869 1086 enim
881 1060 963 1094 magis

171 1103 222 1131 scit
241 1103 303 1137 quid
317 1103 391 1131 nobi;
405 1105 497 1138 prosit,
511 1112 588 1138 qttattt
604 1103 652 1138 ipsi
667 1111 725 1137 nos,
737 1104 794 1139 ipse
807 1105 881 1132 novit
895 1113 962 1138 quo-

172 1148 254 1176 ntodo
267 1149 337 1177 salus
349 1157 365 1177 n
377 1155 438 1177 isil‘a
451 1149 577 1183 paranda.

208 1192 235 1219 6.
256 1193 379 1220 Nostrum
395 1201 459 1228 ergo
482 1202 562 1220 unum
586 1194 619 1220 sit
642 1201 717 1229 optts,
733 1194 867 1220 continuis
898 1194 963 1221 iusi-

171 1243 245 1266 stere
260 1239 391 1273 precibus,
407 1244 434 1267 et
449 1247 501 1266 tton
520 1247 590 1274 :rgre
611 1240 680 1268 ferre
699 1240 721 1267 si
737 1240 872 1268 dilieratur
894 1240 963 1274 quod

173 1283 301 1316 petimus,
326 1284 372 1313 sed
398 1284 507 1312 multant
529 1279 681 1319 patientiam
707 1285 843 1312 exhibere.
870 1285 961 1319 Neque

173 1327 246 1356 coint
270 1329 388 1356 abnuens
402 1337 494 1363 preces
517 1334 620 1357 ttostras
634 1329 722 1358 dilicrt
745 1338 751 1357 :
772 1330 818 1358 sed
842 1330 891 1358 hac
908 1335 965 1358 arte

171 1373 282 1400 sedu'os
294 1381 342 1401 nos
356 1374 486 1408 efﬁciens,
509 1374 541 1403 ad
556 1375 727 1409 semetipsum
743 1380 868 1410 perpetuo
881 1379 965 1403 attra-

173 1419 238 1447 ltrre
255 1421 319 1446 vult.
341 1420 405 1447 Nam
426 1425 451 1449 et
468 1425 541 1455 pater
555 1421 637 1454 prolis
658 1428 751 1448 amans
766 1429 826 1448 cum
849 1429 864 1448 ιι
883 1428 966 1456 puero

172 1469 292 1501 rogatur,
306 1465 408 1499 abnuit,
420 1474 472 1493 non
493 1466 563 1500 quod
579 1466 643 1495 dare
663 1467 739 1498 nolit,
761 1467 808 1494 sed
823 1472 850 1495 ιιι
863 1467 895 1494 ad
909 1466 965 1495 diu-

172 1510 226 1537 tius
237 1509 395 1538 adstaudutn
409 1512 553 1546 pertraltat.
568 1511 630 1540 Ihrc
644 1513 732 1546 itaque
749 1512 862 1539 scientes
872 1519 906 1540 ne
916 1512 965 1539 de-

173 1564 325 1591 speremus,
335 1565 368 1584 nc
379 1565 514 1585 cessemus
522 1565 582 1585 eum
594 1557 681 1590 adire,
698 1564 725 1586 et
738 1566 831 1593 preces
846 1558 965 1586 fundere.

172 1604 278 1632 Etenim
292 1604 314 1630 si
325 1605 459 1632 crudelem
471 1610 496 1632 et
510 1604 682 1632 inhumanum
695 1605 768 1633 illum
782 1605 910 1640 judiecm,
920 1605 965 1639 qui

171 1662 260 1690 neque
271 1655 353 1683 Deum
363 1655 482 1688 timebat,
494 1655 611 1683 mulieris
619 1653 746 1681 sedulitas
756 1652 852 1687 coegit,
865 1657 890 1679 et
904 1659 966 1686 pro-

172 1701 277 1727 vocavit
287 1705 314 1729 ut
327 1700 377 1728 sibi
391 1705 556 1728 succurreret
570 1700 646 1735 (Luc.
659 1699 702 1727 18.
711 1698 739 1726 Ξ.
753 1707 805 1733 sqq.
819 1699 828 1733 )
845 1707 851 1724 :
868 1702 966 1732 quanto

173 1747 258 1782 magis
279 1753 346 1779 nos,
369 1747 391 1773 si
412 1747 574 1774 voluerimus
598 1747 669 1774 illant
692 1745 788 1774 imitari
815 1743 964 1775 mulierem,

173 1791 207 1819 ad
232 1792 416 1826 opitulandum
439 1792 515 1820 nobis
529 1792 734 1826 provocabitnus
748 1794 915 1819 mansuetum
938 1792 966 1815 et

172 1838 374 1866 tttisericordcut
391 1844 510 1867 nostrum
533 1838 684 1870 Dominum,
701 1836 917 1871 eompatientem,
940 1838 967 1862 et.

172 1883 206 1912 ad
219 1883 334 1911 salutent
351 1889 467 1912 nostram
480 1883 682 1911 occurrentem?
695 1882 749 1911 Nos
764 1889 828 1916 ergo
841 1881 964 1909 ittslituav

172 1936 243 1961 uttts,
270 1934 299 1956 ttt
316 1929 423 1957 diilieile
447 1929 608 1963 avollatnur,
637 1933 663 1956 et
687 1933 815 1965 perpetuo
842 1927 966 1962 precibus

174 1975 370 2006 incumbamus,
386 1980 437 2002 tant
451 1975 503 2007 die,
516 1983 594 2009 quant
608 1978 702 2006 noctu;
715 1974 768 2001 into
779 1973 862 2007 magis
876 1977 967 2005 noctu,

171 2021 282 2055 quando
293 2021 382 2050 nullus
396 2021 563 2053 interturbat,
579 2020 685 2055 quando
707 2027 802 2054 magna
827 2019 966 2053 cogitatio-

174 2075 238 2094 num
263 2067 456 2101 tranquillitas,
483 2067 589 2101 quando
613 2066 700 2094 nullus
727 2065 799 2093 domi
824 2064 963 2096 tumultus,

173 2113 282 2147 quando
309 2114 395 2141 nullus
415 2117 457 2141 est
470 2114 512 2148 qui
528 2113 561 2140 ab
575 2120 683 2141 accessu
695 2112 831 2147 prohibeat
844 2116 870 2138 et
882 2110 965 2139 abdu-

174 2165 226 2192 cat,
242 2159 349 2194 quando
360 2164 450 2187 erecta
461 2167 537 2187 meus
547 2159 635 2186 omnia
652 2159 793 2193 diligenter
808 2157 908 2185 referre
920 2164 967 2190 po-

176 2210 229 2232 test
241 2205 391 2233 animarum
406 2205 520 2233 medico.
535 2205 564 2232 Si
588 2205 658 2232 enim
685 2205 777 2232 beatus
802 2203 895 2234 David,
921 2210 968 2229 rex

174 2252 294 2279 simulae
307 2251 445 2286 propheta,
455 2252 534 2279 tatttis
550 2251 691 2286 implicitus
709 2250 832 2285 negotiis,
850 2257 966 2284 purpura

174 2302 202 2324 et
215 2297 368 2324 diademate
381 2298 493 2324 atttirtus
505 2317 512 2330 ,
529 2297 598 2324 dicat
613 2306 620 2324 :
635 2296 721 2324 Media
743 2300 814 2322 nocte
836 2294 967 2329 surgebant

174 2344 209 2370 tul
218 2343 389 2380 conﬁtendum
401 2342 444 2370 tibi
454 2351 528 2378 super
531 2342 631 2377 judicia
639 2342 746 2377 justitite
753 2346 802 2367 tum
817 2339 916 2376 (Pan/.1
925 2339 966 2366 18.

174 2388 221 2422 6‘2)
240 2397 246 2415 :
261 2387 326 2423 quid
341 2396 390 2415 nos
403 2388 522 2416 dicemus
534 2389 579 2422 qui
594 2388 721 2422 privatam
743 2391 770 2414 et
794 2386 905 2413 otiosam
928 2387 967 2411 vi-

176 2438 231 2461 tam
244 2433 357 2467 agimus,
387 2440 472 2467 neque
498 2432 590 2460 eadem
606 2440 665 2467 qua:
690 2432 734 2459 ile
752 2429 883 2459 iacimus?
902 2429 967 2456 N..ttt

181 2485 243 2505 cum
254 2478 280 2504 itt
294 2477 338 2506 die
352 2477 442 2506 multis
454 2478 664 2505 circumdaretttr
685 2477 767 2508 curis,
791 2476 902 2510 negotiis
912 2496 919 2507 ,
943 2480 970 2502 et

177 2525 346 2557 tumultibus,
359 2532 407 2552 nee
419 2529 523 2559 tempus
535 2525 666 2552 inveniret
680 2529 768 2558 aptum
779 2531 828 2552 suo
839 2524 871 2552 ad
886 2524 968 2551 Deum

175 2570 307 2602 accessui,
326 2570 521 2605 tranquillitatis
537 2576 650 2606 tempus,
669 2570 739 2605 quod
752 2570 796 2597 alii
809 2577 903 2598 somno
918 2570 968 2596 im-

178 2616 298 2649 pendunt
310 2617 337 2643 itt
360 2617 483 2645 mollibus
502 2618 592 2645 stratis
605 2617 801 2650 recumbentes,
817 2621 843 2643 et
858 2616 919 2643 hinc
943 2621 969 2643 et

178 2662 240 2690 inde
259 2670 289 2690 se
302 2669 450 2696 versantes,
471 2671 518 2691 rex
541 2664 620 2691 tantis
640 2664 776 2691 districtus
790 2663 872 2692 curis.
890 2670 968 2689 acce-

177 2707 258 2735 dendi
271 2707 304 2734 ad
317 2708 401 2735 Deum
412 2713 515 2742 tempus
527 2708 649 2741 iaciebat,
662 2708 772 2735 seorsim
785 2707 966 2741 Deoloquens.

178 2757 206 2779 et
226 2753 340 2781 sincera:
363 2753 523 2788 intentatque
538 2754 683 2788 precationi
703 2753 819 2784 deditus.
846 2753 967 2787 perlicit--

179 2798 413 2833 hatqumcumque
436 2798 559 2832 totebat;
578 2803 606 2827 et
630 2799 794 2827 orationibus
820 2798 874 2825 suis
899 2798 967 2825 bella

179 2845 350 2880 conﬁciebat,
376 2850 526 2881 "opacaque
538 2849 670 2880 statuens,
698 2845 834 2875 victoriam
852 2844 968 2874 victoria:

680 140 714 169 IN
733 140 810 168 CAP.
830 140 877 168 XI.
898 140 1018 170 GENES.
1039 140 1154 170 HOMIL.
1174 140 1271 169 XXXI.

1747 136 1801 164 28‘!

1013 197 1162 232 copulabat.
1187 196 1365 224 Iiabuitenim
1379 196 1475 223 invicta
1486 202 1570 229 arma,
1594 201 1708 230 superna
1726 194 1802 228 scili-

1011 247 1055 270 cet
1067 241 1200 276 praesidia,
1217 249 1276 276 qua:
1299 249 1352 268 nott
1365 242 1450 269 solum
1463 241 1494 268 ad
1508 241 1621 268 humatta
1635 241 1702 268 bella
1718 240 1800 266 couti-

1012 287 1104 315 eienda
1119 287 1264 320 sufﬁciunt,
1275 287 1323 315 sed
1331 288 1411 315 etiam
1419 287 1452 314 ad
1461 287 1612 314 dtemonum
1625 287 1747 313 cohortes
1759 286 1802 311 i‘tt—

1013 333 1124 368 gandas.
1140 333 1221 367 Igitur
1234 337 1261 359 et
1273 339 1322 360 nos
1336 332 1407 360 ltutte
1418 332 1556 360 imitemur
1563 332 1659 367 privati
1671 336 1695 359 et
1712 331 1799 357 itliutm

1012 386 1113 414 regem,
1132 379 1176 413 qui
1189 378 1301 405 otiosam
1318 382 1346 405 et
1366 378 1482 413 quietam
1506 379 1586 403 vitam
1613 377 1799 410 agituus,eum

1011 425 1058 460 qui
1086 424 1112 451 in
1136 431 1252 459 purpura
1277 428 1304 450 ct
1325 423 1475 451 diademate
1502 421 1693 449 monachorum
1720 423 1800 447 vitam

1012 470 1226 499 transcendebat.
1238 469 1307 497 Audi
1320 470 1391 497 enim
1401 476 1461 496 eum
1473 468 1567 496 iterum
1581 466 1643 494 alibi
1658 465 1800 492 dicentem:

1012 515 1102 543 Facta
1125 521 1184 543 sunt
1207 516 1269 543 mihi
1289 516 1407 551 lacrth
1427 522 1489 541 mea
1515 522 1592 549 partes
1615 513 1656 540 die
1677 520 1707 538 ac
1732 517 1803 538 nocte

1012 561 1099 596 (Paul.
1113 562 1158 589 4i.
1174 562 1213 598 Δ).
1239 561 1331 589 Vidisti
1349 561 1465 588 attitttattt
1481 560 1506 587 itt
1520 560 1645 587 continua
1671 565 1801 593 compun-

1012 608 1119 636 etione?
1133 608 1263 635 Alimouia
1277 615 1345 641 mea,
1359 607 1452 642 inquit,
1466 606 1540 641 panis
1553 612 1638 637 meus,
1651 604 1801 631 convivium

1013 661 1102 682 meum
1121 654 1186 681 nihil
1200 653 1271 680 aliud
1282 658 1358 680 erant
1369 660 1448 688 quam
1464 652 1587 687 lacrymtn
1601 656 1652 677 tant
1668 650 1711 677 die
1722 657 1800 684 quattt

1013 704 1101 726 nocte.
1116 699 1150 726 Et
1161 700 1256 726 iterum
1274 698 1416 725 :Labortm'
1431 698 1457 724 in
1467 697 1560 733 gemitu
1573 704 1636 728 meo,
1653 695 1741 722 iuvabo
1758 702 1802 728 per

1013 744 1126 780 singular
1149 750 1232 772 noctes
1247 745 1335 772 lectum
1355 752 1438 770 meum
1452 742 1538 779 (Paul.
1554 743 1580 769 6.
1595 742 1632 777 τ).
1642 741 1709 774 Quid
1730 741 1802 767 dice-

1013 796 1083 822 mus,
1100 790 1139 816 vel
1155 789 1217 824 qttid
1232 789 1462 824 respondebimus,
1478 788 1521 823 qui
1538 795 1623 822 neque
1649 794 1708 814 eant
1729 793 1802 812 eont-

1014 835 1183 870 punctionem
1197 835 1324 863 exhibere
1333 835 1465 866 volumus,
1477 841 1556 868 quattt
1569 840 1615 860 rex
1629 836 1667 858 tot
1677 832 1803 865 ohseptus

1014 880 1127 915 negotiis
1140 880 1279 908 exhibuit?
1293 880 1435 913 Quidnam,
1448 879 1500 912 die,
1516 887 1573 910 oro,
1586 879 1668 905 oculis
1685 878 1736 904 illis
1748 876 1802 903 for-

1014 927 1114 953 mosius
1129 930 1258 960 perpctuo
1270 926 1446 962 lacrymarum
1461 925 1556 956 imbro.
1570 929 1597 954 et
1610 924 1685 959 quasi
1700 930 1804 957 marga-

1014 973 1124 1000 ritaruttt
1135 974 1233 1000 decore
1245 973 1362 1001 ornatis?
1378 972 1471 999 Vidisti
1487 979 1577 1007 regem
1589 991 1597 1003 ,
1612 971 1656 1005 qui
1682 969 1803 996 noctibus

1013 1023 1094 1054 atque
1106 1019 1199 1046 diebus
1210 1019 1335 1054 lucrymis
1351 1018 1525 1053 precibusque
1541 1017 1647 1044 deditus
1660 1016 1707 1042 fuit
1722 1024 1728 1041 :
1743 1022 1804 1049 spe-

1014 1068 1056 1091 cta
1070 1069 1097 1092 et
1120 1064 1257 1092 doctorem
1279 1065 1352 1092 orbis
1376 1064 1402 1091 itt
1424 1071 1532 1091 carcere
1553 1061 1731 1096 compeditum
1751 1068 1802 1088 uua

1014 1117 1074 1137 cutn
1087 1110 1152 1143 Sila,
1166 1114 1192 1137 et
1206 1115 1326 1137 orantem
1338 1114 1391 1136 tota
1405 1114 1492 1142 nocte,
1509 1116 1595 1142 neque
1607 1107 1708 1138 dolore,
1719 1113 1804 1140 neque

1015 1155 1128 1182 vinculis
1143 1155 1286 1189 prohiberi,
1307 1155 1355 1182 sed
1370 1162 1403 1184 co
1417 1154 1501 1188 magis
1514 1153 1645 1187 ingentem
1661 1151 1804 1178 fervidum-

1015 1209 1068 1235 que
1080 1208 1198 1228 amorem
1208 1201 1344 1228 declarare
1358 1208 1420 1235 erga
1436 1199 1576 1226 Dominum
1592 1207 1598 1224 :
1612 1197 1710 1224 Paulus
1721 1197 1804 1228 enim,

1017 1247 1115 1281 inquit,
1135 1251 1159 1273 et
1172 1246 1241 1273 Siloa
1253 1246 1335 1273 media
1356 1250 1427 1272 nocte
1449 1249 1549 1278 orantes
1567 1242 1703 1269 laudabant
1726 1241 1806 1268 Deum

1016 1292 1081 1326 (Act.
1097 1293 1139 1319 16.
1154 1291 1211 1326 25).
1228 1291 1308 1318 David
1321 1291 1347 1318 in
1367 1297 1450 1325 regno
1459 1294 1487 1316 et
1511 1289 1661 1316 diademate
1682 1287 1806 1323 lacryntis

1016 1343 1043 1365 et
1058 1339 1179 1372 precibus
1192 1342 1273 1365 totattt
1283 1338 1363 1365 vitatu
1376 1336 1524 1363 insumebat
1535 1343 1542 1368 ;
1553 1334 1705 1369 Apostolus,
1719 1333 1763 1368 qui
1778 1334 1804 1359 in

1018 1384 1123 1411 tcrtiunt
1139 1384 1233 1410 cteluttt
1249 1388 1349 1417 raptus,
1361 1383 1403 1410 cui
1425 1389 1521 1409 arcana
1541 1385 1602 1407 sunt
1615 1380 1730 1408 revelata
1749 1387 1806 1414 my-

1017 1429 1204 1462 steria,media
1213 1428 1445 1458 noetoiuvltteulis
1459 1434 1551 1462 preces
1565 1431 1592 1454 et
1605 1425 1696 1453 laudes
1710 1425 1806 1452 oll‘et‘o-

1016 1473 1062 1501 hat
1073 1473 1202 1505 Domino;
1217 1477 1244 1501 et
1264 1480 1312 1500 rex
1333 1473 1420 1500 media
1435 1477 1513 1499 nocte
1527 1470 1726 1506 oxpergetactus
1740 1478 1806 1497 cott—

1018 1518 1153 1551 ﬁtcbatur,
1168 1523 1194 1546 et
1206 1519 1319 1554 apostoli
1332 1519 1418 1546 media
1436 1523 1513 1545 nocte
1523 1517 1661 1544 cotttiuuas
1677 1523 1768 1551 preces
1781 1520 1806 1542 et

1018 1565 1109 1593 laudes
1119 1564 1273 1592 reddebant.
1292 1564 1352 1592 illos
1368 1564 1502 1591 imitemur
1526 1567 1553 1592 et
1571 1570 1629 1595 nos,
1653 1567 1679 1589 et
1693 1569 1801 1596 precum

1016 1611 1174 1638 assiduitate
1186 1611 1266 1638 vitatu
1281 1615 1399 1637 nostram
1423 1609 1584 1641 muniamus,
1600 1613 1626 1635 ct
1638 1607 1739 1636 nullum
1760 1615 1808 1633 tto-

1018 1657 1058 1684 bis
1079 1664 1204 1691 umquam
1224 1657 1276 1685 erit
1289 1656 1466 1683 obstaculutn.
1487 1654 1557 1681 Nihil
1578 1654 1649 1681 ettitn
1673 1659 1714 1680 est
1737 1653 1807 1688 qttod

1017 1703 1112 1730 obesse
1125 1701 1203 1729 nobis
1221 1702 1314 1736 possit,
1331 1699 1411 1727 modo
1425 1700 1506 1727 sobrii
1521 1699 1614 1727 simus.
1634 1698 1702 1725 Nuttt
1712 1698 1770 1724 loco
1780 1702 1808 1724 et

1019 1752 1137 1783 tempore
1151 1747 1227 1777 nobis
1237 1755 1304 1782 opus
1317 1746 1378 1774 est?
1391 1746 1483 1774 Omnis
1498 1745 1582 1779 locus,
1602 1752 1682 1771 omne
1704 1749 1808 1778 tempus

1018 1794 1080 1821 huic
1091 1794 1209 1821 accossui
1223 1793 1357 1820 convenit.
1373 1792 1439 1819 Nam
1454 1792 1549 1819 iterum
1567 1790 1629 1818 audi
1649 1790 1806 1825 magistrum

1018 1840 1091 1867 orbis
1111 1839 1264 1867 dicentem:
1281 1839 1313 1865 In
1326 1839 1394 1865 onmi
1409 1838 1463 1865 loco
1475 1837 1584 1864 levantes
1605 1841 1706 1863 sanetae
1717 1843 1808 1861 manus

1017 1885 1108 1920 absque
1129 1885 1168 1911 ira
1185 1890 1207 1911 et
1220 1884 1398 1918 disceptatione
1413 1883 1451 1918 (Ι.
1469 1882 1534 1909 Tim.
1550 1881 1577 1908 2.
1588 1882 1627 1916 8).
1640 1881 1668 1908 Si
1690 1885 1806 1908 mentem

1019 1931 1144 1958 habueris
1159 1936 1295 1965 purgatam
1310 1930 1344 1957 ab
1358 1929 1457 1957 illicitis
1476 1928 1661 1955 ati'eetionibus
1672 1948 1678 1960 ,
1704 1927 1759 1953 sive
1781 1927 1808 1953 in

1020 1978 1087 2010 toro,
1103 1977 1159 2005 sive
1173 1976 1256 2009 domi,
1272 1977 1329 2004 sive
1343 1976 1368 2003 itt
1383 1975 1434 2008 via,
1445 1975 1486 2002 vel
1497 1975 1523 2001 itt
1536 1981 1654 2005 carcere,
1665 1973 1706 2000 vel
1718 1973 1743 1999 in
1758 1979 1809 1998 ma-

1019 2023 1053 2056 ri,
1068 2023 1109 2049 vel
1125 2023 1152 2048 iu
1176 2022 1332 2054 diversorio,
1350 2021 1392 2048 vel
1407 2021 1433 2047 itt
1449 2019 1554 2047 ol‘licitta
1564 2039 1572 2052 ,
1596 2023 1624 2046 et
1650 2018 1810 2051 ubicumque

1020 2069 1101 2096 fueris
1116 2070 1284 2100 constitutus,
1298 2068 1398 2102 poteris
1407 2067 1529 2094 invocato
1540 2066 1595 2092 Deo
1604 2065 1657 2091 voti
1667 2064 1723 2091 ﬁeri
1737 2071 1810 2090 cout-

1020 2123 1077 2150 pos.
1093 2114 1170 2147 Quod
1185 2122 1244 2141 ettut
1260 2114 1384 2146 sciamus,
1397 2113 1509 2140 obsecro
1521 2116 1549 2138 ttt
1563 2119 1622 2138 cutn
1633 2110 1735 2145 jejunio
1750 2117 1810 2144 pre-

1019 2161 1095 2188 cibus
1108 2159 1271 2194 diligentiam
1292 2158 1477 2190 adhibeamus,
1494 2157 1640 2184 subsidium
1655 2156 1731 2182 nobis
1749 2154 1811 2181 inde

1020 2211 1144 2242 parantes
1161 2215 1167 2232 :
1185 2213 1238 2241 quo
1250 2212 1392 2240 supernam
1406 2204 1540 2239 assequuti
1556 2203 1678 2238 gratiam,
1693 2207 1719 2229 et
1742 2208 1811 2235 pra:-

1020 2258 1124 2280 scntettt
1138 2254 1218 2279 vitam
1235 2252 1269 2279 ita
1283 2258 1393 2286 agamus
1404 2256 1432 2278 ut
1446 2251 1502 2278 Deo
1515 2250 1653 2285 probetur,
1664 2253 1690 2275 et
1704 2248 1730 2275 in
1745 2247 1811 2273 iutu-

1021 2308 1052 2328 ro
1065 2298 1274 2326 misericordiam
1290 2298 1404 2332 aliquam
1416 2297 1610 2331 adipiscamur,
1624 2294 1706 2330 gratia
1720 2298 1747 2320 et
1762 2293 1812 2319 tui-

1020 2345 1198 2372 soratiottihus
1226 2343 1329 2371 Domini
1354 2342 1437 2370 nostri
1454 2342 1517 2371 Jesu
1534 2340 1647 2371 Christi,
1672 2347 1731 2366 cuttt
1759 2346 1812 2372 quo

1021 2391 1092 2418 Patri
1115 2395 1142 2417 et
1156 2389 1264 2424 Spiritui
1278 2393 1369 2416 saneto
1382 2388 1416 2415 sit
1430 2388 1512 2422 gloria
1523 2407 1530 2420 ,
1558 2386 1707 2420 imperium,
1722 2389 1746 2410 et
1764 2384 1812 2410 ho-

1020 2444 1079 2469 nor,
1095 2442 1165 2463 nunc
1174 2439 1200 2462 et
1213 2441 1331 2469 semper,
1342 2438 1368 2461 et
1377 2434 1403 2460 in
1416 2433 1512 2460 secula
1526 2431 1693 2458 sateulorum.
1709 2430 1806 2456 Anton.

1287 2499 1427 2527 IlOMlLlA
1445 2497 1543 2525 XXXI.

1022 2559 1055 2588 Et
1079 2560 1174 2596 accepit
1198 2559 1285 2586 Tltara
1300 2558 1392 2587 Abram
1416 2560 1438 2585 et
1460 2555 1562 2582 Nachor
1572 2553 1638 2588 ﬁlios
1648 2549 1811 2584 suo¢,etLot

1057 2606 1138 2640 ﬁlium
1159 2606 1237 2633 Aram
1253 2604 1300 2638 ﬁlii
1319 2603 1359 2631 sui
1368 2611 1377 2634 ,'
1392 2606 1415 2629 et
1430 2601 1522 2630 Soram
1538 2607 1629 2625 nurum
1641 2605 1729 2630 suam,
1745 2603 1808 2622 uxo-

1056 2660 1108 2679 rem
1128 2656 1211 2679 autem
1223 2650 1316 2677 Abram
1336 2648 1382 2683 filii
1402 2647 1441 2674 sui
1463 2655 1473 2678 ;
1497 2650 1518 2674 et
1541 2645 1624 2672 eduxit
1648 2651 1689 2671 eos
1701 2651 1731 2670 ex
1746 2647 1810 2668 terra

1057 2696 1248 2729 Chaldatorum,
1269 2699 1297 2723 ut
1315 2693 1530 2729 proﬁciscerentur
1550 2690 1577 2717 in
1600 2695 1690 2716 terram
1709 2687 1808 2715 Chuno-

1057 2751 1168 2770 meorum
1192 2749 1202 2768 :
1223 2746 1246 2768 et
1268 2741 1332 2768 venit
1346 2747 1424 2774 usque
1442 2738 1573 2769 Clmrran,
1595 2740 1617 2763 et
1628 2735 1745 2762 habitavit
1758 2734 1810 2760 illic

1059 2788 1134 2824 (Cen.
1148 2788 1189 2817 tt.
1203 2787 1258 2821 si).

1058 2845 1084 2871 t.
1107 2843 1227 2881 ligentes
1243 2841 1319 2874 vobis
1336 2841 1422 2871 habeo
1441 2838 1555 2876 gratias,
1576 2836 1646 2872 quod
1658 2836 1812 2867 hesternum
