2055 3123
266 146 319 173 983

263 194 298 222 de
309 192 430 220 oratione
441 198 595 219 sermonem
606 199 666 219 cum
681 191 817 226 voluptate
826 189 997 224 susceperitis
1007 208 1014 221 ,
1028 193 1056 215 et

265 244 339 266 tanto
351 238 439 266 studio
453 238 486 265 ad
500 238 663 266 audiendum
678 237 827 264 conﬂuatis.
844 236 909 263 Illud
924 235 993 262 enim
1008 241 1056 261 nos

264 284 352 312 reddit
365 285 510 312 alacriores
522 305 530 316 ,
543 288 574 311 ut
584 283 634 311 hoc
645 283 782 318 spirituale
796 282 945 309 convivium
960 281 1057 315 largius

264 331 341 358 vobis
362 337 552 366 proponamus.
573 330 639 363 Quia
659 333 687 356 et
701 328 814 364 agricola
829 328 852 355 si
867 326 973 362 quando
986 325 1057 352 videt

264 383 357 410 agrum
371 381 397 404 et
409 376 478 411 jacta
493 376 596 403 semina
611 376 743 402 virescere
755 378 782 401 et
797 373 945 407 germinare
956 391 963 404 ,
980 378 1057 405 negt,~

266 426 374 456 temque
387 428 516 454 vernare,
530 420 596 447 nihil
611 419 680 454 quod
694 418 727 446 ad
742 426 771 446 se
780 418 875 445 attinet
888 416 1056 448 intermittit,

265 466 383 501 quotidie
404 470 593 500 congruentem
614 465 684 492 illius
706 471 797 492 curam
818 469 917 498 agens,
938 466 966 488 et
979 465 1058 488 nocte

265 512 360 546 dieque
374 511 546 539 considerans
555 531 563 544 ,
577 518 610 538 ne
623 510 691 538 forte
702 509 764 544 quid
775 508 880 536 labores
890 514 952 534 suos
963 505 1056 533 lzedat:

265 557 346 584 simili
369 557 448 585 modo
468 561 496 585 et
509 564 559 593 ego
573 556 738 592 spiritualem
752 555 822 582 hunc
836 560 928 588 agrum
939 557 1058 580 vestrum

266 602 382 636 ﬂorere,
405 607 432 630 et
455 610 546 630 semen
569 602 620 630 hoc
641 600 780 636 spirituale
799 600 826 627 in
847 598 949 626 sinibus
963 601 1059 624 vestrae

266 648 365 675 mentis
386 648 494 676 recondi
507 648 600 676 videns
612 668 619 680 ,
638 647 741 682 gaudeo
756 650 784 674 et
798 645 883 678 laetor,
895 644 1060 678 multumque

266 700 326 720 sum
340 693 438 720 anxius
448 713 455 724 .
473 701 526 720 nou
539 693 664 728 ignorans
677 699 755 727 quam
770 691 901 725 malignus
914 689 949 717 sit
962 688 1058 722 hostis,

267 738 312 772 qui
326 743 422 765 vestra:
443 739 520 766 saluti
535 738 683 765 insidiatur.
698 737 764 765 Nam
780 735 1002 772 quemadmodum
1017 734 1061 770 pi-

267 790 334 811 rata:
355 784 461 819 quando
484 784 576 811 vident
597 791 692 811 navem
712 782 802 810 multis
815 782 950 810 mercibus
961 788 1059 809 onera-

268 834 337 862 tam,
357 836 384 857 et
405 830 530 864 plurimas
550 830 727 858 advehentem
741 829 846 857 divitias
858 849 865 862 ,
881 833 945 856 tunc
956 828 1062 863 potissi-

267 883 341 902 muut
365 876 452 903 varias
474 876 619 904 moliuntur
640 875 766 908 insidias,
787 880 816 903 ut
839 875 941 910 possint
958 880 1062 902 merces

268 928 363 949 omnes
376 921 541 957 demergere,
555 929 587 949 ac
596 926 718 949 vectores
731 921 790 949 illos
800 921 916 956 spoliare
930 929 937 947 :
952 920 987 947 ita
998 926 1062 947 sane

267 971 297 994 ct
320 967 457 1001 diabolus,
482 975 542 995 cum
561 967 658 995 viderit
677 967 828 1002 spirituales
845 967 943 994 multas
956 965 1062 993 divitias

269 1018 457 1046 coaeervatas,
475 1013 638 1041 alacritatem
651 1013 779 1041 fervidam
791 1034 799 1046 ,
813 1016 930 1040 mentem
940 1011 1044 1047 vigilem
1052 1031 1061 1044 ,

270 1063 298 1085 et
323 1058 441 1093 quotidie
462 1059 568 1086 divitias
591 1059 700 1094 augeri,
721 1059 854 1086 cruciatur
881 1065 912 1085 ac
940 1057 1063 1085 dentibus

270 1103 390 1137 frendt-t,
412 1109 440 1131 et
458 1104 532 1139 quasi
547 1104 632 1139 pirata
645 1104 784 1137 circumit,
798 1104 1003 1138 innumerasque
1015 1111 1064 1131 ex-

268 1149 370 1184 cogitat
383 1154 455 1177 artes
468 1169 477 1183 ,
493 1154 520 1177 ut
533 1151 556 1178 si
570 1158 620 1185 qua
632 1150 674 1178 vel
687 1157 798 1185 parvum
814 1149 930 1177 inveniat
943 1148 1043 1176 aditum
1053 1168 1063 1182 ,

271 1202 321 1221 nos
340 1194 456 1222 denudet
477 1202 509 1223 ac
528 1195 642 1230 spoliet,
663 1200 690 1223 et
703 1195 830 1231 quidquid
845 1195 921 1222 nobis
931 1199 973 1222 est
986 1194 1064 1229 spiri-

271 1241 381 1268 tualium
399 1241 551 1268 divitiarttm
570 1241 750 1276 deprmdetur.
770 1241 853 1276 igitur
866 1241 949 1268 sobrii
962 1240 1063 1274 simus,

269 1294 379 1321 quasso,
401 1290 428 1314 et
450 1290 549 1322 quanto
573 1287 658 1321 magis
678 1287 828 1321 spirituales
843 1291 945 1313 nostrae
956 1286 1066 1313 faculta-

271 1337 312 1359 tes
329 1336 470 1366 cresennt,
494 1336 567 1359 tanto
586 1333 669 1367 magis
688 1336 715 1359 et
728 1332 824 1367 vigilia:
842 1336 1065 1367 nostraaaugeau-

271 1382 323 1410 tur,
336 1383 364 1405 ut
373 1378 490 1413 undique
500 1377 672 1406 excludamus
680 1377 800 1410 insidias,
812 1382 839 1405 et
852 1377 1064 1405 benevolentiam

273 1423 320 1452 Dei
343 1425 396 1451 vita
421 1425 521 1459 optima
542 1425 619 1452 nobis
636 1425 828 1458 conciliantes,
852 1424 982 1459 superiori
1006 1424 1065 1452 loco

271 1475 390 1501 stemus,
412 1477 491 1504 quam
513 1475 542 1497 ut
564 1470 634 1497 illius
652 1470 739 1504 iacula
762 1477 859 1497 nocere
877 1475 984 1505 queant.
999 1470 1065 1497 Mala

271 1515 343 1542 enim
359 1515 442 1542 bestia
457 1519 514 1548 est,
530 1521 555 1542 et
570 1515 730 1550 multiplices
745 1515 954 1542 machinationes
967 1516 1065 1543 struit:

273 1564 301 1587 et
321 1560 427 1595 quando
449 1568 502 1587 non
524 1566 613 1596 potest
626 1566 698 1588 recta
713 1569 761 1588 nos
775 1561 809 1588 ad
823 1561 883 1588 vitia
898 1561 1005 1588 allicere
1017 1581 1024 1594 ,
1040 1565 1067 1588 ct

273 1605 329 1632 suis
347 1605 415 1633 dolis
435 1605 574 1638 inescare;
596 1614 650 1633 non
670 1606 741 1634 enim
761 1607 847 1642 cogit,
863 1606 904 1633 vel
918 1607 970 1633 vim
985 1606 1064 1640 facit,

275 1651 345 1679 absit
358 1660 364 1678 :
377 1651 423 1679 sed
433 1651 533 1686 decipit
546 1657 646 1679 tantum
656 1672 665 1686 ,
676 1657 703 1679 et
713 1660 780 1687 quos
794 1652 959 1688 negligentes
973 1652 1045 1680 videt
1057 1673 1066 1686 ,

276 1697 447 1732 supplantat;
469 1697 574 1732 quando
593 1698 672 1733 igitur
689 1699 801 1726 salutem
816 1703 934 1726 nostrant
949 1699 1067 1734 nequitia

274 1751 322 1770 sua
344 1744 485 1771 manifeste
507 1744 605 1772 hedera
624 1745 732 1779 nequit,
753 1752 825 1780 saepe
845 1752 892 1780 per
911 1745 967 1780 ipsa
986 1753 1068 1780 opera

275 1789 396 1821 virtutis,
411 1797 471 1824 quae
484 1790 585 1824 agimus
597 1810 605 1824 ,
620 1791 769 1818 clanculum
784 1798 845 1819 esca
859 1790 945 1825 illata,
962 1791 1069 1819 divitias

276 1839 381 1862 nostras
393 1835 479 1869 perdit
489 1843 592 1863 omnes.

313 1881 354 1908 Ea:
373 1882 443 1908 bouis
459 1882 575 1917 operibus
588 1890 652 1909 vana
661 1882 743 1917 gloria
755 1883 876 1909 cavenda.
890 1897 926 1902 —
940 1881 1007 1915 Quid
1021 1881 1068 1917 igi-

277 1933 321 1955 tar
337 1932 378 1955 est
396 1927 463 1960 hoc,
484 1928 554 1963 quod
574 1928 654 1955 dico?
665 1927 756 1963 'opera:
771 1928 884 1963 pretium
906 1929 977 1956 enim
992 1927 1070 1955 fuerit

276 1973 443 2001 manifestius
462 1974 600 2010 explicare
610 1994 617 2005 ,
633 1978 661 2001 ut
675 1974 747 2001 illius
760 1974 874 2008 cognitis
888 1973 990 2001 insidiis
1000 1994 1008 2005 ,
1023 1973 1069 2000 da—

277 2027 367 2046 mnum
386 2019 456 2054 qttod
471 2019 532 2046 inde
545 2019 662 2047 nascitur
674 2040 682 2052 ,
699 2020 783 2047 vitare
799 2020 941 2054 possimus.
958 2019 1070 2052 Quando

277 2066 348 2092 videt
368 2073 416 2093 nos
430 2066 499 2092 nuda
515 2066 578 2093 vitia
596 2066 637 2093 vix
652 2065 811 2098 admittere,
825 2070 852 2093 et
866 2065 958 2101 fugere
972 2065 1070 2093 intem-

277 2112 440 2146 perantiam,
463 2112 652 2139 continentiam
675 2119 738 2140 vero
759 2112 904 2145 amplexari
929 2120 936 2138 :
962 2111 995 2138 ad
1015 2111 1072 2138 hare

277 2158 395 2184 aversari
411 2157 561 2190 avaritiant,
575 2157 637 2184 odio
651 2157 750 2184 ltabcre
764 2157 930 2192 iniustitiam.
945 2156 1032 2184 ridere
1044 2161 1072 2184 et

278 2208 452 2230 contemnere
472 2203 601 2236 delicias,
619 2202 729 2237 jejuuiis
747 2207 836 2230 autem
849 2206 876 2230 et
890 2202 1012 2237 precibus
1024 2210 1072 2230 va-

279 2255 342 2275 care
353 2268 361 2281 ,
373 2255 404 2275 ac
414 2247 591 2283 eleemosynis
605 2247 670 2275 dare
681 2255 790 2282 operam
806 2256 813 2275 :
827 2252 889 2275 tunc
903 2247 983 2275 alium
999 2255 1073 2275 com-

281 2293 431 2320 miniscitur
456 2293 546 2320 dolum
562 2313 570 2324 ,
593 2300 646 2328 quo
669 2292 823 2328 pcssumdet
845 2301 940 2320 omnes
967 2297 1072 2321 nostras

279 2347 345 2374 opes
355 2359 364 2371 ,
382 2343 474 2374 totque
489 2338 557 2366 bona
569 2346 650 2373 opera
665 2343 756 2366 nostra
769 2339 862 2366 reddat
877 2339 990 2367 inutilia.
1005 2339 1070 2367 Nam

279 2385 324 2420 qui
339 2393 433 2420 magna
451 2385 600 2412 constantia
618 2384 827 2413 macltinationes
840 2386 922 2420 ipsius
933 2386 1072 2420 vicerunt,

280 2431 342 2457 facit
352 2435 380 2457 ut
394 2430 470 2460 bonis
480 2430 606 2465 operibus
617 2430 758 2464 inflentur,
772 2436 799 2459 et
811 2431 844 2458 ad
858 2431 1001 2458 humanam
1013 2440 1074 2467 spe-

280 2481 351 2504 ctent
362 2477 473 2512 gloriam
482 2498 490 2511 ,
506 2485 559 2512 quo
569 2477 672 2505 scilicet
682 2485 697 2504 a
708 2485 768 2505 vera
782 2485 829 2506 eos
842 2478 926 2514 gloria
939 2478 1072 2506 deturbet.

284 2523 388 2550 Etenim
405 2523 449 2558 qui
463 2523 601 2558 spirituale
614 2523 677 2559 qttid
692 2523 791 2551 faciens
807 2524 950 2551 humanam
965 2525 1075 2559 respicit

281 2569 408 2604 gloriam,
430 2570 580 2597 mercedem
599 2578 674 2597 suam
697 2570 740 2598 hic
760 2571 876 2606 accipit,
899 2576 926 2599 et
940 2571 994 2606 jam
1005 2572 1074 2598 ultra

283 2617 366 2644 Deum
384 2625 437 2644 non
459 2617 540 2645 habet
553 2617 714 2645 debitorem.
732 2619 754 2645 A
769 2618 864 2653 quibus
878 2618 948 2646 enim
963 2618 1073 2652 gloriam

283 2663 379 2697 qtucrit
390 2684 398 2696 ,
410 2664 444 2691 ab
454 2664 486 2690 iis
498 2663 589 2691 laudes
603 2668 697 2692 nactus
710 2668 760 2697 est,
774 2669 800 2691 et
813 2671 842 2691 se
851 2665 938 2699 privat
948 2664 999 2691 illis
1009 2671 1075 2699 quas

284 2709 413 2736 Dominus
431 2709 568 2744 promisit,
586 2714 678 2744 utpote
691 2709 798 2745 majoris
812 2710 912 2737 faciens
925 2714 1058 2736 ntomenta
1067 2723 1075 2728 -

284 2763 361 2783 neam
381 2756 517 2783 hominum
535 2756 651 2789 laudem,
665 2764 744 2792 quam
757 2756 803 2784 Dei
818 2763 937 2784 omnium
952 2755 1076 2784 condito-

248 2837 250 2839 }
285 2802 321 2829 ris
337 2810 344 2828 :
359 2802 384 2829 id
405 2802 475 2837 quod
497 2802 618 2829 Christus
634 2802 667 2829 de
681 2802 803 2836 precibus
813 2822 820 2834 ,
836 2801 1016 2837 eleemosynis
1027 2821 1034 2833 ,
1048 2805 1075 2827 et

285 2846 389 2883 lejuniis
409 2853 486 2876 antea
505 2847 611 2882 docuit,
633 2847 671 2875 sic
689 2847 782 2876 dicens
802 2856 809 2876 :
832 2847 940 2881 Quando
948 2847 965 2882 j
975 2847 1052 2882 jnnas
1064 2865 1074 2880 ,

635 144 666 173 S.
684 142 824 174 JOANNlS
842 139 1079 170 CIIRYSOSTOMI
1099 137 1259 168 ARCHIEP.
1273 136 1542 166 CONSTANTINOI‘.

1840 135 1895 164 28‘

1108 193 1174 220 tinge
1194 190 1270 219 caput
1289 190 1374 218 tuum,
1395 190 1418 212 et
1439 185 1496 211 lum
1511 183 1601 218 faciem
1612 186 1679 209 tuam
1691 202 1699 215 ,
1713 185 1740 209 ut
1752 189 1783 208 ne
1792 181 1898 209 videaris

1107 231 1248 258 hominibus
1266 231 1388 265 jejunum
1399 250 1406 261 ,
1427 229 1472 256 sed
1491 228 1564 255 Patri
1579 232 1622 255 tuo
1633 228 1676 259 qui
1690 232 1725 254 est
1738 227 1763 253 in
1778 227 1874 253 occulto
1888 235 1898 260 ,'

1107 282 1130 303 et
1143 273 1219 303 Pater
1239 281 1311 308 Inus,
1324 277 1367 311 qui
1381 276 1446 303 videt
1460 276 1486 302 in
1503 275 1615 307 occulto,
1635 274 1721 301 reddet
1733 274 1777 300 tibi
1791 273 1895 308 (ΜιιιΙΙι.

1108 322 1134 350 6.
1159 323 1203 350 17.
1228 322 1284 357 18).
1302 322 1335 349 Ει
1355 324 1470 349 iterum:
1487 321 1594 354 Quando
1607 320 1684 355 facies
1698 320 1896 354 eleeutosynam,

1109 377 1139 395 ne
1150 368 1208 395 tuba
1233 377 1325 400 canas,
1337 368 1437 401 inquit,
1449 373 1506 393 ante
1518 371 1556 399 te,
1571 367 1634 392 sicut
1647 366 1785 400 hypocriltz
1802 365 1898 397 frit-ium

1109 414 1135 440 in
1154 414 1287 449 synagogis
1304 419 1327 440 et
1348 413 1453 448 plateis,
1474 417 1502 438 ut
1516 411 1688 446 gluri/icentur
1703 410 1733 437 ab
1747 410 1897 438 hominibus.

1109 460 1188 487 Amen
1203 460 1258 486 dico
1273 459 1339 486 vobis
1349 479 1356 491 ,
1372 462 1520 493 acceperunt
1536 458 1673 484 mercedem
1687 465 1760 483 suam
1773 456 1854 490 (Ibid.
1874 464 1900 483 υ,

1109 505 1148 540 2).
1165 505 1273 532 Vidistis
1292 503 1442 539 quomodo,
1466 503 1509 537 qui
1523 502 1592 530 hanc
1605 501 1715 537 gloriam
1729 501 1853 536 inquirit,
1868 500 1902 527 il-

1111 549 1163 577 lam
1177 549 1295 576 amittit?
1310 548 1360 581 Qui
1370 553 1459 575 autem
1472 547 1596 574 virtutem
1610 547 1643 574 ita
1657 551 1783 580 operatur
1793 566 1801 579 ,
1816 550 1844 572 ut
1860 545 1898 572 la—

1112 600 1169 622 tere
1190 595 1254 622 velit
1273 594 1414 626 homines,
1435 593 1462 620 in
1483 593 1527 620 dic
1549 592 1594 619 illo
1606 591 1715 618 terribili
1730 591 1816 626 palam
1829 590 1900 618 acci-

1112 641 1166 676 piet
1184 647 1199 667 a
1221 639 1333 666 Domino
1354 638 1566 666 retributionem.
1588 637 1653 664 Nam
1678 636 1754 663 Pater
1769 641 1844 667 tum,
1859 637 1900 670 qui

1111 686 1176 713 videt
1190 686 1217 712 in
1235 684 1348 718 occulto,
1368 685 1455 712 reddet
1468 684 1512 710 tibi
1528 684 1555 710 in
1570 683 1703 718 manifesto
1716 681 1796 717 (Ibid.
1817 690 1842 708 υ.
1863 682 1899 716 ι).

1111 730 1150 758 Ne
1167 729 1284 765 cogites,
1306 729 1408 764 inquit,
1429 728 1530 756 nttllntn
1544 727 1679 755 hominem
1695 731 1721 754 te
1735 726 1842 754 laudare
1853 748 1859 758 ,
1875 730 1902 753 ct
1917 743 1918 746 η

1113 781 1139 804 te
1151 776 1277 803 virtutem
1298 775 1366 802 clam
1383 781 1510 802 exercere
1526 782 1532 801 :
1550 773 1596 801 sed
1619 773 1670 800 hoc
1683 773 1786 807 cogita,
1804 777 1902 799 tantam

1113 821 1169 849 fore
1182 821 1260 857 paulo
1271 825 1331 855 post
1341 820 1443 848 Domini
1457 819 1659 851 liberalitatem,
1671 823 1761 845 utnon
1772 818 1842 845 sinat
1854 817 1903 845 hoc

1112 868 1181 895 cla
1201 867 1243 895 vel
1264 867 1292 894 in
1311 866 1415 894 occulto
1429 873 1490 893 esse
1505 874 1512 892 :
1526 864 1573 892 sed
1587 869 1717 899 praesente
1731 864 1803 891 omni
1818 864 1902 890 homi-

1113 921 1176 941 num
1198 920 1312 948 genere,
1335 912 1368 939 ab
1387 911 1471 938 Adatn
1495 918 1578 944 usque
1598 909 1631 936 ad
1645 908 1901 937 consummationem

1114 960 1204 987 smcull
1226 964 1252 987 te
1275 958 1402 994 przcdicet
1424 962 1452 985 et
1469 961 1596 990 coronet,
1622 961 1861 991 susceptorumque
1879 956 1904 984 in

1113 1005 1262 1033 exercenda
1276 1005 1374 1032 virtute
1386 1003 1506 1031 laborum
1523 1003 1630 1037 praemia
1643 1002 1749 1029 tribuat.
1761 1002 1818 1035 Qua
1828 1001 1905 1036 igitur

1114 1052 1284 1079 excusatione
1302 1051 1374 1086 digni
1396 1050 1493 1077 fuerint
1507 1050 1523 1077 ii
1537 1049 1581 1084 qui
1596 1049 1713 1076 laborem
1725 1048 1832 1075 virtutis
1846 1055 1904 1074 sus.

1116 1098 1218 1130 tinent,
1238 1101 1264 1124 et
1286 1101 1395 1131 propter
1415 1100 1628 1122 momentancam
1649 1099 1675 1121 et
1699 1094 1777 1122 vilem
1791 1093 1906 1120 futilem-

1114 1152 1167 1180 que
1191 1143 1328 1172 hominum
1348 1142 1460 1178 gloriam
1473 1162 1481 1176 ,
1504 1146 1603 1169 azterua
1619 1140 1663 1168 illa
1678 1140 1836 1175 semetipsos
1851 1139 1905 1174 pri-

1115 1197 1178 1218 vant
1190 1190 1202 1217 τ

1150 1236 1178 1263 2.
1194 1235 1312 1264 Obsecro
1326 1234 1414 1270 igitur,
1426 1238 1454 1261 ut
1466 1241 1515 1261 nos
1528 1233 1595 1260 bctte
1609 1231 1770 1264 muniamus,
1782 1235 1809 1258 et
1820 1231 1907 1266 quod-

1115 1289 1229 1317 cumque
1250 1281 1387 1317 spirituale
1409 1287 1477 1315 opus
1498 1279 1693 1315 aggrediemur,
1721 1279 1772 1306 hoc
1798 1277 1907 1306 studea-

1117 1337 1176 1357 mus
1202 1329 1228 1356 in
1250 1328 1439 1364 promptuariis
1463 1327 1544 1354 animi
1579 1326 1662 1353 nostri
1687 1324 1855 1357 recondere,
1880 1328 1907 1351 ut

1117 1375 1207 1402 laudet
1227 1382 1277 1402 nos
1295 1374 1387 1402 oculus
1409 1373 1454 1400 ille
1476 1373 1520 1407 qui
1539 1379 1683 1407 numquam
1700 1370 1848 1398 dormitat:
1874 1377 1908 1397 ne

1118 1426 1226 1457 propter
1246 1420 1382 1448 hominum
1405 1419 1512 1452 laudes,
1534 1425 1607 1453 sznpe
1621 1417 1654 1444 ad
1671 1417 1783 1452 gratiam
1797 1420 1907 1450 captan-

1118 1467 1178 1494 dam
1198 1466 1274 1494 datas
1286 1487 1292 1499 ,
1307 1465 1407 1501 indigni
1419 1464 1570 1493 efﬁciamur
1583 1463 1686 1490 Domini
1700 1461 1831 1489 laudibus.
1847 1461 1908 1488 lla‘e

1119 1514 1190 1542 enim
1210 1514 1288 1540 ambo
1308 1512 1456 1547 perniciosa
1470 1515 1531 1538 sunt
1543 1531 1549 1543 ,
1565 1514 1592 1537 et
1607 1509 1685 1536 saluti
1700 1513 1797 1536 nostrze
1811 1507 1887 1535 noxia
1900 1515 1908 1539 ;

1119 1559 1255 1596 spirituale
1278 1558 1376 1593 aliquid
1401 1556 1536 1592 operando
1564 1555 1597 1582 ad
1623 1555 1766 1581 humanam
1789 1559 1909 1588 spectare

1118 1606 1244 1641 gloriam,
1269 1609 1296 1632 et
1315 1604 1383 1631 bene
1404 1602 1507 1637 agendo
1526 1601 1640 1628 sublime
1661 1601 1694 1627 de
1707 1607 1737 1627 se
1749 1607 1852 1634 sapere.
1870 1598 1910 1625 ld-

1120 1654 1191 1680 circo
1201 1651 1305 1679 sobrios
1316 1657 1376 1677 esse
1389 1657 1438 1677 nos
1452 1653 1558 1684 oportet
1572 1655 1603 1675 ac
1616 1647 1708 1682 vigiles
1720 1667 1727 1678 ,
1739 1651 1767 1673 ct
1776 1652 1910 1680 apponere

1119 1698 1196 1725 nobis
1216 1697 1369 1733 quotidiana
1391 1703 1407 1723 e
1425 1695 1509 1722 sacris
1528 1693 1623 1721 Litoris
1642 1693 1800 1728 pharmaca,
1823 1692 1857 1718 ita
1883 1696 1912 1717 ut

1120 1743 1276 1778 perniciosis
1299 1740 1484 1769 all'cctiouihus
1507 1739 1564 1766 istis
1589 1746 1642 1766 non
1666 1738 1830 1765 irretiunur.
1845 1737 1910 1763 Nam

1120 1789 1170 1816 etsi
1191 1788 1250 1823 quis
1273 1788 1410 1814 innumera
1433 1786 1501 1813 bona
1516 1793 1597 1820 opera
1613 1784 1721 1816 fecerit,
1735 1783 1912 1817 virtutemque

1120 1842 1227 1862 omnem
1241 1833 1394 1866 absolverit,
1408 1833 1430 1860 si
1447 1836 1534 1859 tamen
1550 1838 1672 1866 maguum
1686 1829 1749 1864 quid
1763 1828 1797 1856 de
1809 1836 1839 1856 se
1848 1836 1911 1855 sen-

1122 1881 1186 1913 tiat,
1201 1880 1320 1907 omnium
1334 1878 1500 1906 miserrimus
1514 1876 1601 1903 luerit.
1616 1874 1692 1908 Quod
1709 1874 1784 1901 nobis
1800 1873 1912 1901 manife-

1121 1931 1190 1954 sttttu
1214 1930 1256 1953 est
1276 1933 1309 1952 ex
1328 1925 1359 1952 iis
1378 1931 1437 1959 quzc
1457 1922 1591 1950 Pharismo
1604 1921 1776 1952 acciderunt,
1792 1919 1835 1953 qui
1850 1919 1911 1945 dum

1122 1980 1217 2007 magna
1235 1972 1269 1999 de
1283 1979 1313 1998 se
1326 1970 1426 2003 sensit,
1440 1973 1467 1996 et
1483 1968 1650 2003 publicanum
1663 1965 1826 2000 centempsit
1838 1965 1911 2000 (Luc.

1123 2018 1186 2053 18),
1209 2018 1297 2045 subito
1316 2015 1432 2043 deterior
1453 2014 1536 2042 factus
1558 2017 1599 2041 est
1610 2012 1765 2047 publicano,
1779 2015 1805 2037 et
1820 2017 1914 2037 omnes

1123 2065 1251 2091 virtutum
1273 2062 1378 2090 divitias
1401 2061 1488 2095 lingua
1509 2067 1556 2087 stta
1579 2058 1671 2086 effudit
1692 2066 1699 2084 :
1722 2065 1754 2084 ac
1766 2065 1795 2084 se
1810 2056 1913 2083 nudans

1123 2116 1288 2144 vacuumque
1307 2108 1490 2139 constituens,
1511 2105 1669 2140 stupendum
1691 2108 1719 2130 et
1738 2110 1834 2129 novum
1849 2110 1914 2128 nan-

1124 2156 1235 2189 fragium
1256 2153 1373 2189 pertulit.
1395 2152 1460 2179 Cum
1481 2152 1551 2179 enittt
1566 2150 1599 2177 ad
1614 2154 1717 2185 portum
1732 2148 1913 2183 pervenisset,

1124 2208 1218 2229 omnes
1238 2207 1342 2227 merces
1362 2205 1424 2225 suas
1437 2196 1591 2225 submersit.
1607 2195 1672 2223 Nam
1692 2195 1714 2222 si
1735 2195 1760 2221 id
1780 2192 1914 2220 infortunii

1126 2253 1233 2284 propter
1257 2253 1350 2281 preces
1371 2244 1478 2279 indigne
1493 2243 1603 2270 emissas
1617 2241 1718 2269 accidat
1729 2261 1736 2273 ,
1753 2239 1863 2274 perinde
1875 2243 1915 2265 est

1124 2302 1156 2321 ac
1166 2294 1188 2321 si
1200 2293 1259 2328 quis
1272 2292 1297 2319 in
1311 2290 1398 2318 medio
1411 2294 1485 2324 portu
1497 2287 1661 2322 naufragium
1673 2286 1751 2312 faciat
1774 2284 1916 2318 Propterea

1124 2345 1152 2368 et
1167 2339 1287 2367 Christus
1301 2337 1437 2371 discipulis
1450 2335 1504 2362 suis
1521 2334 1676 2368 przt-cipieus
1688 2353 1695 2364 ,
1711 2331 1816 2358 dicebat
1830 2339 1837 2356 :
1854 2329 1917 2357 Cum

1125 2386 1211 2413 omnia
1225 2384 1330 2420 feceritis
1343 2403 1349 2414 ,
1363 2382 1437 2408 dicite
1461 2388 1470 2407 :
1490 2379 1561 2407 Servi
1576 2377 1676 2405 inutiles
1685 2385 1770 2404 subtus
1781 2375 1856 2412 (Luc.
1874 2375 1915 2401 i7.

1127 2431 1182 2466 10).
1197 2430 1254 2464 Quo
1267 2429 1338 2456 dicto
1351 2427 1454 2454 munire
1466 2432 1513 2452 eos
1524 2424 1598 2456 vult,
1612 2427 1639 2450 et
1648 2430 1726 2458 quam
1739 2421 1892 2456 longissime
1902 2426 1917 2446 a

1127 2476 1277 2513 pernicioso
1297 2474 1343 2502 illo
1366 2472 1459 2500 morbo
1475 2471 1603 2498 alienare.
1618 2468 1743 2500 Vidistis,
1765 2466 1917 2498 carissimi,

1126 2522 1259 2558 quomodo
1282 2520 1304 2547 is
1325 2519 1369 2554 qui
1391 2517 1533 2544 humanam
1557 2515 1667 2551 gloriam
1687 2514 1786 2545 atnbit,
1807 2513 1918 2547 ejusque

1126 2568 1209 2604 gratia
1224 2566 1328 2594 virtutis
1342 2564 1468 2592 exercitia
1483 2562 1553 2595 adit,
1570 2561 1709 2587 utilitatem
1721 2558 1821 2585 nullam
1835 2557 1918 2592 perci-

1127 2603 1165 2650 pit
1180 2623 1186 2641 :
1202 2618 1228 2641 et
1250 2617 1310 2648 post
1328 2610 1476 2638 exantlatos
1489 2615 1582 2635 omnes
1594 2606 1699 2633 virtutis
1712 2604 1818 2632 labores
1830 2625 1838 2635 ,
1851 2604 1873 2631 si
1886 2603 1918 2629 de

1128 2649 1159 2688 iis
1177 2660 1298 2686 videatur
1316 2658 1397 2684 alttuu
1413 2663 1523 2689 sapere,
1537 2660 1655 2680 omnium
1668 2658 1766 2678 vacuus
1782 2649 1919 2682 nuduspte

1128 2706 1242 2734 et'atlat’!
1262 2704 1405 2738 Fugiamns
1425 2701 1520 2736 igitttr,
1536 2699 1665 2730 obsecro,
1684 2695 1848 2731 perniciosas
1863 2694 1920 2721 illas

1127 2752 1296 2783 adiectiones,
1313 2754 1340 2776 et
1356 2748 1387 2775 ad
1406 2748 1479 2774 illuni
1497 2753 1603 2780 semper
1619 2743 1723 2778 vigilem
1737 2741 1843 2768 oculum
1859 2747 1920 2775 spc-

1129 2802 1231 2824 ctemus
1253 2801 1375 2822 tantum:
1395 2801 1427 2821 ac
1450 2792 1514 2820 nihil
1534 2797 1675 2818 commune
1696 2788 1842 2815 habeamus
1861 2793 1920 2813 ctmt

1131 2843 1212 2872 nostri
1223 2843 1328 2879 generis
1339 2840 1488 2870 hominibus
1498 2860 1504 2873 ,
1516 2844 1602 2874 neque
1613 2837 1646 2865 ab
1658 2836 1697 2864 cis
1709 2833 1809 2862 laudari
1821 2840 1921 2870 quaera-
