2055 3123
236 161 287 190 Ξειι

236 221 355 248 ἔπαινον,
374 217 431 244 ἀλλ’
446 216 595 253 ἀρκώμεθα
608 217 648 252 τῷ
662 217 736 252 παρὰ
750 216 795 243 τοῦ
815 215 959 242 Δεσπότου.
978 210 1020 240 Οὖ

235 263 252 288 ό
269 260 391 292 ἔπαινος
404 258 468 294 γὰρ,
483 259 574 293 φησὶν.
589 259 644 285 οὐκ
661 258 695 290 ἐξ
710 258 881 292 ἀνθρώπων,
901 257 969 285 ἀλλ’
987 257 1021 283 ἐκ

236 301 321 328 Θεοῦ.
333 300 387 327 Καὶ
407 300 461 336 ὅσῳ
476 300 509 326 ἂν
528 299 595 334 πρὸς
610 298 719 334 μείζονα
736 298 898 334 ἐπιδιδῶμεν
911 298 1020 334 ἀρετὴν,

235 341 353 377 τοσούτῳ
365 341 464 377 μᾶλλον
473 341 585 372 ἑαυτοὺς
597 340 751 376 μετριάζειν
759 339 1020 375 παρασκευάζωμεν,

235 385 282 411 καὶ
292 383 479 410 συνεστάλθαι.
498 382 556 409 Κᾶν
569 381 622 418 γὰρ
633 381 701 417 πρὸς
716 381 802 416 αὐτὴν
815 380 961 415 φθάσωμεν
972 380 1022 414 τῆς

235 427 336 462 ἀρετῆς
351 426 400 462 τὴν
427 425 561 461 κορυφὴν,
585 423 633 452 ἐὰν
649 423 802 458 ἀντιθῶμεν
816 423 865 454 τὰς
883 423 959 459 παρά
975 423 1022 450 τοῦ

235 468 370 494 Δεσπύτου
399 467 556 502 εὐεργεσίας
587 466 655 501 μετὰ
682 464 781 500 πολλῆς
803 463 1021 499 εὐγνωμοσύνης,

234 510 294 536 τότε
308 509 398 540 καλῶς
410 507 541 543 ὀψόμεθα,
552 508 591 534 ὅτι
602 508 663 534 οὺδέ
676 507 707 533 τὸ
720 506 863 533 πολλοστὸν
875 506 958 541 μέρος
968 505 1023 533 τῶν

235 550 311 586 παρὰ
324 550 371 576 τοῦ
388 549 455 576 θεοῦ
472 550 511 581 είς
525 549 598 584 ἡμᾶς
611 548 794 584 ὑπηργμένων
812 546 1020 582 είσηνέγκαμεν.

236 593 292 618 Καὶ
312 592 366 627 γὰρ
384 591 499 622 ἕκαστος
522 589 575 616 τῶν
594 590 680 624 ἁγίων
704 589 827 616 ἐντεῦθεν
844 588 1021 624 ηὐδοκίμησε.

236 634 292 660 Καὶ
309 634 352 660 ἴνα
365 633 462 668 μάθῃς,
472 632 553 658 ἄκουε
563 631 609 658 τοῦ
624 631 673 666 τῆς
680 630 840 665 οἰκουμένης
851 630 1021 660 διδασκάλου,

236 677 284 712 τῆς
296 675 499 710 οὑρανομήκους
510 673 617 708 ἐκείνης
630 673 728 708 ψυχῆς,
745 672 804 704 πῶς
824 672 893 707 μετὰ
906 671 1023 698 τοσαῦτα

237 716 446 751 κατορθώματα,
463 714 532 750 μετά
544 714 592 750 τὴν
605 714 739 748 τοσαύτην
751 713 852 740 ἀνωθεν
874 712 1024 748 μαρτυρίαν

238 758 367 791 (Σκεῦος
376 757 439 792 γὰρ,
452 757 543 791 φησὶν,
556 756 686 790 ἐκλογῆς
704 756 771 782 ἐστι
783 764 832 789 μοι
847 753 956 787 οὗτος).
974 755 1024 781 οὐκ

236 799 442 825 ἐπιλανθάνεται
457 797 511 824 τῶν
524 797 632 824 οῐκείων
644 796 894 831 πλημμελημάτων,
907 796 964 822 ἀλλ’
975 797 1025 831 ἀμ-

238 842 296 875 φοῖν
306 840 391 866 ταῦτα
409 838 595 875 περιστρέφει,
616 839 662 865 καὶ
680 839 751 873 ὑπὲρ
777 835 815 864 ὦν
835 838 951 873 μάλιστα
974 846 1024 864 πε-

239 882 439 918 πληροφόρητο,
464 881 504 907 ὅτι
532 879 581 915 τὴν
596 880 771 915 συγχώρησιν
786 880 894 913 ἐδέξατο
910 879 954 906 διὰ
977 878 1024 906 τοῦ

239 924 434 959 βαπτίσματος,
449 921 508 948 οὐδὲ
526 921 627 948 τούτων
650 921 873 949 ἐπιλανθάνεσθαι
887 921 1023 956 ἀνέχεται,

238 965 306 992 ἀλλὰ
319 965 366 1000 βοᾷ
383 964 430 991 καὶ
442 964 526 997 λέγει,
541 963 581 989 ὅτι
605 963 783 997 Ἑλάχιστός
803 963 860 996 εἶμι
878 962 937 988 τῶν
953 962 1025 989 ἀπο-

237 1007 367 1038 στόλων,
395 1005 443 1032 καὶ
459 1006 513 1031 οὐκ
529 1004 585 1038 εἰμὶ
604 1004 707 1036 Ικανὸς
723 1003 877 1030 καλεῖσθαι
896 1003 1027 1030 ἀπόστο-

238 1050 302 1081 λος.
317 1046 381 1074 Εἶτα
394 1047 438 1074 ἵνα
451 1046 500 1082 τὴν
517 1045 669 1082 ὑπερϐολὴν
681 1044 763 1072 αὑτοῦ
779 1044 967 1079 παιδευθῶμεν
977 1044 1026 1079 τῆς

238 1087 497 1124 ταπεινοφροσύνης,
512 1086 678 1122 προσέθηκε,
687 1087 763 1113 Διότι
776 1085 883 1118 ἐδίωξα
896 1082 953 1120 τὴν
962 1087 1027 1113 Ἐκ-

238 1131 371 1164 κλησίαν
386 1129 439 1156 τοῦ
457 1129 540 1156 Θεοῦ.
558 1128 590 1154 Τί
609 1129 704 1160 ποιεῖς,
720 1124 742 1154 ὦ
755 1128 860 1160 Παῦλε;
882 1128 910 1154 '0
926 1128 1026 1154 Δεσπό-

238 1180 288 1207 της
301 1171 345 1198 διὰ
357 1171 405 1206 τὴν
416 1170 519 1196 οίκείαν
531 1169 685 1204 φιλοτιμίαν
702 1169 872 1204 συνεχώρησε
881 1190 888 1201 ,
911 1170 958 1196 καὶ
975 1169 1026 1195 ἀπ-

240 1212 348 1248 ήλειψεν
373 1212 479 1239 ἅπαντα
498 1210 533 1237 τὰ
551 1210 732 1246 ἡμαρτημένα
755 1218 806 1241 σοι,
822 1211 868 1236 καὶ
886 1210 918 1236 σὺ
942 1210 1026 1237 ταῦτα

240 1253 383 1289 στρέφειςς
399 1252 453 1279 Ναὶ
463 1272 470 1283 ,
486 1250 544 1278 οἶδα
554 1271 561 1283 .
580 1252 663 1286 φησὶ,
680 1251 727 1278 καὶ
743 1251 793 1278 οὐκ
812 1251 902 1285 ἀγνοῶ
916 1251 962 1277 τοῦ
978 1253 1026 1277 Δε-

242 1296 339 1322 σπότου
357 1293 405 1321 τοῦ
433 1293 499 1329 ἐμοῦ
520 1293 568 1328 τὴν
584 1293 661 1319 λύσιν
673 1301 679 1307 “
698 1293 755 1320 ἀλλ’
775 1294 838 1319 ὅταν
859 1294 976 1326 ὲννοήσω
993 1293 1028 1319 τὰ

240 1337 302 1372 ἐμοὶ
318 1335 495 1370 εἰργασμένα.
512 1335 558 1361 καὶ
585 1334 632 1361 ῖδω
651 1334 681 1360 τὸ
704 1334 820 1368 πέλαγος
836 1334 885 1369 τῆς
898 1334 944 1361 τοῦ
960 1333 1026 1360 Θεοῦ

242 1377 453 1412 φιλανθρωπίας,
472 1376 531 1402 τότε
549 1375 675 1410 μανθάνω
691 1375 798 1407 καλῶς,
814 1376 855 1401 ὅτι
872 1375 961 1411 χάριτι
980 1375 1028 1401 αὺ-

240 1419 287 1446 τοῦ
303 1419 349 1445 καὶ
359 1417 548 1453 φιλανθρωπίᾳ
562 1417 619 1452 είμὶ
633 1417 647 1443 ὅ
658 1417 726 1451 ειμι.
742 1416 832 1443 Εἰπὼν
842 1417 908 1452 γὰρ,
920 1417 1026 1443 ὅτιούκ

241 1461 299 1494 εἰμὶ
314 1460 416 1492 ἱκανὸς
440 1458 596 1485 καλεῖσθαι
621 1458 803 1490 ἀπόστολος,
833 1457 907 1484 διότι
922 1457 1028 1489 ἐδίωξα

242 1503 299 1536 τὴν
317 1502 501 1534 Ἐκκλησίαν
520 1500 573 1526 τοῦ
599 1498 683 1531 Θεοῦ,
711 1499 833 1534 ἐπήγαγε
845 1507 852 1514 ·
870 1497 969 1532 Χάριτι
994 1497 1028 1525 δὲ

243 1544 317 1571 Θεοῦ
332 1543 388 1576 ειμι
405 1541 421 1568 ὅ
437 1543 503 1575 ειμι.
523 1540 593 1572 Ἐγὼ
611 1541 670 1575 μὲν,
687 1541 763 1574 φησὶ,
780 1539 912 1575 τοσαύτην
925 1540 1028 1566 ἐπεδει-

243 1584 332 1620 ξάμην
347 1583 395 1619 τὴν
408 1583 522 1618 μανίαν·
539 1582 555 1616 ἡ
568 1581 596 1607 δέ
613 1581 714 1616 ἄφατος
728 1581 810 1608 αὐτοῦ
832 1581 968 1616 ἀγαοότης
981 1581 1028 1608 καὶ

242 1627 258 1662 ή
273 1626 351 1661 χάρις
364 1625 413 1660 τὴν
429 1623 600 1658 συγχώρησιν
614 1622 769 1658 ἐχαρίσατο.
785 1620 860 1653 Εἶδες
869 1622 957 1658 ψυχὴν
970 1631 1029 1649 συν-

242 1667 437 1702 τετριμμένην,
450 1665 496 1692 καὶ
511 1664 565 1691 τῶν
579 1665 632 1700 πρὸ
640 1663 688 1690 τοῦ
705 1663 890 1699 βαπτίσματος
904 1665 1028 1699 ἡμαρτη-

245 1709 332 1744 μένων
356 1706 485 1742 διηνεκῶς
500 1706 548 1741 τὴν
565 1706 673 1741 μνήμην
692 1705 910 1740 περιφέρουσαν;
929 1705 1028 1732 Τοῦτον

242 1749 274 1785 δὴ
287 1749 333 1776 καὶ
348 1749 426 1784 ἡμεῖς
442 1746 635 1782 μιμησώμεθα.
649 1746 696 1773 καὶ
709 1746 743 1772 τὰ
761 1747 828 1780 μετὰ
844 1747 874 1773 τὸ
888 1747 1028 1782 βάπτισμα

244 1791 309 1826 ἡμῖν
331 1789 523 1825 ἡμαρτημένα,
543 1787 629 1814 ταῦτα
649 1787 709 1813 καθ’
726 1787 844 1822 ἑκάστην
864 1788 967 1823 ήμέραν
985 1797 1029 1823 μι-

246 1832 436 1868 μνησκόμεναι,
455 1831 501 1857 καὶ
515 1829 645 1864 διηνεκῶς
660 1830 689 1856 ὲν
706 1831 738 1865 τῇ
763 1829 867 1865 διανοίᾳ
890 1830 1030 1866 περιστρέ-

244 1881 349 1907 φοντες,
366 1872 500 1908 μηδέποτε
516 1870 701 1906 συγχωρῶμεν
711 1871 751 1902 είς
763 1870 847 1906 λήθην
857 1872 930 1906 ήμᾶς
941 1871 1028 1898 αὐτῶν

244 1916 383 1950 ἐμπεσεῖν.
405 1913 508 1945 Ὶκανδς
522 1913 576 1948 γὰρ
589 1913 655 1948 ἡμῖν
677 1912 783 1948 χαλινὸς
795 1912 875 1939 τοῦτο
887 1914 1028 1949 γενήσεται

244 1957 312 1992 πρὸς
327 1956 357 1982 τὸ
382 1954 557 1982 συνεστάλθαι
584 1955 631 1981 καὶ
652 1953 816 1990 μετριάζειν.
844 1955 898 1982 Καὶ
913 1955 938 1982 τί
959 1955 1029 1988 λέγω

245 1997 360 2028 Παῦλον,
376 1996 422 2023 τὸν
440 1995 632 2022 τοσοῦτονκαὶ
658 1995 830 2030 τηλικοῦτον;
848 1995 939 2027 Θέλεις
967 1996 1029 2023 ίδεῖν

243 2039 363 2069 καὶτοὺς
381 2039 409 2064 ἐν
422 2039 454 2072 τῇ
470 2037 574 2072 ιῖαλαιᾷ
600 2036 723 2063 ἐντεῦθεν
743 2036 859 2071 μάλιστα
884 2037 1029 2072 εὐδοκιμή-

245 2088 355 2111 σαντας,
369 2079 423 2106 ἀπὺ
437 2078 483 2105 τοῦ
501 2078 654 2113 μετριάζειν
670 2077 738 2112 μετὰ
752 2078 836 2113 μυρία
853 2078 1029 2113 κατορθώμα-

243 2129 286 2150 τα.
295 2120 341 2146 καὶ
347 2120 397 2154 τὴν
407 2120 509 2153 ἄφατον
519 2119 674 2154 παρρησίαν
685 2127 691 2150 ;
701 2119 799 2144 ’Δκουε
806 2118 852 2144 τοῦ
862 2119 1029 2154 πατριάρχου

244 2161 377 2193 λέγοντος,
391 2160 459 2196 μετά
473 2160 521 2193 τὴν
539 2159 645 2194 ὁμιλίαν
659 2159 707 2194 τὴν
721 2160 788 2194 πρὸς
803 2159 848 2185 τὸν
863 2159 939 2190 Θεὸν,
962 2160 1030 2194 μετά

245 2201 293 2236 τὴν
307 2199 471 2234 ἐπαγγελίαν
485 2200 532 2235 τὴν
546 2200 586 2231 είς
599 2200 679 2226 αὐτὸν
688 2199 875 2234 γεγενημένην
885 2208 892 2215 ’
911 2200 981 2235 Ἐγὼ
996 2200 1030 2227 δέ

244 2244 302 2277 ειμι
320 2241 359 2276 τῆ
377 2241 425 2268 καί
441 2241 565 2273 σποδός.

280 2287 314 2318 γ’.
330 2282 402 2319 [508]
424 2282 492 2308 Ἀλλ’
505 2282 597 2317 ἐπειδὴ
607 2282 653 2308 τοῦ
665 2282 834 2318 πατριάρχου
848 2283 994 2318 ἐμνήσθην,
1005 2285 1029 2310 εί

244 2325 327 2357 δοκεῖ,
346 2324 381 2351 τὰ
398 2325 516 2359 σήμερον
530 2323 737 2357 ἀναγνωσθέντα
752 2323 896 2359 προθῶμεν
919 2324 965 2350 ἐπὶ
981 2326 1030 2360 τῆς

245 2367 380 2402 ὑμετέρας
407 2365 518 2400 ἀγάπης
528 2385 536 2396 .
553 2365 595 2391 ἵνα
611 2364 698 2391 ταῦτα
713 2365 915 2398 ἀναπτύξαντες
930 2367 1029 2400 ἴδωμεν

243 2409 293 2444 τῆς
307 2408 407 2443 ἀρετῆς
422 2407 469 2433 τοῦ
486 2406 590 2433 δικαίου
605 2406 654 2441 τὴν
671 2406 834 2442 ὑπερϐολήν.
853 2408 908 2434 Καὶ
930 2407 1028 2439 ἔλαϐε,

245 2450 322 2485 φησὶ,
336 2449 434 2483 Θιὶῤῥα
442 2448 495 2474 τὸν
506 2448 613 2481 Ἀϐραμ
625 2447 672 2474 καὶ
685 2447 737 2474 τὸν
747 2447 852 2482 Ναχὼρ
865 2448 934 2481 τοὺς
946 2449 1030 2481 υἱοὺς

244 2490 345 2519 αὐτοῦ.
364 2490 411 2517 καὶ
427 2489 480 2515 τὸν
493 2488 557 2515 Λὼτ
572 2488 625 2515 τὸν
635 2489 703 2515 υἱὸν
712 2489 764 2516 τοῦ
776 2489 842 2516 υἱοῦ
858 2489 962 2522 αὐτοῦ,
979 2489 1029 2516 καί

244 2533 301 2565 τὴν
317 2532 416 2566 Σιὶριιν
428 2529 485 2562 τὴν
494 2529 615 2563 νύμφην
625 2529 729 2560 αὐτοῦ,
745 2530 870 2565 γυναῖκα
882 2530 916 2556 δὲ
923 2531 1030 2565 Ἀϐραμ

244 2573 298 2600 τοῦ
314 2572 381 2599 υ)οὗ
396 2570 488 2598 αὑτοῦ
502 2578 507 2584 ·
521 2570 723 2605 καίέξήγαγεν
732 2571 843 2604 αὐτοὺς
860 2571 894 2597 ἐκ
910 2570 964 2605 τῆς
975 2571 1030 2606 χώ-

244 2623 299 2648 ρας
312 2614 372 2640 τῶν
386 2612 551 2642 Χαλδαίων,
568 2611 746 2645 πορευθῆναι
764 2613 808 2644 είς
832 2612 888 2645 τὴν
902 2613 960 2646 γῆν
971 2612 1031 2639 τῶν

245 2654 428 2684 Χαναναίων,
439 2652 487 2679 καί
497 2651 589 2687 ἦλθεν
603 2653 655 2685 ἕως
667 2653 784 2687 Χαῤῥὰν
794 2654 841 2679 καί
859 2653 1031 2687 κατῴκησεν

245 2696 319 2723 ἐκεῖ·
339 2696 387 2722 καί
412 2695 550 2729 ἐγένοντο
577 2693 670 2722 πᾶσαι
698 2696 728 2721 al
751 2694 856 2729 ἡμέραι
881 2694 978 2729 Θάῤῥα
997 2695 1031 2721 ἐν

246 2737 364 2769 Χαρῤὰν
388 2736 439 2770 ἔτη
464 2735 602 2762 διακόσια
620 2735 728 2767 πέντε,
759 2736 808 2762 καὶ
833 2736 981 2763 ἀπέθανεν
996 2737 1031 2763 ἐν

247 2779 373 2813 Χαρῤίὶν.
389 2777 466 2813 Μετά
488 2777 629 2813 ἀκριϐείας
655 2777 842 2813 προσέχωμεν,
868 2779 1030 2813 παρακαλῶ,

245 2822 302 2852 τοῖς
321 2819 541 2854 ἀναγνωσθεῖσιν,
569 2819 611 2845 ἵνα
626 2818 784 2854 δυνηθῶμεν
810 2819 970 2846 καταλαϐεῖν
986 2820 1031 2847 τὸν

246 2861 309 2888 νοῦν
332 2861 385 2887 τῶν
405 2860 645 2895 ἐγγεγραμμένων,
672 2860 736 2886 Ἰδοὺ
753 2860 806 2895 γὰρ
832 2861 860 2886 ὲν
880 2861 1031 2896 προοιμίοις

246 2903 319 2931 δοκεί
333 2903 441 2938 ζήτημα
451 2900 520 2928 εἶναι
532 2903 560 2928 ὲν
569 2903 625 2933 τοῖς
637 2901 800 2936 εἰρημένοις.
814 2901 865 2927 Τοῦ
879 2902 933 2938 γὰρ
946 2912 1028 2938 μακα-

249 2946 307 2983 ρίου
321 2945 415 2972 τούτου
430 2944 580 2980 προφήτου,
591 2942 638 2969 τοῦ
655 2943 792 2974 Μωῦσέως
805 2942 886 2978 λέγω,
898 2944 1028 2976 εἰπόντος,

590 159 618 186 S.
639 157 783 187 JOANNIS
802 153 1046 184 CHRYS!)STO.\II
1065 155 1225 184 ARCHIEP.
1243 151 1518 182 CONSTANTINOP.

1807 153 1861 180 286

1075 215 1116 240 ὅτι
1132 214 1242 240 Ἕλασε
1258 213 1355 246 Θάρῤα
1366 211 1420 238 τὸν
1430 210 1542 244 Ἀδραμ
1556 207 1604 236 καί
1620 208 1674 235 τὸν
1687 210 1805 244 Ναχὼρ,
1817 212 1866 238 καὶ

1074 254 1221 289 ἐξήγαγεν
1236 254 1269 280 ἐκ
1287 253 1343 288 γῆς
1363 250 1535 282 Χαλδαίων.
1552 247 1734 283 πορευθῆναι
1748 252 1793 284 εὶς
1809 251 1866 285 τὴν

1075 296 1134 331 γῆν
1145 296 1205 322 τῶν
1219 295 1403 326 Χαναναίων.
1423 292 1472 322 καὶ
1487 290 1581 326 ἦλθεν
1593 292 1648 325 ἕως
1666 292 1796 326 Χαρῤὰν,
1817 294 1865 321 καὶ

1075 336 1250 370 κατῴκησεν
1263 336 1340 363 ἐκεῖ·
1361 337 1375 362 ὁ
1388 336 1523 371 μακάριος
1537 334 1674 368 Στέφανος
1685 335 1867 369 ἐγκωμιάζων

1075 380 1138 411 τοὺς
1156 379 1297 410 Ἰουδαίους
1312 378 1404 414 φησίν·
1427 378 1453 404 Ὀ
1468 376 1541 410 Θεὸς
1557 373 1611 409 τῆς
1625 375 1719 408 δόξης
1731 375 1815 410 ὤφθη
1827 376 1867 408 τῷ

1075 421 1164 455 πατρὶ
1178 421 1262 455 ἡμῶν
1278 421 1406 454 Ἀϐραὰμ
1424 420 1488 446 ὄντι
1504 419 1540 446 ἐν
1555 418 1780 452 Μεσοποταμίᾳ,
1797 418 1868 452 πρὶν

1075 463 1094 496 ἢ
1105 458 1280 496 κατοικῆσαι
1296 462 1389 489 αὐτὸν
1400 462 1435 488 ὲν
1448 461 1574 495 Χαρῤὰν,
1587 459 1736 491 κάκεῖθεν,
1745 460 1820 493 μετὰ
1833 459 1867 486 τὸ

1076 503 1240 532 ἀποθανεῖν
1255 504 1310 531 τὸν
1328 504 1440 537 πατέρα
1454 503 1563 533 αὑτοῦ,
1577 501 1744 536 μετῴκισεν
1762 502 1864 528 αὐτόν.

1075 547 1109 573 Τί
1120 544 1166 573 οὖν
1181 547 1273 576 ὲστινι
1294 545 1462 572 ἐναντιοῦται
1481 545 1564 579 ἑαυτῇ
1582 545 1599 580 ἡ
1614 543 1674 570 θεία
1690 543 1786 579 Γραφή
1800 551 1806 574 ς
1823 543 1866 578 Μὴ

1075 589 1179 622 γένοιτο
1189 597 1195 603 ·
1212 588 1280 614 ἀλλὰ
1301 587 1414 614 συνιδεῖν
1429 587 1461 613 ἐκ
1473 586 1568 612 τούτου
1592 586 1736 621 προσήκει,
1754 585 1794 611 ὅτι
1807 585 1865 612 θεο-

1076 629 1169 663 φιλοῦς
1183 629 1259 661 ὄντος
1272 628 1317 655 τοῦ
1334 628 1428 660 παιδὸς
1441 648 1448 659 ,
1467 627 1561 662 ὀφθεὶς
1582 626 1657 661 αὐτῷ
1669 627 1683 652 ὁ
1697 626 1763 658 Θεὸς
1783 635 1866 660 προσ-

1076 671 1153 703 έταξε
1166 670 1362 706 μεταναστῆναι
1373 670 1487 696 ἐκεῖθεν.
1500 670 1554 696 Καὶ
1562 668 1639 695 τοῦτο
1650 668 1731 702 γνοὺς
1748 669 1761 693 ὁ
1771 667 1864 702 9άρρα

1076 713 1090 738 ὸ
1104 712 1198 739 τούτου
1213 712 1313 748 πατὴρ.
1324 712 1348 738 εί
1364 711 1408 738 καὶ
1423 711 1536 741 ἄπιστος
1548 710 1704 744 ἐτύγχανεν,
1724 709 1781 735 ἀλλ’
1792 709 1866 743 ὅμως

1077 754 1130 780 ὑπὸ
1148 754 1194 780 τοῦ
1211 753 1277 789 πρὸς
1299 753 1344 779 τὸν
1371 753 1453 778 παῖδα
1481 752 1594 787 φίλτρου
1613 750 1776 786 κοινωνῆσαι
1791 750 1865 785 αὑτῷ

1077 795 1238 827 κατεδέξατο
1256 795 1304 829 τῆς
1320 794 1485 829 ἀποδημίας,
1505 793 1553 819 καὶ
1567 792 1652 819 ἐλθὼν
1670 793 1709 823 είς
1728 791 1776 826 τὴν
1789 792 1863 827 Χαῤ-

1079 837 1138 873 ρἑν,
1163 837 1244 863 κάκεῖ
1266 837 1440 870 κατοικήσας,
1466 835 1537 861 οὕτω
1555 833 1704 869 μετήλλαξε
1728 833 1773 859 τὸν
1793 833 1862 868 βίον·

1077 880 1124 906 καὶ
1136 879 1196 905 τότε
1211 878 1386 908 κελεύσαντος
1400 877 1447 903 τοῦ
1467 876 1534 903 Θεοῦ
1548 876 1741 911 μετανίσταται
1760 876 1799 906 εἰς
1817 875 1865 910 τὴν

1077 919 1232 947 Χαναναίαν
1243 920 1256 945 ὁ
1270 919 1452 954 πατριάρχης.
1470 918 1577 953 Ἀμέλει
1594 917 1623 944 οὐ
1640 917 1771 952 πρότερον
1786 916 1866 943 αὐτὸν

1078 963 1091 989 ὁ
1104 961 1169 993 Θεὸς
1191 961 1296 987 ἐκεῖθεν
1321 961 1464 995 ἀνέστησε,
1483 960 1579 995 μέχρις
1589 960 1633 986 ὅτε
1646 960 1743 996 Θάρρα
1762 959 1866 985 ἐτελεύ-

1078 1012 1153 1038 τησε.
1169 1003 1234 1029 Τότε
1246 1003 1300 1037 γὰρ
1312 1002 1381 1036 μετὰ
1389 1002 1439 1036 τὴν
1454 1001 1557 1028 ἐκείνου
1572 1001 1709 1036 τελευτὴν,
1725 1000 1801 1036 φησὶ,
1811 1000 1865 1027 Καὶ

1078 1043 1142 1072 εἷπε
1159 1045 1265 1077 Κύριος
1276 1043 1316 1076 τῷ
1329 1044 1436 1077 Ἀϐραμ
1447 1052 1454 1059 ·
1474 1043 1598 1075 Ἔξελθε
1612 1043 1646 1070 ἐκ
1660 1043 1715 1076 τῆς
1728 1043 1784 1077 γῆς
1796 1050 1864 1073 σου,

1079 1086 1126 1113 καὶ
1143 1086 1176 1112 ἐκ
1190 1085 1244 1119 τῆς
1258 1086 1434 1120 σύῃένειάς
1445 1093 1513 1116 σου,
1528 1085 1575 1112 καὶ
1589 1085 1623 1111 ἐκ
1647 1085 1700 1112 τοῦ
1712 1085 1796 1111 οἵκοιι
1813 1083 1866 1110 τοῦ

1079 1129 1190 1161 πατρός
1201 1134 1269 1157 σου,
1286 1127 1334 1153 καί
1352 1126 1440 1160 δεῦρο
1453 1127 1496 1159 εις
1511 1125 1580 1160 γῆν,
1599 1125 1640 1159 ἦν
1654 1126 1692 1152 ἄν
1706 1134 1754 1153 σοι
1768 1125 1864 1156 δείξω.

1080 1170 1132 1197 Καὶ
1150 1168 1266 1201 ποιήσω
1280 1175 1318 1195 σε
1332 1169 1376 1201 είς
1392 1168 1475 1200 ἔθνος
1487 1167 1573 1202 μέγα.
1588 1169 1636 1195 καὶ
1650 1168 1807 1203 εὐλογήσω
1818 1176 1866 1199 σε.

1080 1211 1127 1238 καί
1138 1210 1298 1246 μεγαλυνῶ
1320 1210 1352 1237 τὸ
1372 1211 1465 1244 ὄνομα
1480 1218 1548 1242 σου,
1565 1210 1614 1237 καὶ
1637 1210 1696 1244 ἔσῃ
1710 1209 1869 1244 εὐλογημέ-

1079 1262 1148 1286 νος·
1166 1251 1214 1279 καὶ
1242 1251 1399 1286 εὐλογήσω
1427 1251 1497 1285 τοὺς
1519 1252 1721 1286 εὐλογοῦντάς
1736 1259 1792 1284 σε,
1817 1251 1867 1278 καὶ

1079 1295 1150 1327 τοὺς
1162 1293 1387 1327 καταρωμένους
1400 1300 1437 1320 σε
1450 1293 1652 1328 καταράσομαι
1663 1302 1669 1309 ·
1685 1294 1734 1320 καί
1746 1294 1867 1320 ἐνευλο-

1079 1336 1262 1371 γηθήσονται
1276 1336 1311 1362 ἐν
1321 1335 1370 1362 σοι
1382 1335 1476 1362 πᾶσαι
1491 1336 1521 1362 al
1537 1336 1629 1369 gnua)
1642 1334 1696 1368 τῆς
1705 1334 1770 1370 γῆς.
1782 1335 1868 1361 Ἐκα-

1081 1386 1143 1403 στον
1155 1377 1208 1403 τῶν
1218 1376 1371 1412 εἰρημένων
1383 1377 1452 1411 μετὰ
1464 1376 1605 1411 ἀκριϐείας
1618 1376 1657 1402 διε
1663 1375 1867 1412 ρευνησώμεθα,

1081 1418 1125 1444 ἵνα
1139 1419 1238 1453 ἴδωμεν
1251 1417 1302 1451 τῆς
1318 1418 1430 1452 γνώμης
1443 1417 1489 1444 τοῦ
1503 1418 1672 1453 πατριάρχου
1687 1417 1719 1444 τὸ
1735 1416 1867 1451 φιλόθεον,

1116 1459 1160 1494 Μὴ
1176 1459 1229 1494 γὰρ
1245 1458 1337 1490 ἁπλῶς
1352 1458 1576 1494 παραδράμωμεν
1587 1459 1618 1485 τὸ
1641 1459 1795 1494 εἰρημένον.
1810 1458 1868 1484 ἀλλ’

1081 1501 1251 1535 ἐννοήσωμεν
1268 1500 1329 1531 ὅσος
1342 1500 1390 1526 τοῦ
1404 1501 1588 1535 ἐπιτάγματος
1598 1502 1612 1527 ὁ
1622 1501 1714 1534 ὖγκος.
1731 1500 1868 1531 Ἔξελθε,

1081 1541 1172 1576 φησὶν,
1197 1541 1229 1568 ἐκ
1258 1541 1312 1575 τῆς
1329 1541 1384 1575 γῆς
1399 1548 1467 1572 σου,
1497 1541 1546 1568 καὶ
1563 1542 1596 1568 ἐκ
1614 1540 1669 1574 τῆς
1693 1541 1870 1575 συγγενείας

1081 1590 1149 1615 σου,
1168 1583 1216 1610 καὶ
1233 1583 1266 1609 ἐκ
1280 1582 1334 1609 τοῦ
1347 1583 1432 1609 οἴκου
1444 1583 1496 1610 τοῦ
1513 1584 1624 1616 πατρός
1635 1591 1704 1613 σου,
1718 1582 1768 1609 καί
1781 1582 1870 1615 δεῦρο

1081 1625 1124 1657 εὶς
1136 1624 1194 1658 τὴν
1207 1623 1275 1658 τῆν,
1290 1623 1328 1657 ἣν
1344 1624 1383 1650 ἄν
1396 1632 1445 1650 σοι
1461 1623 1558 1656 δείξω.
1577 1623 1728 1655 Κατάλιπε,
1742 1623 1818 1657 φησὶ,
1835 1623 1869 1649 τὰ

1081 1665 1147 1700 δῆλα
1158 1666 1204 1693 καὶ
1218 1666 1253 1693 τὰ
1262 1665 1470 1701 ὡμολογημένα,
1484 1666 1532 1692 καὶ
1548 1665 1715 1701 προτίμησον
1730 1664 1765 1691 τὰ
1785 1665 1870 1698 ἄδηλα

1082 1707 1128 1734 καὶ
1144 1707 1177 1734 τὰ
1196 1707 1232 1742 μὴ
1248 1707 1407 1742 φαινόμενα.
1417 1707 1517 1734 Σκόπει
1534 1707 1593 1738 πῶς
1611 1706 1640 1738 ἐξ
1661 1708 1750 1742 ἀρχῆς
1774 1708 1821 1733 καὶ
1838 1708 1870 1734 ἐκ

1081 1748 1231 1784 προοιμίων
1242 1748 1411 1784 ἐγυμνάζετο
1424 1750 1438 1775 ὁ
1448 1749 1551 1780 δίκαιος
1565 1749 1598 1775 τὰ
1612 1748 1648 1783 μὴ
1657 1748 1805 1783 φαινόμενα
1817 1749 1870 1775 τῶν

1082 1789 1253 1825 φαινομένων
1267 1789 1412 1825 προτιμᾷν,
1426 1790 1472 1816 καὶ
1488 1789 1523 1817 τὰ
1541 1790 1669 1823 μέλλοντα
1693 1789 1747 1816 τῶν
1760 1791 1788 1816 ἐν
1807 1798 1872 1825 χερ-

1083 1832 1125 1858 σὶν
1149 1831 1242 1858 ὄντων.
1268 1831 1335 1858 Οὐδὲ
1351 1831 1405 1867 γὰρ
1420 1831 1450 1857 τὸ
1465 1831 1546 1866 τυχὸν
1562 1829 1596 1866 ἦν
1622 1831 1691 1866 ὅπερ
1708 1831 1870 1858 ἐπετάττετο

1083 1874 1202 1908 ποιῆσαι,
1230 1872 1306 1908 [509]
1333 1873 1493 1900 καταλιπεῖν
1505 1873 1555 1908 τὴν
1574 1873 1636 1908 γῆν,
1654 1872 1718 1899 ἔνθα
1744 1873 1870 1900 τοσοῦτον

1081 1915 1173 1950 ᾣκησε
1187 1914 1293 1949 χρόνον,
1307 1914 1354 1940 καὶ
1364 1915 1413 1950 τὴν
1425 1914 1584 1948 συγγένειαν
1593 1915 1711 1946 ἃπασαν,
1724 1915 1771 1940 καὶ
1783 1915 1871 1941 πάντα

1081 1955 1129 1982 τοῦ
1146 1954 1249 1990 πατρὸς
1261 1956 1306 1981 τὸν
1320 1952 1404 1986 οίκον,
1421 1956 1467 1982 καὶ
1484 1956 1571 1982 ἐλθεῖν
1582 1955 1646 1982 ἔνθα
1664 1955 1701 1991 μὴ
1715 1955 1784 1991 ᾔδει,
1804 1955 1870 1990 μηδέ

1081 1996 1225 2031 ἠπίστατο.
1244 1997 1281 2023 Οὐ
1295 1996 1350 2032 γὰρ
1361 1995 1438 2023 εἶπεν
1451 1998 1490 2028 είς
1505 1998 1584 2024 ποίαν
1602 1997 1683 2023 αὑτὸν
1699 1996 1789 2032 χώραν
1807 1996 1870 2031 βού-

1082 2038 1157 2065 λεται
1178 2040 1354 2074 μεταστῆσαι.
1370 2039 1436 2065 ἀλλά
1450 2039 1488 2073 τῷ
1498 2039 1645 2075 ἀδιορίστῳ
1657 2038 1704 2065 τοῦ
1719 2039 1870 2073 ἐπιτάγμα-

1082 2088 1126 2111 τος
1143 2079 1279 2114 ἐγύμναζε
1298 2079 1345 2106 τοῦ
1368 2079 1540 2116 πατριάρχου
1559 2080 1590 2106 τὸ
1618 2079 1751 2114 φιλόθεον.
1780 2079 1870 2113 Δεῦρο

1082 2119 1146 2155 γὰρ,
1164 2121 1254 2155 φησὶν.
1269 2121 1312 2153 εὶς
1326 2119 1382 2154 τὴν
1400 2120 1467 2154 τὴν,
1484 2120 1524 2153 ἦν
1537 2120 1576 2146 ἄν
1590 2128 1639 2147 σοι
1651 2121 1747 2152 δείξω.
1763 2121 1869 2156 Ἐννόη-

1083 2162 1128 2188 σόν
1151 2170 1205 2196 μοι,
1230 2162 1366 2196 ἀγαπητὲ,
1384 2162 1457 2193 ὅπως
1475 2162 1580 2196 ὑψηλῆς
1609 2162 1694 2188 ἐδεῖτο
1710 2162 1822 2197 γνώμης
1841 2162 1871 2189 τὸ

1082 2202 1231 2237 ἐπίταγμα,
1250 2203 1296 2229 καὶ
1311 2203 1431 2238 μηδεμιᾷ
1446 2203 1617 2238 προσπαθείᾳ
1631 2203 1647 2238 ἦ
1664 2204 1792 2239 συνηθείᾳ
1806 2212 1871 2230 κατ-

1082 2243 1223 2279 εχομένης.
1243 2244 1274 2270 Εἰ
1286 2244 1339 2279 γὰρ
1357 2244 1403 2270 νῦν
1422 2245 1490 2278 μετὰ
1517 2245 1547 2270 τὸ
1571 2244 1709 2270 ἐπιδοῦναι
1731 2245 1780 2279 τὴν
1794 2245 1872 2271 εὐσέ-

1082 2285 1168 2315 ὖειαν,
1185 2284 1270 2317 οὕτως
1285 2285 1338 2312 εἰσὶ
1355 2286 1446 2312 πολλοὶ
1462 2287 1495 2321 τῇ
1510 2285 1640 2320 συνηθείᾳ
1651 2285 1869 2321 προσδεδεμένοι,

1082 2326 1120 2357 ὡς
1135 2326 1182 2352 καὶ
1199 2326 1327 2361 μυριάκις
1343 2327 1375 2353 ἂν
1390 2327 1500 2358 ἕλοιντο,
1517 2325 1567 2352 κᾶν
1583 2326 1689 2361 ἀνάγκη
1708 2327 1869 2363 κατεπείγῃ,

1082 2367 1171 2393 πάντα
1186 2367 1339 2402 ὑπομεῖναι,
1353 2368 1368 2402 ἢ
1380 2367 1433 2393 τῶν
1443 2368 1532 2394 τόπων
1543 2368 1718 2402 μεταστῆναι,
1728 2367 1793 2394 ἔνθα
1806 2369 1872 2403 πρό-

1081 2417 1159 2444 τερον
1171 2408 1220 2438 τὴν
1236 2408 1341 2443 οἴκησιν
1354 2408 1442 2443 έσχον.
1461 2409 1507 2435 καὶ
1520 2409 1606 2435 ταῦτα
1626 2409 1675 2436 οὐκ
1693 2409 1739 2436 ἐπὶ
1758 2409 1812 2436 τῶν
1826 2418 1871 2435 τυ-

1082 2451 1184 2486 χόντων
1198 2450 1276 2485 μόνον
1291 2450 1395 2485 ἀνδρῶν
1410 2450 1484 2476 ἐστιν
1507 2450 1580 2481 ἰδεῖν,
1601 2450 1669 2477 ἀλλὰ
1691 2451 1737 2477 καὶ
1763 2451 1810 2476 ἐπὶ
1824 2459 1871 2485 φυ-

1083 2492 1184 2526 γόντων
1198 2491 1261 2521 τοὺς
1274 2492 1303 2518 ὲν
1319 2491 1393 2526 μέσῳ
1407 2491 1546 2525 θορύϐους.
1565 2492 1612 2518 καὶ
1623 2492 1668 2518 τὸν
1681 2492 1735 2518 τῶν
1747 2492 1872 2527 μοναχῶν

1083 2533 1218 2568 ἑλομένων
1239 2532 1310 2566 βίον·
1332 2531 1421 2566 πολλῷ
1442 2532 1474 2567 δὴ
1503 2533 1603 2567 μᾶλλον
1625 2533 1685 2559 τότε
1710 2533 1755 2559 τὸν
1768 2533 1870 2559 δίκαιον

1082 2573 1173 2600 τοῦτον
1201 2573 1274 2604 είκὸς
1301 2570 1335 2608 ἦν
1348 2573 1509 2608 δυσχερᾶναι
1525 2573 1594 2609 πρὸς
1610 2574 1640 2600 τὸ
1657 2574 1806 2609 ἐπίταγμα,
1824 2575 1870 2601 καὶ

1082 2614 1260 2650 ὀκνηρότερον
1272 2614 1450 2649 καταστῆναι.
1461 2614 1582 2647 Ἔξελθε,
1591 2614 1667 2650 φησὶ,
1679 2615 1726 2641 καὶ
1737 2615 1869 2642 κατάλιπε

1082 2657 1144 2687 τοὺς
1155 2657 1305 2690 συγγενεῖς,
1315 2656 1413 2682 καὶτὸν
1424 2654 1498 2682 οἶκον
1507 2656 1550 2683 τὸν
1562 2656 1705 2691 πατρικὸν,
1721 2657 1768 2682 καὶ
1779 2656 1872 2689 Δεῦρο

1083 2699 1126 2730 εἰς
1139 2697 1204 2732 γῆν,
1219 2696 1304 2730 ἣνᾶν
1316 2705 1364 2724 σοι
1376 2697 1473 2730 δείξω.
1486 2697 1552 2724 Τίνα
1559 2696 1606 2724 οὖν
1614 2698 1665 2724 οὑκ
1678 2698 1711 2725 ἂν
1721 2697 1869 2733 ἐθορύϐησε

1082 2739 1160 2765 ταυτὶ
1177 2739 1211 2765 τὰ
1229 2739 1356 2774 ρήματας
1382 2739 1449 2766 Οὔτε
1464 2739 1510 2766 τὸν
1521 2739 1614 2772 τόπον,
1634 2739 1695 2766 οὕτε
1716 2740 1764 2775 τὴν
1780 2740 1870 2775 χώραν

1082 2780 1165 2815 δήλην
1186 2780 1260 2815 αὐτῷ
1274 2782 1354 2813 ποιεῖ,
1371 2781 1440 2807 ἀλλὰ
1452 2780 1491 2816 τῷ
1508 2780 1652 2816 ἀδιορίστῳ
1667 2781 1805 2816 βασανίζει
1823 2781 1870 2807 τοῦ

1082 2821 1186 2848 δικαίου
1200 2822 1249 2857 τὴν
1266 2821 1389 2857 γνώμην.
1411 2822 1443 2848 El
1456 2822 1510 2858 γὰρ
1528 2823 1621 2857 ἕτερός
1637 2831 1678 2854 τις
1702 2821 1737 2858 ἦν
1750 2824 1763 2849 ὁ
1780 2823 1871 2849 κελευ-

1084 2863 1167 2894 σθεὶς,
1183 2863 1228 2889 καὶ
1240 2860 1279 2895 εἷς
1295 2863 1349 2890 τῶν
1362 2863 1476 2894 πολλῶν,
1491 2862 1567 2890 εἶπεν
1577 2863 1620 2890 ἀν·
1635 2861 1734 2891 Ἔστω·
1750 2864 1870 2893 κελεύεις

1085 2912 1118 2939 με
1126 2903 1283 2931 καταλιπεῖν
1292 2904 1341 2940 τὴν
1353 2904 1406 2939 γῆν
1417 2904 1479 2931 ἔνθα
1491 2904 1538 2931 νῦν
1550 2905 1628 2936 οἰκῶ,
1639 2907 1689 2941 τὴν
1701 2906 1868 2940 συγγένειαν,

1082 2945 1128 2971 τὸν
1151 2943 1223 2972 οἶκον
1247 2945 1293 2973 τὸν
1309 2946 1456 2981 πατρικόν·
1482 2946 1553 2978 τινος
1569 2946 1661 2973 ἕνεκεν
1685 2947 1744 2980 οὐχὶ
1762 2947 1807 2975 καὶ
1823 2945 1868 2974 τὸν
