2055 3123
186 159 240 186 183
661 151 693 181 IN
711 151 792 180 CAP.
809 151 854 178 XI.
876 150 918 178 ΕΤ
939 147 983 177 XII

188 223 246 241 lltlls
261 222 268 240 :
283 212 330 240 sed
344 211 460 240 contenti
470 210 553 238 simus
564 207 696 237 dominica
709 207 796 236 laude.
813 208 892 243 Cujus
905 208 961 233 laus
971 227 979 239 ,

187 260 289 295 inquit,
311 267 363 286 non
382 264 414 285 ea;
433 257 588 289 hominibus,
603 255 648 282 sed
661 263 695 282 ex
707 254 760 282 Deo
781 253 868 289 (Rom.
881 253 908 280 2.
921 253 980 288 ‘29).

189 307 221 333 Et
241 313 295 341 quo
317 304 400 339 magis
416 302 557 330 virtutibus
569 301 764 336 locupletamur
775 304 803 327 et
815 299 961 327 crescimus
973 319 981 330 ,

189 352 239 379 hoc
254 351 338 386 magis
353 349 464 377 modesti
480 349 563 376 simus
573 353 600 375 et
611 347 789 374 humiliemnr.
805 345 871 373 Nam
884 345 933 372 etsi
949 345 981 372 ad

187 404 320 425 ultumum
341 394 445 423 virtutis
468 395 570 429 apicem
592 393 793 428 pertigerimus,
813 391 836 418 si
859 391 885 419 id
909 395 984 426 grato

188 444 279 470 animo
292 450 353 470 cum
370 440 415 468 Dei
428 440 563 468 beneﬁciis
577 444 761 473 comparemus
770 458 777 469 ,
792 437 870 464 facile
883 436 985 464 videbi-

157 517 163 526 ,
188 496 265 521 mus,
289 496 323 516 ne
343 487 480 514 ntinimam
502 485 607 521 quidem
622 490 723 520 partem
738 491 787 511 nos
800 489 891 510 eorum
902 503 910 515 ,
925 489 985 516 quze

188 537 215 562 in
231 542 281 562 nos
300 533 432 566 contulit,
447 532 614 567 adu-quasso.
630 530 696 557 llittc
710 529 781 556 enim
795 535 889 555 omnes
900 527 984 555 sancti

188 580 292 615 probati
314 579 435 610 fuerunt,
456 582 483 605 et
501 577 555 604 Deo
568 576 679 611 accepti.
694 575 750 602 Hoc
766 578 794 601 ιιι
804 574 906 606 discas,
921 572 984 600 audi

188 626 328 653 doctorem
348 624 436 655 orbis,
458 623 572 650 animam
592 622 662 648 illatn
678 627 737 656 qua:
751 620 777 646 in
793 618 887 647 caelum
903 625 986 653 usque

189 672 331 707 pertingit,
352 670 487 706 quomodo
511 673 571 704 post
594 672 633 695 tot
655 667 780 702 przeclara
803 672 901 700 opera,
927 668 987 699 post

190 723 292 747 tantum
301 718 335 745 de.
343 718 408 745 ca-lo
424 715 602 744 testimonium
613 713 681 749 (Vas
688 713 770 746 enim,
784 711 878 747 inquit,
889 710 987 737 electio-

189 767 228 793 uis
241 770 277 792 est
288 765 350 791 mihi
362 764 402 790 hic
416 763 483 799 [Αει.
497 762 523 789 9.
537 759 587 797 i5]
598 761 617 795 ),
633 767 687 787 non
702 758 866 786 obliviscitur
878 763 986 784 suorum

189 812 348 840 delictorum
359 832 366 843 ,
382 810 428 837 sed
438 808 568 836 ambabus
582 806 720 838 manibus,
734 810 762 832 ut
775 804 866 837 aiunt,
879 811 910 830 ea
926 809 986 829 ver—

189 863 248 891 sat,
265 862 292 885 et
307 864 392 891 neque
404 862 496 883 eortnu
512 853 667 882 memoriam
682 851 817 879 obliterari
832 849 942 885 patitur,
953 848 987 875 de

189 903 287 937 quibus
308 902 473 930 certissimus
490 903 565 931 erat,
588 899 644 932 ipsa
667 905 714 932 per
734 896 892 931 baptismum
908 894 988 921 fuisse

188 949 310 980 dimissa,
322 948 367 975 sed
376 947 471 974 clamat
479 950 506 973 et
513 944 576 973 dicit
589 953 597 972 :
610 943 731 970 Minimus
741 951 797 969 sum
807 941 987 977 apostolorum,

189 1000 214 1022 et
230 1002 282 1021 non
301 1001 356 1021 sunt
374 993 465 1027 dignus
479 990 564 1018 vocari
579 989 708 1025 apostolus
722 987 760 1024 (1.
774 987 832 1014 Cor.
848 987 891 1014 i5.
904 985 942 1022 9).
957 986 989 1013 Et

189 1045 294 1074 postea,
303 1043 332 1065 ut
342 1039 473 1073 ingentem
486 1037 543 1071 ejus
558 1035 692 1062 discamus
704 1033 889 1065 humilitatem.
899 1031 987 1058 addit:

191 1082 230 1112 Eo
244 1084 311 1119 quod
323 1087 486 1119 persequutus
498 1090 552 1108 sum
570 1080 709 1108 Ecclesium
725 1078 781 1106 Dei.
798 1077 865 1112 Quid
880 1078 936 1112 agis
946 1098 952 1108 ,
968 1084 984 1104 o

191 1130 294 1158 Paule?
317 1129 444 1157 Dominus
465 1136 512 1162 per
533 1125 740 1154 misericordiam
761 1131 836 1151 suam
852 1123 948 1151 delevit
962 1127 989 1149 et

191 1177 292 1204 dimisit
313 1175 401 1202 omnia
422 1179 529 1209 peccata
551 1178 605 1205 tua,
628 1176 655 1199 et
674 1176 703 1198 tu
726 1177 757 1198 ea
775 1169 862 1196 adlmc
875 1167 988 1195 subinde

192 1230 301 1256 versas,
323 1226 350 1248 et
369 1220 524 1248 memoras?
547 1218 634 1245 Etiam
650 1226 656 1244 :
670 1216 726 1244 scio
740 1215 811 1243 enirn
822 1235 830 1247 ,
846 1214 949 1249 inquit,
962 1218 990 1240 et

191 1277 245 1297 non
268 1269 361 1304 ignoro
375 1266 517 1293 Dominum
531 1271 619 1292 meum
635 1263 679 1290 illa
692 1261 825 1289 dimisisse
842 1269 848 1286 :
863 1259 909 1287 sed
925 1260 987 1286 dum

192 1322 296 1342 mecum
309 1313 449 1341 considero
462 1319 520 1346 qum
532 1311 639 1338 fecerim
649 1329 657 1341 ,
670 1314 697 1336 et
709 1307 787 1335 video
799 1306 893 1334 divitun
905 1307 989 1332 mise-

192 1361 314 1389 ricordia:
334 1360 443 1395 pelagus
457 1366 464 1384 :
482 1363 544 1384 tunc
560 1356 644 1391 probe
654 1355 728 1382 disco
740 1361 783 1380 me
796 1352 880 1388 gratia
896 1357 923 1378 et
937 1351 988 1377 mi—

192 1406 338 1435 sericordia
362 1405 407 1432 Dei
424 1411 483 1431 esse
498 1403 523 1430 id
537 1402 606 1437 quod
622 1408 691 1428 sum.
707 1398 771 1427 Nam
787 1405 847 1426 cmn
862 1394 989 1433 dixisset,

192 1454 254 1481 Non
276 1461 333 1480 sunt
356 1452 448 1487 dignus
464 1450 547 1476 uocari
560 1449 690 1484 apostolus
700 1467 708 1479 ,
722 1455 750 1473 eo
765 1445 832 1481 quod
849 1444 988 1471 Ecclesium

192 1500 240 1527 Dei
254 1508 310 1527 sum
325 1502 486 1533 persequutus
496 1517 503 1528 ,
517 1496 634 1523 subdidit
650 1504 656 1522 :
673 1492 762 1521 Gratia
775 1497 860 1518 autent
876 1487 923 1518 Dei
933 1498 988 1517 sum

192 1548 219 1582 id
239 1547 307 1583 quod
328 1555 384 1574 sum
405 1545 485 1579 (Ibid.
497 1551 521 1570 υ.
541 1543 596 1577 i0).
617 1542 673 1576 Ego
683 1537 907 1583 quidem,inquit,
919 1539 989 1563 tanta

193 1593 299 1621 ferebar
311 1592 412 1619 insania
424 1599 431 1623 ;
447 1589 586 1618 ineﬁ'abilis
601 1593 690 1615 autem
706 1585 765 1620 ejus
776 1580 881 1612 bonitas
892 1587 918 1609 et
927 1589 989 1617 gra-

192 1642 228 1668 tia
244 1639 428 1666 remissionem
440 1635 524 1664 dedit.
536 1634 645 1662 Vidistis
655 1633 770 1659 animam
783 1630 925 1657 contritam
940 1648 947 1660 ,
962 1630 990 1654 et

192 1687 349 1715 memoriam
371 1687 540 1719 peccatorum
551 1701 558 1714 ,
581 1687 641 1716 quas
662 1683 724 1706 ante
737 1676 898 1711 baptismum
913 1682 988 1702 coma-

194 1734 315 1765 miserat,
332 1734 460 1766 perpetuo
476 1726 706 1755 circumferentem
720 1724 731 1750 ἲ
744 1723 818 1750 Illum
829 1726 856 1748 et
869 1728 917 1748 nos
930 1719 989 1747 imi-

193 1784 299 1810 temur,
323 1781 351 1804 et
371 1782 465 1803 eorum
485 1781 545 1809 qum
569 1776 629 1806 post
650 1769 811 1805 baptismum
832 1766 990 1794 admisimus

192 1824 312 1859 quotidie
335 1828 468 1849 memores
477 1841 485 1854 ,
501 1819 681 1852 continuoque
694 1823 724 1842 ea
740 1815 766 1842 in
779 1818 868 1841 mente
879 1819 989 1839 versan-

193 1858 234 1897 tes
245 1890 252 1902 ,
267 1875 411 1902 numquam
427 1865 610 1901 permittamus
623 1867 651 1890 ut
663 1862 781 1896 ipsorum
790 1858 989 1886 obliviscantur.

194 1916 251 1943 lloc
264 1914 336 1942 enim
351 1913 455 1941 frenum
467 1910 581 1939 sufﬁciet
593 1909 626 1936 ad
640 1905 836 1936 bumiliandum
847 1911 907 1937 nos,
919 1908 946 1930 et
956 1902 989 1930 ad

193 1960 354 1988 modestiam
374 1956 592 1993 ingenerandam.
607 1955 641 1982 Et
655 1953 718 1989 quid
732 1952 792 1980 dico
806 1950 916 1978 Paulum
931 1953 990 1976 tana-

194 2013 250 2034 tum
263 2011 292 2034 et
305 2006 385 2033 talem
401 2005 486 2031 virum
498 2003 509 2030 ?
525 2002 571 2029 Vis
586 2001 678 2028 videre
692 1998 772 2027 etiam
785 2005 832 2025 eos
844 1997 888 2032 qui
903 1997 931 2023 in
942 2003 990 2022 ve-

194 2055 244 2081 teri
267 2054 325 2087 lege
347 2052 409 2078 hinc
430 2051 545 2076 maxime
564 2048 734 2078 claruerunt,
749 2044 819 2080 quod
836 2048 896 2078 post
911 2043 990 2070 innu-

195 2106 269 2127 mera
286 2099 353 2124 bona
365 2104 444 2132 opera
453 2116 461 2130 ,
475 2100 503 2123 et
515 2093 676 2122 iueﬁ'abilem
691 2091 761 2127 apud
773 2091 856 2118 Deum
867 2088 989 2117 ﬁduciam

195 2144 310 2172 modesti
334 2143 451 2170 fuerint?
471 2140 540 2168 Audi
557 2139 620 2175 quid
644 2138 716 2165 dicat
735 2135 901 2172 patriarcha,
914 2138 989 2169 post-

195 2199 275 2226 quam
289 2188 510 2217 consuetudinem
521 2194 582 2213 cmn
598 2186 652 2212 Deo
666 2183 775 2214 habuit,
793 2185 820 2208 et
832 2181 900 2208 facta
913 2184 954 2208 est
964 2179 990 2207 ei

195 2225 338 2272 promissio
359 2243 366 2262 :
389 2234 445 2271 Ego
465 2238 549 2260 autem
563 2252 571 2264 ,
595 2230 698 2266 inquit,
723 2233 790 2255 terra
808 2235 864 2254 sum
884 2231 908 2253 et
927 2225 990 2253 cinis

196 2279 274 2315 (Gen.
291 2278 406 2312 18.27).

233 2327 260 2353 5.
281 2326 414 2353 Cmterum
435 2322 495 2358 quia
510 2321 535 2348 in
550 2318 706 2355 patriarcha:
719 2316 880 2344 mentionem
894 2312 990 2341 incidi-

196 2381 258 2402 mus
269 2393 275 2406 ,
287 2372 310 2400 si
321 2371 422 2406 placet,
435 2376 467 2396 ea
477 2375 537 2403 qua!
549 2365 628 2393 bodic
641 2365 709 2391 lecta
721 2366 783 2389 sunt
793 2382 800 2394 ,
811 2366 991 2396 proponamus

197 2404 303 2447 caritati
322 2404 419 2444 vestra:
430 2435 438 2448 ,
461 2420 514 2448 quo
536 2412 587 2439 illis
600 2409 739 2445 explicatis
752 2407 888 2434 videamus
902 2404 991 2431 excel-

199 2467 298 2493 lentem
313 2463 375 2498 justi
388 2462 522 2488 virtutem.
536 2459 581 2486 3i.
597 2457 630 2484 Et
643 2456 739 2490 accepit
751 2475 758 2487 ,
773 2453 855 2488 inquit
867 2473 874 2483 ,
892 2451 991 2478 Tharra

199 2512 294 2539 Abram
313 2514 336 2536 et
351 2508 455 2535 Ναί-[ιον
470 2507 536 2541 ﬁlios
550 2513 607 2531 suos
620 2524 627 2536 ,
641 2508 663 2530 et
676 2502 724 2529 Lot
738 2500 821 2536 [ilium
834 2499 881 2532 ﬁlii
893 2498 933 2525 sui
947 2505 957 2524 :
969 2501 992 2524 et

200 2557 295 2585 Suram
314 2562 407 2581 nurum
425 2561 497 2580 suam
507 2571 514 2584 ,
534 2558 638 2578 uxorem
651 2552 734 2574 autent
748 2546 822 2572 Abrae
835 2544 883 2578 lilii
897 2545 936 2570 sui
946 2563 953 2573 ,
969 2546 992 2568 et

200 2602 289 2629 eduxit
308 2608 349 2627 eos
364 2606 396 2626 ex
408 2603 474 2625 terra
487 2597 675 2626 Chaldaeorum,
697 2597 723 2618 ut
737 2590 953 2626 proﬁciscerentur
965 2588 992 2613 in

201 2654 293 2675 terram
305 2646 516 2673 Clmnauazorum,
529 2647 551 2668 et
562 2641 628 2668 venit
637 2645 714 2673 usque
724 2637 757 2664 ad
770 2635 894 2666 Chanan,
910 2638 933 2660 et
948 2633 993 2659 ltu-

201 2695 288 2721 bitavit
304 2693 364 2719 illic.
379 2691 422 2717 5‘2.
440 2689 473 2716 Et
487 2691 586 2720 fuerunt
596 2693 681 2713 omnes
694 2684 747 2711 dies
761 2682 866 2709 Tltarrw
875 2681 901 2705 in
913 2679 993 2706 Cltara

200 2749 259 2768 run.
279 2739 339 2764 anni
358 2738 455 2763 ducenti
477 2734 584 2766 quinque
594 2750 601 2764 ,
615 2736 637 2757 et
654 2736 766 2756 mortuus
780 2731 815 2754 est
830 2727 856 2752 in
869 2725 990 2752 Clturran.

202 2787 328 2814 Animum
342 2783 493 2817 diligenter,
506 2779 628 2808 obsecro,
644 2777 676 2803 iis
690 2782 749 2810 qua:
762 2775 829 2801 lecta
842 2776 903 2799 sunt
915 2770 993 2797 aditi-

201 2833 316 2860 beamus
327 2850 335 2862 ,
358 2834 386 2855 ut
406 2831 522 2854 mentem
545 2831 635 2851 eorum
645 2843 652 2853 ,
668 2829 727 2855 qua:
738 2821 762 2847 in
775 2818 878 2853 scriptis
892 2818 973 2844 latent
985 2836 992 2846 ,

204 2875 446 2914 deprehendamus.
464 2870 532 2899 Ecce
547 2869 617 2897 enim
634 2872 696 2894 nios
709 2866 735 2892 in
751 2864 878 2901 principio
891 2861 993 2888 videtur

988 169 996 176 .
1017 146 1140 178 CENES.
1162 150 1276 178 lIOMlL.
1297 148 1392 179 XXXI.

1775 153 1828 181 236

1037 213 1097 234 esse
1121 208 1242 241 qumstio.
1259 206 1325 235 Nam
1340 215 1400 235 cum
1415 208 1460 236 ille
1471 208 1565 236 beatus
1580 209 1707 245 iropbeta
1718 231 1726 242 ,
1745 208 1831 238 Moses

1035 252 1142 286 inquam
1155 273 1162 284 ,
1175 252 1272 279 dixerit
1287 261 1293 279 :
1307 253 1409 288 Accepit
1421 253 1522 281 Tharra
1536 255 1629 281 Abram
1637 260 1662 282 et
1674 256 1789 290 Narbor,
1807 264 1831 284 et

1035 297 1120 324 eduxit
1137 305 1168 325 ea:
1182 302 1247 324 terra
1267 298 1455 330 Clmldtvorum.
1470 305 1498 326 ut
1512 301 1728 333 proﬁciscerentur
1740 303 1767 329 in
1780 307 1830 330 ter-

1034 348 1089 369 ram
1100 342 1303 370 Chanunteorum
1317 350 1328 370 :
1342 348 1365 370 et
1378 344 1443 370 venit
1456 353 1535 378 usque
1546 346 1579 371 ad
1591 345 1716 380 Chanan,
1726 353 1750 374 et
1761 348 1832 375 [mbi-

1036 388 1096 414 tavit
1107 387 1161 414 illic
1173 395 1182 415 :
1197 388 1291 415 beatus
1305 388 1456 423 Stepbuus
1469 389 1577 417 .ludieos
1594 390 1715 425 laudans,
1729 393 1829 428 inquit:

1036 433 1105 460 Deus
1123 434 1212 469 gloria!
1229 435 1296 461 visus
1313 440 1349 462 est
1363 436 1428 470 patri
1441 441 1527 463 nostro
1541 436 1684 470 Abraham,
1700 446 1757 465 cum
1769 445 1833 466 esset

1037 480 1063 506 in
1079 479 1271 514 Mesopotamia,
1285 481 1433 517 priusquam
1444 482 1566 509 habitaret
1579 483 1606 509 in
1616 482 1743 517 Charran,
1757 490 1780 511 ot
1793 486 1832 512 il—

1038 526 1103 558 linc,
1125 531 1256 560 postquam
1271 532 1382 554 mortuus
1396 533 1432 554 est
1450 534 1520 559 pater
1532 529 1587 564 ejus
1597 549 1604 561 ,
1619 530 1744 564 proﬁcisci
1754 531 1833 566 jussit

1037 570 1107 605 (Act.
1129 571 1155 598 7.
1176 571 1203 598 2.
1219 572 1259 607 4).
1274 572 1342 606 Quid
1362 573 1457 608 igitur?
1472 574 1637 602 dissideutne
1651 583 1666 602 a
1682 576 1777 610 seipsis
1789 577 1832 603 di-

1037 618 1106 645 vina:
1126 617 1292 653 Scripturaa?
1312 619 1407 652 Absit;
1428 620 1475 647 sed
1501 628 1533 648 ex
1553 621 1604 648 hoc
1622 622 1835 650 animadvertere

1040 663 1120 697 licet,
1135 665 1205 698 quod
1220 671 1280 691 cum
1295 664 1364 691 ﬁlius
1378 665 1516 700 religiosus
1531 670 1619 699 esset,
1634 667 1705 694 visus
1718 667 1743 694 ei
1759 668 1829 695 Deus

1039 708 1179 743 imperavit
1198 714 1226 736 ut
1248 709 1309 736 inde
1328 710 1463 744 migraret.
1476 711 1552 745 Quod
1567 716 1596 739 ut
1607 712 1714 746 agnovit
1728 712 1831 740 Titarra

1040 759 1114 788 pater
1124 755 1192 789 ejus,
1208 755 1269 782 licet
1283 755 1397 783 inﬁdelis
1410 761 1492 789 esset,
1503 762 1619 785 attamen
1633 757 1668 785 ob
1677 765 1795 786 amorem
1806 759 1832 786 in

1040 799 1122 827 ﬁlium
1143 801 1232 828 socius
1252 801 1289 828 illi
1311 802 1531 836 peregrinationis
1553 809 1612 829 esse
1633 803 1726 830 voluit.
1749 804 1781 831 Et
1804 809 1832 831 ut

1039 846 1112 872 venit
1121 846 1146 873 in
1157 846 1285 879 Cbarran,
1295 855 1326 874 ac
1338 847 1390 875 illic
1399 847 1526 875 ltabitavit
1536 848 1708 883 aliquamdiu,
1718 849 1770 876 vita
1783 850 1832 876 bac

1040 891 1155 918 CXI'ESSil
1170 899 1177 917 :
1194 892 1342 925 patriarcha
1356 897 1444 920 autent
1459 898 1521 920 tunc
1531 893 1641 928 jubente
1656 894 1710 921 Deo
1724 895 1748 920 in
1761 894 1832 921 Cba-

1041 943 1161 967 panzeam
1169 937 1311 964 concessit.
1325 938 1442 973 Denique
1456 947 1509 966 nun
1524 943 1601 966 antea
1615 946 1676 966 eum
1693 939 1761 966 Deus
1773 940 1834 967 imle

1039 982 1170 1015 evocavit,
1177 982 1262 1009 donec
1271 988 1391 1010 mortuus
1399 983 1557 1011 estharra.
1567 984 1643 1011 Tunc
1649 985 1721 1012 enim
1734 985 1777 1012 illo
1788 985 1834 1012 de-

1040 1026 1140 1061 functo,
1148 1028 1233 1063 inquit
1242 1029 1263 1056 :l
1271 1028 1406 1064 .(CupJE)
1417 1029 1449 1056 Et
1456 1030 1521 1057 dixit
1529 1030 1650 1058 Dominus
1657 1031 1745 1058 Abrm:
1753 1030 1833 1066 Egre-

1040 1072 1098 1099 dere
1108 1073 1139 1099 de
1150 1078 1216 1100 terra
1232 1078 1285 1106 tua,
1300 1078 1324 1100 et
1339 1074 1369 1100 de
1381 1077 1529 1109 cognatione
1541 1079 1586 1101 tua
1597 1095 1604 1107 ,
1619 1080 1643 1102 et
1655 1075 1687 1102 de
1699 1076 1773 1102 domo
1786 1084 1833 1110 pa-

1040 1119 1084 1146 tris
1096 1120 1133 1146 tui
1141 1140 1148 1151 ,
1166 1125 1188 1146 et
1202 1120 1256 1146 veni
1270 1121 1296 1146 in
1312 1124 1403 1146 terram
1416 1129 1492 1153 quant
1507 1127 1676 1148 monstrat-ero
1690 1123 1742 1148 tibi.
1756 1121 1784 1149 2.
1803 1122 1834 1149 Et

1041 1165 1134 1200 faciam
1147 1170 1170 1191 te
1184 1165 1209 1191 in
1220 1171 1318 1200 gen/cm
1330 1173 1448 1200 magnum
1460 1171 1469 1191 :
1479 1171 1502 1192 et
1513 1166 1655 1193 benedice»:
1667 1167 1729 1200 tibi,
1740 1172 1764 1194 et
1778 1174 1834 1193 nta-

1040 1210 1165 1246 gnificatus
1185 1218 1274 1237 nomen
1290 1216 1375 1244 tuum,
1395 1215 1417 1238 et
1433 1211 1482 1237 eris
1497 1211 1641 1238 benedictus
1653 1219 1663 1244 ;
1678 1211 1705 1239 3.
1721 1217 1744 1239 et
1758 1213 1829 1239 bene

1041 1256 1123 1282 dicunt
1136 1254 1335 1283 benedicentibus
1347 1261 1383 1289 te,
1401 1261 1424 1284 et
1438 1256 1613 1284 maledicentes
1627 1261 1649 1283 te
1663 1257 1812 1284 maledicunt
1824 1267 1833 1290 ,-

1040 1306 1063 1327 et
1074 1301 1250 1328 benedicentur
1264 1302 1289 1328 in
1303 1306 1327 1328 te
1339 1309 1425 1329 omnes
1437 1301 1516 1328 tribus
1531 1306 1612 1328 teme.
1633 1301 1742 1337 Singula
1762 1302 1831 1330 dicta

1040 1346 1181 1381 diligenter
1202 1352 1416 1381 perscrutemur,
1437 1352 1465 1374 ut
1488 1348 1639 1382 religiosam
1658 1351 1685 1375 et
1703 1348 1772 1383 piam
1789 1356 1834 1383 pa-

1041 1391 1163 1419 triarcba‘
1178 1397 1296 1420 mentem
1308 1393 1454 1420 videamus.

1077 1437 1206 1470 Quantum
1222 1438 1254 1464 sit
1269 1438 1376 1472 patriam
1391 1446 1462 1465 suam
1474 1438 1660 1473 relinquere.—
1667 1438 1708 1466 Ne
1723 1444 1835 1474 prteler-

1040 1490 1134 1510 eamus
1156 1483 1242 1510 obiler
1262 1483 1350 1516 dicta,
1375 1484 1421 1510 sed
1443 1484 1684 1511 animadvertamus
1708 1489 1834 1518 quantum

1041 1528 1144 1563 imperii
1166 1528 1280 1564 pondus.
1296 1527 1439 1563 Egredere,
1454 1529 1556 1564 inquit,
1569 1529 1601 1556 de
1614 1534 1680 1556 terra
1694 1534 1737 1556 tua
1748 1550 1756 1563 ,
1770 1535 1793 1556 et
1803 1532 1835 1557 tle

1041 1574 1189 1609 cognatione
1201 1579 1244 1601 tua
1253 1595 1260 1606 ,
1273 1579 1297 1602 et
1311 1575 1342 1601 de
1353 1575 1427 1601 domo
1440 1575 1520 1609 patris
1532 1575 1582 1607 tui,
1598 1580 1621 1602 et
1634 1575 1688 1602 veni
1705 1576 1731 1602 in
1744 1581 1835 1603 terram

1040 1630 1115 1657 quam
1132 1628 1302 1650 monstravere
1316 1621 1368 1648 tibi.
1385 1622 1465 1655 Quasi
1478 1621 1579 1649 diceret
1594 1630 1601 1650 :
1617 1621 1746 1657 Relinque
1760 1627 1832 1650 certa

1040 1673 1068 1695 et
1081 1669 1204 1696 omnibus
1223 1673 1331 1703 aperta,
1348 1672 1375 1696 et
1388 1669 1457 1703 elige
1470 1668 1553 1703 magis
1570 1668 1668 1697 incerta
1682 1674 1709 1696 et
1723 1674 1775 1696 non
1789 1676 1834 1704 ap-

1041 1712 1171 1749 parentia.
1200 1712 1345 1741 Considera
1372 1713 1506 1748 quomodo
1532 1714 1566 1740 ab
1591 1714 1665 1741 initio
1691 1720 1833 1741 exercetur

1038 1760 1136 1793 justus,
1148 1764 1177 1786 ut
1192 1759 1325 1795 prareligat
1337 1764 1390 1786 non
1403 1759 1555 1794 apparentia
1568 1766 1622 1793 prae
1632 1759 1829 1794 apparentibus,

1041 1810 1069 1833 et
1082 1805 1167 1832 futura
1190 1812 1245 1840 pra:
1269 1806 1301 1832 iis
1315 1813 1374 1840 quas
1385 1805 1411 1831 in
1428 1805 1549 1832 manibus
1570 1809 1642 1831 sunt.
1657 1804 1748 1839 Neque
1763 1806 1833 1833 enim

1042 1851 1151 1886 vulgare
1163 1856 1190 1878 et
1204 1857 1312 1886 parvum
1333 1850 1431 1886 aliquid
1444 1855 1501 1877 erat
1516 1850 1551 1881 id,
1566 1851 1636 1885 quod
1651 1851 1675 1878 ei
1692 1855 1719 1877 ut
1735 1852 1833 1878 faceret

1040 1897 1209 1933 praccipiebat
1222 1897 1291 1925 Deus
1301 1904 1307 1922 :
1317 1902 1412 1930 nempe
1421 1900 1449 1923 ut
1460 1899 1556 1922 terram
1568 1895 1739 1931 relinqueret,
1752 1901 1832 1931 quam

1041 1943 1202 1970 iubabitarat
1220 1947 1293 1969 tanto
1313 1947 1442 1976 tempore,
1457 1946 1485 1968 et
1505 1946 1611 1968 onmem
1633 1943 1832 1976 cognationem,

1041 1994 1067 2016 et
1081 1992 1162 2016 totam
1185 1988 1265 2023 patris
1278 1988 1396 2020 donmtn,
1418 1987 1519 2022 iretque
1532 1988 1653 2014 nesciens
1667 1991 1694 2015 et
1708 1988 1833 2023 ignorans

1041 2041 1180 2070 quorsum.
1193 2034 1250 2061 Non
1264 2034 1334 2060 enim
1348 2033 1415 2060 dixit
1424 2033 1458 2066 ei,
1471 2033 1496 2060 iu
1507 2041 1584 2068 quam
1596 2034 1731 2068 regionem
1746 2037 1833 2061 trans-

1041 2080 1113 2108 ferre
1132 2087 1193 2107 etun
1216 2079 1304 2112 vellet,
1319 2079 1366 2106 sed
1381 2079 1504 2106 mandato
1517 2079 1654 2107 indeﬁnito
1666 2079 1736 2114 pium
1753 2081 1834 2114 patri-

1041 2128 1150 2154 arcbam
1170 2126 1298 2154 exercuit.
1318 2125 1380 2152 Veni
1400 2125 1482 2157 enim,
1502 2125 1596 2160 inquit,
1612 2125 1639 2152 in
1653 2130 1744 2151 terram
1758 2133 1834 2160 quam

1042 2175 1211 2201 monstravero
1227 2171 1280 2198 tibi.
1295 2171 1398 2206 Cogita,
1414 2178 1515 2206 qumso,
1532 2171 1638 2204 dilecte,
1653 2176 1731 2205 quam
1751 2170 1835 2197 subli-

1042 2226 1112 2246 mem
1133 2218 1250 2245 animmn
1267 2216 1417 2251 requirebat
1432 2217 1482 2245 boc
1499 2216 1650 2243 mandatum
1664 2224 1671 2242 :
1693 2216 1737 2250 qui
1758 2215 1836 2250 plane

1042 2263 1112 2291 nulla
1124 2263 1167 2290 vel
1179 2261 1330 2294 aﬁ'ectitme,
1345 2260 1387 2289 vel
1400 2261 1591 2288 consuetudine
1605 2260 1727 2295 impediri
1741 2265 1832 2295 potuc-

1043 2309 1086 2337 rit.
1106 2308 1134 2336 Si
1148 2309 1219 2336 enim
1234 2315 1315 2340 nunc,
1331 2311 1391 2342 post
1409 2310 1479 2333 tanta
1503 2305 1639 2341 religionis
1662 2306 1833 2335 incrementa,

1043 2355 1118 2384 multi
1133 2355 1201 2383 adeo
1213 2358 1273 2382 sunt
1295 2353 1478 2381 consuetudini
1502 2360 1558 2379 sua:
1578 2352 1685 2386 alligati,
1701 2356 1730 2378 ut
1750 2352 1836 2385 potius

1043 2401 1136 2432 multa,
1150 2400 1199 2428 etsi
1221 2399 1364 2427 necessitas
1387 2403 1489 2433 urgeat,
1501 2398 1642 2432 omniaque
1658 2397 1727 2424 ferre
1741 2397 1834 2430 velint,

1043 2455 1121 2482 quam
1136 2447 1191 2474 loca
1207 2450 1310 2473 mutare
1329 2445 1354 2471 in
1377 2444 1473 2479 quibus
1488 2443 1560 2478 prius
1573 2443 1704 2470 habebant
1724 2443 1830 2469 domici-

1044 2493 1107 2519 lium
1120 2491 1163 2518 :id
1176 2490 1245 2526 qttod
1261 2498 1311 2517 nou
1323 2490 1408 2516 solum
1421 2497 1435 2516 a
1453 2488 1602 2523 vulgaribus
1615 2488 1765 2515 hominibus
1778 2488 1834 2515 ﬁeri

1044 2538 1175 2569 videmus,
1187 2537 1233 2564 sed
1244 2536 1323 2563 etiam
1337 2536 1371 2562 ab
1382 2536 1412 2561 iis
1425 2535 1469 2569 qui
1478 2542 1493 2561 e
1505 2534 1593 2561 medio
1606 2534 1720 2560 tmnultu
1733 2534 1835 2569 fugere,

1045 2589 1072 2611 et
1085 2583 1256 2610 monasticam
1273 2582 1352 2608 vitam
1364 2581 1516 2615 delegerunt
1531 2589 1536 2606 :
1549 2585 1648 2614 quanto
1660 2581 1744 2615 magis
1763 2581 1834 2608 veri-

1044 2630 1131 2658 simile
1145 2634 1201 2656 erat
1211 2629 1310 2662 juszum
1326 2627 1397 2653 illum
1412 2625 1445 2652 ad
1465 2626 1516 2653 hoc
1526 2626 1679 2652 mandatum
1692 2625 1835 2653 tardiorem

1046 2676 1122 2704 fore?
1137 2675 1279 2710 Egredere,
1298 2673 1391 2707 inquit,
1408 2677 1434 2699 et
1453 2672 1572 2707 relinque
1589 2676 1725 2706 cognatos,
1745 2676 1772 2698 t-t
1786 2672 1834 2699 ἀο-

1047 2729 1117 2749 mum
1134 2725 1280 2755 paternam,
1297 2724 1323 2745 et
1335 2718 1394 2745 veni
1409 2718 1433 2744 in
1449 2722 1544 2744 terram
1560 2724 1639 2752 quant
1654 2723 1836 2744 meostravcro

1047 2768 1102 2794 tibi.
1123 2765 1206 2800 Quem
1223 2772 1274 2791 non
1296 2763 1431 2790 turbarent
1443 2763 1524 2790 verba
1547 2763 1616 2789 ista?
1629 2761 1720 2797 Neque
1740 2763 1836 2794 locum,

1047 2820 1132 2848 neque
1152 2811 1286 2846 regionem
1301 2815 1401 2836 certam
1424 2809 1448 2835 ei
1471 2809 1602 2843 designat,
1624 2808 1670 2835 sed
1699 2807 1836 2835 indeﬁnito

1050 2861 1182 2898 prmccpto
1197 2860 1312 2883 tuentem
1331 2855 1451 2892 explorat
1470 2854 1543 2890 justi.
1567 2854 1631 2881 Nam
1651 2854 1672 2881 si
1685 2854 1744 2890 quis
1758 2854 1836 2886 alius,
