2055 3123
228 181 279 208 ἓ97

226 242 254 266 et
266 245 282 264 ο
302 236 379 271 vulgo
399 235 492 262 fuisset
514 235 536 263 is
549 236 594 270 qui
608 235 759 263 mandatum
772 236 884 270 accepit,
902 235 1012 263 dixisset

228 283 336 317 utique:
360 281 440 314 Esto;
457 281 587 316 principis,
609 286 638 309 ut
651 282 797 316 relinquam
820 287 918 309 terrain
932 289 1012 316 quam

227 327 356 360 inhabile,
369 328 562 363 cognationem,
577 327 684 355 domum
696 332 833 362 paternam
846 337 852 353 :
864 335 946 362 quare
960 335 1012 355 nou

225 375 305 401 etiam
317 373 403 401 locum
414 373 544 407 declaras,
556 374 581 400 in
593 381 672 408 quem
681 381 725 401 me
738 372 868 408 proﬁcisci
880 373 967 407 jnbes,
983 378 1012 400 ut

224 420 366 447 certiorem
396 427 439 448 me
467 419 561 446 reddas
582 424 711 454 quantum
732 420 766 446 sit
786 419 835 446 iter
859 419 1011 453 agendum?

226 466 302 494 Unde
314 467 384 494 enim
399 473 477 493 nosse
490 466 590 493 valeam
602 465 662 498 hac,
673 473 752 500 quam
764 465 895 500 relinquo,
906 464 1011 492 uberio-

225 519 281 539 rem
293 516 320 538 et
335 512 544 546 praistantiorem
558 511 630 538 illam
643 511 722 538 esse?
736 511 867 545 Atjnstus
884 510 948 537 nihil
963 511 1010 537 bo-

224 564 283 583 rum
295 557 336 584 vel
350 556 426 586 dixit.
439 556 480 584 vel
495 556 618 590 cogitarit
630 565 637 583 :
652 556 698 583 sed
713 555 855 590 respiciens
866 555 898 582 ad
909 556 1010 590 magni—

225 602 342 629 tudinem
356 609 448 629 eorum
462 609 520 636 qua:
535 601 661 635 imperata
675 605 761 633 erant,
779 601 810 627 iis
831 608 890 635 qum
910 601 934 627 in
951 608 1009 628 ma~

225 647 302 674 nibus
317 646 430 674 habebat
450 647 548 674 incerta
565 646 729 681 praeferebat.
744 646 823 680 Atqui
844 646 867 674 si
887 654 939 673 non
955 651 1007 674 tam

223 698 381 725 generosum
393 691 525 726 spiritum,
542 699 591 718 nec
604 696 656 718 tam
669 691 878 726 philosophieam
892 697 1007 719 mentem

224 737 357 763 habuisset
369 757 376 767 ,
396 743 446 763 nec
467 736 599 763 didicisset
618 744 665 771 per
683 736 770 763 omnia
790 736 844 763 Deo
863 736 1007 771 parendum

221 789 298 813 esse;
319 781 412 808 fuisset
426 786 512 808 tamen
527 782 551 808 ei
566 785 593 808 et
605 781 675 808 aliud
689 782 770 809 etiam
784 782 869 816 ipsum
881 789 933 808 non
946 789 1007 816 par-

222 834 283 854 vum
296 826 529 861 impedimentum;
544 834 639 860 nempe
651 834 723 854 mors
738 827 828 862 patris.
842 827 921 854 Scitis
935 827 1006 854 enim

222 872 318 899 multos
332 879 515 905 saipenumero
535 877 642 906 propter
660 873 780 906 sepulcra
793 877 964 906 cognatorum
980 873 1006 901 in

221 917 273 944 illis
291 917 355 944 locis
369 917 435 944 mori
450 917 577 952 deligere,
600 917 643 945 ubi
663 922 787 952 parentes
800 925 893 945 eorum
908 918 1006 957 mortui

220 967 246 990 et
259 962 353 997 sepulti
366 966 437 989 sunt.

254 1008 281 1035 4.
299 1007 445 1034 Verisimile
456 1007 533 1042 igitur
542 1011 599 1034 erat
611 1011 638 1034 et
649 1009 748 1041 Justum
759 1007 829 1034 hunc
839 1027 847 1040 ,
859 1007 908 1034 nisi
923 1007 1005 1035 Deiim

219 1052 361 1086 plurimum
371 1057 501 1084 amasset,
519 1052 578 1078 talia
594 1052 710 1086 potuisse
724 1052 839 1087 cogitare
852 1061 858 1078 :
873 1052 942 1080 Ecce
957 1061 1006 1087 pa-

219 1103 260 1125 ter
271 1101 380 1133 propter
399 1105 474 1124 suum
489 1097 515 1124 in
532 1105 573 1124 me
595 1105 713 1125 amorem
727 1105 742 1125 e
755 1098 834 1125 domo
849 1105 895 1125 sua
915 1099 1004 1133 profe-

218 1147 292 1176 ctus,
303 1143 429 1177 pristinas
442 1142 649 1170 consuetudines
661 1143 791 1177 despexit,
807 1148 834 1170 et
846 1144 1004 1179 contemptis

217 1187 340 1214 omnibus
354 1187 406 1214 huc
420 1195 502 1222 usque
515 1188 605 1219 venit;
620 1189 694 1223 quasi
707 1189 806 1216 diceret
819 1198 825 1215 :
840 1189 950 1224 Propter
962 1198 1005 1218 me

217 1233 244 1260 in
257 1233 341 1260 aliena
356 1237 425 1260 terra
438 1234 490 1260 vita
501 1233 640 1260 defunctus
651 1238 692 1261 est
705 1242 712 1262 :
727 1242 776 1269 ego
788 1240 876 1262 autem
891 1243 941 1262 non
954 1235 1001 1263 da-

217 1282 292 1305 turus
304 1285 362 1304 sunt
383 1285 502 1313 operam,
525 1282 554 1305 ut
568 1282 626 1312 post
641 1283 752 1306 mortem
771 1286 819 1314 par
831 1281 855 1307 ei
876 1280 982 1307 reddam
993 1301 1001 1314 ,

216 1323 264 1351 sed
288 1323 381 1351 relicto
406 1331 466 1351 cum
491 1324 648 1359 cognatione
671 1326 753 1359 patris
777 1326 917 1359 sepulcro,
942 1327 1004 1355 hinc

216 1369 329 1397 abeam?
344 1370 422 1404 Atqui
436 1371 501 1397 nihil
515 1369 608 1397 horum
629 1371 789 1398 alacritatem
803 1371 860 1405 ejus
877 1374 1003 1401 remorari

216 1415 300 1450 potuit
316 1425 322 1442 :
345 1415 391 1442 sed
407 1415 495 1442 omnia
515 1416 582 1443 levia
604 1420 631 1442 et
651 1415 737 1443 facilia
758 1416 782 1443 ei
797 1419 1003 1452 reprmsentabat

215 1469 278 1488 suus
293 1461 318 1488 in
335 1461 417 1488 Deum
431 1468 515 1488 amor.
531 1460 661 1488 Fortassis
673 1465 700 1488 et
713 1461 775 1489 illud
793 1468 880 1490 mente
894 1468 1003 1490 tractas-

215 1510 272 1539 set,
288 1506 417 1541 siquidem
438 1506 560 1533 humanis
575 1506 720 1533 rationibus
735 1514 777 1533 res
796 1515 857 1534 snas
871 1508 1001 1535 moderari

215 1550 340 1577 voluisset
353 1559 360 1577 :
377 1550 405 1577 In
421 1550 470 1577 hac
481 1554 568 1583 aetate,
583 1557 634 1585 qua
653 1558 722 1578 nunc
737 1551 769 1578 ad
786 1556 943 1586 postremam
958 1561 1002 1580 se-

216 1600 319 1622 nectam
341 1595 430 1628 tendo,
443 1603 568 1630 quorsum
589 1597 710 1624 abiturus
729 1598 808 1624 sum?
822 1606 873 1625 non
895 1599 1001 1626 fratrem

215 1647 319 1667 mecum
340 1641 450 1673 ducens,
465 1649 551 1675 neque
565 1646 691 1676 cognatos
705 1649 807 1670 mecum
823 1643 922 1670 habens
932 1664 940 1676 ,
956 1645 1001 1671 sed

214 1685 248 1713 ab
260 1685 382 1713 omnibus
394 1686 595 1720 consanguineis
610 1691 799 1721 sequestratus.
812 1688 946 1722 quomodo
958 1697 1003 1716 so-

215 1732 318 1759 litarius
332 1736 359 1759 et
371 1732 524 1766 peregrinus
537 1732 563 1759 in
579 1737 676 1759 terram
690 1733 803 1760 alienam
818 1741 936 1769 pergant,
953 1742 1000 1762 ne-

215 1777 286 1805 scius
308 1777 351 1804 ubi
367 1777 472 1804 errandi
493 1777 553 1804 finis
567 1777 668 1804 futurus
680 1778 736 1805 sit?
747 1778 822 1811 Quod
837 1779 859 1806 si
875 1779 962 1807 medio
975 1781 1000 1806 in

215 1822 309 1850 itinere
321 1823 510 1856 eontingatme
523 1822 574 1849 vita
588 1822 705 1858 defungi,
720 1831 778 1858 qua:
794 1828 873 1851 tanta:
888 1825 1001 1852 miseriae

214 1869 293 1895 fuerit
307 1868 426 1895 utilitas?
438 1868 497 1903 quis
510 1876 552 1895 me
563 1872 695 1895 mortuum
708 1869 809 1896 curabit
821 1877 923 1902 senem,
940 1878 1000 1904 per-

213 1914 486 1948 egrinum,earentem
509 1913 633 1945 civitate,
664 1919 798 1941 carentem
817 1915 916 1941 domo?
937 1915 1002 1942 For-

214 1958 291 1985 lassis
318 1966 383 1985 uxor
407 1958 508 1985 vicinos
530 1959 667 1992 exorabit,
692 1964 720 1986 ut
744 1960 1000 1988 commiserationeni

213 2004 352 2038 quamdam
365 2005 390 2031 in
403 2012 446 2031 me
459 1996 611 2038 exhibeant,
626 2005 730 2039 etjnsta
745 2013 778 2033 ex
794 2007 917 2033 collatitia
933 2009 1001 2042 stipe

213 2050 299 2076 faciet.
309 2050 412 2083 Quanto
427 2051 507 2077 satius
524 2050 612 2083 fuerit,
623 2055 650 2077 ut
664 2052 720 2086 ipse
735 2052 806 2079 brevi
822 2053 890 2087 quod
905 2061 998 2088 super-

215 2100 252 2121 rst
267 2099 385 2129 tempore
405 2095 446 2121 hic
463 2095 582 2122 residens
607 2096 686 2122 vitam
710 2097 859 2129 terniinem,
880 2106 957 2132 quant
978 2098 999 2126 si

213 2148 293 2167 senex
311 2140 372 2166 hinc
392 2144 419 2166 et
433 2140 493 2166 inde
515 2148 602 2175 vager,
618 2146 644 2167 et
658 2142 775 2168 ninnium
791 2143 942 2170 scommatis
958 2143 999 2170 in-

214 2191 313 2216 ccssar,
328 2185 371 2218 qni
382 2192 466 2218 neque
481 2185 504 2210 in
517 2190 594 2211 ςιιιςιιο
606 2185 649 2211 illa
662 2186 766 2220 quietus
778 2186 873 2216 vivam.
885 2187 931 2214 sed
942 2188 999 2215 loca

215 2229 279 2256 locis
292 2234 405 2261 mutans,
422 2230 513 2256 nnllibi
527 2230 688 2257 subsistant?
702 2230 833 2258 Cieterum
851 2231 937 2267 justus
952 2234 1000 2260 iste

214 2275 278 2302 nihil
295 2275 389 2301 hornin
411 2274 549 2309 cogitavit.
565 2275 611 2301 sed
631 2275 791 2310 praecipienti
806 2276 913 2304 obedire
930 2278 1000 2305 festi-

213 2319 295 2346 navit.
314 2319 367 2346 Sed
382 2320 448 2347 forle
467 2319 563 2346 dixerit
576 2320 724 2354 quispiam:
745 2321 783 2347 Ad
804 2322 998 2350 incitamentum

214 2366 277 2393 satis
293 2364 341 2392 fuit
353 2366 388 2398 ei,
409 2364 469 2391 Veni
484 2365 510 2391 in
523 2369 615 2391 terram
629 2373 704 2400 quant
719 2365 762 2391 tibi
776 2371 964 2400 monstrat-ero;
977 2373 1000 2395 et

213 2411 306 2444 faciam
327 2415 350 2437 te
362 2411 386 2436 in
401 2415 498 2445 gentem
513 2418 645 2444 magnam,
662 2416 683 2437 et
699 2411 840 2437 benedicmn
853 2417 885 2438 te.
903 2413 998 2441 Verum

212 2454 282 2482 istud
297 2455 391 2489 ipsum,
405 2455 452 2481 nisi
465 2455 522 2489 pius
534 2454 634 2488 fuisset,
648 2457 711 2482 satis
721 2462 778 2484 erat
791 2457 823 2484 ad
837 2458 998 2486 reddendmn

213 2508 274 2527 eum
290 2501 451 2534 segniorem,
467 2506 493 2527 et
510 2500 542 2526 ad
554 2500 730 2529 obedientiam
743 2502 824 2537 magis
837 2505 1000 2531 cunctabun-

213 2546 286 2573 dum.
303 2546 368 2573 Nam
384 2546 406 2572 si
421 2553 489 2572 unus
504 2546 599 2581 aliquis
614 2555 629 2574 e
642 2547 720 2582 vulgo
733 2548 836 2582 fuisset,
850 2550 938 2578 dicere
951 2559 999 2585 po-

213 2593 323 2619 tuisset:
338 2592 425 2625 Quare
439 2600 480 2619 me
496 2600 604 2628 peregre
619 2593 844 2629 proficiscijubes,
859 2601 886 2623 et
899 2596 924 2622 in
935 2597 999 2623 alie-

214 2644 273 2663 nam
289 2641 384 2663 terram
397 2637 523 2664 abducis?
537 2646 617 2672 quare
628 2640 649 2664 si
664 2646 704 2665 me
715 2647 837 2674 magnum
851 2640 936 2668 facere
947 2642 996 2674 vis,

213 2690 266 2710 non
281 2683 323 2709 hic
337 2691 458 2718 magnum
478 2683 563 2710 facis?
579 2692 661 2718 quare
676 2685 700 2711 in
716 2686 795 2712 domo
815 2691 921 2720 paterna
939 2695 998 2714 ver-

214 2733 328 2760 santem,
348 2733 390 2754 tua
405 2728 586 2756 benedictione
599 2737 650 2755 non
665 2729 801 2764 dignaris?
813 2731 888 2763 Quod
901 2732 923 2759 si
936 2740 999 2758 con-

213 2774 296 2809 tingat
320 2774 468 2809 priusquam
492 2774 642 2808 perveniam
663 2774 688 2800 in
703 2775 788 2801 loctnn
809 2783 886 2810 quem
904 2777 997 2810 jnbcs,

214 2820 384 2854 defatigatum
400 2827 441 2846 me
456 2820 558 2847 itineris
573 2820 706 2847 laboribus
722 2821 817 2855 perire,
832 2827 856 2848 et
873 2822 950 2849 vitam
967 2823 998 2849 ti—

215 2865 282 2899 nire,
295 2872 354 2900 qua:
369 2864 432 2892 mihi
447 2873 478 2892 ex
493 2865 630 2900 promissis
643 2865 763 2893 utilitas?
777 2866 812 2893 At
826 2866 890 2894 nihil
902 2867 996 2895 borum

581 179 609 205 S.
629 177 766 205 JU.\N.\"IS
785 177 1020 205 CIIRYSOSTOMI
1040 176 1195 204 AllClllEP.
1216 178 1479 207 CONSTANTlNOP.

1796 184 1848 212 Q88

1065 234 1106 260 vel
1121 234 1146 260 in
1162 239 1251 262 mente
1269 236 1465 270 suscipiendum
1477 237 1590 269 censuit,
1605 238 1664 270 sed.
1684 239 1751 266 sicut
1765 241 1849 270 tidelis

1065 286 1168 312 servus,
1191 279 1224 306 ad
1247 281 1332 308 solum
1352 281 1493 316 imperium
1513 282 1640 316 obedivit,
1661 284 1724 311 nihil
1745 286 1851 315 curiose

1064 332 1197 359 quaerens,
1213 326 1365 361 nullumque
1377 327 1448 354 aliud
1468 328 1600 362 negotium
1616 333 1784 363 pra-texens;
1802 332 1849 359 sed

1064 369 1264 404 obtemperavit,
1287 376 1389 398 certum
1405 372 1516 404 habens,
1540 374 1691 408 neutiquam
1714 377 1849 404 mendacia

1063 423 1124 443 esse
1140 416 1185 443 Dei
1199 417 1327 451 promissa
1340 426 1346 444 :
1364 417 1396 444 Et
1415 419 1508 453 faciam
1523 424 1546 446 te
1561 420 1588 446 in
1606 425 1702 455 gentem
1721 430 1849 456 magnam,

1063 460 1156 496 inquit,
1169 467 1192 488 et
1205 463 1347 490 benedicam
1360 469 1393 496 te,
1412 469 1435 490 et
1451 465 1616 500 magni/icabo
1627 474 1717 493 nomen
1733 472 1812 499 tuum,
1826 474 1850 495 ct

1062 507 1110 533 erit
1124 506 1274 534 benedictus.
1288 508 1408 543 Magorum
1425 510 1605 543 promissionis
1618 511 1730 545 pondus.
1745 512 1849 539 Fat-iam

1062 555 1095 581 te.
1121 552 1213 586 inquit,
1238 554 1265 580 in
1287 559 1383 588 gentem
1405 563 1532 589 magnam,
1555 560 1578 582 et
1600 556 1742 583 benedictio:
1765 563 1801 589 te,
1824 565 1848 585 ct

1061 597 1228 631 magniﬁcabo
1242 606 1333 625 nomen
1346 604 1426 625 tuum.
1443 599 1499 626 Non
1521 600 1606 627 solum
1619 602 1689 635 genti
1706 610 1807 636 magme
1822 608 1847 629 to

1060 641 1212 676 pr.cﬁciam.
1221 647 1248 670 et
1262 651 1356 670 nomen
1368 648 1440 670 tuum
1449 645 1573 671 extollam
1587 653 1593 671 :
1605 645 1650 672 sed
1661 651 1687 673 et
1699 645 1847 674 Bi‘ncdicam

1059 690 1093 718 te,
1107 692 1129 713 et
1143 687 1191 714 eris
1205 688 1355 715 benedictus.
1373 688 1410 715 Ne
1427 694 1512 723 putes,
1533 689 1638 724 dilecte,
1657 699 1755 718 meram
1771 701 1847 727 repe-

1060 732 1178 760 titionem
1190 741 1260 767 esse,
1274 738 1301 761 ct
1316 734 1384 761 idem
1395 734 1435 761 bis
1451 734 1572 769 proferri,
1585 743 1644 762 eum
1659 735 1756 763 dicitur
1766 737 1846 764 Bene-

1059 778 1142 805 dicam
1164 784 1204 811 te,
1219 784 1243 806 et
1265 780 1314 807 eris
1339 781 1487 807 benedictus.
1506 781 1586 808 Tanta
1602 782 1672 809 enim
1688 787 1724 815 te,
1745 783 1843 818 inquit.

1059 823 1241 852 benedictione
1260 826 1400 860 dignabor,
1426 832 1453 853 ut
1467 827 1509 854 illa
1524 827 1551 854 in
1571 835 1650 854 omne
1662 829 1788 855 saeculum
1811 830 1845 856 sit

1058 868 1194 896 duratura.
1217 869 1276 897 Eri:
1294 871 1366 898 enim
1380 871 1533 903 benedictus,
1547 873 1581 898 ita
1596 877 1624 899 ut
1642 880 1735 900 omnes
1749 876 1844 901 sumini

1059 912 1167 940 honoris
1188 914 1246 941 loco
1266 915 1380 942 habituri
1404 916 1467 948 sint,
1482 917 1503 944 si
1526 917 1565 944 eis
1580 921 1666 944 tecum
1682 917 1844 946 familiaritas

1057 960 1202 994 contingat.
1212 959 1290 988 Vides
1303 961 1436 996 quomodo
1447 967 1524 989 antea
1537 966 1563 989 et
1577 962 1611 989 ab
1623 963 1697 990 initio
1711 963 1735 991 ei
1751 965 1844 998 pracdi-

1057 1004 1094 1030 eit
1113 1005 1259 1033 claritatem
1274 1013 1352 1040 quant
1373 1006 1409 1033 illi
1422 1007 1533 1034 daturus
1546 1013 1612 1034 erat.
1632 1007 1738 1034 Faciam
1752 1014 1784 1041 te,
1802 1010 1842 1036 in-

1057 1049 1124 1083 quit,
1139 1049 1165 1076 in
1180 1055 1276 1084 gentem
1291 1059 1419 1086 magnam,
1434 1057 1457 1078 et
1473 1053 1637 1087 magni/icabo
1652 1062 1740 1080 nomen
1756 1059 1842 1086 tuum,

1057 1099 1080 1121 ct
1094 1094 1237 1122 benedicam
1251 1100 1283 1127 te,
1298 1101 1322 1122 ct
1335 1097 1384 1123 cria
1396 1097 1545 1124 benedictus.
1563 1097 1662 1125 Idcirco
1674 1104 1700 1125 et
1713 1098 1794 1126 Judmi
1811 1099 1844 1126 de

1057 1140 1205 1174 patriarcha
1217 1141 1400 1175 superbientes
1421 1142 1543 1169 volebant
1555 1150 1583 1169 se
1603 1142 1628 1169 in
1649 1142 1707 1178 ejus
1720 1143 1844 1171 familiam

1057 1185 1202 1219 intrudere,
1217 1192 1243 1214 et
1256 1186 1377 1214 dicebant
1393 1197 1400 1214 :
1417 1187 1478 1215 Filii
1494 1188 1620 1214 Abraham
1632 1197 1727 1216 sumus.
1743 1189 1795 1216 Sed
1816 1195 1845 1217 ut

1057 1230 1158 1258 discant
1173 1239 1202 1259 se
1216 1237 1324 1267 propter
1339 1233 1423 1260 malos
1435 1241 1523 1261 mores
1537 1234 1658 1269 indignos
1671 1241 1730 1262 esse
1744 1235 1786 1261 illa
1803 1235 1842 1261 fa-

1057 1277 1127 1303 milia
1142 1281 1169 1304 et
1182 1285 1287 1312 genere,
1297 1277 1362 1305 dicit
1371 1279 1409 1306 eis
1422 1278 1543 1306 Christus
1555 1288 1562 1306 :
1579 1279 1609 1306 Si
1619 1279 1666 1313 [itii
1680 1280 1787 1306 Abralue
1800 1289 1841 1307 cs-

1056 1322 1125 1354 tclis,
1146 1331 1223 1357 opera
1245 1323 1353 1351 Abralite
1372 1324 1488 1358 faceretis
1509 1325 1593 1359 utique
1616 1325 1710 1359 (Joan.
1726 1325 1753 1352 8.
1776 1325 1810 1353 39
1823 1327 1842 1360 ).

1055 1366 1171 1394 Joannes
1191 1375 1305 1403 quoque.
1328 1368 1463 1396 Zachariae
1478 1370 1556 1402 ﬁlius,
1572 1377 1632 1396 cum
1649 1370 1681 1396 ad
1702 1370 1843 1398 Jnrdanem

1055 1415 1220 1442 confluerent
1232 1415 1357 1450 baptizari
1372 1416 1518 1450 cupientes,
1538 1416 1645 1443 dicebat
1666 1417 1723 1444 ris:
1746 1416 1844 1452 Proge-

1055 1459 1109 1486 nies
1127 1460 1278 1494 viperarum,
1301 1461 1356 1496 quis
1369 1461 1514 1488 monstrat-it
1538 1461 1605 1488 vobis
1622 1462 1710 1497 fugere
1723 1471 1738 1488 a
1757 1463 1845 1496 futura

1055 1503 1115 1531 ira?
1135 1503 1223 1531 Facite
1240 1506 1317 1540 igitur
1336 1507 1444 1540 fructum
1468 1506 1572 1541 dignum
1593 1507 1752 1541 pmnitentiar,
1775 1511 1798 1534 et
1813 1516 1845 1534 ne

1055 1552 1213 1585 praesumatis
1235 1552 1325 1584 dicere,
1351 1551 1454 1578 Patrem
1477 1552 1597 1579 habemus
1620 1552 1757 1580 Abraham.
1779 1552 1843 1580 Dico

1055 1596 1120 1621 cnim
1132 1596 1210 1628 vobis,
1226 1596 1293 1631 quod
1307 1602 1385 1631 potest
1401 1595 1469 1623 Deus
1483 1604 1514 1623 ea:
1526 1597 1653 1631 lapidibus
1667 1597 1721 1624 istis
1732 1598 1842 1625 excitare

1054 1642 1121 1675 ﬁlios
1146 1641 1255 1668 Abiu/iw
1287 1641 1401 1676 (Matth.
1423 1642 1450 1669 δ.
1469 1642 1546 1676 7-9),
1578 1642 1685 1670 Vidistis
1708 1643 1843 1677 quomodo

1054 1692 1178 1720 magnum
1197 1685 1267 1720 apud
1285 1693 1380 1714 omnes
1398 1681 1457 1720 ejus
1480 1694 1576 1714 nomen
1597 1685 1694 1714 fuerit?
1714 1687 1766 1715 Sed
1780 1692 1843 1715 ante

1054 1735 1177 1757 eventum
1189 1731 1253 1765 justi
1267 1732 1351 1766 pictas
1370 1737 1542 1764 monstratur,
1560 1733 1692 1767 quomodo
1706 1733 1782 1760 dictis
1796 1734 1842 1761 Dei

1054 1775 1208 1809 crediderit,
1234 1781 1261 1804 et
1285 1777 1374 1804 omnia
1395 1785 1454 1812 quia:
1479 1778 1634 1805 videbantur
1655 1786 1715 1806 esse
1733 1780 1840 1814 gravia.

1055 1827 1148 1854 magna
1160 1819 1288 1850 facilitate
1298 1822 1455 1856 susceperit.
1470 1822 1500 1849 Et
1512 1823 1666 1855 benedicam,
1682 1823 1781 1858 inquit,
1795 1824 1840 1851 be-

1053 1865 1197 1893 nedicentes
1209 1871 1243 1897 te,
1253 1870 1276 1893 et
1291 1866 1465 1894 maledicentes
1478 1873 1501 1894 te
1517 1868 1663 1895 maledicam
1678 1876 1688 1894 :
1700 1875 1723 1895 et
1736 1870 1839 1896 benedi-

1053 1916 1141 1937 centur
1151 1911 1177 1937 in
1192 1915 1216 1938 ω
1227 1919 1314 1939 omnes
1327 1913 1404 1940 tribas
1419 1918 1500 1940 term.
1516 1914 1580 1942 Vide
1597 1915 1730 1949 quomodo
1744 1920 1841 1944 altern-

1054 1961 1129 1990 pcrat
1142 1963 1292 1984 sermonem
1307 1958 1387 1991 Dens,
1397 1963 1558 1993 etqnantnm
1574 1961 1697 1988 amicitiae
1712 1967 1840 1989 monstrat

1054 2006 1248 2035 argumentum.
1266 2002 1336 2035 Illos,
1352 2004 1446 2038 inquit,
1461 2006 1561 2032 amicos
1575 2006 1687 2039 habebo,
1702 2007 1746 2042 qui
1761 2008 1841 2035 bene-

1054 2048 1112 2074 vole
1125 2055 1186 2082 erga
1207 2053 1234 2075 te
1251 2053 1329 2075 erunt
1348 2049 1434 2077 allecti
1446 2059 1454 2078 τ
1467 2056 1494 2078 et
1513 2051 1571 2079 illos
1586 2053 1705 2080 inimicos
1727 2053 1837 2083 habebo.

1053 2093 1097 2127 qui
1112 2100 1172 2128 erga
1185 2097 1210 2120 te
1226 2095 1359 2121 contrario
1372 2095 1451 2122 modo
1464 2101 1543 2123 erunt
1554 2097 1660 2125 atl‘ectl:
1676 2099 1700 2125 id
1712 2098 1782 2133 quod
1798 2100 1839 2126 viii

1054 2138 1099 2165 lilii
1114 2146 1174 2174 erga
1190 2144 1278 2174 patres
1293 2140 1440 2168 iaciendum
1454 2147 1586 2175 putarent,
1609 2149 1637 2170 ut
1649 2145 1756 2171 cosdi-m
1773 2153 1840 2179 quos

1052 2183 1090 2210 illi
1104 2184 1232 2212 haberent
1244 2185 1344 2212 amicos
1358 2190 1385 2213 et
1398 2187 1528 2214 inimicos.
1545 2188 1660 2216 Maxima
1670 2210 1678 2221 ,
1694 2189 1801 2224 dilecti,
1812 2190 1838 2216 in

1052 2229 1229 2264 patriarcbam
1244 2231 1288 2258 Dei
1301 2232 1358 2259 hcce
1370 2237 1409 2259 est
1423 2232 1616 2260 benevolentia.
1631 2233 1693 2261 lllos
1704 2236 1785 2267 enim,
1801 2237 1841 2261 in-

1052 2274 1118 2310 quit,
1134 2274 1299 2307 benedicam,
1311 2278 1355 2311 qni
1369 2278 1525 2305 benedicent
1538 2279 1584 2306 tibi
1598 2288 1605 2306 :
1619 2284 1646 2306 et
1658 2280 1717 2306 illos
1731 2280 1840 2308 maledi-

1052 2329 1121 2353 cam,
1135 2322 1179 2356 qui
1194 2322 1353 2350 maledicent
1365 2323 1412 2350 tibi
1428 2333 1434 2350 :
1453 2325 1484 2351 Et
1495 2325 1669 2352 benedicentur
1682 2327 1708 2353 in
1721 2331 1744 2353 te
1755 2335 1839 2354 omnes

1053 2365 1130 2392 tribu:
1143 2372 1225 2393 teme.
1241 2367 1309 2395 Ecce
1324 2372 1351 2395 et
1365 2369 1473 2396 alterius
1489 2370 1655 2397 liberalitatis
1674 2371 1839 2399 additamen-

1052 2415 1117 2438 tum.
1139 2411 1238 2440 Omnes
1250 2414 1320 2440 enim
1334 2414 1417 2441 tribus
1441 2420 1518 2442 terrae
1541 2417 1684 2448 enitentur,
1707 2422 1736 2444 ut
1750 2417 1775 2444 in
1794 2423 1839 2445 tuo

1052 2457 1160 2484 nomine
1172 2458 1371 2493 benedicantur,
1382 2464 1409 2487 et
1421 2468 1465 2487 res
1477 2469 1539 2488 suas
1551 2466 1594 2488 tua
1604 2462 1782 2497 appellatione
1793 2463 1838 2489 bo-

1052 2503 1181 2529 nestinres
1192 2504 1298 2531 faciant.

1088 2548 1114 2575 5.
1129 2549 1255 2582 Audistis,
1269 2550 1368 2582 dilecti,
1380 2552 1464 2586 qualia
1476 2552 1615 2586 imperavit
1626 2553 1752 2579 Dominus
1763 2553 1841 2580 Chal-

1051 2593 1109 2620 tlzt'o
1124 2594 1192 2626 seni,
1204 2595 1246 2629 qni
1263 2603 1349 2630 neque
1363 2597 1447 2631 legem
1459 2603 1577 2628 noverat.
1595 2606 1680 2632 neque
1697 2598 1840 2633 propheta-

1052 2647 1109 2666 rum
1125 2640 1225 2674 legerat
1239 2641 1359 2668 vaticinia
1374 2642 1393 2674 ',
1408 2650 1494 2677 neque
1508 2643 1586 2670 ullam
1599 2644 1676 2670 aliam
1692 2645 1839 2671 doctrinam

1051 2686 1210 2718 acceperat?
1225 2685 1331 2713 Vidistis
1344 2693 1441 2721 quanta
1456 2694 1647 2722 prmceptornm
1661 2690 1764 2716 moles?
1774 2698 1840 2724 quo-

1051 2731 1130 2757 modo
1142 2731 1175 2757 ad
1189 2739 1220 2758 ca
1234 2733 1393 2766 perﬁcienda
1409 2735 1514 2761 sublimi
1529 2740 1555 2762 et
1565 2736 1674 2769 juvenili
1688 2738 1778 2764 animo
1794 2737 1841 2764 ha-

1051 2776 1128 2804 bebat
1140 2778 1226 2811 opus?
1242 2778 1332 2806 Videte
1345 2779 1454 2813 posdtac
1466 2785 1492 2807 et
1505 2781 1660 2815 patriarchae
1672 2782 1840 2817 probitatem,

1084 2843 1090 2857 '
1111 2841 1137 2878 in
1148 2849 1244 2877 graeco,
1257 2850 1301 2874 μήτι
1312 2852 1408 2876 mgnum
1426 2852 1528 2878 ινινιάπι,
1544 2846 1608 2878 quod
1626 2849 1698 2872 etiam
1715 2848 1760 2872 hoc
1770 2849 1841 2873 mixto

1051 2877 1135 2903 possm
1147 2878 1313 2905 interpretari,
1321 2882 1396 2907 neque
1408 2883 1462 2902 cuti:
1473 2877 1595 2909 prop/ictis
1606 2882 1712 2903 versatus
1720 2879 1808 2909 manu.
