2055 3123
183 162 236 189 289

178 213 315 250 quomodo
327 211 405 240 nobis
417 219 476 239 eam
491 210 629 245 Scriptura
642 209 801 237 manifestat.
818 209 844 235 4.
862 207 894 234 Et
910 215 970 241 pro-

179 262 259 295 fectus
273 263 321 292 est,
344 258 438 293 inquit,
454 257 558 289 Abram,
574 257 638 283 sicut
657 256 774 290 loquutus
791 259 826 281 est
841 254 864 281 ei
882 253 971 280 Domi-

178 316 226 334 nus
241 306 320 339 Deus,
339 311 362 332 et
377 306 419 332 ivit
435 313 492 332 cum
512 313 541 331 eo
562 304 619 331 Lot.
641 303 698 331 Non
718 302 874 337 simpliciter
895 301 971 333 dixit,

180 351 213 378 Et
226 354 354 387 profectus
365 355 401 378 est
412 350 505 377 Abram
516 358 525 376 :
538 349 594 383 sed,
612 349 685 377 Sicut
698 348 813 382 loquutus
827 352 862 374 est
877 347 900 374 ei
917 345 973 372 Do-

178 398 263 424 minus
281 397 358 424 Deus.
375 396 481 428 Omnia,
498 396 593 431 inquit,
615 395 676 422 fecit
690 402 749 429 qua:
765 393 799 420 ad
812 397 973 428 praeceptum

180 445 230 471 huc
243 444 421 479 pertinebant.
437 442 509 469 Dixit
519 446 547 469 ut
556 441 718 476 relinqueret
727 439 827 470 oumia,
839 444 866 466 et
877 445 974 473 cogna-

180 492 280 519 tionem
295 496 322 518 et
334 490 459 522 domum;
473 494 501 516 et
513 488 629 523 reliquit.
647 488 717 515 Dixit
729 492 758 513 ut
771 486 822 513 iret
834 486 860 512 in
876 489 974 512 terram

178 545 258 571 quam
273 536 408 563 nesciret:
427 534 629 569 obtemperavit.
651 532 777 560 Promisit
792 531 862 558 Deus
881 537 911 557 se
933 528 974 557 la-

179 588 286 610 cturunt
308 589 368 608 eum
382 581 408 608 in
430 585 536 615 gentem
556 586 690 614 magnam,
705 582 733 605 et
754 576 973 605 benedicturum:

178 627 293 654 credidit
306 627 404 653 Abram
420 626 498 653 etiam
515 626 566 652 hoc
579 629 748 652 eventurutu.
761 622 835 650 Sicut
851 621 974 656 loquutus

179 679 221 701 est
235 674 260 701 ei
275 673 413 704 Dominus,
429 674 463 699 ita
479 671 613 706 profectus
627 674 669 698 est
684 679 691 697 :
707 669 732 696 id
745 673 796 702 est,
817 667 931 696 credidit
943 667 976 694 iis

179 727 240 755 qua:
254 719 304 746 sibi
314 727 330 746 a
343 719 399 745 Deo
411 722 474 746 sunt
487 717 568 750 dicta,
584 716 649 743 nihil
663 716 804 746 ﬂuctuans,
817 713 882 741 nihil
896 712 975 740 dubi-

179 771 251 799 tans,
266 765 312 792 sed
325 765 429 792 ﬁrmato
443 764 532 791 animo
547 764 580 790 ita
594 762 728 797 profectus
737 766 778 789 cst
790 770 797 789 :
810 761 909 788 idcirco
923 764 950 787 et
960 766 975 786 a

180 811 295 838 Domino
309 818 431 846 magnam
453 810 567 837 obtinuit
584 809 705 845 gratiam.
721 807 755 835 Et
767 808 821 841 iuit,
836 806 931 842 inquit,
952 811 976 832 et

179 857 230 884 Lat
248 865 307 884 cum
322 865 362 884 eo.
378 859 466 890 Quare
483 864 544 883 cum
566 856 696 883 Dominus
707 854 804 881 dixerit
818 863 825 881 :
849 852 976 888 Egredere

179 904 212 930 tle
224 909 291 930 terra
304 908 358 935 tua,
372 908 396 930 et
406 903 438 929 de
447 903 597 937 cognatione
610 906 653 928 tua
664 906 688 928 et
700 900 731 927 de
743 900 818 927 domo
829 899 909 934 patris
918 898 955 924 tui
966 904 976 929 ;

180 949 252 976 hunc
266 948 431 983 assumpsit?
453 948 511 974 Non
527 946 577 974 fttit
598 945 755 974 inobcdiens
777 944 907 972 Domino:
928 943 975 970 sed

179 995 251 1022 forte
263 995 324 1029 quia
337 994 427 1029 juVeni
442 999 499 1020 erat
521 993 604 1028 patris
619 992 678 1019 loco
692 991 851 1027 praefectus:
867 993 894 1016 et
912 989 974 1021 ille,

179 1041 217 1068 ob
236 1041 398 1076 singularem
421 1048 558 1072 amorem,
581 1045 739 1073 morumque
763 1037 936 1068 suavitatem,
961 1043 976 1062 a

178 1088 252 1122 justo
265 1087 353 1114 divelli
368 1086 460 1119 noluit,
481 1085 531 1112 hac
543 1085 577 1112 de
595 1092 674 1112 causa
690 1084 788 1111 Abram
810 1090 870 1109 eum
887 1081 972 1108 relin-

179 1140 264 1168 quere
278 1131 384 1160 noluit:
401 1132 509 1166 insuper
531 1138 591 1158 eutn
615 1130 660 1156 ﬁlii
681 1129 739 1157 loco
760 1132 850 1163 postea
866 1126 975 1159 habuit;

180 1179 331 1214 prtesertim
345 1178 415 1214 quod
430 1182 483 1205 tam
504 1177 661 1212 grandtevus
678 1176 780 1203 nullum
793 1174 880 1202 adltuc
893 1173 976 1200 habe-

181 1229 223 1252 ret
237 1225 319 1252 lilium
339 1229 449 1259 propter
462 1223 536 1251 Sara:
560 1222 739 1250 sterilitatem.
755 1220 878 1255 Alioquin
896 1218 977 1246 etiam

181 1278 274 1298 mores
295 1269 474 1297 adolescentis
488 1277 539 1296 non
553 1268 664 1296 multutn
678 1275 693 1293 a
706 1267 770 1302 justi
783 1265 915 1301 probitate
931 1263 978 1291 ab-

180 1321 268 1345 erant.
283 1316 348 1344 Nam
364 1316 415 1343 ltoc
429 1316 515 1351 ipsum
529 1314 612 1350 quod,
622 1313 765 1349 propositis
775 1312 799 1340 ei
813 1311 916 1339 duobus
926 1310 981 1337 fra-

183 1363 281 1396 tribus,
295 1363 351 1397 ipse
367 1361 439 1396 justo
456 1361 617 1393 adltmrerct,
637 1364 742 1395 quantm
759 1357 904 1393 prudentiae
918 1355 977 1388 fuit,

180 1407 328 1442 dijudieare
336 1414 432 1441 nempe
442 1411 469 1433 et
483 1406 636 1433 discernere
649 1405 692 1432 cui
709 1409 862 1439 patruorum
874 1402 914 1430 sui
929 1410 978 1429 cu-

181 1462 240 1481 ram
256 1454 409 1489 permittere
423 1452 551 1480 deberet?
566 1452 676 1486 Insuper
694 1455 721 1478 et
736 1449 977 1486 peregrinationem

181 1500 291 1534 eligere,
313 1498 460 1526 honestatis
481 1505 586 1526 morum
606 1501 664 1524 erat
680 1496 818 1524 iudicium.
837 1495 902 1522 Nam
918 1495 980 1522 licet

182 1546 292 1574 tandem
313 1546 340 1573 in
359 1544 516 1580 quibusdam
532 1552 638 1572 errasse
651 1543 781 1576 videatur,
799 1542 906 1578 quando
929 1549 978 1576 po-

183 1592 266 1619 tiores
281 1591 331 1619 sibi
351 1595 440 1625 partes
461 1590 608 1624 usurpavit,
623 1593 740 1616 attamen
757 1588 895 1623 vestigium
916 1586 981 1621 justi

183 1637 310 1671 subsequi
321 1636 441 1671 proxime
452 1635 587 1663 studebat.
601 1637 688 1670 Atque
698 1634 854 1669 ideojustus
865 1633 938 1660 illum
953 1633 980 1660 in

183 1684 287 1711 socium
298 1683 401 1711 itineris
413 1684 526 1718 accepit,
539 1689 567 1710 et
581 1683 638 1717 ipse
656 1689 751 1717 magna
764 1681 900 1708 alacritate
922 1687 982 1715 per-

185 1730 306 1765 egrinam
321 1729 401 1756 vitam
415 1728 569 1757 domestici
583 1727 706 1763 praetulit.
724 1727 806 1754 Porro
821 1731 849 1754 ut
866 1726 982 1753 sciamus

185 1776 244 1803 hazc
257 1783 273 1802 a
289 1775 343 1803 Deo
356 1775 437 1803 fuisse
448 1775 576 1810 imperata
589 1772 758 1809 patriarchas,
769 1779 822 1799 non
833 1779 893 1799 cum
904 1771 982 1806 juve-

185 1821 227 1848 nis
240 1825 322 1854 esset,
337 1821 384 1848 sed
395 1820 450 1855 jam
459 1820 493 1847 ad
507 1823 642 1847 senectam
656 1817 787 1854 vergenti,
803 1815 909 1852 quando
923 1817 981 1851 ple-

187 1868 264 1903 rique
288 1868 424 1894 hominum
444 1866 479 1893 ad
501 1864 722 1901 peregrinandum
742 1863 879 1898 segniores
899 1865 981 1896 sunt,

187 1915 273 1949 inquit
291 1922 298 1941 :
311 1913 405 1940 Abram
423 1917 508 1940 autent
521 1916 574 1939 erat
587 1918 714 1938 annorum
734 1909 894 1944 septuaginta
907 1908 983 1943 quin-

186 1967 245 1993 que,
262 1959 364 1993 quando
385 1958 461 1985 exivit
474 1965 506 1985 ea:
519 1957 645 1984 Charran.
661 1955 770 1983 Vidistis
785 1953 920 1990 quomodo
934 1960 984 1980 nec

186 2011 254 2034 tetas
260 2007 285 2034 ei
296 2005 345 2033 fuit
357 2005 502 2036 obstaculo.
516 2011 602 2038 neque
611 2002 683 2030 aliud
693 2001 818 2036 quiddam
826 2000 913 2035 potuit
922 2006 982 2027 eum

187 2053 309 2080 detinere
333 2055 363 2078 ut
380 2051 453 2078 domi
475 2049 623 2077 resideret:
643 2047 690 2075 sed
706 2047 768 2074 vicit
786 2045 875 2073 omnia
901 2044 984 2080 ipsius

188 2099 214 2126 in
231 2099 313 2125 Deum
329 2105 414 2124 amor.
431 2096 526 2123 Anima
540 2094 611 2122 enim
625 2093 736 2127 vigilans
749 2095 777 2120 et
787 2090 876 2119 sobria
888 2095 983 2118 cuncta

189 2143 323 2178 abrumpit
337 2141 536 2176 impedimenta,
557 2143 664 2173 totaque
684 2137 712 2164 ﬁt
727 2137 785 2171 ejus
799 2143 878 2171 quem
900 2139 982 2167 antat,

188 2195 216 2217 et
227 2197 242 2216 a
257 2189 330 2216 nullo
345 2186 416 2222 quod
432 2187 457 2213 iu
477 2185 565 2213 medio
578 2184 687 2211 difﬁcile
700 2186 837 2217 appareat,
855 2179 983 2208 retardari

188 2243 218 2263 se
237 2235 336 2269 patitur
351 2242 358 2260 ι
374 2232 421 2260 sed
438 2232 526 2259 omnia
548 2230 674 2265 practerit,
689 2236 739 2256 nec
752 2226 872 2254 subsistit
892 2225 982 2261 prius-

189 2287 269 2316 quam
283 2287 311 2307 re
331 2278 479 2306 desiderata
495 2276 620 2311 potiatur.
635 2274 779 2309 Propterea
796 2276 824 2300 et
835 2271 922 2306 justus
936 2271 986 2297 iste

190 2315 279 2361 neque
293 2328 440 2356 senectute,
451 2330 538 2358 neque
547 2321 606 2348 aliis
620 2319 739 2355 pluribus
751 2318 839 2346 causis
850 2315 985 2352 prohiberi

192 2372 287 2408 potuit,
302 2371 365 2405 quin
379 2369 502 2396 omnibus
514 2367 640 2401 disruptis
653 2365 776 2397 vinculis,
791 2363 866 2399 quasi
878 2363 985 2398 juvenis

190 2423 218 2447 et
237 2420 316 2445 aetate
330 2416 440 2447 ﬂorens,
454 2413 531 2449 qttasi
544 2420 559 2439 a
583 2412 656 2439 nullo
671 2410 829 2445 prohibitus,
850 2408 987 2436 festinaret

191 2469 218 2493 et
242 2462 382 2490 anhelaret
409 2459 513 2487 Domini
540 2462 704 2494 prmceptum
730 2455 868 2491 perﬁcere.
895 2453 987 2488 Neque

192 2510 262 2538 enim
279 2506 406 2543 possibile
420 2509 472 2538 est,
487 2509 515 2531 ut
531 2511 587 2531 rem
612 2502 708 2529 fortem
727 2505 754 2529 et
772 2500 906 2535 egregiam
927 2499 987 2534 quis

193 2562 319 2590 umquam
332 2553 410 2580 aliter
426 2551 513 2584 faciat,
526 2549 576 2577 nisi
588 2552 666 2575 antea
682 2547 812 2574 adversus
825 2545 914 2573 oumia
927 2552 987 2579 qua:

191 2599 326 2636 ejusmodi
345 2597 451 2625 conatui
465 2596 597 2624 obsistere
611 2597 733 2630 possunt,
754 2599 785 2620 se
798 2595 884 2619 armet
899 2595 927 2618 et
944 2590 987 2617 in-

192 2651 288 2675 struat.
310 2645 367 2672 lloe
381 2643 472 2678 utique
491 2642 563 2669 clare
583 2641 670 2668 sciens
683 2639 770 2673 justus
788 2638 843 2671 ille,
864 2636 988 2665 omnibus

194 2691 348 2728 pra-teritis,
370 2697 423 2716 non
443 2687 551 2714 curabat
565 2687 607 2713 vel
629 2683 858 2715 consuetudinem,
880 2682 921 2709 vel
941 2680 989 2708 do-

194 2747 268 2768 nmm
281 2742 431 2774 paternam,
442 2734 483 2762 vel
494 2733 655 2767 sepulcrum,
667 2731 707 2759 vel
718 2733 881 2758 senectutem
893 2728 987 2762 ipsam,

195 2787 243 2815 sed
257 2786 284 2814 in
304 2785 357 2812 hoc
374 2783 513 2810 dumtaxat
533 2778 630 2814 ﬁgebat
643 2782 771 2810 mentem,
786 2776 920 2811 quomodo
941 2775 989 2802 im-

198 2835 273 2869 plere
285 2835 377 2867 posset
386 2828 456 2866 quod
469 2835 484 2854 a
501 2826 612 2854 Domino
627 2825 710 2852 fuerat
724 2826 892 2858 imperatutn.
906 2822 939 2849 Et
952 2821 991 2847 vi-

197 2880 262 2910 dere
279 2882 338 2908 crat
362 2885 418 2905 rem
436 2882 532 2911 magno
553 2872 669 2908 periculo
683 2869 945 2908 plenam,hominem
962 2869 989 2896 in

713 151 745 180 IN
764 152 839 180 CAP.
860 148 916 178 Xll.
939 149 1060 177 GI‘ZNES.
1082 148 1198 176 llOMlL.
1219 149 1317 177 XXXI.

1767 150 1820 178 290

1026 206 1224 240 provectissima
1244 211 1362 239 senecta,
1385 213 1445 234 cum
1460 214 1543 234 uxore
1555 207 1634 234 etiam
1656 207 1711 242 ipsa
1736 209 1821 235 :L-tatis

1026 255 1158 286 provecta:
1171 255 1198 278 et
1209 251 1298 278 multis
1311 251 1415 278 famulis
1428 259 1458 279 se
1471 251 1523 279 alio
1534 252 1686 280 transferre.
1700 253 1818 280 ttesciuut

1027 297 1134 324 ubinam
1147 297 1253 324 errandi
1276 296 1379 324 futurus
1399 297 1459 324 ﬁnis
1479 302 1559 325 esset.
1576 298 1651 332 Quod
1673 299 1696 326 si
1716 299 1776 334 quis
1795 305 1822 326 et

1026 344 1091 371 illud
1114 343 1257 379 prudenter
1275 343 1418 378 expendat,
1435 348 1541 379 quantte
1559 352 1606 378 per
1628 344 1693 371 illud
1716 349 1822 380 tempus

1028 390 1130 417 viarum
1150 389 1321 417 difﬁcultates
1341 393 1436 417 erant:
1453 397 1540 424 neque
1553 389 1636 421 enim,
1658 390 1726 417 sicut
1739 399 1820 423 nunc,

1028 435 1124 463 licebat
1137 435 1269 470 impavide
1283 443 1344 463 cum
1356 436 1415 463 aliis
1429 436 1540 469 versari,
1557 441 1584 463 et
1599 441 1651 463 tant
1667 436 1744 464 facile
1757 445 1820 472 pro-

1027 480 1155 509 fectiones
1167 481 1313 516 suscipere,
1328 489 1389 509 cum
1403 481 1507 517 singula
1522 481 1579 509 loca
1595 482 1709 517 propriis
1723 483 1821 517 princi-

1027 526 1132 561 patibus
1145 526 1268 554 distincta
1280 531 1380 561 essent,
1392 535 1555 562 necesseque
1568 532 1639 555 esset
1654 527 1704 555 iter
1718 529 1822 562 agenti-

1026 571 1078 600 bus
1090 571 1123 599 ab
1137 572 1196 600 aliis
1210 572 1243 599 ad
1255 572 1322 600 alios
1335 573 1468 608 principes
1481 573 1605 607 transire,
1619 578 1645 600 et
1659 573 1715 601 fere
1732 574 1822 608 quoti-

1027 617 1071 645 die
1083 618 1117 645 de
1129 625 1210 652 regno
1228 618 1255 645 in
1269 626 1378 654 regnum
1399 618 1542 654 progredi:
1558 625 1615 646 erat
1634 620 1713 655 igitur
1730 625 1757 647 et
1772 620 1823 648 hoc

1027 663 1193 692 obstaculutn
1212 665 1295 699 justo,
1320 665 1370 692 nisi
1393 670 1494 692 tantum
1519 665 1656 693 habuisset
1676 667 1776 694 amoris
1796 672 1823 694 et

1028 710 1151 737 mandata
1166 710 1318 745 perﬁciendi
1333 711 1506 739 desiderium.
1517 711 1617 738 Verum
1630 712 1755 739 omnibus
1770 712 1822 740 illis

1028 756 1236 790 impedimentis,
1262 757 1337 791 quasi
1359 764 1464 785 araneae
1487 757 1547 785 telae
1572 762 1672 790 essent,
1697 758 1823 793 disruptis

1028 807 1171 837 menteque
1192 802 1244 830 ﬁde
1259 802 1391 835 roborata,
1412 802 1496 838 probe
1515 803 1599 830 fidens
1619 803 1738 838 dignitati
1759 811 1822 839 pro-

1028 848 1167 881 mittentis,
1189 848 1239 876 iter
1260 856 1400 884 aggressus
1422 853 1474 876 est.
1485 849 1512 876 5.
1542 849 1576 875 Et
1600 850 1706 884 accepit,
1726 850 1820 885 inquit,

1028 895 1121 922 Abram
1135 895 1228 923 Saram
1247 903 1351 922 umorem
1365 903 1437 922 suam
1446 915 1453 927 ,
1468 900 1491 922 et
1507 895 1554 922 Lot
1577 896 1659 930 [ilium
1671 896 1758 930 fratris
1772 897 1822 929 sui,

1028 943 1218 976 universumque
1225 941 1389 968 substantiam
1404 950 1479 974 quant
1493 942 1653 976 possrderant
1663 942 1822 977 iaC/tarum,

1028 990 1052 1013 et
1066 986 1140 1014 exivit
1158 991 1184 1012 ut
1200 987 1400 1021 proﬁcisceretur
1413 987 1439 1013 in
1451 992 1543 1014 terram
1558 987 1691 1018 Chanaan.

1066 1031 1093 1058 6.
1118 1031 1181 1058 Vide
1207 1031 1351 1067 Scriptum
1373 1032 1561 1067 diligentiam,
1586 1033 1720 1068 quontodo
1745 1034 1824 1062 nobis

1028 1077 1116 1104 omnia
1140 1082 1246 1109 narrat,
1262 1083 1290 1104 ut
1305 1086 1352 1112 pcr
1363 1078 1452 1105 omnia
1465 1078 1598 1105 discamus
1616 1078 1680 1113 justi
1696 1079 1821 1114 pietatem

1028 1129 1060 1149 ac
1073 1122 1239 1157 religionem.
1255 1123 1366 1157 Accepit,
1383 1123 1468 1157 inquit
1481 1143 1488 1155 ,
1507 1123 1600 1150 Sat-am
1614 1132 1718 1151 uxorem
1730 1132 1802 1151 suam
1814 1146 1822 1158 ,

1029 1173 1051 1194 et
1065 1167 1113 1194 Lot
1123 1168 1205 1202 ﬁlium
1217 1170 1306 1204 fratris
1315 1169 1365 1201 sui,
1377 1169 1566 1203 universumque
1575 1169 1739 1196 substantiam
1749 1178 1824 1204 quant

1030 1213 1193 1248 possederant
1207 1214 1234 1240 in
1247 1213 1373 1240 Charran.
1393 1213 1450 1241 Non
1464 1214 1622 1249 simpliciter
1629 1215 1697 1242 dixit
1711 1224 1717 1241 ε
1732 1215 1825 1242 Omnia

1030 1266 1191 1294 quacumque
1210 1259 1372 1294 possederant
1387 1260 1412 1286 in
1426 1260 1541 1286 Charran
1555 1268 1565 1287 :
1584 1260 1630 1288 sed
1646 1265 1674 1287 ut
1692 1261 1826 1289 discamus

1030 1304 1138 1332 nihilex
1157 1305 1233 1332 bonis
1247 1304 1396 1333 Chaldaicis
1417 1305 1552 1340 accepisse
1577 1306 1764 1339 patriarcham,
1778 1307 1825 1334 sed

1032 1350 1151 1386 paternis
1169 1351 1221 1378 illis
1235 1351 1358 1378 omnibus
1372 1351 1447 1378 fratri
1458 1351 1557 1378 relictis
1569 1351 1666 1379 exiisse
1676 1372 1684 1385 ,
1697 1359 1727 1378 ea
1738 1352 1825 1379 solum

1027 1404 1120 1425 secum
1131 1397 1260 1425 ferentem
1273 1405 1333 1432 qua
1344 1401 1372 1425 et
1381 1397 1409 1424 in
1419 1397 1537 1425 Charran
1552 1398 1713 1432 possidebat.
1729 1399 1761 1425 Et
1775 1399 1826 1426 hoc

1031 1441 1144 1471 faciebat
1161 1443 1202 1471 vir
1216 1443 1399 1477 admirandus,
1414 1450 1468 1471 non
1481 1443 1552 1478 quod
1569 1443 1614 1471 illa
1626 1444 1713 1479 magni
1727 1444 1827 1472 faceret

1032 1489 1073 1517 vel
1086 1489 1157 1524 quod
1171 1497 1267 1517 avarus
1277 1493 1349 1517 esset
1363 1496 1372 1516 :
1386 1489 1434 1517 sed
1443 1493 1471 1516 ut
1482 1496 1516 1517 ex
1528 1489 1696 1517 facultatibus
1706 1490 1756 1517 illis
1765 1497 1827 1525 pos-

1032 1540 1072 1562 set
1091 1535 1215 1562 omnibus
1229 1535 1330 1568 testari,
1346 1540 1444 1570 quanta
1461 1535 1508 1563 Dei
1526 1543 1588 1571 erga
1604 1543 1634 1563 se
1652 1536 1747 1563 fuisset
1764 1544 1826 1571 pro-

1033 1579 1159 1607 videntia.
1173 1580 1224 1614 Qui
1238 1581 1308 1607 enim
1324 1588 1357 1607 ex
1372 1584 1442 1608 terra
1457 1580 1644 1608 Chaldaeorum
1653 1589 1712 1609 eutn
1725 1581 1826 1615 eduxit,

1032 1632 1060 1654 et
1081 1627 1175 1654 iterum
1190 1627 1251 1654 inde
1266 1627 1380 1661 migrare
1400 1627 1490 1662 jussit,
1519 1628 1577 1662 ipse
1600 1631 1627 1655 et
1653 1627 1828 1655 substantiam

1035 1673 1104 1701 illius
1120 1673 1237 1708 quotidie
1251 1672 1380 1708 augebat,
1396 1676 1424 1700 et
1435 1680 1543 1700 omnem
1557 1673 1705 1700 molestiam
1722 1673 1828 1701 aufere-

1033 1718 1088 1746 bat.
1109 1718 1201 1753 Itaque
1222 1718 1293 1753 quod
1313 1718 1370 1745 htec
1389 1725 1480 1745 secum
1506 1718 1597 1751 ferret,
1626 1723 1654 1745 et
1673 1726 1721 1754 per
1747 1723 1829 1746 totam

1034 1764 1103 1791 viam
1115 1763 1153 1790 sic
1171 1762 1337 1798 procederet,
1351 1763 1485 1798 specimen
1500 1767 1558 1790 erat
1577 1763 1627 1797 pia:
1646 1763 1831 1799 religiosaeque

1035 1811 1141 1838 mentis.
1156 1809 1321 1844 Quicumque
1333 1808 1404 1836 enim
1415 1816 1476 1836 eum
1487 1808 1605 1842 videbat,
1617 1809 1712 1836 merito
1723 1817 1830 1836 causam

1035 1855 1201 1891 inquirebat,
1217 1862 1300 1890 quare
1318 1854 1407 1889 justus
1429 1854 1474 1882 ille
1488 1855 1710 1889 peregrinaretur.
1733 1854 1832 1882 Deinde

1035 1900 1195 1934 intelligens,
1209 1907 1271 1927 eum
1283 1899 1359 1934 jussu
1371 1899 1417 1926 Dei
1431 1898 1457 1926 in
1472 1898 1586 1926 alienam
1599 1903 1697 1925 terram
1707 1919 1716 1931 ,
1728 1899 1830 1926 relictis

1036 1947 1150 1983 propriis
1160 1967 1168 1978 ,
1182 1946 1307 1978 transire,
1322 1953 1370 1980 per
1382 1953 1464 1980 opera
1481 1945 1538 1979 ipsa
1553 1945 1698 1971 docebatur
1706 1949 1732 1971 et
1746 1944 1832 1972 disce-

1036 1994 1082 2022 bat
1093 2001 1171 2029 quam
1184 1994 1225 2028 pia
1245 1997 1315 2021 esset
1336 1993 1402 2027 justi
1418 1992 1579 2021 obedientia.
1602 1996 1629 2018 ct
1641 1999 1719 2026 quant
1740 1991 1834 2025 ingens

1037 2039 1084 2067 Dei
1099 2046 1162 2074 erga
1180 2038 1253 2066 illum
1265 2037 1440 2073 providentia.
1457 2036 1491 2063 Et
1505 2036 1590 2069 exiuit,
1602 2035 1697 2070 inquit,
1711 2040 1737 2062 ut
1751 2036 1832 2071 profi-

1036 2086 1169 2112 cisceretur
1181 2087 1207 2111 in
1223 2089 1314 2111 terram
1328 2084 1460 2111 Chanaan.
1487 2082 1563 2110 Unde
1587 2082 1698 2115 sciebat,
1713 2082 1738 2109 in
1763 2087 1832 2109 terra

1037 2132 1246 2160 Chananaeorum
1265 2131 1381 2158 futurum
1392 2137 1452 2158 esse
1469 2137 1525 2156 sua:
1543 2129 1763 2164 peregrinationis
1778 2134 1830 2156 ter-

1039 2179 1141 2206 minum
1152 2186 1160 2210 ;
1173 2177 1295 2213 quamvis
1307 2181 1470 2213 praeceptqu
1483 2176 1517 2202 ita
1535 2182 1566 2203 se
1586 2175 1714 2203 haberet:
1734 2175 1794 2202 Veni
1808 2176 1835 2202 in

1041 2231 1135 2253 terram
1148 2233 1224 2260 quant
1242 2229 1413 2251 momtravero
1426 2222 1491 2249 tibi?
1513 2222 1639 2249 Fortasse
1665 2221 1735 2248 Deus
1758 2222 1784 2250 ei
1809 2227 1836 2249 et

1039 2272 1090 2299 hoc
1099 2270 1271 2306 signiﬁcavit,
1291 2269 1412 2297 indicans
1425 2268 1507 2296 menti
1532 2267 1590 2302 ejus
1613 2272 1728 2300 terram,
1743 2268 1768 2295 in
1783 2276 1835 2303 qua

1039 2318 1125 2353 ipsum
1136 2317 1299 2345 constituere
1314 2314 1430 2342 volebat.
1447 2314 1590 2348 Propterea
1607 2313 1678 2341 enim
1693 2321 1753 2341 cum
1767 2321 1835 2349 pra:-

1039 2365 1140 2398 cipcret
1154 2363 1178 2391 ei
1191 2384 1199 2396 ,
1214 2362 1352 2390 indeﬁnite
1367 2361 1491 2389 dicebat:
1511 2359 1572 2387 Veni
1595 2360 1621 2386 in
1644 2364 1736 2386 terram
1761 2369 1836 2392 quam

1040 2415 1210 2438 uwrtstravero
1230 2409 1284 2442 tibi,
1301 2412 1330 2436 ut
1351 2407 1427 2436 nobis
1450 2406 1513 2442 jus'i
1539 2406 1665 2435 virtutem
1689 2405 1834 2440 dvo-geret.

1041 2455 1142 2483 Deinde
1153 2460 1292 2490 postquam
1303 2454 1348 2481 ille
1361 2452 1433 2488 quod
1453 2459 1530 2480 suum
1544 2455 1603 2479 erat
1612 2450 1718 2478 abumlc
1732 2451 1831 2483 attulit,

1041 2509 1102 2528 mox
1117 2501 1187 2528 Deus
1199 2500 1223 2528 ei
1237 2498 1416 2534 signiﬁcavit,
1431 2497 1456 2524 in
1472 2505 1523 2532 qua
1537 2501 1607 2523 terra
1622 2496 1702 2523 vellet
1714 2504 1775 2523 entn
1789 2496 1834 2522 do-

1041 2547 1169 2574 micilium
1189 2545 1298 2572 habere.
1322 2544 1387 2577 Quia
1411 2543 1485 2572 enim.
1504 2542 1616 2569 eximias
1636 2541 1701 2576 justi
1726 2541 1837 2569 virtutes

1042 2592 1216 2627 prmvidebat,
1242 2590 1341 2617 idcirco
1357 2597 1418 2617 eum
1436 2597 1469 2616 ex
1484 2596 1517 2615 eo
1529 2588 1588 2614 loco
1601 2586 1734 2619 evocavit,
1749 2591 1777 2614 ct
1790 2595 1836 2613 ne-

1042 2645 1094 2673 que
1121 2637 1230 2664 fratrem
1254 2641 1282 2662 ut
1308 2635 1442 2668 acciperet
1463 2633 1544 2668 jussit
1564 2631 1711 2666 :quoniam
1731 2631 1838 2658 Volebat

1043 2685 1114 2712 hunc
1125 2683 1261 2711 doctorem
1275 2682 1331 2709 ﬁeri
1344 2702 1351 2713 ,
1367 2687 1437 2707 nunc
1462 2679 1567 2714 quidem
1582 2677 1706 2705 omnibus
1721 2677 1838 2704 Pala'sli-

1044 2739 1105 2758 natn
1121 2729 1306 2760 incolentibus,
1318 2727 1396 2762 paulo
1410 2730 1470 2760 post
1488 2730 1576 2752 autent
1592 2724 1672 2752 etiam
1692 2723 1836 2758 Egyptiis.

1083 2776 1143 2803 Non
1156 2776 1181 2803 in
1195 2779 1285 2802 natura
1296 2794 1303 2807 ,
1317 2773 1361 2800 sed
1376 2773 1401 2799 in
1423 2773 1550 2799 voluntate
1563 2771 1640 2798 virtus
1660 2775 1684 2796 et
1702 2770 1761 2796 vitia
1780 2774 1837 2796 sunt

1045 2823 1103 2850 sita.
1118 2835 1152 2844 -
1170 2820 1277 2847 Vidistis
1298 2817 1433 2854 quomodo
1447 2825 1499 2844 non
1517 2817 1542 2843 in
1559 2821 1651 2843 natura
1661 2836 1668 2848 ,
1683 2815 1730 2843 sed
1745 2815 1770 2841 in
1788 2822 1836 2840 vo-

1047 2868 1149 2896 luntate
1166 2871 1192 2894 ct
1212 2865 1301 2894 anituo
1319 2869 1411 2892 nostro
1426 2863 1475 2893 sita
1490 2865 1552 2890 sunt
1566 2866 1618 2889 tant
1634 2868 1692 2896 qua:
1710 2859 1743 2888 ad
1757 2865 1836 2889 vu'tus
