2055 3123
241 165 289 193 93M
597 163 624 190 S.
644 162 781 190 JOANNIS
800 158 1040 188 CHRYSOSTOMI
1061 158 1217 187 ARCIIIEI’.
1239 160 1505 189 CONSTANTINOP.

240 224 302 248 tein.
317 226 395 253 quam
410 226 469 252 quat
491 217 523 244 ad
546 218 607 244 vitia
620 217 773 253 pertinent?
788 217 855 244 licce
870 221 961 243 natura
972 215 1033 250 qni-

239 266 399 292 tlenitratres
407 269 494 296 erant,
507 263 563 298 ipse
574 263 723 298 patriarcha
734 267 760 289 et
771 262 886 301 Nachor,
898 262 1034 288 voluntate

239 315 327 337 autem
344 318 397 336 non
414 309 494 336 item:
510 309 556 336 scd
570 309 624 338 ille,
641 308 702 335 licet
718 308 800 335 frater
814 307 847 334 ad
865 312 965 334 tantam
981 306 1033 332 vir-

239 361 323 383 tntcm
336 354 502 390 pervenisset
512 375 519 388 ,
534 354 622 382 adhuc
634 361 726 382 errore
738 357 939 387 prmoccupatus
954 356 1011 378 erat
1024 357 1032 378 :

239 402 281 429 hic
291 407 378 429 autem
392 401 517 429 omnilms
527 400 644 435 quotidie
655 408 702 435 per
710 407 790 434 opera
802 400 857 434 ipsa
869 397 1034 425 monstrabat

239 448 346 475 virtutis
361 455 416 474 sine
431 446 577 474 secundum
592 446 674 474 Deum
689 445 862 473 incrementa.
877 443 902 470 6.
917 443 1029 476 Euenit,

239 494 336 529 inquit,
355 493 380 519 in
393 498 486 520 terram
499 491 621 519 Chanaan
634 512 641 525 ,
657 496 678 518 ct
691 490 850 525 pertransit-it
864 489 958 515 Abram
980 493 1032 514 ter-

239 548 293 566 ram
307 539 332 565 in
344 538 527 573 longitudinem
538 538 592 572 ejus
606 558 614 570 ,
628 545 705 572 usque
715 535 748 565 ad
762 536 846 562 locum
860 534 968 570 Syc/tem
977 554 984 565 ,
1000 532 1034 559 ad

240 593 359 620 quercum
374 584 506 611 excelsam.
525 583 606 610 Docet
621 591 671 610 nos
688 582 825 617 Scriptura
838 581 924 608 locum
945 580 1032 614 regio-

240 632 293 663 nis,
306 631 331 658 in
347 638 401 665 quo
415 637 485 657 nunc
498 629 587 664 justus
596 628 758 657 domicilium
773 627 897 655 collocat.
915 624 1014 653 Deinde
1024 644 1031 657 ,

239 682 269 704 ut
283 677 398 704 sciamus
419 676 555 712 quomodo
574 683 603 704 se
628 675 682 703 illic
703 682 745 702 res
769 673 913 705 habebant,
928 671 1031 706 inquit:

240 725 377 752 tihannnan'
399 730 484 752 autem
502 730 560 751 tunc
579 723 753 750 inhabitabant
764 728 867 748 (errant.
879 720 968 755 Neque
982 719 1033 746 hoc

238 771 393 805 simpliciter
406 776 433 799 ot
453 770 553 804 absque
573 776 652 796 causa
667 769 760 796 beatus
775 767 860 794 Mosrs
873 766 1030 801 assignavit,

239 817 285 843 sed
302 821 329 843 ut
344 817 479 843 discamus
489 816 569 843 etiam
582 815 654 842 illinc
665 819 782 842 mentem
796 811 954 848 patriarcha:
974 810 1032 845 phi—

241 861 402 896 ltiSophicam
416 870 421 887 :
434 862 496 896 quia
511 869 571 887 cum
595 861 652 888 loca
673 860 715 886 illa
738 863 921 894 pra-occupata
941 861 1034 884 essent

227 899 252 932 ‘a
266 906 435 939 Chandnads,
445 906 589 940 cogebatur
601 905 676 940 quasi
687 912 769 940 vagus
780 909 806 931 ct
820 903 991 938 peregrinus,
1007 905 1033 929 et

238 953 313 987 quasi
327 953 446 987 abjectus
457 958 484 979 et
498 953 557 979 vilis
571 952 651 980 homo
666 951 795 979 diversari
806 972 812 983 ,
825 950 883 978 sine
898 949 952 977 ullo
967 949 1034 976 forte

239 999 362 1032 hospitio.
378 997 499 1024 Attamen
521 1005 606 1032 neque
619 996 681 1024 illud
694 996 804 1024 n.oleste
816 995 827 1022 l'
841 995 916 1022 rebat
927 1015 934 1026 ,
948 1001 1033 1029 neque

237 1045 303 1072 illce'
314 1050 338 1071 at
356 1053 362 1071 :
375 1044 440 1077 Quid
457 1044 505 1069 hoc
518 1044 576 1071 «St?
589 1051 673 1079 egone
688 1043 732 1078 qui
755 1048 829 1070 tanto
844 1050 905 1070 cum
918 1041 1032 1074 honore,

237 1094 265 1118 ct
276 1094 348 1117 tanta
359 1097 420 1117 eum
435 1089 534 1116 liunilia
550 1090 660 1124 agebam
675 1089 701 1117 in
714 1088 832 1116 Charran
845 1109 852 1118 ,
870 1095 939 1115 nunc
952 1094 1033 1122 cogor

240 1135 305 1163 sicut
318 1136 528 1163 civititccarcns
539 1155 547 1168 ,
563 1140 589 1162 et
600 1135 766 1170 peregrinus,
785 1139 811 1162 et
822 1134 924 1161 advena
939 1133 1032 1162 «ubam-

240 1180 341 1212 Iiulare,
357 1179 436 1216 idque
462 1181 554 1216 gratia:
569 1180 628 1207 loco
646 1180 756 1213 ducere,
772 1185 798 1207 et
817 1179 932 1214 quietem
949 1179 974 1205 in
989 1178 1032 1205 vili

238 1233 360 1260 ipim-ere
384 1225 548 1258 diversorio;
563 1231 588 1253 et
602 1233 687 1260 neque
704 1226 755 1253 hoc
773 1225 891 1252 invenire
912 1232 1032 1262 possum,

236 1270 283 1298 sed
297 1271 322 1297 iu
335 1271 511 1298 tabernaculis
522 1276 549 1298 et
563 1271 703 1305 tuguriolis
717 1271 817 1298 versari
831 1291 837 1302 ,
851 1270 970 1306 aliasque
984 1269 1033 1296 mi-

237 1317 320 1343 serias
342 1317 412 1344 ferre
431 1317 501 1351 cogit
522 1323 564 1343 me
579 1316 735 1345 necessitas.
755 1316 872 1343 liocciuc
885 1320 944 1348 est,
959 1314 1032 1349 quod

237 1361 342 1389 tlicebat
355 1370 362 1389 :
382 1361 452 1394 Veni,
463 1367 485 1388 et
494 1361 588 1397 faciam
597 1367 620 1388 te
633 1362 658 1388 in
666 1367 763 1397 gentem
774 1361 910 1396 niagnnm?
920 1360 1032 1388 Pulchra

237 1408 340 1435 scilicet
353 1408 498 1442 prmludia;
513 1408 575 1444 quid
589 1415 671 1436 suave
684 1408 793 1444 posthac
807 1407 1034 1441 exspectandum?

237 1454 271 1480 At
284 1453 349 1480 nihil
361 1453 412 1480 tale
422 1453 625 1488 dicebatjustus
640 1474 647 1485 ,
662 1461 748 1488 neque
759 1452 918 1485 fluctuabat;
932 1453 978 1480 sed
990 1453 1032 1480 in-

238 1504 309 1534 tegra
325 1503 419 1526 mente
432 1503 460 1526 et
472 1498 588 1534 perfecta
604 1498 667 1532 ﬁde,
681 1499 749 1527 bene
762 1498 846 1526 fidens
857 1498 904 1526 Dei
919 1497 1034 1533 promis-

239 1544 285 1577 sis,
303 1544 415 1571 immoto
439 1544 555 1579 perstitit
574 1544 680 1576 animo;
702 1543 773 1571 unde
787 1544 877 1572 statim
891 1548 918 1572 et
937 1551 1032 1579 super-

240 1597 302 1616 nam
313 1589 523 1618 consolationem
540 1590 661 1626 accipere
675 1591 782 1618 meruit.

273 1635 301 1662 7.
312 1634 418 1662 Mortalis
430 1635 718 1663 cubantium—Verum
731 1643 763 1663 ne
778 1644 929 1663 sermonem
941 1637 1033 1671 produ-

237 1689 329 1708 camus
343 1681 449 1715 longius
462 1702 469 1713 ,
484 1680 528 1708 hic
541 1681 565 1709 ei
581 1683 659 1709 finem
675 1682 858 1717 imponamus;
873 1682 937 1710 illud
952 1690 1032 1710 unum

237 1730 344 1753 orantes
359 1727 496 1755 caritatem
520 1732 657 1760 vestram,
685 1733 714 1755 ut
739 1733 855 1756 mentem
875 1729 940 1763 justi
963 1729 1034 1756 illius

238 1773 387 1801 imitemini.
415 1774 519 1801 Etenim
543 1774 762 1802 absurdissimum
776 1779 847 1802 esset
858 1795 866 1807 ,
881 1775 903 1801 si
917 1783 976 1802 cum
990 1775 1032 1809 ju-

237 1824 295 1846 stus
307 1819 360 1852 ille,
375 1819 409 1846 de
421 1825 492 1847 terra
517 1820 543 1847 in
562 1825 660 1848 terram
676 1827 795 1854 vocatus,
817 1826 915 1848 tantam
937 1830 990 1856 pne
1004 1830 1033 1850 se

238 1865 330 1892 tulerit
349 1865 540 1899 obedientiam,
555 1870 583 1893 et
607 1873 694 1902 neque
717 1872 853 1900 senectus,
875 1875 961 1902 neque
982 1867 1033 1895 alia

237 1918 297 1944 qua:
311 1911 529 1938 enumeravimus
549 1912 755 1946 prmpedimcnla
767 1933 773 1943 ,
786 1920 871 1947 neque
884 1917 1032 1948 temporum

237 1956 389 1988 difficultas,
403 1965 489 1992 neque
505 1958 556 1984 ulla
573 1958 635 1991 alia,
647 1966 706 1993 qum
718 1960 845 1986 remorari
862 1959 946 1994 ip~um
957 1967 1034 1993 posse

239 2003 408 2036 videbantur,
433 2003 466 2030 ad
491 2004 669 2032 obediéndum
694 2004 838 2032 tardiorem
862 2013 922 2032 cum
947 2005 1034 2033 facere

238 2049 391 2081 potuerint;
406 2049 452 2076 sed
465 2049 589 2076 omnibus
603 2050 717 2077 vinculis
732 2051 828 2084 ruptis,
843 2051 990 2077 cucurrerit
1006 2055 1035 2078 ct

239 2093 404 2120 l'estinaverit
418 2100 511 2126 senex,
527 2094 601 2128 quasi
624 2094 730 2128 juvenis
753 2095 895 2128 resumptis
922 2095 1033 2128 viribus,

238 2145 298 2163 cum
310 2142 437 2169 uxorc,ct
462 2137 550 2165 fratris
575 2139 639 2172 ﬁlio,
654 2143 681 2166 ct
703 2139 826 2167 famulis.
843 2145 871 2166 ut
895 2140 1035 2174 perliciens

238 2189 319 2215 opere
337 2182 407 2216 quod
422 2183 472 2209 sibi
486 2192 500 2209 ει
522 2183 577 2210 Deo
587 2183 774 2211 demandatum
789 2188 846 2212 erat
864 2194 870 2211 :
886 2192 935 2211 nos
945 2189 1033 2212 autem

239 2228 282 2262 qui
297 2235 350 2255 non
365 2227 399 2256 de
415 2233 484 2256 terra
498 2229 524 2256 ili
547 2234 646 2256 terram
661 2238 787 2258 vocamur
798 2251 804 2262 ,
821 2230 867 2258 sed
881 2231 914 2258 de
928 2236 997 2258 terra
1009 2233 1034 2259 in

239 2274 345 2307 cadum,
362 2283 414 2301 non
439 2275 560 2303 eamdem
588 2284 666 2310 quam
689 2276 734 2303 ille
756 2277 844 2310 justus
870 2277 1035 2307 alacritatem

239 2319 390 2346 obedienth
412 2319 605 2353 cxliibcauuts,
628 2321 675 2348 sed
698 2321 806 2355 frigidas
831 2322 986 2357 plerumque
1008 2329 1036 2350 et

241 2365 347 2392 inutiles
357 2369 532 2401 prretexatnus
550 2373 662 2398 causas;
678 2371 704 2392 et
719 2374 804 2400 neque
824 2375 872 2394 nos
889 2368 1036 2401 promisso"

240 2417 298 2436 rum
313 2410 478 2445 magnitudo,
495 2418 580 2443 neque
606 2411 746 2438 visibilium
769 2419 858 2438 rermn
873 2412 974 2445 vilitas,
989 2421 1034 2441 ne-

239 2463 292 2489 que
313 2455 382 2489 quod
407 2461 522 2483 terrcnze
537 2456 588 2482 illa:
607 2456 660 2483 sint
679 2461 707 2483 et
726 2462 930 2490 momentanete,
948 2466 1035 2493 neque

240 2501 360 2527 vocantis
373 2500 488 2536 dignitas
499 2501 567 2528 adeo
589 2501 704 2528 attrahat
718 2510 724 2528 :
738 2501 785 2529 scd
799 2502 865 2530 adeo
888 2503 972 2530 simus
989 2511 1036 2530 ne-

240 2546 382 2580 gligentes,
400 2551 428 2573 ut
452 2546 625 2581 prtefcramus
650 2551 835 2575 momentanca
857 2555 964 2583 semper
979 2557 1034 2575 ma-

240 2591 376 2624 nentibus,
404 2596 502 2618 terram
527 2593 603 2625 caelo,
627 2600 657 2620 ea
678 2600 738 2628 qua:
765 2593 872 2621 avolant
894 2599 1034 2629 antequam

240 2636 404 2670 habeantur,
419 2638 451 2665 iis
467 2646 525 2673 qna:
538 2646 680 2673 numquam
696 2639 774 2666 ﬁnem
784 2639 904 2675 accipere
915 2647 1034 2675 possunt.

239 2684 383 2717 Quousque
396 2683 466 2710 enim
481 2704 487 2715 ,
501 2684 544 2711 dic
556 2705 562 2715 ,
577 2691 678 2719 quasso,
694 2685 729 2712 ita
744 2685 905 2713 insanicnius
919 2686 944 2713 in
957 2687 1034 2714 colli-

240 2728 334 2762 gendis
358 2729 497 2764 pecuniis?
520 2738 581 2765 qua:
605 2731 691 2758 rabies
710 2731 781 2766 cogit
800 2732 918 2766 quotidie
940 2740 954 2759 a
983 2738 1035 2760 tam

243 2773 354 2800 molesta
369 2776 584 2809 concupiscentia
600 2775 728 2809 infestari,
742 2781 769 2804 ct
779 2784 922 2810 numquam
933 2777 1034 2809 satiari.

243 2817 288 2844 scd
299 2818 417 2846 deterius
430 2819 528 2848 habere
540 2829 618 2854 tutam
632 2821 676 2856 qui
692 2827 751 2848 sunt
775 2822 864 2849 ebrii?
882 2822 948 2849 Nam
968 2823 1036 2850 sicut

244 2858 282 2890 illi
296 2867 398 2897 quanto
414 2866 498 2902 magis
513 2874 587 2894 mero
607 2875 636 2894 sc
661 2867 828 2902 distcudunt,
855 2873 928 2898 tanto
950 2868 1033 2907 magis

1826 163 1879 191 292

1088 213 1199 250 flagrant
1217 216 1271 249 siti,
1283 222 1308 244 et
1321 218 1455 250 camimtm
1474 218 1640 246 succendunt
1660 219 1808 254 graviorem
1823 229 1828 245 :
1846 221 1882 248 ita

1089 259 1214 288 nimirum
1235 266 1262 288 ct
1278 262 1320 289 isti
1341 263 1386 297 qui
1401 270 1460 290 sese
1482 263 1612 298 tyrannidi
1628 264 1744 291 avaritia:
1757 264 1882 299 subjece-

1087 311 1170 339 runt,
1202 307 1302 334 nullum
1330 308 1535 342 concupiscendi
1566 309 1645 335 linem
1671 310 1769 337 faciunt
1799 319 1806 337 :
1835 311 1882 337 scd

1085 357 1186 387 quanto
1205 353 1278 388 plura
1292 353 1413 387 affluunt,
1427 359 1500 382 tanto
1517 355 1600 390 magis
1615 355 1720 382 ﬂamma
1733 356 1840 388 crescit,
1856 362 1884 383 ct

1086 399 1207 425 caminus
1219 399 1295 426 ardet
1309 399 1432 427 validius.
1454 399 1511 428 Non
1524 400 1645 428 videmus
1652 401 1722 435 quod
1739 402 1754 428 ii
1766 401 1883 436 quiante

1087 450 1136 470 nos
1150 443 1234 477 fuere,
1246 445 1367 479 quamvis
1383 445 1574 480 propemodum
1599 447 1680 473 totius
1694 446 1768 474 orbis
1781 446 1882 474 domini

1086 493 1188 522 essent,
1203 489 1266 516 nudi
1279 494 1307 518 ct
1320 491 1431 518 solitarii
1446 498 1479 518 ex
1494 491 1544 519 hac
1559 491 1612 518 vita
1625 493 1728 527 abrepti
1743 498 1815 526 sunl,
1833 494 1882 522 hoc

1086 534 1172 561 solum
1196 534 1259 562 inde
1277 536 1435 570 consequuti
1453 536 1524 571 quod
1549 537 1666 565 rationes
1688 544 1714 565 et
1733 546 1821 572 pmiia:
1837 547 1882 574 pro

1086 581 1210 609 omnibus
1224 581 1278 609 illic
1294 582 1328 609 ab
1339 582 1379 610 eis
1391 582 1528 617 exigenda!
1541 584 1615 610 sint?
1632 583 1664 611 Et
1676 584 1782 619 quidem
1797 593 1882 620 saepe-

1086 633 1199 653 numero
1215 626 1314 655 diversi
1337 627 1478 655 facultates
1498 635 1590 656 eorum
1611 629 1680 657 inter
1698 638 1727 658 se
1741 630 1882 658 distribue-

1087 676 1168 699 runt:
1183 676 1291 706 peccata
1305 677 1394 700 autem
1418 680 1450 700 ex
1475 673 1527 701 illis
1545 679 1682 702 contracta
1710 676 1767 710 ipse
1795 676 1881 703 solum

1086 724 1178 744 secum
1192 717 1327 752 auferens,
1347 718 1476 752 abscedit,
1492 724 1519 746 et
1533 727 1580 754 pro
1593 720 1625 747 iis
1640 728 1742 756 magna!
1763 721 1882 757 indigna~

1087 762 1165 790 tionis
1180 763 1308 798 supplicia
1320 764 1465 796 sustinens,
1479 765 1662 793 consolatione
1675 767 1793 801 undique
1802 769 1882 795 desti-

1087 809 1178 835 tuitur.
1194 809 1281 842 Quare
1297 809 1385 844 igitur,
1394 810 1446 843 dic,
1460 817 1509 837 oro
1523 831 1531 844 ,
1545 815 1598 838 tam
1613 811 1776 846 negligentes
1787 813 1881 840 salutis

1086 859 1196 888 nostrae,
1211 856 1247 883 ita
1260 856 1378 891 segniter
1391 857 1486 884 animat
1499 861 1598 884 nostra;
1611 858 1794 891 consulimus,
1807 860 1880 893 quasi

1086 902 1173 930 aliena
1187 907 1258 929 esset
1269 923 1276 934 ,
1290 907 1318 929 et
1332 910 1383 929 non
1396 903 1509 930 nostra?
1523 903 1580 930 Non
1595 903 1671 931 audis
1685 904 1822 931 Christum
1836 905 1876 931 di-

1086 953 1190 975 centem
1207 948 1309 981 :Quam
1324 948 1394 975 dabit
1420 948 1494 976 homo
1514 950 1734 976 commutationem
1759 958 1806 984 pro
1826 951 1882 976 nni-

1087 1001 1128 1019 ma
1152 1002 1197 1020 sua
1213 993 1320 1030 (Matth.
1346 994 1391 1021 16.
1413 994 1479 1029 26)?
1496 995 1528 1022 Et
1551 995 1671 1022 iterum:
1689 996 1758 1029 Quid
1781 997 1882 1031 prodat

1086 1038 1212 1065 hominist
1227 1043 1306 1065 totum
1322 1039 1443 1066 orandum
1457 1039 1578 1072 lucretur,
1603 1041 1695 1068 animi:
1721 1046 1806 1068 autem
1830 1050 1882 1069 sua!

1087 1083 1261 1110 detrimentum
1286 1085 1399 1117 potiatur
1420 1085 1434 1111 1’
1458 1084 1525 1111 Num
1553 1086 1688 1120 quidpiam
1713 1086 1796 1114 habes
1821 1087 1882 1115 huic

1086 1128 1319 1163 atquiparandum?
1333 1129 1442 1157 Etiamsi
1466 1134 1549 1157 totu-n
1571 1131 1663 1158 urbem
1679 1132 1798 1164 dixeris,
1817 1133 1882 1162 nihil

1086 1174 1168 1202 dices.
1184 1176 1248 1208 Qua:
1262 1176 1332 1203 enim
1357 1176 1472 1209 utilitas,
1492 1177 1560 1204 sicut
1574 1177 1641 1204 dixit
1650 1177 1781 1212 Christus,
1797 1184 1881 1207 totum

1087 1221 1213 1248 mtmdnm
1226 1221 1392 1254 lucriﬁicerc,
1407 1223 1503 1250 animae
1517 1228 1607 1250 autem
1616 1224 1804 1252 detrimentum
1817 1227 1880 1260 pati,

1086 1274 1136 1302 qua
1161 1266 1225 1294 nihil
1242 1267 1319 1295 nobis
1340 1269 1424 1302 magis
1448 1269 1606 1304 proprium?
1621 1269 1717 1297 Verum
1742 1279 1800 1298 eam
1823 1279 1882 1306 qme

1086 1317 1139 1340 tam
1151 1314 1264 1348 pretiosa
1275 1319 1325 1347 est,
1335 1315 1411 1349 cujus
1430 1320 1531 1342 tantam
1543 1323 1634 1343 curam
1648 1323 1728 1352 agerc
1741 1317 1880 1350 debemus,

1087 1364 1115 1386 ut
1127 1359 1190 1387 nihil
1206 1360 1241 1387 illi
1257 1361 1373 1396 prcherri
1386 1361 1491 1393 debeat,
1507 1363 1546 1389 sic
1559 1362 1720 1397 despicimus
1730 1384 1736 1394 ,
1753 1369 1783 1390 ut
1793 1366 1882 1399 quoti-

1086 1405 1128 1432 dic
1141 1405 1307 1440 discerpatnr
1316 1427 1323 1438 ,
1339 1410 1366 1433 et
1379 1406 1513 1434 interdum
1526 1407 1561 1434 ab
1576 1408 1686 1435 avaritia
1708 1409 1862 1436 obsideatur
1873 1431 1880 1439 .

1085 1450 1227 1485 aliquando
1240 1459 1256 1478 a
1268 1452 1374 1479 luxuria
1389 1454 1537 1486 laceretur,
1557 1453 1690 1480 intcrdutn
1705 1454 1740 1481 ab
1762 1455 1798 1481 ira
1815 1463 1880 1482 con—

1085 1495 1220 1529 fundatur,
1232 1502 1258 1524 et
1267 1505 1282 1524 a
1297 1498 1409 1533 singulis
1423 1498 1566 1526 affectibus
1574 1499 1744 1527 multifariam
1756 1507 1878 1533 vexetur,

1085 1547 1112 1569 et
1132 1542 1231 1569 nullam
1245 1543 1284 1570 vel
1304 1550 1366 1570 sero
1390 1544 1496 1571 tandem
1518 1545 1589 1572 illius
1602 1552 1726 1579 geramus
1749 1547 1881 1574 solliritu-

1086 1587 1175 1615 dinem
1186 1589 1197 1615 ξ
1210 1588 1274 1622 Quis
1287 1597 1336 1616 nos
1349 1589 1460 1624 posthac
1472 1589 1626 1625 dignabitur
1638 1592 1723 1624 venia,
1738 1598 1765 1619 et
1779 1593 1814 1619 ab
1829 1594 1879 1620 im-

1087 1635 1204 1662 minente
1225 1635 1356 1669 supplicio
1369 1636 1485 1671 eripiet?
1500 1636 1618 1670 Idcirco,
1634 1637 1764 1670 obsecro,
1779 1643 1807 1665 ut
1819 1639 1882 1666 dum

1087 1686 1191 1715 tempus
1203 1681 1341 1714 habemus,
1357 1681 1526 1717 detergamus
1537 1683 1594 1717 ejus
1607 1684 1703 1710 sordes
1716 1684 1796 1718 largis
1809 1685 1881 1712 elee-

1088 1728 1224 1762 mosynls,
1253 1731 1280 1754 et
1303 1727 1356 1754 illis
1380 1721 1549 1762 peccatoriim
1571 1733 1722 1756 nostrorum
1749 1730 1881 1757 flammam

1086 1772 1295 1807 cxstinguamus.
1319 1772 1410 1807 Ignem
1426 1774 1498 1800 enim
1509 1795 1516 1807 ,
1533 1774 1633 1809 inquit,
1648 1775 1777 1801 ardentem
1789 1776 1882 1801 crstin-

1086 1822 1143 1852 guet
1165 1827 1239 1853 aqua,
1255 1824 1385 1852 peccatum
1397 1826 1455 1846 vero
1469 1820 1634 1854 eleeutmynia
1646 1826 1770 1855 purgatur
1787 1820 1880 1855 (Eccli.

1086 1864 1113 1891 Ξ.
1128 1863 1183 1897 53).
1198 1863 1268 1891 Nihil
1283 1863 1354 1891 enim
1371 1871 1480 1898 prorsus
1495 1865 1605 1899 perinde
1624 1873 1673 1892 nos
1695 1865 1813 1893 eximere
1836 1874 1882 1900 po-

1087 1913 1139 1936 test
1163 1917 1177 1936 a
1200 1909 1322 1944 gelicuna
1349 1910 1427 1944 ignis,
1452 1915 1533 1945 atque
1560 1911 1669 1946 largitas
1693 1912 1880 1947 elecmosynan

1087 1954 1165 1983 Istam
1176 1955 1197 1982 si
1210 1955 1410 1989 pra-stiterimus
1422 1956 1568 1983 secundum
1583 1957 1655 1991 leges
1669 1964 1684 1983 a
1701 1957 1812 1984 Domino
1828 1963 1881 1984 tra-

1087 2000 1166 2032 ditas,
1178 2009 1274 2035 nempe
1285 2001 1352 2028 nihil
1365 2001 1397 2028 ad
1416 2002 1622 2029 ostentationem
1637 2002 1773 2036 facientes,
1789 2003 1835 2030 scd
1847 2003 1882 2030 ob

1087 2055 1206 2075 amorem
1222 2048 1247 2074 in
1263 2048 1363 2080 Deum,
1381 2049 1526 2082 poterimus
1541 2054 1567 2076 et
1582 2054 1752 2083 peccatorum
1776 2055 1882 2076 nostro-

1087 2101 1145 2120 rum
1158 2093 1274 2120 maculas
1284 2094 1402 2126 abluere,
1417 2099 1443 2120 et
1456 2094 1572 2121 divinam
1586 2094 1794 2122 misericordiam
1807 2102 1881 2122 assc-

1087 2139 1142 2173 qui,
1157 2139 1239 2174 gratia
1253 2144 1279 2166 et
1293 2139 1507 2166 miserationibus
1528 2140 1655 2174 unigeniti
1668 2140 1728 2166 Filii
1743 2140 1800 2174 ejus
1815 2161 1822 2172 ,
1838 2141 1880 2167 cui

1088 2192 1148 2212 cum
1169 2185 1247 2212 Patre
1262 2189 1289 2212 et
1307 2190 1400 2212 sancto
1421 2185 1522 2220 Spiritu
1535 2185 1570 2212 sit
1591 2186 1686 2220 gloria,
1703 2187 1840 2220 imperium
1855 2191 1882 2214 et

1089 2231 1186 2262 honor,
1208 2238 1278 2258 nunc
1303 2235 1331 2258 et
1357 2238 1473 2266 semper,
1493 2235 1519 2259 et
1540 2231 1567 2258 in
1589 2233 1685 2258 saecula
1711 2233 1880 2260 srculoruni.

1088 2276 1182 2303 Anien.

1354 2320 1492 2348 llOMlLlA
1512 2320 1620 2348 XXXII.

1090 2388 1123 2415 Et
1138 2390 1205 2416 uitus
1226 2393 1260 2416 at
1282 2388 1407 2416 Dominus
1427 2389 1518 2422 Abra,
1534 2394 1558 2416 et
1578 2390 1642 2416 dixit
1663 2390 1684 2416 ei
1700 2398 1708 2416 :
1722 2389 1819 2417 Semini
1839 2396 1881 2416 Im)

1124 2435 1188 2461 dabo
1202 2440 1294 2461 terram
1312 2436 1396 2468 hanc;
1414 2439 1438 2462 et
1455 2436 1578 2462 exstruxit
1597 2436 1629 2462 ibi
1649 2437 1729 2463 altare
1749 2436 1857 2463 Domino
1870 2457 1878 2468 ,

1126 2480 1168 2514 qui
1181 2480 1246 2507 visus
1261 2485 1298 2507 est
1311 2480 1334 2507 ei
1347 2480 1421 2515 (Gen.
1439 2481 1481 2508 12.
1497 2481 1535 2516 7).

1125 2546 1150 2572 1.
1172 2545 1224 2572 Cur
1245 2546 1351 2572 noluerit
1372 2545 1441 2573 Deus
1463 2546 1558 2573 claram
1580 2555 1633 2574 esse
1655 2547 1825 2582 Scriptorum.
1846 2563 1880 2569 —

1089 2591 1185 2619 Multus
1195 2597 1221 2618 et
1233 2591 1377 2619 immensus
1391 2592 1416 2619 in
1428 2592 1460 2619 iis
1470 2614 1476 2622 ,
1488 2600 1547 2628 quae
1559 2594 1636 2627 paulo
1646 2599 1708 2620 ante
1718 2600 1779 2621 sunt
1795 2595 1860 2621 it.‘(‘|-’l
1873 2616 1880 2627 ,

1089 2638 1230 2666 thesaurus
1239 2639 1313 2671 latet,
1322 2639 1496 2670 dilectissimi,
1505 2645 1533 2666 ct
1542 2648 1609 2674 opus
1618 2644 1658 2666 est
1670 2641 1768 2667 intenta
1781 2645 1879 2672 mente,

1087 2685 1230 2718 sobriaque
1242 2689 1269 2711 ct
1282 2685 1397 2719 vigilanti
1414 2685 1527 2718 ratione,
1544 2686 1577 2712 ita
1594 2690 1620 2711 ut
1636 2685 1699 2712 nihil
1713 2693 1807 2712 eorum
1821 2695 1880 2720 qure

1088 2729 1113 2756 in
1129 2729 1251 2756 brevibus
1264 2730 1351 2756 verbis
1367 2730 1459 2763 latent,
1472 2737 1521 2757 nos
1533 2735 1680 2764 prmlereat.
1694 2730 1760 2758 Nam
1772 2736 1879 2766 propter

1088 2774 1138 2801 hoc.
1151 2780 1177 2802 et
1193 2775 1344 2802 misericors
1361 2775 1429 2803 Deus
1445 2783 1496 2802 nou
1515 2775 1586 2803 facili
1600 2781 1627 2803 et
1647 2777 1825 2811 perfunctoria
1841 2777 1880 2805 lc-

1088 2821 1176 2847 ctione
1185 2821 1266 2847 voluit
1280 2821 1355 2848 nobis
1369 2821 1457 2849 omnia
1468 2829 1528 2856 qua:
1543 2822 1568 2848 in
1584 2821 1727 2855 Scriptnris
1740 2823 1879 2849 continen-

1090 2873 1131 2897 tur
1145 2888 1152 2902 ,
1170 2868 1307 2897 manifesta
1321 2873 1347 2896 et
1362 2868 1499 2905 perspicua
1514 2875 1574 2896 esse
1587 2888 1594 2900 ,
1609 2872 1637 2895 ut
1648 2875 1759 2897 excussa
1772 2877 1876 2897 θοιιιιιψ
