2055 3123
254 96 307 124 295

254 150 328 181 quasi
345 150 513 184 margaritam
529 150 644 186 aliquam
658 156 721 178 ante
733 150 874 178 occultam.
893 149 968 178 Unde
982 157 1041 177 cutn

257 195 446 228 promissiones
456 195 676 231 promissiouibus
687 196 863 230 adjunxissct,
876 197 970 223 iterum
984 203 1045 231 par-

256 249 313 267 vam
325 247 426 268 moram
437 241 517 268 trahit
526 245 552 268 et
562 240 659 274 differt,
669 247 697 268 ut
709 241 757 268 hac
768 241 933 276 potissimum
942 241 1044 269 ratione

255 287 410 321 lutriareltae
428 287 512 322 pietas
534 292 696 314 monstretur
707 307 716 320 ,
731 288 791 322 quia
812 296 855 315 res
874 295 951 316 secus
965 296 1042 323 quam

255 332 475 366 promittebantur
487 333 593 360 evenire
606 333 697 360 videns
708 332 800 360 beatus
811 334 864 363 ille.
877 341 929 360 nou
941 334 1045 368 inquie-

254 384 296 406 tus
310 383 366 406 erat
379 399 386 410 .
401 386 449 406 nec
465 379 621 413 impatiens,
636 386 686 405 nec
700 378 869 411 turbabatnr,
886 380 933 406 scd
949 380 1044 406 inuno-

255 429 310 450 tum
324 423 436 450 habebat
446 423 574 455 animum.
586 427 674 450 certus
685 430 716 450 ea
729 431 788 458 qua:
800 425 882 450 semel
897 431 912 450 a
927 423 981 451 Deo
993 424 1042 451 sibi

255 470 385 504 promissa
400 469 522 500 fuerant,
538 473 594 496 rata
611 473 639 496 et
659 468 734 495 ﬁrma
754 467 821 495 fore.
838 468 964 495 Paulatim
980 476 1043 496 vero

254 519 451 549 perscrutemur
465 513 566 548 singula
576 535 584 546 ,
601 519 631 541 ut
642 514 681 541 sic
696 514 820 541 solertem
833 513 924 548 optimi
939 513 984 540 Dei
999 521 1041 541 sa-

255 561 379 594 pientiam
391 581 399 592 ,
415 560 546 595 simulque
566 568 657 588 curam
677 568 756 593 quant
775 568 838 594 erga
855 560 956 595 justum
973 560 1042 589 hunc

253 606 404 638 declaravit,
420 612 447 634 et
467 605 622 640 patriarcha:
642 607 667 633 iu
685 607 823 633 Dominum
836 615 956 634 amorem
968 607 1042 634 addi—

253 659 367 679 scamus.
383 650 417 678 Et
431 652 498 678 uisus
510 656 555 684 est,
568 651 660 686 inquit,
673 651 795 678 Dominus
809 652 889 678 Abrtz.
902 653 1040 684 Quomodo

254 697 326 724 visus
339 696 401 724 est?
421 696 496 724 Sicut
515 696 572 730 ipse
586 696 656 723 Deus
676 696 749 724 solus
769 699 820 724 scit
832 718 839 729 ,
853 702 880 724 et
894 697 938 725 ille
952 698 1042 725 videre

254 742 347 776 potuit.
361 741 421 768 Non
433 742 504 768 enim
517 740 569 769 hoc
580 741 668 769 dicere
680 741 814 773 desinam,
829 742 1042 777 quandoquidem

254 787 362 814 modum
375 786 467 821 ignoro
481 795 488 813 :
501 786 582 814 audio
593 786 665 814 enim
677 787 764 814 solum
777 787 940 822 Scriptorum
953 789 1042 816 dicen-

253 835 307 858 tem
324 839 332 858 :
353 831 386 858 Et
400 832 466 858 uisus
487 836 524 859 est
546 831 667 859 Dominus
686 831 754 859 Deus
768 833 858 867 Abrw,
874 838 896 860 et
911 835 975 861 dixit
992 835 1015 861 ei
1032 842 1042 861 :

253 877 350 904 Sentint'
364 882 405 904 tua
417 877 482 904 dabo
497 883 589 904 terram
603 878 679 905 hanc.

291 923 348 950 Non
362 924 508 950 drsmtntur
521 931 538 950 α
553 923 605 950 Deo
616 924 634 950 ii
646 932 707 957 quos
719 924 777 952 sinit
787 925 1041 960 aﬂligi.-—Memores

251 974 337 996 estote
353 969 557 1003 promissionum
571 977 629 1004 quae
643 978 658 996 a
674 970 728 997 Deo
742 970 817 998 facta:
833 976 910 1004 sunt,
935 977 963 999 ut
980 981 1041 1000 cum

251 1016 388 1043 audieritis
397 1016 496 1050 justum
508 1017 589 1043 variis
599 1017 705 1043 casibus
712 1017 817 1051 jactari,
825 1017 933 1044 discatis
943 1024 1040 1053 quanta

253 1063 331 1090 fuerit
346 1062 510 1097 philosophia
525 1063 678 1094 instructus,
689 1071 769 1097 quam
778 1063 862 1090 solida
875 1063 1039 1096 fortitudine,

249 1115 329 1142 quam
345 1108 422 1134 ﬁrmo
433 1113 461 1134 et
475 1107 583 1134 immoto
595 1107 622 1134 in
638 1107 722 1135 Deum
734 1106 876 1142 amorc,'et
889 1117 921 1136 ex
936 1109 968 1137 iis
981 1117 1040 1144 qua:

250 1154 320 1186 justo
332 1152 367 1179 illi
382 1153 549 1187 contigerunt
561 1172 569 1185 ,
583 1152 739 1180 erudiatnini
751 1174 758 1186 ,
776 1158 803 1180 ut
816 1162 850 1181 ne
864 1155 1020 1182 existimetis
1030 1175 1039 1188 ,

251 1206 314 1224 cum
326 1197 481 1225 derelictum
492 1205 552 1225 esse
566 1205 581 1224 a
602 1197 657 1224 Deo
669 1218 676 1230 ,
691 1197 714 1224 si
726 1199 833 1232 quando
846 1199 964 1227 videritis
978 1208 1040 1234 pro-

251 1243 315 1270 bum
335 1243 449 1277 aliquem
465 1242 654 1270 tentationibus
668 1243 707 1269 vel
723 1242 781 1270 aliis
805 1244 882 1278 hujus
896 1244 956 1271 vitm
970 1245 1040 1272 allii-

249 1289 382 1316 ctioniltus
395 1289 484 1316 vexari
500 1297 507 1315 :
521 1288 568 1316 sed
582 1288 729 1322 cogitantes
748 1289 922 1324 multiplicent
933 1290 1039 1324 dispen-

250 1335 382 1362 satiounm
406 1334 451 1361 Dei
473 1333 647 1365 varietatem.
669 1333 757 1360 omnia
780 1334 1039 1369 iucomprehensibili

250 1382 309 1416 ejus
331 1381 502 1415 providentia:
523 1380 687 1414 relinquatis.
713 1379 779 1407 Nam
801 1381 822 1408 si
845 1381 944 1415 justum
966 1382 1039 1409 illum

251 1434 306 1455 tam
319 1428 392 1462 pium
402 1447 409 1459 ,
425 1431 578 1460 tantamque
592 1433 647 1460 prae
659 1433 688 1453 se
702 1425 829 1453 ferentem
841 1427 1017 1454 obedzcutiam
1029 1447 1037 1461 ,

252 1472 382 1508 permittit
403 1472 447 1500 tali
463 1471 542 1498 modo
562 1471 656 1498 tentari
678 1479 731 1506 quo
745 1471 835 1498 statim
849 1471 916 1499 bene
929 1472 1018 1499 scietis
1029 1493 1037 1506 ,

250 1527 304 1546 non
319 1518 468 1553 despiciens
481 1517 607 1544 famulum
621 1524 708 1549 Suum,
723 1516 770 1544 sed
785 1517 845 1544 aliis
857 1517 979 1545 omnibus
991 1527 1040 1546 vo-

252 1566 311 1592 lens
321 1563 390 1591 illius
401 1563 524 1597 detegere
538 1562 661 1589 virtutem
672 1561 751 1598 (solet
760 1562 832 1589 enim
844 1563 878 1590 ita
887 1571 949 1591 eum
960 1564 1038 1598 jnstis

251 1611 373 1639 omnibus
383 1619 460 1646 agere
470 1620 477 1644 ;
489 1615 516 1638 et
525 1616 654 1646 quotquot
662 1611 811 1639 divinarum
822 1612 964 1640 lectionum
974 1613 1039 1640 estis

250 1657 371 1688 studiosi,
385 1657 506 1692 poteritis
518 1665 553 1684 ex
567 1657 748 1691 superioribus
758 1657 861 1684 discere
871 1662 897 1685 et
909 1658 1036 1690 invenire.

249 1710 311 1729 eum
331 1702 367 1730 ita
381 1702 539 1730 famulorum
551 1710 662 1730 suorum
675 1703 755 1730 vitam
765 1703 938 1738 dispensare)
949 1723 956 1734 ,
970 1711 1034 1738 qun-

249 1747 330 1774 modo
350 1748 431 1782 igitur
445 1756 497 1775 non
510 1753 637 1775 extrema:
657 1747 736 1775 fuerit
756 1748 931 1782 improbitatis
945 1749 1037 1776 existi-

250 1800 334 1826 mare,
351 1793 405 1820 Deo
419 1793 476 1820 haec
490 1793 652 1820 concedente
663 1793 763 1828 justum
776 1793 931 1820 derelictum
941 1793 1035 1825 fuisse,

249 1844 277 1866 et
299 1847 351 1865 nun
374 1839 460 1873 potius
481 1839 542 1866 inde
561 1847 663 1874 magna:
683 1839 854 1873 providentia:
873 1839 1038 1874 ingentisque

248 1884 398 1911 clementia:
412 1884 516 1918 signum
531 1883 656 1911 sumere?
666 1883 815 1911 Ostendeus
829 1884 907 1919 igitur
919 1885 1038 1911 emittent-

250 1935 303 1956 tcm
316 1930 397 1964 ipsius
409 1931 545 1963 virtutem,
561 1930 619 1957 hate
633 1931 685 1958 duo
698 1935 814 1965 prastat.
827 1938 964 1958 servorum
976 1939 1038 1959 suo-

248 1982 307 2002 rum
318 1975 470 2010 patientiam
483 1975 716 2011 tortitudinemque
730 1977 816 2011 palam
830 1976 892 2004 facit
901 1977 1035 2010 omnibus,

247 2026 273 2047 et
289 2021 460 2055 providentiae
473 2028 528 2048 sua:
539 2021 698 2055 sapientiam
712 2022 792 2048 etiam
812 2022 837 2048 in
854 2022 948 2049 mediis
966 2023 1036 2057 peri-

248 2066 316 2092 culis
335 2065 586 2099 ditlicultatibusque
607 2066 719 2093 summis
740 2067 856 2093 ostendit
871 2075 878 2092 :
893 2075 954 2093 nam
975 2075 1037 2094 cum

250 2118 331 2144 prope
351 2111 494 2144 deploratae
514 2111 568 2136 sint
584 2118 628 2137 res
639 2131 646 2141 ,
661 2116 723 2137 tunc
736 2119 864 2145 quorsum
877 2113 932 2138 vult
947 2112 1037 2146 dirigit

247 2156 336 2182 omnia
349 2177 356 2188 ,
373 2163 457 2190 neque
472 2156 570 2190 aliquid
584 2156 748 2183 difﬁcultatis
763 2157 788 2183 in
809 2157 898 2184 medio
911 2162 953 2184 est
967 2158 1037 2191 quod

250 2201 378 2235 impedire
398 2206 486 2235 queat.
511 2201 542 2227 Et
563 2202 629 2228 visus
649 2206 701 2234 est,
718 2201 820 2236 inquit,
835 2201 956 2229 Dominus
970 2203 1037 2230 Deus

249 2246 330 2275 Abraz.
343 2250 366 2272 et
379 2246 442 2272 dixit
454 2247 476 2272 ei
487 2254 496 2272 :
508 2246 606 2273 Semini
619 2251 662 2272 tuo
674 2246 739 2272 dabo
751 2252 842 2273 terram
855 2247 929 2274 hanc.
945 2247 1036 2282 Magna

250 2296 277 2317 τι
302 2291 483 2318 desiderabilis
507 2291 664 2326 promissio,
689 2291 834 2325 prmsertim
854 2292 935 2326 justo.
958 2292 1037 2320 Scitis

250 2338 337 2370 enim,
352 2337 486 2372 quomodo
504 2338 548 2372 qui
567 2337 620 2371 jam
642 2342 772 2371 provectae
793 2339 936 2366 senectutis
957 2344 1035 2373 sunt,

250 2389 277 2411 ct
292 2392 397 2410 omnem
412 2383 493 2410 vitam
505 2384 604 2417 absque
623 2383 713 2410 liberis
729 2389 912 2418 transegernnt
923 2406 929 2416 .
944 2390 1037 2420 optant

251 2429 358 2456 liberos.
384 2428 474 2463 Itaque
494 2428 621 2455 Dominus
643 2428 800 2456 obedientize
822 2430 970 2457 mercedem
987 2431 1035 2464 ipsi

253 2474 384 2509 pneliens,
398 2474 458 2508 quia
472 2481 532 2500 mox
548 2477 576 2500 ut
587 2473 696 2504 audivit.
712 2473 837 2508 Egredere
848 2475 880 2501 de
893 2481 958 2502 term
973 2482 1028 2509 tua,

247 2529 300 2547 non
314 2527 403 2547 moras
415 2520 503 2552 traxit,
515 2526 567 2546 non
577 2519 688 2552 distulit,
700 2520 745 2547 sed
756 2521 872 2548 obedivit
883 2522 1034 2556 imperanti,

248 2571 274 2592 ct
286 2565 356 2600 quod
371 2565 528 2600 imperatum
541 2570 597 2593 erat
608 2573 667 2592 mox
681 2565 752 2599 fecit,
765 2566 867 2601 inquit:
881 2566 980 2595 δεῖνιὶηί
993 2573 1036 2595 tuo

246 2612 311 2638 dabo
324 2616 415 2638 terram
429 2611 505 2638 hanc.

281 2656 306 2683 5.
329 2656 498 2682 Mra/tantum
511 2656 658 2691 migranth
671 2657 812 2688 comitatur.
826 2657 927 2693 singula
937 2659 969 2685 ab
979 2658 1034 2693 ipso

246 2702 286 2739 pie
305 2707 362 2729 acta
388 2707 487 2729 notans.
505 2716 541 2721 -—
554 2701 621 2729 Vide
635 2702 768 2737 quomodo
789 2710 836 2737 per
856 2703 907 2731 hoc
924 2703 1034 2731 verbum

246 2752 361 2779 mentem
377 2746 433 2781 ejus
444 2746 528 2781 erigit,
545 2751 571 2774 et
585 2746 759 2774 Sufﬁcicntem
772 2747 796 2774 ei
811 2747 903 2774 tribuit
914 2747 1033 2775 laborum

248 2793 406 2826 intercedunt.
424 2792 537 2820 Proinde
549 2797 574 2820 ct
588 2792 692 2831 justus,
710 2797 812 2831 gratum
831 2793 961 2823 exhibens
973 2793 1032 2824 ληί-

605 95 633 122 8.
653 94 790 122 JOANNIS
807 93 1042 122 CHRYSOSTOMI
1062 94 1219 122 ARCIIIEP.
1239 95 1504 126 CUNSTANTINOP.

1823 101 1877 129 296

1098 158 1170 176 nmtn
1192 150 1279 176 statim
1301 151 1334 177 ad
1357 152 1498 185 gratiarum
1520 152 1650 180 actionem
1666 155 1838 182 convertitur.
1855 156 1887 183 Et

1101 195 1217 221 astruxit
1230 195 1290 227 illic,
1303 195 1396 230 inquit,
1407 197 1488 223 ultttre
1497 195 1616 228 Domino,
1630 207 1701 231 quem
1714 200 1887 229 volanti/ide

1097 240 1146 274 piae
1166 241 1262 267 mentis
1275 242 1420 275 specimen.
1439 242 1470 268 Et
1483 242 1568 269 locum
1582 243 1677 277 ipsum,
1693 245 1735 272 ubi
1755 246 1888 280 colloquo

1095 293 1157 313 cum
1181 286 1235 314 Deo
1257 286 1379 321 dignatus
1400 290 1504 320 luerat,
1518 290 1682 316 consecravit
1699 295 1726 317 et
1743 292 1885 325 gratiarum

1095 332 1225 359 actionem
1241 341 1288 366 pro
1300 334 1398 360 viribus
1410 333 1562 361 declaravit.
1578 335 1633 363 lloc
1643 336 1712 362 enim
1726 337 1796 372 quod
1812 338 1885 372 dicit,

1095 376 1227 404 Exstruit
1241 378 1330 411 altare,
1341 379 1409 406 idem
1424 384 1465 406 est
1478 379 1547 414 quod
1557 401 1565 413 ,
1580 380 1686 408 Gratias
1699 382 1731 409 de
1748 385 1884 417 promissis

1095 422 1157 457 egit.
1175 422 1207 449 Et
1229 423 1297 450 sicut
1311 423 1433 451 homines
1450 432 1647 460 nonnumquam
1663 427 1778 454 amicitia
1799 434 1886 456 utowt

1096 471 1124 493 ut
1139 467 1172 493 ibi
1189 467 1281 494 domos
1294 468 1434 500 ardiliccttt,
1450 469 1494 496 ubi
1515 478 1575 496 cum
1588 471 1721 505 germanis
1734 478 1759 500 et
1774 473 1887 501 sinceris

1094 512 1187 539 amicis
1209 519 1346 540 versantur
1366 519 1393 540 ct
1419 515 1621 550 colloquuntur,
1639 521 1664 543 et
1687 517 1761 554 multi
1781 527 1886 553 quoque

1094 563 1165 590 sirpe
1178 556 1297 584 civitates
1308 557 1386 584 etiarn
1397 558 1583 592 condiderunt,
1595 560 1690 594 quibus
1701 568 1733 587 ex
1744 563 1884 590 occasione

1094 609 1253 636 congressus
1272 610 1332 630 cutn
1347 604 1439 631 amicis
1458 605 1563 631 nomina
1579 605 1698 633 indidere
1713 615 1720 634 :
1735 607 1770 634 ita
1792 612 1820 635 et
1841 609 1885 642 ju-

1093 653 1150 675 stus
1167 648 1209 675 ille
1219 669 1226 680 ,
1240 648 1284 675 ubi
1301 650 1429 676 visionem
1445 650 1492 677 Dei
1511 657 1669 686 asscquutus
1683 657 1741 685 est,
1755 653 1884 681 EIstrttIil

1093 693 1173 720 altare
1187 693 1296 721 Domino
1307 703 1379 728 quem
1396 696 1499 727 uiderat,
1514 696 1540 723 8.
1554 701 1577 723 et
1595 696 1709 724 discessit
1731 698 1799 725 inde.
1815 700 1882 732 Quid

1093 744 1144 770 est.
1162 739 1193 766 Et
1207 740 1319 767 discessit
1334 741 1409 768 inde?
1421 741 1487 775 Quia
1501 742 1556 769 Deo
1570 743 1643 770 locus
1658 744 1701 771 ille
1713 751 1883 772 consecratus

1093 789 1119 811 et
1134 784 1188 812 Deo
1199 786 1377 813 Sanctiﬁcatus
1392 792 1449 813 erat
1462 807 1468 818 ,
1483 787 1601 814 Discessit
1617 788 1692 821 inde,
1708 795 1730 815 et
1745 791 1844 817 transiit
1858 792 1883 818 in

1093 835 1200 857 montem
1213 839 1298 857 versus
1313 831 1440 858 Orientem
1453 832 1548 865 Betltet,
1564 837 1587 859 et
1600 833 1677 860 erexit
1690 834 1724 860 ibi
1735 835 1883 862 tnbrrnucu-

1092 875 1146 902 lum
1168 884 1241 902 suum
1254 884 1264 903 :
1279 878 1495 910 tumultuaritnn,
1508 878 1610 913 inquit,
1630 879 1791 908 domicilium
1810 881 1881 909 fecit.

1095 920 1158 948 Vide
1168 922 1302 956 quoutodo
1315 927 1372 950 erat
1384 923 1509 957 frugalis,
1523 928 1550 950 et
1569 924 1657 951 luxum
1674 924 1799 961 fugiebat,
1815 935 1882 962 qun-

1092 966 1172 992 modo
1181 972 1232 994 tam
1247 968 1395 1002 expeditus,
1409 973 1437 995 ut
1451 977 1510 996 cum
1524 977 1607 996 uxore
1623 974 1650 997 et
1663 970 1767 998 famulit
1781 977 1834 999 tam
1846 972 1882 1000 fa-

1092 1012 1142 1039 cile
1161 1012 1296 1047 migraret.
1317 1013 1432 1041 Andiant
1446 1014 1494 1041 viri
1507 1034 1514 1047 ,
1537 1015 1646 1043 audiant
1667 1017 1801 1044 mulieres.
1817 1017 1881 1045 Nam

1092 1063 1162 1091 εξιψυ
1176 1058 1200 1083 in
1213 1059 1299 1084 villam
1309 1063 1411 1086 tantum
1425 1059 1499 1086 exire
1511 1060 1639 1094 volentes,
1651 1061 1732 1088 multa
1749 1063 1881 1096 molimur,

1094 1102 1223 1136 valdeque
1237 1104 1356 1138 occupati
1371 1111 1473 1137 sumus,
1485 1112 1518 1132 eo
1530 1105 1599 1140 quod
1615 1106 1726 1141 pluritna
1744 1107 1880 1135 uobiscum

1092 1146 1238 1179 trabautus,
1251 1157 1310 1182 qua:
1324 1157 1376 1175 ttott
1389 1150 1474 1177 soluat
1488 1159 1540 1177 nott
1554 1156 1617 1178 sunt
1629 1153 1705 1180 ttobis
1717 1153 1785 1185 usui,
1798 1153 1844 1181 sed
1855 1159 1881 1181 ct

1091 1199 1287 1226 supervacanea
1297 1215 1304 1227 ,
1316 1199 1343 1221 et
1357 1195 1458 1222 inutilia
1468 1215 1477 1229 ,
1491 1200 1517 1223 et
1531 1204 1633 1231 pompa:
1647 1198 1730 1232 gratia
1744 1204 1880 1233 apparata,

1091 1246 1150 1272 qua:
1163 1239 1298 1265 nobiscum
1314 1239 1434 1267 ducimus
1455 1246 1481 1268 et
1495 1242 1715 1270 cirt'uml'eritnus.
1728 1243 1825 1271 Verum
1836 1245 1880 1279 ju-

1090 1287 1148 1310 stus
1162 1283 1206 1311 ille
1227 1291 1280 1310 non
1297 1284 1336 1311 sic
1349 1285 1418 1320 egit;
1431 1285 1479 1313 sed
1492 1286 1552 1320 quia
1567 1287 1696 1314 Dominus
1706 1287 1827 1323 dignatus
1842 1295 1881 1317 est

1090 1337 1151 1356 cum
1166 1329 1224 1364 ipso
1238 1330 1399 1365 colloquium
1413 1331 1526 1364 habere.
1543 1333 1629 1360 locum
1642 1336 1824 1368 consecravit,
1841 1337 1880 1362 al—

1091 1378 1149 1401 tare
1167 1375 1313 1406 exstruxit,
1327 1383 1359 1403 ac
1381 1384 1474 1411 magna
1491 1376 1616 1405 facilitate
1630 1379 1682 1405 alio
1706 1379 1838 1414 migravit.
1853 1382 1878 1407 8.

1090 1417 1125 1445 Et
1135 1420 1213 1447 erexit
1226 1421 1278 1447 illic
1291 1421 1478 1448 tabernaculum
1490 1431 1564 1449 suum
1576 1423 1602 1449 in
1621 1423 1708 1451 But/tet
1722 1425 1799 1460 juxta
1814 1434 1880 1453 mare

1090 1469 1114 1491 et
1129 1465 1213 1500 Agam,
1224 1474 1308 1494 versus
1322 1466 1457 1494 Orientem.
1475 1468 1507 1494 Et
1520 1469 1667 1502 a-di/icavil,
1684 1470 1777 1504 inquit,
1792 1471 1826 1497 ibi
1844 1472 1880 1498 ut-

1091 1515 1144 1538 tore
1158 1511 1277 1543 Domino,
1293 1518 1314 1539 et
1329 1513 1450 1539 invocavit
1463 1514 1489 1540 in
1500 1515 1599 1541 nomine
1613 1514 1725 1542 Domini.
1740 1517 1804 1544 \‘itle
1815 1526 1879 1552 quo-

1091 1556 1171 1583 tuodo
1185 1565 1231 1591 per
1243 1557 1331 1584 omnia
1348 1558 1497 1592 religiosam
1511 1565 1626 1586 mentem
1641 1569 1693 1594 pra‘
1711 1569 1740 1588 se
1756 1561 1814 1588 fert.
1829 1562 1880 1590 Illic

1090 1601 1160 1628 enim
1181 1601 1215 1628 ob
1237 1602 1439 1635 promissionem
1461 1603 1510 1630 sibi
1531 1612 1545 1629 a
1567 1604 1621 1631 Deo
1643 1605 1737 1632 factam
1752 1615 1880 1634 aratucx-

1089 1647 1186 1673 struxit
1196 1667 1203 1679 ,
1217 1651 1244 1673 ct
1258 1646 1316 1674 luco
1331 1652 1486 1675 consecrato
1497 1649 1619 1676 discessit
1634 1659 1641 1676 ε
1657 1650 1699 1677 hic
1711 1657 1798 1678 autent
1819 1654 1878 1687 quia

1091 1693 1292 1720 tabernaculum
1321 1695 1433 1727 ﬁxerat,
1459 1694 1554 1722 iterum
1578 1695 1745 1730 Ediﬁcavt’t,
1780 1698 1879 1733 inquit,

1089 1738 1170 1765 altare
1205 1739 1332 1772 Domino,
1368 1745 1392 1767 et
1426 1740 1549 1767 invocavit
1583 1742 1610 1768 in
1641 1743 1740 1768 nomine
1767 1743 1879 1770 Domini.

1091 1782 1183 1810 Vidisti
1207 1790 1322 1811 mentem
1347 1785 1415 1812 bene
1432 1785 1595 1818 institutam,
1610 1791 1637 1813 et
1659 1787 1794 1821 sapientis
1808 1788 1880 1815 dedi-

1090 1829 1162 1855 tam?
1175 1829 1261 1855 vidisti
1271 1829 1403 1864 quomodo
1412 1830 1482 1865 quod
1491 1831 1611 1858 scribens
1621 1831 1757 1859 admonuit
1767 1834 1880 1860 admira-

1089 1875 1149 1902 bilis
1159 1875 1231 1902 orbis
1245 1876 1338 1903 doctor
1350 1876 1442 1904 beatus
1453 1877 1558 1908 Paulus,
1571 1877 1662 1904 dicens
1679 1886 1685 1904 :
1703 1877 1736 1904 In
1750 1880 1819 1905 omni
1827 1880 1880 1906 loco

1089 1923 1303 1949 letvuntessanctas
1312 1931 1400 1949 manus
1412 1923 1435 1958 (l
1442 1943 1448 1948 .
1459 1922 1523 1949 Tim.
1533 1924 1560 1949 2.
1569 1922 1595 1958 8)
1605 1933 1610 1948 :
1620 1924 1644 1950 id
1654 1925 1801 1958 patriarcha
1810 1926 1879 1959 prius

1089 1975 1169 2002 opere
1179 1968 1330 2002 complevit,
1339 1968 1364 1994 in
1373 1968 1481 2003 singulis
1491 1969 1554 1996 locis
1565 1970 1657 1997 altaria
1668 1971 1782 2005 erigens,
1795 1977 1820 1998 et
1831 1973 1871 1999 llo

1090 2014 1162 2041 mino
1171 2015 1269 2049 gratias
1279 2015 1379 2050 agens?
1393 2015 1500 2042 Sciebat
1513 2016 1594 2048 enim.
1609 2017 1708 2044 sciebat
1730 2019 1877 2051 mnum-ste,

1090 2059 1154 2086 nihil
1163 2059 1233 2087 aliud
1243 2060 1378 2095 requirere
1385 2061 1419 2088 ab
1427 2061 1543 2088 butnano
1551 2069 1648 2096 genere
1657 2063 1738 2090 Deuut
1751 2064 1876 2097 universi,

1090 2111 1149 2140 post
1162 2107 1299 2134 innutnera
1313 2111 1340 2134 et
1356 2106 1498 2134 ineﬂabilia
1509 2107 1635 2135 beneﬁcia
1647 2117 1694 2136 sua
1704 2130 1712 2142 ,
1729 2117 1808 2144 quam
1820 2111 1877 2137 ani-

1090 2159 1161 2178 mtun
1173 2152 1316 2186 gratiarum
1330 2153 1426 2180 actioni
1439 2152 1601 2187 studentem,
1616 2159 1643 2181 et
1654 2159 1761 2189 accepta
1777 2155 1876 2182 beneﬁ-

1088 2197 1128 2223 cia
1139 2197 1319 2225 conﬁtentem.
1335 2199 1465 2226 Caeterum
1480 2198 1627 2231 videamus.
1637 2201 1771 2234 quomodo
1781 2206 1807 2228 et
1818 2201 1877 2229 hinc

1086 2241 1174 2276 justus
1188 2242 1293 2276 migrat.
1307 2243 1333 2270 9.
1348 2243 1379 2270 Et
1393 2244 1516 2276 discessit,
1540 2245 1633 2280 inquit,
1646 2245 1751 2278 Abram,
1763 2251 1785 2272 et
1795 2249 1877 2281 profe-

1088 2293 1143 2314 ctus
1162 2293 1351 2315 castrumetatus
1371 2293 1407 2315 est
1422 2289 1448 2315 in
1462 2289 1605 2316 solitudine.
1625 2289 1689 2317 Vide
1704 2291 1798 2317 iterum
1813 2292 1875 2318 reli-

1088 2333 1189 2368 giosam
1203 2333 1263 2367 ejus
1273 2338 1389 2361 mentem
1402 2339 1428 2361 et
1445 2334 1581 2368 sapientia:
1596 2335 1751 2362 studiosam.
1769 2336 1874 2369 lterum,

1088 2377 1193 2412 inquit,
1211 2379 1348 2412 discessit,
1371 2379 1617 2414 Cttstrantetatusquc
1633 2381 1708 2407 estin
1732 2381 1874 2408 solitudine.

1087 2423 1175 2458 Quare
1188 2423 1261 2451 illinc
1279 2423 1423 2451 discessit?
1435 2423 1515 2451 Forte
1537 2424 1643 2452 videbat
1662 2425 1819 2460 quibusdam
1834 2426 1874 2452 in-

1088 2470 1154 2498 colis
1169 2478 1221 2497 non
1236 2470 1342 2505 placere
1355 2478 1432 2498 suum
1447 2470 1588 2498 adventum
1605 2479 1612 2498 :
1628 2471 1738 2505 proinde
1752 2472 1874 2499 eximiam

1087 2523 1163 2543 suam
1185 2516 1413 2543 mansuetudinem
1434 2516 1589 2547 declarans,
1605 2521 1631 2544 et
1649 2517 1783 2551 quomodo
1803 2523 1874 2543 trau-

1087 2562 1242 2596 quillitatem
1258 2563 1344 2597 magni
1358 2563 1465 2596 laceret,
1480 2570 1511 2591 ac
1524 2571 1558 2590 ne
1576 2571 1636 2590 cum
1651 2564 1704 2590 ullo
1714 2563 1812 2598 aliquid
1827 2563 1872 2590 lia-

1089 2608 1163 2636 boret
1177 2609 1287 2642 negotii,
1303 2608 1328 2635 in
1344 2608 1514 2636 solitudinem
1527 2616 1558 2635 se
1574 2609 1707 2635 tratntt-rt.
1723 2608 1854 2643 Profectus
1867 2630 1872 2640 ,

1087 2653 1171 2688 inquit
1180 2673 1188 2687 ,
1202 2658 1391 2680 castrantetatus
1405 2658 1440 2680 est
1453 2653 1478 2680 in
1495 2654 1639 2680 solitudine.
1653 2654 1746 2680 ΛΙίι-ιιίι
1760 2654 1873 2681 dictione

1087 2708 1134 2728 usa
1145 2704 1186 2727 est
1195 2700 1283 2727 divina
1297 2700 1446 2734 Scriptura.
1456 2699 1519 2726 Nam
1528 2699 1751 2734 quemadmodum
1760 2700 1786 2726 in
1801 2700 1873 2727 bellis

1085 2747 1203 2773 solemus
1215 2746 1314 2777 dicere,
1329 2745 1363 2772 ita
1375 2749 1403 2773 et
1414 2745 1448 2772 de
1458 2744 1533 2779 justo
1548 2743 1590 2772 hic
1603 2744 1676 2776 dicit,
1689 2744 1758 2778 quod
1772 2749 1871 2771 castra-

1086 2797 1200 2821 meuttus
1225 2792 1276 2824 sit,
1300 2795 1328 2819 ut
1348 2791 1469 2820 ostendat
1487 2790 1639 2827 expeditum
1659 2790 1740 2818 fuisse
1763 2790 1872 2826 patriar-
