2055 3123
186 140 238 167 297

186 195 275 227 etiam,
289 194 359 222 sicut
369 193 466 221 milites
479 193 523 226 qui
546 191 622 219 facile
646 199 716 219 nttnc
737 193 788 220 huc
799 212 807 226 ,
821 199 890 219 nunc
912 192 975 219 illuc

184 244 273 266 castra
289 243 396 266 movent
411 248 417 266 :
435 239 469 265 ita
484 243 510 265 et
520 238 608 272 justus
620 237 674 270 ille,
690 238 810 272 quamvis
824 245 913 265 secum
927 237 976 264 dn-

183 289 259 311 ceret
272 291 394 315 uxorem,
408 288 435 312 et
449 283 537 310 fratris
551 283 645 315 filium,
658 287 686 309 et
701 287 801 309 tantum
814 282 974 309 domestico-

185 338 245 356 rum
257 337 397 357 numerum
412 338 419 362 ;
434 328 527 363 majori
542 334 628 355 tamen
643 328 768 355 facilitate
781 329 893 363 migrare
906 329 977 355 sole-

184 376 240 402 bat.
256 374 349 402 Vidisti
364 374 491 408 frugalem
500 379 529 401 et
537 374 687 408 expeditam
700 374 772 400 senis
784 381 844 400 cum
857 381 939 401 uxore
949 379 976 401 et

184 426 223 447 tot
237 422 324 448 servis
337 420 436 447 vitam?
448 420 509 447 Mihi
524 427 589 447 vero
601 420 747 446 mirabilior
766 419 870 446 videtur
883 420 975 447 mulie-

184 467 221 493 ris
236 467 371 494 fortitudo.
387 467 453 493 Cum
470 467 540 494 enim
555 466 643 500 cogito
656 466 792 493 muliebris
808 473 887 493 sexus
900 466 973 494 inﬁr-

181 513 316 544 mitatem,
330 516 355 538 et
370 511 553 538 animadverto
565 510 697 545 quomodo
708 515 760 538 tam
772 510 847 537 facile
859 516 886 537 et
903 515 974 538 tanta

183 558 323 585 alacritate
336 565 396 584 cum
405 557 477 592 justo
491 564 601 592 peregre
614 556 695 588 vadit,
703 561 731 584 et
744 556 856 583 subinde
867 555 974 590 migrat,

184 611 271 638 neque
286 604 342 638 ipsa
362 604 474 630 moleste
489 602 556 636 fert,
572 610 658 637 neque
669 603 743 636 justo
757 602 974 636 impedimentum

183 648 269 680 affert,
282 649 451 683 obstupesco,
466 652 493 675 et
505 655 603 676 censeo
616 655 668 674 non
679 648 774 674 minori
786 655 864 682 quant
877 647 974 674 Abram

183 695 274 721 animo
291 698 318 722 et
336 693 491 721 fortitudine
506 694 589 728 ipsam
611 700 716 728 quoque
729 693 865 728 praeditam
881 693 972 720 fuisse.

184 740 216 766 Et
232 739 283 766 hoc
304 739 421 767 maxime
435 739 550 766 sciemus
561 759 569 772 ,
584 745 644 766 cum
659 746 691 765 ea
705 746 764 773 qua:
783 743 975 773 consequenter

183 785 252 812 lecta
276 789 338 811 sunt
351 784 610 819 pertractaverimus.
629 783 722 810 Vidisti
742 789 879 818 postquam
898 784 974 810 audi-

183 832 232 865 vit,
247 831 343 858 Semini
361 836 403 858 tuo
416 831 481 858 dabo
492 835 585 857 terram
598 830 673 863 hanc,
685 830 819 865 quomodo
831 837 884 856 non
899 830 974 865 quie-

183 879 253 905 verit
262 878 349 914 justus
370 878 424 910 ille.
439 882 466 905 et
480 884 551 904 nunc
565 877 616 904 huc
626 896 635 909 ,
651 883 722 903 nunc
737 876 798 903 illuc
818 876 950 903 transierit
963 876 974 902 7

183 925 237 952 Sed
253 925 312 952 vide
328 924 461 959 quomodo
475 925 570 951 iterum
583 931 598 950 a
619 923 761 951 solitudine
774 923 904 958 exigitur,
921 931 973 950 non

183 971 218 999 ab
232 970 392 1001 hominibus.
407 970 453 997 sed
465 970 621 997 necessitate
632 969 707 995 famis
719 978 725 996 :
741 969 784 996 £0.
797 968 830 995 Et
845 970 912 1004 foeta
925 974 971 1000 est,

184 1016 280 1052 inquit,
294 1018 373 1052 fames
386 1023 462 1050 super
474 1020 576 1042 terram.
592 1014 709 1042 Audiant
720 1015 764 1049 qui
779 1019 879 1041 temere
893 1018 920 1040 et
932 1014 972 1041 in-

183 1067 262 1089 caute
278 1062 429 1096 loquttntur,
445 1065 473 1088 et
487 1060 744 1092 divinant,dicentcs
760 1067 766 1085 :
783 1059 912 1092 Quoniam
931 1059 974 1086 ille

185 1107 246 1134 talis
261 1107 389 1139 advenit,
408 1106 491 1133 fames
510 1106 639 1136 invaluit;
655 1104 780 1140 quoniaut
805 1104 849 1132 ille
870 1103 973 1136 adfuit,

184 1155 243 1181 tunc
259 1154 435 1187 contigerunt.
452 1153 520 1180 Ecce
534 1151 652 1179 etiamin
671 1151 785 1179 adventu
797 1151 862 1186 justi
878 1150 973 1183 fames,

183 1205 211 1227 et
224 1199 307 1226 fames
319 1198 413 1230 valida,
426 1203 453 1225 et
465 1206 517 1225 non
533 1198 654 1225 turbatur
662 1197 759 1232 justus,
774 1204 860 1231 neque
874 1195 972 1231 aliquid

184 1244 330 1272 humanum
348 1243 462 1279 patitur,
477 1251 563 1278 neque
580 1250 627 1270 suo
642 1242 766 1270 adventui
789 1242 880 1269 tribuit
898 1241 974 1269 famis

183 1297 303 1318 causam.
316 1290 368 1318 Sed
382 1290 443 1326 quia
456 1289 521 1316 vidit
535 1293 657 1316 naturam
671 1288 799 1316 coarctari
812 1309 819 1322 ,
833 1292 860 1316 et
874 1288 973 1315 invale—

185 1344 261 1363 scere
272 1335 368 1363 famem
384 1343 391 1361 :
407 1335 550 1367 Descendit,
562 1335 656 1369 inquit,
670 1335 696 1361 in
711 1334 854 1369 Egyptum
868 1333 970 1365 Abram,

183 1388 212 1409 ut
223 1382 346 1409 habitaret
357 1382 419 1414 illic,
433 1382 492 1416 quia
504 1381 609 1408 invaluit
622 1383 702 1416 fames
715 1388 791 1414 super
800 1384 901 1406 terram.

218 1429 246 1456 ι.
267 1428 381 1456 Attende
404 1427 537 1462 quomodo
558 1426 677 1461 longiora
700 1426 764 1452 liunt
787 1425 859 1459 justo
876 1424 970 1452 stadia.

184 1473 252 1501 Illud
266 1473 338 1500 enim
351 1472 505 1508 providebat
519 1472 655 1504 Dominus,
669 1475 697 1498 ut
716 1478 768 1498 non
785 1470 870 1497 solum
891 1470 974 1496 Paltc-

183 1520 281 1546 stinam
303 1517 478 1545 incolentibus
492 1521 564 1544 esaet
585 1516 686 1548 doctor,
708 1515 755 1543 sed
777 1520 804 1542 et
824 1515 856 1542 iis
877 1515 922 1550 qui
946 1515 972 1542 in

183 1564 301 1600 Egypto
314 1567 406 1595 erant,
420 1567 446 1590 et
462 1563 565 1590 virtutis
580 1563 637 1595 ejus
651 1560 778 1596 splendor
791 1560 913 1587 omnibus
927 1568 973 1594 pa-

185 1617 263 1639 teret.
278 1610 358 1644 Quasi
378 1610 448 1637 euim
462 1609 591 1636 luminare
613 1607 745 1643 quoddam
760 1607 845 1634 latens
866 1612 892 1634 et
911 1607 972 1634 abs-

184 1657 320 1684 conditum
343 1656 369 1682 in
390 1654 573 1682 Chaldaeorum
589 1658 677 1686 terra,
693 1652 765 1680 illinc
785 1652 920 1684 evocavit,
944 1657 971 1678 ut

183 1711 231 1730 eos
248 1703 293 1738 qui
319 1703 344 1729 in
365 1701 479 1729 tenebris
496 1708 615 1728 errorum
638 1699 783 1732 sedebant,
799 1699 831 1726 ad
853 1699 973 1726 veritatis

184 1751 254 1776 viam
267 1748 455 1776 introduceret.
470 1747 522 1775 Sed
537 1746 606 1774 forte
625 1746 695 1773 dicet
709 1745 803 1780 aliquis
818 1754 826 1772 :
841 1745 873 1772 Et
891 1752 973 1779 quare

185 1803 238 1822 non
253 1794 340 1829 potius
360 1796 388 1819 ut
405 1793 434 1825 ii,
445 1792 490 1827 qui
504 1793 530 1819 in
542 1790 664 1819 Chaldaeo
680 1794 767 1823 erant,
781 1789 814 1817 ad
829 1797 918 1816 veram
929 1797 972 1816 re-

185 1841 310 1876 ligionem
324 1840 454 1872 venirent,
469 1846 515 1873 per
529 1838 614 1872 ipsum
629 1836 736 1864 effecit?
751 1835 899 1863 Verisimile
913 1835 972 1869 qui-

183 1887 246 1914 dem
268 1892 323 1918 est,
339 1886 443 1913 illorum
463 1884 573 1912 salutem
591 1890 636 1918 per
650 1882 761 1910 aliorum
782 1881 973 1916 providentiam

183 1938 354 1970 procuratam
366 1933 447 1959 fuisse
457 1940 463 1958 :
478 1935 594 1958 attamen
605 1929 666 1956 audi
678 1928 812 1957 Christum
823 1928 954 1955 dicentem
965 1935 972 1954 :

186 1980 247 2008 Non
263 1985 298 2006 est
310 1979 431 2015 propheta
439 1978 493 2004 sine
503 1978 604 2008 honore,
615 1976 661 2003 nisi
671 1976 698 2002 in
712 1975 794 2010 putria
806 1983 852 2001 sua
865 1973 971 2009 (Matth.

186 2027 230 2053 l5.
245 2025 301 2060 57).
317 2024 440 2058 Utigitnr
453 2030 532 2058 opere
544 2022 664 2056 impleret
677 2020 878 2054 promissionem
894 2027 972 2054 quam

185 2071 223 2098 illi
238 2070 348 2101 fecerat,
358 2068 465 2096 dicens:
481 2067 512 2094 Et
525 2065 692 2101 magniﬁcabo
705 2073 794 2092 nomen
807 2069 876 2091 tuum
891 2073 900 2091 :
915 2073 975 2099 pro-

185 2121 276 2151 pterea
289 2119 317 2142 et
329 2114 424 2141 famem
437 2113 501 2140 oriri
515 2112 652 2147 permittit,
660 2115 688 2138 ct
699 2115 808 2145 cogente
819 2110 976 2136 necessitate

184 2163 213 2189 in
233 2161 378 2197 ngyptum
402 2167 462 2187 eum
483 2159 522 2186 ire
535 2157 686 2193 compellit,
704 2161 732 2183 ut
744 2156 875 2183 discerent
892 2161 918 2182 et
934 2163 975 2181 Ill-

185 2208 252 2235 colze
266 2211 364 2241 quanta
377 2206 425 2232 viri
438 2204 523 2231 virtus
536 2208 613 2231 esset.
630 2202 694 2229 Nam
706 2201 788 2228 fames
798 2201 872 2235 quasi
888 2201 973 2231 ill'lor,

184 2260 235 2280 ceu
249 2251 362 2279 vinculis
377 2250 491 2285 injectis,
507 2250 541 2276 ita
553 2249 577 2275 vi
591 2248 722 2276 edeserto
733 2247 758 2273 in
770 2246 914 2282 [Egyptum
929 2253 975 2273 eos

185 2297 325 2324 abstraxit.
339 2295 391 2323 Sed
414 2295 550 2322 videamus
568 2301 627 2328 qua:
652 2292 713 2319 hinc
737 2296 890 2326 sequantur,
905 2294 930 2317 ct
949 2291 974 2316 in

184 2348 300 2379 quantas
324 2341 492 2369 difﬁcultates
504 2340 591 2374 justus
603 2338 725 2366 inciderit
740 2344 747 2362 :
764 2342 792 2364 ut
806 2341 832 2364 et
851 2337 908 2370 ejus
923 2337 975 2362 for-

186 2389 327 2418 titudinem
349 2388 498 2418 discamus,
513 2390 540 2413 et
562 2385 652 2412 uxoris
672 2384 743 2410 illius
761 2383 898 2417 sapientia:
918 2386 975 2408 stu-

185 2436 291 2463 diosatn
307 2438 434 2461 mentctn.
449 2432 590 2465 Postquam
611 2430 689 2464 igitur
704 2428 786 2455 multo
802 2428 895 2454 itinere
911 2435 973 2462 pro-

185 2483 334 2510 cesserant,
350 2483 377 2505 et
390 2477 508 2512 proxime
520 2475 663 2511 Egyptum
676 2478 761 2504 erant.
775 2473 862 2508 justus
874 2479 972 2507 angore

185 2525 285 2552 mentis
297 2523 411 2550 alllictus
426 2527 477 2554 est,
489 2526 531 2553 et,
547 2527 575 2547 ut
588 2521 622 2547 ita
643 2520 740 2551 dicam,
753 2519 787 2546 de
799 2518 851 2545 vita
871 2526 918 2545 sua
937 2518 972 2544 ti—

185 2579 264 2599 mens
278 2575 307 2598 et
317 2575 434 2597 tremens
444 2568 586 2602 alloquitur
595 2574 704 2593 uxorem
717 2572 802 2591 suam.
817 2565 823 2591 l
835 2564 856 2590 Ι.
869 2563 975 2590 Furtum

186 2623 223 2646 ut
233 2640 240 2650 ,
257 2618 343 2652 inquit
355 2637 362 2648 ,
373 2615 473 2650 quando
488 2614 579 2640 Abram
593 2611 820 2646 appropinquabat,
834 2615 859 2636 ut
875 2610 978 2635 intraret

185 2665 214 2691 in
230 2663 383 2698 ngyptum.
398 2661 462 2687 dixit
486 2660 559 2686 Sorte
578 2658 651 2684 uxori
666 2665 718 2683 sua:
732 2664 740 2683 :
754 2655 814 2683 Scio
838 2655 904 2690 quod
926 2655 980 2685 [or-

186 2717 260 2735 mosa
272 2709 306 2734 sis
316 2707 413 2733 mulier.
432 2706 475 2732 l2.
488 2704 612 2730 Futurum
627 2703 708 2736 imque
720 2706 755 2727 est
769 2705 795 2726 ut
807 2708 861 2727 cum
874 2704 896 2726 te
909 2698 979 2725 vide-

186 2755 238 2781 rint
254 2753 383 2789 .Egyplii,
401 2753 485 2778 dicunt
499 2759 508 2777 .'
524 2749 577 2776 Ista
597 2754 632 2776 cst
653 2756 716 2774 uxor
733 2748 807 2782 ejus;
824 2751 847 2773 et
867 2745 980 2772 occident

187 2808 238 2832 me,
253 2804 276 2825 te
289 2804 372 2825 autent
383 2797 524 2824 servabunt.
539 2795 582 2822 l3.
599 2794 645 2820 Dic
657 2793 741 2828 igitur,
755 2791 835 2819 Soror
847 2792 901 2825 ejus
913 2798 977 2823 sum,

187 2851 215 2872 ut
231 2845 293 2871 mihi
306 2848 409 2879 propter
426 2847 449 2868 te
463 2842 522 2868 bene
535 2841 575 2871 sit,
588 2844 610 2866 et
629 2838 689 2865 vivet
709 2838 792 2863 auium
814 2845 867 2863 mea
881 2841 982 2871 propter

699 135 731 163 IN
749 135 825 163 CAP.
848 135 905 163 XII.
925 134 1046 164 GENES.
1067 135 1180 165 HOMIL.
1202 138 1308 167 XXXII.

1762 144 1814 173 298

1029 197 1062 220 te.
1078 191 1170 220 Vidisti
1183 201 1215 221 ex
1231 195 1330 226 verbis,
1353 196 1378 222 in
1392 201 1490 230 quanto
1504 204 1602 233 angore
1618 202 1645 226 et
1666 205 1736 227 metu
1749 208 1815 229 eoo-

1028 239 1134 265 stitutus
1155 239 1232 266 fuerit
1250 239 1358 273 justus:
1374 249 1460 277 neque
1480 247 1567 271 tamen
1590 245 1744 274 turbabatur
1756 249 1814 275 aui—

1028 290 1073 310 mo
1084 304 1092 315 ,
1106 291 1192 319 neque
1204 285 1322 319 cogitans
1337 286 1404 313 intra
1418 294 1458 320 se,
1473 287 1575 315 dicebat
1590 298 1596 316 :
1610 290 1677 323 Quid
1692 290 1741 318 hoc
1753 297 1793 320 est
1803 293 1816 319 2

1030 336 1091 356 num
1109 330 1226 357 derelicti
1247 331 1360 358 sumus?
1371 340 1432 360 num
1446 333 1547 368 decepti
1567 337 1679 363 sumus?
1691 345 1752 364 num
1768 347 1815 364 nos

1031 374 1194 408 providentia
1207 383 1253 402 sua
1265 376 1383 404 destituit
1396 377 1540 405 Dominus?
1552 387 1614 406 num
1627 381 1671 408 ille
1683 383 1726 416 qui
1739 382 1815 410 dixit:

1029 417 1198 453 Hagniﬁcabo
1217 424 1255 451 te,
1272 425 1296 447 et
1307 422 1394 448 semini
1410 427 1452 449 tuo
1473 423 1538 450 dabo
1559 429 1651 451 terram
1670 427 1754 452 hanc:
1769 435 1816 454 tios

1028 463 1063 490 ita
1075 465 1199 499 relinquit
1211 473 1280 493 nunc
1294 471 1322 493 ut
1334 467 1366 494 de
1377 468 1502 495 extremis
1515 469 1665 503 timeamus,
1681 475 1708 498 et
1721 472 1747 498 in
1760 481 1818 499 ma-

1027 508 1151 536 nifestum
1175 509 1321 538 incidamus
1343 513 1508 546 periculum?
1529 515 1597 542 Nihil
1618 515 1710 544 horum
1730 519 1771 545 vel
1790 519 1816 545 iu

1028 559 1143 581 mentem
1164 556 1355 583 admittendum
1369 559 1530 586 existimavit
1547 560 1633 594 justus
1646 582 1652 593 ,
1669 562 1715 589 sed
1735 571 1815 590 unum

1027 599 1078 626 hoc
1098 601 1223 633 curabat,
1237 603 1370 637 quomodo
1391 609 1448 631 arte
1467 606 1552 640 aliqua
1567 608 1712 642 excogitata
1729 615 1817 643 posset

1026 645 1103 672 famis
1114 647 1260 674 remedium
1278 655 1310 675 ac
1321 650 1529 678 consolationem
1545 652 1673 686 invenire,
1689 659 1716 680 et
1730 654 1815 690 [Egy-

1026 690 1141 724 ptiorum
1158 699 1251 719 manus
1265 693 1390 728 effugere.
1405 695 1466 722 Scio
1477 716 1485 728 ,
1502 697 1585 731 inquit
1595 718 1602 729 ,
1617 699 1685 733 quod
1706 700 1817 734 formata

1026 735 1116 762 mulier
1129 737 1172 764 sis.
1188 737 1253 764 Vide
1265 744 1362 773 quanta
1377 741 1496 767 mulieris
1505 746 1563 769 erat
1576 743 1741 771 formositas:
1754 754 1814 773 nant

1026 785 1124 808 etcum
1138 783 1163 809 in
1178 788 1311 811 senectam
1323 785 1377 819 jam
1392 792 1528 821 vergeret,
1543 792 1571 815 et
1588 794 1647 822 post
1668 794 1707 816 tot
1729 798 1814 819 anno-

1026 832 1084 852 rum
1100 834 1237 854 numerum
1247 849 1255 861 ,
1268 829 1355 856 adhuc
1364 831 1404 857 vis
1416 832 1618 865 pulchritudinis
1629 834 1654 860 in
1668 834 1734 862 facie
1749 837 1816 863 emi-

1026 871 1113 904 cabat,
1127 873 1205 900 etiam
1219 879 1278 908 post
1292 879 1331 902 tot
1346 876 1448 904 labores
1463 883 1489 905 et
1500 886 1643 912 :crumnas,
1652 888 1719 915 quas
1731 882 1756 909 in
1773 883 1816 910 via

1027 916 1060 943 de
1077 917 1141 945 locis
1159 919 1185 946 in
1200 919 1256 947 loca
1276 923 1436 949 transeundo
1450 929 1559 958 experta
1572 930 1613 953 est
1625 947 1632 958 ,
1648 934 1662 953 a
1676 927 1817 956 Chaldzro-

1028 970 1087 989 rum
1102 971 1197 999 nempe
1210 967 1317 1001 regione
1331 968 1356 994 in
1369 968 1498 1002 Cbarran,
1507 975 1533 997 et
1546 978 1560 997 a
1575 970 1694 999 Charran
1711 973 1736 1000 in
1748 973 1817 1000 Cha-

1028 1014 1105 1040 naan,
1120 1014 1146 1036 et
1161 1017 1253 1037 rursus
1263 1011 1288 1038 in
1301 1011 1448 1040 Chanauaea
1463 1014 1516 1041 huc
1526 1020 1605 1050 atque
1619 1016 1691 1050 illuc,
1705 1022 1732 1045 et
1746 1027 1817 1046 nunc

1027 1052 1122 1080 iterum
1138 1054 1164 1081 in
1177 1054 1332 1091 Egyptum.
1348 1057 1430 1091 Quem
1445 1067 1497 1086 non
1515 1059 1621 1088 fortium
1635 1062 1753 1090 virorum
1770 1064 1817 1091 de-

1027 1098 1165 1143 fatigarent
1177 1104 1215 1127 tot
1225 1102 1356 1129 continua:
1370 1105 1594 1138 peregrinationes
1606 1106 1618 1133 2
1632 1106 1729 1134 Verum
1742 1116 1817 1143 egre—

1026 1142 1067 1177 gia
1089 1143 1145 1171 hare
1165 1146 1259 1172 tunlier
1278 1147 1357 1174 etiam
1379 1153 1439 1182 post
1460 1153 1498 1176 tot
1516 1151 1662 1179 exantlatas
1686 1142 1819 1182 aerumnas

1027 1187 1158 1217 luculenta
1178 1190 1263 1219 adhuc
1279 1196 1336 1219 erat
1352 1192 1426 1225 facie,
1440 1194 1510 1221 unde
1523 1200 1549 1222 et
1563 1196 1746 1225 vehementem
1762 1198 1817 1225 for—

1027 1234 1153 1261 midinem
1174 1235 1299 1263 afferebat
1315 1237 1388 1272 justo
1402 1247 1409 1265 :
1428 1238 1487 1266 ideo
1499 1244 1526 1267 et
1539 1240 1643 1268 dicebat
1657 1251 1665 1269 :
1679 1243 1740 1270 Scio
1750 1244 1818 1277 quod

1027 1279 1117 1305 mulier
1129 1281 1240 1314 formosa
1254 1282 1289 1308 sit
1304 1290 1314 1309 :
1326 1285 1440 1318 futurum
1453 1285 1536 1320 itaque
1549 1291 1584 1313 est
1596 1292 1622 1313 ut
1634 1296 1691 1314 cum
1705 1293 1729 1315 te
1749 1290 1817 1317 uide-

1026 1325 1077 1351 rint
1100 1325 1219 1361 .Egyptii
1228 1347 1236 1360 ,
1250 1327 1336 1354 dicant
1346 1336 1356 1355 :
1369 1328 1424 1356 Ictu
1439 1335 1476 1357 est
1493 1339 1557 1358 uxor
1576 1332 1632 1367 ejus
1645 1340 1655 1365 ;
1668 1338 1692 1360 et
1704 1335 1816 1362 occident

1026 1379 1074 1403 me,
1091 1376 1115 1398 te
1127 1377 1210 1398 autent
1222 1374 1363 1401 servabunt.
1384 1375 1541 1410 Considera,
1556 1384 1684 1413 quantum
1700 1381 1817 1409 conlide-

1027 1415 1072 1443 bat
1085 1417 1203 1445 moribus
1216 1420 1344 1452 mulieris,
1357 1428 1410 1448 non
1422 1427 1542 1450 metuens
1552 1431 1586 1451 ne
1597 1424 1718 1453 laudibus
1731 1428 1815 1455 emol-

1026 1462 1136 1495 liretur,
1150 1465 1212 1499 quin
1223 1470 1250 1493 ct
1265 1466 1315 1493 tale
1328 1467 1429 1495 inducit
1440 1470 1592 1504 consilium,
1605 1471 1697 1499 dicens
1713 1481 1719 1500 :
1735 1473 1767 1501 Ut
1782 1481 1816 1502 ne

1026 1515 1069 1554 me
1083 1509 1189 1543 quidem
1204 1511 1342 1544 occidant,
1359 1517 1384 1540 te
1403 1518 1491 1541 autem
1515 1522 1623 1543 servent
1640 1526 1646 1543 :
1663 1517 1709 1545 Dic
1722 1519 1814 1554 igitur.

1027 1553 1107 1581 Soror
1121 1556 1174 1590 ejus
1186 1564 1241 1583 sum
1253 1577 1260 1589 ,
1274 1562 1301 1584 ut
1315 1559 1377 1584 mihi
1390 1558 1450 1586 bene
1467 1560 1500 1586 sit
1510 1581 1517 1592 ,
1529 1565 1553 1587 et
1570 1562 1632 1588 uiuet
1652 1553 1738 1590 anima
1760 1573 1816 1591 mea

1026 1606 1128 1636 propter
1140 1607 1172 1628 te.
1181 1603 1311 1636 Quoniam
1326 1611 1379 1631 non
1393 1605 1499 1639 vulgare
1509 1611 1567 1633 erat
1576 1607 1646 1642 quod
1657 1608 1813 1643 imperabat,

1026 1652 1166 1682 propterea
1190 1649 1277 1676 verbis
1295 1658 1353 1684 quae
1373 1651 1506 1683 subdidit,
1521 1653 1628 1681 allicere
1648 1662 1705 1681 eam
1729 1660 1757 1682 et
1779 1656 1813 1682 ad

1026 1692 1232 1720 misericordiam
1256 1694 1374 1723 ﬂectere.
1390 1697 1601 1732 persuadereque
1613 1699 1636 1725 ei
1650 1699 1755 1727 volebat
1764 1721 1772 1732 ,
1784 1705 1815 1728 ut

1025 1743 1147 1773 prompte
1169 1739 1194 1765 in
1210 1739 1260 1766 hac
1278 1739 1364 1767 fabula
1377 1746 1466 1774 partes
1486 1750 1550 1769 suas
1571 1748 1671 1778 ageret.
1687 1744 1813 1772 Futurum

1025 1787 1060 1809 est
1075 1783 1158 1817 itaque
1169 1790 1196 1810 ut
1208 1793 1265 1811 cum
1278 1790 1301 1811 te
1318 1786 1423 1812 viderint
1440 1786 1558 1822 .Egyptii
1567 1808 1575 1820 ,
1590 1789 1675 1816 dicunt
1689 1798 1699 1817 :
1712 1789 1766 1817 lata
1779 1796 1815 1818 ut

1025 1838 1090 1856 uxor
1105 1831 1160 1864 ejus
1170 1838 1181 1862 ;
1203 1835 1227 1857 et
1248 1831 1361 1858 occident
1381 1840 1436 1864 me,
1453 1837 1477 1859 te
1496 1838 1579 1860 autem
1598 1835 1740 1863 servabunt.
1756 1836 1814 1863 Non

1025 1875 1102 1909 dixit,
1123 1875 1294 1904 Contumeliis
1314 1881 1340 1904 te
1357 1877 1496 1906 afficient:
1517 1886 1570 1906 non
1590 1880 1645 1907 vult
1661 1881 1732 1908 enim
1754 1890 1813 1910 eam

1026 1928 1098 1949 nunc
1110 1922 1198 1949 verbis
1213 1927 1330 1955 terrere,
1350 1924 1482 1958 praecipue
1493 1931 1557 1951 vero
1576 1926 1711 1953 metuebat
1732 1934 1813 1961 super

1028 1966 1073 1994 Dei
1098 1967 1283 2001 promissione.
1306 1967 1449 2002 Propterea
1473 1969 1557 1996 dicit:
1573 1969 1609 1996 Te
1624 1975 1706 1997 autem
1724 1979 1812 1999 serva-

1027 2013 1087 2040 bunt
1101 2021 1110 2039 :
1125 2014 1164 2040 dra
1180 2013 1267 2048 igitur,
1279 2013 1359 2040 Soror
1372 2015 1425 2049 ejus
1435 2022 1500 2042 sum.
1514 2014 1604 2050 Cogita
1616 2036 1623 2047 ,
1634 2023 1726 2051 quaeso
1737 2037 1745 2049 ,
1759 2024 1812 2051 quo

1005 2070 1008 2072 ·
1027 2063 1107 2089 fuisse
1118 2066 1171 2089 tum
1186 2062 1211 2089 in
1231 2067 1301 2089 statu
1321 2062 1386 2095 justi
1400 2067 1515 2090 mentem
1527 2063 1671 2090 verisimile
1685 2064 1736 2096 sit,
1750 2071 1811 2092 cmn

1027 2108 1075 2134 ista
1089 2107 1163 2134 uxori
1178 2108 1338 2135 consuleret.
1351 2108 1429 2136 Scitis
1439 2109 1510 2135 enim
1520 2129 1528 2141 ,
1543 2109 1617 2136 scitis
1629 2109 1694 2136 nihil
1707 2111 1814 2145 gravius

1027 2153 1129 2180 maritis
1142 2161 1219 2185 esse,
1233 2161 1311 2188 quam
1329 2158 1357 2180 ut
1371 2154 1411 2180 vel
1434 2153 1459 2180 in
1481 2154 1610 2187 ejusmodi
1635 2156 1813 2190 suspicionem

1027 2207 1094 2225 uxor
1110 2199 1207 2226 veniat.
1223 2198 1410 2226 Verumtamen
1427 2199 1471 2227 hic
1488 2200 1577 2233 justus
1595 2205 1622 2227 et
1639 2201 1776 2228 contendit
1789 2207 1816 2229 et

1027 2253 1132 2272 omnem
1152 2245 1265 2280 lapidem
1289 2249 1394 2278 movet,
1409 2249 1439 2272 ut
1461 2245 1618 2274 adulterium
1636 2254 1718 2282 opere
1741 2255 1816 2274 cont-

1027 2291 1142 2325 pleatur.
1153 2290 1211 2318 Noli
1223 2295 1309 2318 tamen
1319 2290 1419 2325 justum
1431 2291 1501 2319 hunc
1515 2296 1614 2320 temere
1625 2293 1813 2326 condemnare,

1028 2336 1197 2363 dilectissime
1210 2357 1217 2368 ,
1233 2336 1279 2363 sed
1292 2344 1323 2363 ex
1339 2336 1390 2363 hoc
1405 2337 1492 2371 potius
1507 2337 1615 2364 multam
1629 2337 1687 2372 ejus
1701 2338 1816 2372 pruden-

1029 2381 1091 2407 tiam
1105 2388 1136 2408 ac
1152 2381 1329 2408 fortitudinem
1343 2389 1472 2415 cognosce
1483 2389 1491 2413 ;
1503 2381 1683 2409 fortitudinem
1696 2383 1814 2417 quidem,

1028 2425 1099 2460 quod
1121 2425 1154 2452 ita
1177 2433 1306 2460 generose
1329 2426 1443 2452 motibus
1464 2426 1651 2460 cogitationum
1667 2428 1815 2459 restiterit,

1030 2478 1128 2505 eosque
1142 2471 1284 2504 superarit,
1299 2475 1326 2497 ut
1340 2471 1419 2497 etiam
1437 2470 1483 2497 ista
1498 2471 1658 2498 consuleret.
1675 2471 1729 2498 Hac
1743 2472 1814 2499 enim

1031 2523 1060 2542 re
1078 2515 1142 2542 nihil
1168 2523 1227 2542 esse
1249 2515 1437 2542 intolerabilius
1458 2516 1519 2542 audi
1543 2523 1573 2542 ex
1597 2515 1755 2547 Salomone,
1771 2517 1816 2551 qui

1031 2561 1116 2588 dicit:
1136 2560 1229 2587 Plenus
1253 2561 1318 2586 enim
1341 2560 1388 2586 zeli
1402 2561 1474 2596 furor
1495 2560 1541 2586 uiri
1563 2561 1634 2594 eius;
1657 2569 1707 2588 non
1731 2567 1816 2596 parcet

1032 2607 1058 2632 in
1076 2606 1116 2632 die
1137 2606 1231 2641 judicii
1241 2626 1249 2637 ,
1265 2613 1342 2639 neque
1361 2605 1520 2631 commutabit
1535 2605 1620 2632 odium
1639 2606 1724 2633 multis
1744 2607 1818 2633 donis

1032 2651 1129 2686 (Prov.
1144 2652 1170 2678 6.
1186 2651 1230 2678 54.
1243 2650 1287 2686 55)
1303 2659 1309 2677 :
1324 2655 1352 2678 et
1366 2659 1467 2684 rursus,
1482 2651 1568 2678 Durus
1580 2657 1607 2679 ut
1619 2653 1734 2688 infernus
1749 2654 1818 2681 zelus

1033 2697 1118 2733 (Cant.
1133 2697 1159 2724 8.
1174 2695 1212 2731 θ).

1067 2743 1094 2770 5.
1109 2742 1247 2777 Zelotypia:
1266 2742 1364 2768 insania
1378 2747 1481 2776 quanta.
1493 2757 1526 2762 ——
1535 2742 1631 2770 Multos
1644 2747 1731 2770 autem
1746 2744 1819 2771 vide-

1035 2795 1093 2815 mus
1104 2788 1129 2814 in
1143 2792 1241 2814 tantam
1256 2786 1384 2813 insaniam
1399 2787 1568 2821 prorupisse,
1583 2792 1611 2815 ut
1632 2795 1680 2815 nec
1693 2789 1818 2816 uxoribus

1035 2835 1098 2869 ipsis
1109 2836 1259 2869 parcerent,
1273 2831 1319 2859 sed
1339 2837 1363 2860 et
1375 2832 1522 2860 adulterum
1537 2833 1623 2868 ipsum
1637 2841 1818 2869 saepenumero
