2055 3123
279 146 330 174 299

278 209 306 230 ct
319 201 474 235 semetipsos
487 199 679 227 itttet'itttcrent.
693 199 776 225 Tanta
790 199 828 226 rei
844 198 922 232 hujus
936 203 976 224 est
990 198 1062 224 insa-

280 248 321 274 nia
332 268 339 278 ,
355 251 407 273 tam
423 246 554 280 impotens
564 248 593 272 ot
606 244 732 271 indomita
745 247 787 271 est
799 243 938 279 zelotypia,
953 247 983 269 ut
1002 250 1062 269 eum

279 293 323 327 qui
339 291 420 318 semel
435 290 482 317 hac
493 289 647 324 a-gritudine
659 293 797 323 correptus
809 289 853 318 sit,
867 287 966 314 efﬁciat
984 288 1062 314 etiam

280 337 410 371 propriam
423 335 535 362 salutem
552 339 731 361 contemnere.
747 334 786 360 Ac
799 332 980 359 fortitudinem
1002 332 1061 366 qni-

277 384 338 410 dem
355 383 419 417 justi
443 382 505 409 licet
529 381 590 409 inde
611 388 771 416 cognoscere
785 390 791 408 :
805 381 971 415 prudentiam
998 388 1063 407 vero

279 436 330 454 ιιοιι
345 427 505 454 mediocrem
520 436 550 454 ex
564 435 607 459 eo,
623 427 692 461 quod
715 427 741 452 in
766 431 851 452 tantas
874 426 995 452 redacttts
1016 433 1061 451 au-

276 473 376 507 gustias
395 478 420 499 et
438 477 570 506 tamquam
586 472 685 506 laqueis
699 472 825 502 irretitus,
841 471 909 497 hanc
931 471 999 497 viam
1013 478 1061 504 po-

278 518 357 544 tuerit
369 517 532 547 adinvenire,
548 525 598 550 qua
615 517 711 542 malum
730 516 936 543 imminueretnr.
951 514 1016 542 Nam
1039 515 1061 541 si

276 562 382 596 quidem
394 562 502 589 dixisset
517 569 625 588 uxorem
637 568 665 588 se
680 562 748 588 illius
761 568 830 593 esse,
843 568 927 595 neque
949 560 1060 587 tabulam

278 609 348 636 illam
362 609 468 643 egisset,
482 616 512 634 ac
525 608 624 634 sororis
648 615 742 634 nomen
766 611 918 640 usurpasset
931 615 938 633 :
952 610 979 633 et
1005 606 1060 639 ipsa

275 657 345 689 justo
359 659 449 688 erepta
460 658 539 684 esset,
553 661 612 680 cum
626 653 683 686 ejus
696 653 787 679 forma:
803 651 969 686 pulchritudo
983 651 1061 678 lasci-

275 708 337 727 vum
350 699 537 734 Egyptiorum
549 699 666 725 animum
688 698 849 732 peilexisset,
864 704 889 724 et
908 697 1062 724 interfectus

273 746 359 779 justus
374 744 476 777 fuisset,
502 749 530 771 ut
551 744 659 770 sceleris
677 748 814 770 accusator
826 751 841 770 e
853 743 940 770 medio
954 743 1060 770 tollere-

276 795 328 817 tur.
341 789 451 822 Quando
466 790 542 824 igitur
558 790 598 815 hze
618 788 677 815 dumI
689 788 805 815 molesta:
823 795 867 815 res
880 788 989 815 omnino
1001 795 1062 822 pro-

275 841 334 869 pter
348 835 483 862 hominum
500 835 605 861 illorum
626 834 854 868 intemperantiam
883 835 1005 868 regisque
1021 839 1061 868 ty-

275 881 412 908 rannidem
424 884 558 907 eventurte
571 883 657 911 erant,
671 884 698 906 ut
721 879 746 905 itt
762 879 840 906 tantis
862 878 1060 905 difficultatibus

274 927 396 960 exiguum
415 925 523 958 aliquod
544 924 667 952 solatium
690 924 805 950 nancisci
833 927 941 958 possent
967 932 973 950 :
1000 923 1057 955 Dic,

275 972 368 1006 inquit,
384 971 465 998 Soror
481 970 536 1005 ejus
552 978 628 1002 sum;
642 970 691 996 hoc
702 971 771 996 enim
794 968 907 997 fortasse
921 977 964 996 tne
981 978 995 996 a
1013 977 1060 1004 ρε-

275 1017 364 1043 riculis
378 1016 507 1044 liberabit.
518 1015 582 1042 Nam
595 1016 664 1050 quod
677 1015 710 1041 ad
724 1020 749 1042 te
763 1015 869 1049 quidem
885 1015 987 1046 attinet,
1003 1014 1060 1042 sive

274 1069 393 1089 sororem
407 1061 516 1096 teipsam
529 1061 639 1092 dixeris,
653 1061 709 1088 sive
727 1060 876 1095 conjugem,
891 1068 967 1087 nemo
983 1068 1061 1096 nega-

275 1108 310 1134 bit
325 1108 386 1141 quin
398 1108 506 1134 omnino
521 1106 636 1134 futurum
649 1107 693 1136 sit,
710 1111 738 1132 ut
761 1111 785 1132 te
809 1110 918 1140 propter
939 1107 1061 1139 corporis

274 1154 496 1190 puchn-ittnliuem
523 1152 662 1179 confestim
682 1152 814 1186 eripiant;
834 1159 876 1178 me
888 1159 950 1178 vero
963 1152 1060 1186 proba-

275 1199 327 1226 bile
339 1205 378 1226 est
393 1199 503 1225 insidias
520 1205 671 1229 evasurum,
689 1198 710 1223 si
727 1205 822 1224 nomen
833 1197 933 1224 sororis
946 1205 1060 1231 usurpa-

275 1246 353 1272 veris.
373 1245 451 1272 Vides
463 1244 628 1278 prudentiam
641 1243 720 1277 justi;
735 1250 788 1278 quo
802 1248 877 1277 pacto
899 1243 1060 1278 interceptus

277 1293 345 1317 viam
371 1290 484 1324 potuerit
506 1290 640 1319 invenire,
667 1295 698 1316 ac
721 1288 828 1315 modum
853 1289 1057 1323 excogitaverit,

273 1345 327 1372 quo
350 1337 531 1372 Egyptiorum
556 1335 663 1362 insidias
687 1340 777 1369 posset
799 1335 935 1362 evadere?
959 1335 1059 1362 Rursus

274 1384 323 1410 hoc
338 1383 396 1409 loco
411 1382 474 1409 mihi
490 1381 641 1416 patientiam
667 1388 773 1415 quoque
789 1381 852 1415 justi
869 1381 1011 1415 perpende,
1028 1389 1058 1407 ac

272 1427 390 1455 mulieris
404 1427 560 1462 probitatem
576 1435 582 1452 :
596 1426 658 1460 justi
681 1426 799 1460 quidem,
825 1427 894 1460 quod
915 1433 967 1452 non
991 1427 1059 1452 indi-

272 1478 365 1507 gnatus
380 1473 414 1499 sit
428 1479 512 1506 neque
526 1471 621 1498 dixerit
636 1480 641 1497 :
654 1471 706 1498 Cur
726 1476 812 1498 autent
832 1470 899 1497 hattc
921 1471 1057 1498 mulierem

273 1526 375 1545 meentu
385 1518 462 1548 duco,
476 1516 551 1551 cujus
565 1517 647 1550 gratia
662 1521 731 1542 tiuta
744 1516 770 1542 in
784 1523 825 1542 me
836 1521 977 1549 tempestas
987 1517 1059 1543 exci-

273 1564 362 1589 tatur?
376 1563 438 1596 qttid
453 1563 523 1589 enitn
537 1562 594 1596 ejus
614 1562 676 1588 milii
692 1561 799 1595 prodest
809 1562 982 1592 consuetudo,
998 1570 1057 1588 cum

271 1610 328 1643 ejus
341 1617 419 1636 causa
441 1609 466 1635 iu
488 1615 619 1635 sumntum
643 1608 736 1642 capitis
759 1607 902 1634 discrimen
922 1608 1057 1635 adducar?

270 1655 333 1688 quid
349 1655 411 1681 milii
425 1654 537 1689 proficit,
551 1662 610 1681 cum
625 1662 677 1680 non
700 1653 778 1680 modo
799 1654 870 1680 nullo
900 1662 942 1680 nte
963 1654 1057 1680 solatio

269 1700 354 1733 jnrct.
369 1700 414 1726 sed
429 1701 508 1727 etiam
522 1707 568 1726 sua
588 1699 782 1733 pulchritudine
795 1699 887 1726 mortis
910 1699 972 1725 mihi
989 1700 1057 1733 peri-

270 1746 359 1772 culum
382 1744 474 1771 creet?
488 1744 554 1771 Nihil
571 1744 665 1770 borum
690 1744 755 1770 dixit
778 1748 823 1770 aut
851 1744 983 1778 cogitavit,
1009 1744 1056 1771 sed

272 1791 342 1817 omni
358 1790 487 1824 ejusmodi
507 1790 604 1824 rejecta
628 1790 787 1824 cogitatione
809 1789 842 1816 de
857 1790 901 1816 Dei
927 1790 1056 1824 promisso

271 1836 380 1863 minime
391 1836 535 1867 dubitavit;
547 1835 593 1862 sed
605 1836 630 1862 in
642 1836 666 1862 id
680 1844 759 1862 unum
773 1836 900 1869 incubuit,
915 1841 942 1863 ιιι
962 1836 1056 1870 prtevi-

271 1890 328 1907 sunt
342 1881 484 1908 discrimen
496 1886 584 1915 posset
598 1881 723 1908 evadere.
741 1881 788 1908 llic
812 1881 882 1908 enim
897 1881 1055 1909 ineffabilem

271 1927 316 1954 Dei
332 1928 481 1961 patientiam
499 1927 690 1960 animadverte,
714 1926 894 1958 dilccliSslttte.
911 1936 963 1962 quo
979 1933 1055 1962 pacto

269 1980 322 1998 non
346 1973 452 1999 assistat
470 1980 556 2006 neque
567 1972 718 2000 consoletur
731 1972 841 2006 justum,
863 1972 909 1999 sed
936 1974 1055 2007 ingrave-

269 2025 343 2044 scere
356 2017 422 2043 mala
439 2017 508 2044 sinat
520 2022 545 2043 et
558 2017 656 2051 augeri,
671 2022 748 2052 atque
773 2017 798 2044 in
816 2023 948 2046 extremas
970 2026 1054 2052 augu-

269 2062 333 2088 stias
358 2062 451 2096 redigi,
474 2067 582 2096 tumque
604 2070 677 2088 suam
706 2062 896 2096 providentiam
921 2063 1052 2090 ostendat.

268 2106 316 2133 Dic
328 2107 415 2141 igitur,
427 2106 521 2140 inquit,
537 2107 617 2133 Soror
640 2107 693 2140 ejus
719 2115 773 2132 sum
787 2112 836 2133 :ut
859 2107 920 2133 bene
939 2108 970 2133 sit
992 2108 1054 2134 nti/ti

268 2158 370 2186 propter
393 2159 425 2183 te,
450 2157 473 2179 et
498 2153 558 2178 vivet
583 2153 668 2178 anima
686 2161 740 2178 mea
754 2158 854 2186 propter
863 2158 894 2178 te.
908 2152 965 2179 Non
979 2153 1052 2187 quasi

268 2197 394 2223 moritura
408 2201 478 2223 esset
492 2197 572 2230 ipsius
587 2196 683 2227 anima,
696 2196 752 2223 hxec
765 2196 830 2223 dixit
843 2196 928 2230 justus
949 2196 1054 2231 (Nolite

266 2242 339 2269 enim
349 2242 443 2275 timere,
459 2242 552 2276 inquit,
567 2250 608 2268 eos
625 2243 667 2276 qui
681 2242 799 2270 occidunt
818 2251 918 2277 corpus,
943 2244 1052 2271 animam

267 2292 352 2313 autem
363 2295 415 2313 non
427 2291 529 2321 possunt
541 2287 653 2313 occidere
666 2286 771 2324 [ΜιιιιΙι.
787 2287 830 2314 l0.
846 2287 915 2323 98]),
930 2289 975 2314 sed
987 2291 1050 2315 sim-

269 2332 371 2366 pliciter
382 2340 414 2359 ex
424 2332 615 2358 consuetudine
627 2331 667 2358 Itis
678 2331 764 2358 terbis
774 2339 883 2358 uxorem
894 2332 988 2360 affatus
1000 2338 1049 2361 est.

269 2377 303 2405 Ut
313 2379 373 2405 bene
386 2377 448 2404 mihi
456 2377 498 2409 sit,
513 2377 605 2411 inquit,
619 2381 719 2411 propter
732 2381 766 2409 Ie,
783 2382 806 2404 et
819 2376 879 2404 vivet
898 2379 982 2405 anima
997 2388 1051 2406 mea

267 2428 368 2459 propter
389 2428 412 2450 te
427 2431 436 2450 :
450 2423 524 2458 quasi
538 2423 639 2450 diceret
662 2423 697 2450 illi
713 2432 719 2450 :
733 2423 790 2456 Die,
814 2423 893 2451 Soror
905 2427 959 2457 eius
972 2435 1026 2453 sum
1041 2434 1050 2453 :

266 2477 300 2496 ne
314 2469 413 2496 efficias
426 2473 464 2501 ut,
478 2476 537 2495 cum
554 2472 661 2503 propter
674 2468 768 2496 fzunem
788 2477 804 2497 e
816 2470 962 2498 Chanantea
979 2472 1049 2506 fuge-

266 2515 326 2547 rim,
343 2514 464 2540 manibus
483 2521 578 2540 euecer
591 2514 786 2549 Egyptiorum.
803 2515 863 2543 Fias
885 2517 972 2550 potius
986 2518 1049 2545 tttilti

266 2560 358 2586 salutis
374 2566 463 2589 causa,
481 2558 515 2585 Ut
535 2560 594 2586 bene
608 2560 640 2586 sit
661 2559 722 2586 mihi
736 2565 836 2594 propter
848 2565 879 2588 te.
894 2561 1048 2589 MlSCl‘tllilltﬂ

264 2604 397 2632 sunttunc
419 2604 508 2636 verba,
533 2605 617 2632 sedet
642 2606 738 2632 multus
759 2612 815 2633 erat
837 2607 915 2633 timor
942 2614 1048 2642 propter

265 2649 393 2677 insaniam
411 2649 608 2684 Egy‘ptiaeam,
629 2655 656 2677 et
680 2650 740 2684 quia
762 2651 878 2677 nondum
891 2653 982 2678 mortis
993 2657 1049 2680 erat

264 2695 492 2730 solutatyrauuis;
510 2702 645 2729 propterea
660 2696 684 2722 iit
697 2696 852 2722 adulterium
873 2697 961 2723 uxoris
985 2704 1047 2723 cutt-

262 2740 342 2766 sentit
362 2739 458 2773 justus,
475 2744 502 2766 et
523 2741 595 2774 quasi
622 2741 702 2767 servit
726 2741 846 2767 :ttlttllero
873 2742 897 2767 iu
923 2741 1042 2768 mulieris

262 2784 460 2818 contumeliam,
476 2790 503 2812 ιιι
524 2791 635 2812 tttortettt
660 2786 776 2820 effugiat.
798 2787 859 2813 Erat
877 2787 947 2813 enim
962 2786 1048 2814 adhuc

263 2830 387 2857 terribilis
409 2831 486 2858 facies
502 2832 615 2864 mortis;
638 2832 754 2859 nondum
780 2838 855 2860 erant
873 2841 949 2861 :eretc
963 2839 1045 2868 porta'

665 143 692 171 S.
713 143 848 171 JO.\NN|S
866 142 1098 170 Clll‘rYSOSTOMl
1121 143 1276 169 ARClllEl'.
1297 143 1556 172 CONSTANTINOP.

1852 153 1900 179 ῑεο

1117 197 1181 223 cunt
1192 203 1258 223 at'ltl‘.
1285 207 1292 229 ;
1318 199 1433 226 nondum
1457 206 1513 228 erat
1539 203 1647 230 aculeus
1672 205 1729 239 ejus
1752 206 1899 234 Ιιρικιιιιιις.

1119 241 1212 268 Vidisti
1232 243 1364 271 vinculum
1387 245 1505 273 caritatis
1531 247 1579 274 viri
1602 253 1630 275 et
1653 250 1790 278 mulieris?
1814 253 1899 281 vidisti

1115 287 1220 319 virum,
1236 289 1322 322 qualia
1334 290 1436 316 mulieri
1449 298 1590 325 suggerere
1604 294 1639 320 sit
1656 302 1750 328 ausus,
1773 301 1801 323 et
1821 299 1897 332 quale

1115 333 1254 360 consilium
1268 335 1399 368 accepetit
1412 336 1526 363 mulier?
1541 336 1597 364 Non
1611 340 1717 371 renuit,
1731 349 1818 375 neque
1840 349 1899 377 gra-

1114 378 1195 404 vatim
1209 378 1258 405 fert
1273 388 1281 406 :
1297 380 1342 406 sed
1357 381 1445 407 omnia
1469 381 1548 412 facit.
1564 383 1599 410 ita
1622 389 1650 410 nt
1676 385 1762 412 fabula
1783 392 1811 414 et
1832 389 1899 415 lictiu

1116 422 1159 449 illa
1181 423 1268 451 lateat.
1292 425 1407 451 Audiaut
1431 427 1478 452 viri
1504 431 1530 453 et
1555 429 1698 460 mulieres,
1721 435 1748 456 et
1768 431 1900 460 imitentur

1117 467 1209 494 borum
1236 470 1425 502 cenem-diam,
1454 472 1588 498 vinculum
1615 475 1747 507 caritatis,
1778 477 1899 510 pietatem

1116 513 1262 548 insignem,
1286 521 1311 542 et
1330 516 1402 543 Sara».
1428 518 1615 546 continentiam
1642 521 1814 553 mtnnlentnr;
1841 531 1899 557 qua:

1116 559 1201 585 vetula
1223 559 1248 585 in
1271 564 1341 586 tanta
1365 565 1501 589 venustate
1518 570 1691 596 permanens,
1711 567 1828 593 Certabat
1841 575 1898 594 cum

1112 604 1186 638 justo
1202 605 1340 633 virtutibus
1356 615 1362 632 :
1378 607 1436 634 ideo
1451 613 1476 634 et
1494 613 1592 635 tantam
1619 610 1676 644 ejus
1697 619 1786 638 curam
1812 612 1900 640 habuit

1117 649 1185 676 Dens
1199 671 1206 682 ,
1222 655 1375 686 tantutnqne
1389 659 1504 686 superne
1520 654 1554 680 illi
1572 655 1727 682 retributnm
1742 661 1792 683 est.
1810 657 1900 684 Nullus

1116 694 1194 728 igitur
1213 700 1321 722 accuset
1343 697 1582 730 pulchritudinem,
1608 700 1696 726 nullus
1719 700 1777 728 hate
1801 702 1898 728 inutilia

1114 741 1192 766 verba
1205 740 1276 767 dicat
1290 750 1296 767 :
1312 741 1385 769 Ilanc
1406 743 1522 776 perdidit
1537 744 1637 776 forma;
1653 744 1713 772 huic
1736 746 1899 780 pulchritudo

1113 793 1192 812 causa
1218 787 1264 813 fuit
1283 787 1412 815 inti-ritus.
1432 789 1488 816 Non
1512 791 1679 824 pulchritudo
1700 791 1725 818 in
1747 800 1824 819 causa
1835 798 1896 821 est:

1113 830 1195 860 absit;
1210 838 1276 865 opus
1290 833 1361 859 ettint
1374 833 1418 860 Dei
1429 839 1469 860 est
1483 840 1507 860 et
1521 835 1575 869 ipsa
1589 844 1594 862 :
1608 836 1653 862 sed
1668 844 1790 870 perver-a
1807 842 1899 866 volun-

1119 879 1160 902 tas
1175 876 1302 903 malorum
1321 879 1438 904 omnium
1453 885 1531 905 causa
1544 885 1594 906 est.
1614 880 1705 907 Vidisti
1719 881 1897 910 admirabilem

1119 921 1186 948 hanc
1200 922 1334 949 tnulierent
1350 924 1470 958 utrinque
1484 925 1655 958 relucentem,
1671 932 1696 953 et
1710 927 1744 954 ob
1757 928 1899 962 pulchritm

1113 966 1200 993 dinem
1214 967 1320 1001 animm,
1331 974 1358 995 et
1372 970 1406 995 ob
1420 969 1611 997 formositatem
1626 971 1700 998 faciei
1716 973 1823 1007 Vt'sllgia
1835 975 1897 1007 justi

1114 1016 1232 1048 proxime
1254 1016 1430 1050 sequentem?
1447 1016 1518 1042 llauc
1541 1017 1676 1044 imitentur
1698 1019 1831 1045 mulieres.
1853 1021 1897 1046 l‘It-

1112 1061 1181 1087 enim
1197 1068 1245 1087 nec
1260 1062 1402 1087 venustatis
1417 1061 1508 1094 decor,
1525 1069 1573 1088 nec
1584 1063 1718 1095 sterilitas,
1734 1072 1782 1090 nec
1800 1069 1897 1092 tantum

1114 1109 1228 1140 tempus,
1244 1114 1291 1132 nec
1303 1106 1454 1132 facultatum
1475 1107 1644 1140 abundantia,
1658 1116 1744 1142 neque
1757 1114 1794 1136 tot
1808 1110 1897 1143 migra-

1114 1151 1208 1183 tiones,
1225 1159 1309 1185 neque
1329 1152 1562 1186 percgriuatimtes,
1584 1157 1611 1179 et
1631 1155 1763 1180 continua:
1784 1155 1896 1181 crebra-,-

1111 1204 1162 1230 que
1187 1198 1362 1227 tcntationcs,
1386 1197 1426 1223 vel
1453 1197 1578 1232 quidquid
1606 1198 1674 1230 tale,
1699 1204 1814 1226 mentem
1840 1201 1896 1234 ejus

1113 1249 1218 1268 movere
1234 1245 1375 1275 potuerunt
1387 1235 1550 1268 :‘innnobilis
1568 1244 1638 1269 enitn
1654 1244 1759 1270 mansit.
1775 1244 1849 1271 Unde
1863 1246 1896 1272 ob

1113 1287 1284 1321 patientiam,
1310 1287 1415 1321 dignam
1441 1289 1587 1314 ntercrdetu
1615 1290 1758 1323 reportavit
1775 1300 1780 1315 :
1799 1291 1823 1316 ιιι
1848 1299 1894 1317 cx-

1114 1337 1195 1358 trcma
1209 1332 1278 1358 enim
1294 1337 1439 1364 senectute,
1451 1342 1482 1359 ex
1496 1334 1569 1360 vulva
1585 1335 1667 1360 sterili
1682 1340 1708 1361 et
1722 1339 1796 1362 utero
1809 1343 1896 1363 entor-

1112 1381 1156 1402 tuo
1169 1385 1261 1410 parcre
1275 1378 1369 1411 potuit.
1387 1377 1419 1404 Ut
1433 1379 1502 1410 mibi,
1517 1378 1610 1413 inquit,
1625 1379 1685 1405 bene
1697 1380 1728 1406 sit
1742 1386 1843 1416 propter
1856 1387 1893 1415 ιε,

1111 1422 1205 1447 ιιυὶυιιι
1227 1422 1310 1447 animo
1333 1430 1386 1448 mea
1411 1428 1511 1457 propter
1530 1429 1562 1450 te.
1588 1425 1667 1456 Quasi
1692 1425 1812 1452 diceret:
1828 1427 1894 1453 Nihil

1110 1466 1179 1493 aliud
1194 1467 1311 1493 relictum
1328 1468 1390 1494 mihi
1414 1473 1454 1494 est
1477 1469 1509 1495 ad
1537 1470 1659 1501 salutem,
1675 1479 1752 1504 quam
1768 1476 1795 1498 ιιι
1807 1473 1893 1499 dicas:

1111 1511 1191 1537 Soror
1212 1513 1266 1547 rjns
1285 1521 1350 1539 sum.
1376 1513 1506 1541 Fortassis
1520 1514 1590 1542 enim
1611 1517 1734 1550 effugiam
1752 1519 1893 1551 periculum

1111 1557 1180 1590 quod
1198 1558 1338 1584 telitrmidu
1352 1578 1359 1590 ,
1373 1563 1399 1585 et
1411 1559 1519 1592 posthac
1533 1567 1639 1595 propter
1652 1566 1677 1588 te
1694 1563 1778 1589 vivant
1790 1584 1797 1595 ,
1813 1569 1837 1590 et
1851 1565 1894 1591 tibi

1109 1601 1178 1635 quod
1191 1602 1320 1636 reliquum
1333 1604 1391 1630 vitae
1403 1603 1481 1631 fuerit
1492 1613 1514 1631 at
1524 1610 1627 1640 ceptum
1643 1606 1763 1634 referant
1780 1608 1894 1636 Sufficie-

1110 1647 1172 1674 battt
1192 1648 1248 1675 lucc
1265 1640 1343 1676 verba
1359 1649 1391 1676 ad
1406 1651 1662 1679 coauuiseratinnem
1679 1655 1768 1680 usuris
1785 1663 1893 1682 moven-

1109 1692 1168 1719 dam
1182 1713 1188 1723 ,
1211 1697 1236 1720 et
1259 1694 1292 1720 ad
1316 1695 1538 1729 petsuademlum.

1144 1739 1170 1765 6.
1188 1738 1242 1765 lloc
1262 1747 1324 1766 vere
1337 1746 1377 1767 est
1389 1740 1538 1775 conjuginm
1549 1762 1556 1772 ,
1578 1743 1683 1776 quando
1699 1752 1750 1771 non
1767 1746 1852 1772 solum
1869 1746 1893 1773 iu

1110 1785 1293 1817 prosperitate,
1306 1785 1351 1811 seti
1365 1790 1389 1811 et
1404 1785 1429 1811 iu
1441 1786 1565 1820 pericttlis
1580 1788 1656 1814 simul
1672 1789 1809 1816 ambulant
1824 1801 1830 1818 :
1846 1791 1893 1819 huc

1107 1837 1240 1864 germana!
1254 1831 1370 1857 caritatis
1385 1832 1508 1859 ind;ciutn
1523 1839 1562 1859 est
1575 1842 1581 1864 ;
1595 1833 1644 1860 hoc
1661 1835 1735 1869 signo
1747 1837 1893 1864 ('(‘l‘llh'sllllc

1108 1875 1293 1902 iuteruoscitur
1305 1875 1428 1902 amicitia.
1443 1877 1498 1903 Non
1512 1879 1549 1904 sic
1562 1878 1680 1904 diadema
1694 1881 1718 1906 in
1728 1881 1812 1914 capite
1822 1883 1891 1916 posi-

1107 1924 1162 1946 tum
1177 1928 1264 1955 regem
1278 1921 1398 1953 illustrat,
1410 1927 1487 1956 atque
1497 1923 1644 1950 obedienlia
1655 1925 1707 1956 illa,
1719 1933 1769 1959 qua
1783 1927 1892 1953 consilio

1104 1966 1167 1999 justi
1180 1967 1273 2000 paruit,
1288 1968 1354 1993 hanc
1365 1967 1465 1994 beatam
1480 1969 1600 1996 feminam
1614 1971 1741 1998 illustrem
1756 1978 1780 1998 et
1793 1974 1890 2000 claram

1106 2011 1304 2038 demonstravit.
1331 2014 1412 2044 Quem
1437 2013 1515 2047 igitur
1529 2022 1579 2041 non
1604 2016 1816 2050 obstupefaceret
1835 2019 1890 2045 haec

1107 2056 1217 2090 parendi
1232 2056 1359 2083 facilitas?
1382 2058 1441 2091 quis
1462 2059 1529 2085 hanc
1549 2060 1612 2086 satis
1638 2061 1785 2089 laudaverit
1798 2084 1805 2095 ,
1821 2064 1889 2096 quod

1106 2106 1165 2136 post
1186 2106 1283 2129 tantum
1305 2103 1513 2135 continentiam,
1530 2109 1556 2132 et
1575 2105 1600 2132 itt
1622 2107 1664 2133 tali
1687 2112 1764 2134 artate
1787 2108 1819 2135 ad
1841 2109 1891 2135 ltoc

1106 2151 1134 2174 ut
1153 2147 1251 2182 justnnt
1266 2153 1368 2181 servet,
1386 2155 1511 2185 quantum
1526 2158 1557 2177 ex
1571 2151 1652 2185 ipsius
1672 2154 1804 2180 voluntate
1824 2162 1890 2188 pcn-

1105 2191 1199 2224 debat,
1217 2193 1295 2220 etiam
1321 2194 1450 2222 adulterio
1476 2202 1505 2223 se
1530 2198 1649 2230 exponit
1671 2201 1698 2224 et
1719 2198 1889 2226 barbatornm

1104 2239 1279 2273 cengressui?
1303 2240 1354 2267 Sed
1375 2241 1506 2276 paulisper
1529 2248 1666 2276 exspecta,
1680 2248 1707 2270 et
1731 2244 1833 2271 videbis
1846 2253 1889 2272 sa-

1106 2285 1218 2318 pientem
1233 2286 1409 2320 soiertemque
1424 2288 1467 2313 Det
1485 2288 1687 2321 providentiam.
1702 2289 1765 2316 Nam
1781 2297 1888 2324 propter

1105 2330 1155 2356 hoc
1171 2331 1238 2357 Deus
1251 2336 1347 2358 tantam
1362 2339 1415 2366 pra:
1430 2341 1458 2359 se
1474 2334 1531 2359 tulit
1545 2334 1695 2367 patietttiatn
1706 2355 1713 2367 ,
1727 2340 1753 2362 et
1766 2337 1887 2370 opitulati

1103 2375 1220 2408 distulit,
1231 2381 1260 2403 ut
1270 2377 1369 2410 jttstutn
1382 2378 1520 2405 clariorem
1537 2379 1651 2410 faceret,
1665 2384 1691 2406 et
1707 2387 1754 2414 per
1765 2388 1795 2408 ea
1808 2401 1816 2414 ,
1830 2390 1888 2416 qua:

1105 2421 1155 2447 illic
1167 2427 1239 2455 gesta
1251 2427 1328 2454 sunt,
1343 2430 1393 2449 non
1411 2424 1496 2450 solum
1512 2424 1638 2459 Egyptii,
1655 2426 1700 2452 sed
1715 2431 1741 2453 et
1756 2427 1886 2454 Palaestini

1103 2467 1269 2494 erudirentur
1281 2488 1288 2498 ,
1302 2473 1424 2502 quantam
1438 2470 1646 2498 benevolentiam
1664 2471 1766 2498 Domini
1782 2474 1884 2500 univer-

1102 2520 1191 2539 sorum
1207 2515 1537 2549 experireturpatriarcha.
1553 2517 1597 2543 u.
1612 2516 1718 2544 Factum
1728 2523 1774 2549 est,
1792 2519 1885 2552 inquit,

1102 2561 1202 2593 quando
1209 2560 1308 2587 intrauit
1318 2561 1409 2587 Abram
1417 2562 1442 2588 in
1451 2561 1603 2597 ,Egyptum,
1616 2568 1643 2590 ut
1653 2564 1806 2591 viderunt/15
1807 2567 1887 2599 gyptii

1102 2613 1214 2639 na'orcm,
1230 2606 1297 2640 quod
1311 2612 1372 2633 esset
1382 2608 1454 2634 valde
1464 2608 1569 2642 pulchra
1585 2617 1594 2636 :
1610 2609 1652 2637 l5.
1665 2615 1688 2636 et
1701 2611 1815 2637 viderunt
1832 2619 1886 2638 eam

1102 2651 1225 2685 principes
1239 2650 1391 2684 Pharaonis,
1406 2658 1428 2679 et
1442 2653 1606 2680 laudauerunt
1619 2662 1674 2681 eam
1687 2656 1755 2689 apud
1771 2655 1886 2682 Pharao-

1101 2705 1166 2727 ηιίιι,
1191 2702 1213 2723 rt
1234 2697 1423 2725 introduxerunt
1437 2707 1491 2725 eam
1508 2699 1533 2726 in
1552 2700 1652 2726 domum
1672 2700 1823 2733 Pharaonis,
1840 2701 1884 2729 16.

1100 2747 1123 2768 et
1146 2743 1238 2768 Abram
1253 2743 1313 2769 bene
1327 2744 1364 2770 usi
1380 2750 1439 2770 sunt
1467 2749 1567 2778 propter
1587 2745 1668 2771 illam.
1690 2745 1722 2771 Et
1744 2747 1842 2779 {nerunt
1863 2747 1885 2772 ei

1100 2795 1166 2818 ores,
1178 2793 1201 2814 et
1214 2789 1293 2819 uituli,
1315 2793 1336 2814 et
1350 2789 1425 2822 asini,
1445 2795 1468 2816 et
1491 2791 1563 2821 servi,
1584 2795 1607 2817 et
1619 2791 1726 2822 ancillw,
1740 2797 1763 2818 et
1780 2792 1851 2824 muli,
1863 2795 1886 2818 et

1100 2833 1198 2859 cameli.
1215 2833 1278 2860 Vide
1290 2835 1422 2868 quomodo
1434 2842 1464 2862 ea
1479 2843 1537 2870 qua:
1551 2836 1623 2870 prius
1634 2836 1720 2870 justus
1732 2839 1888 2872 susp’caba-
