2055 3123
147 177 194 204 501

148 239 201 265 tnr,
218 240 248 259 re
260 233 317 267 ipsa
330 238 482 261 evenerunt.
496 233 561 260 Nam
574 239 601 260 ut
621 234 646 261 in
661 234 804 269 Egypttitii
815 234 931 269 intravit,

149 278 182 305 Ut
205 278 321 305 uiderunt
346 278 466 314 Egyptii
491 279 630 313 mulierem,
656 281 723 314 quod
744 280 849 314 pulchra
873 285 935 306 esset

148 325 228 351 mide.
250 323 305 350 Non
321 324 475 358 simpliciter
491 324 582 359 inquit,
600 325 717 358 pulchra.
737 325 783 351 sed
801 324 937 352 excellent-

150 373 200 401 ter,
216 370 251 396 ita
265 374 293 396 ut
306 377 410 402 omnes,
425 370 470 404 qui
481 377 540 396 eam
553 370 685 401 videbant,
708 370 886 397 allicerentur.
903 369 936 397 Et

150 419 178 441 ut
194 415 307 441 viderunt
319 423 373 441 eam
385 415 510 448 principes
521 414 675 448 Pharaonis,
697 414 860 442 laudauerunt
883 423 938 442 cam

150 468 237 489 coram
248 461 393 488 Pharaone.
404 460 468 494 Oro,
492 461 598 495 dilecte,
621 468 654 488 ne
677 466 777 492 temere
798 465 939 496 prmtereas

151 507 222 541 quod
237 507 337 535 dictum
347 511 397 539 est,
411 507 457 533 sed
472 506 601 538 admirare
614 507 745 546 quomodo
759 507 845 533 nullus
858 505 939 542 Egy-

154 553 270 587 ptiorum
285 553 388 579 mulie;i
402 557 493 587 utpote
511 553 667 587 peregrinae,
684 559 710 580 et
722 560 736 579 a
759 557 828 579 terra
855 552 939 579 aliena

153 597 307 624 ad\cnlanti
324 605 416 624 manus
437 597 566 633 injccerit,
578 604 664 634 neque
678 597 885 631 contempserint
899 597 940 623 vi-

154 650 215 669 rttm
230 651 237 669 :
251 642 298 669 sed
312 643 425 677 ingressi
451 643 506 679 regi
524 643 611 670 omnia
631 643 786 671 nuntiarint.
810 643 941 672 (holerum

155 688 207 715 hoc
217 688 317 716 factum
331 693 380 720 cst,
394 693 421 715 ut
441 695 484 715 res
500 688 573 715 ﬁeret
582 688 757 721 manifestior,
773 693 799 715 et
812 688 877 715 ultio
889 696 941 714 non

155 734 182 760 in
199 734 332 768 privatum
345 738 370 760 et
381 733 511 768 plebeium
525 733 651 768 aliquem,
667 733 712 760 sed
726 734 751 760 in
766 740 855 767 regem
868 732 943 759 saevi-

157 783 209 811 ret,
224 783 252 805 ut
266 778 363 812 ubique
375 778 554 812 divulgaretur
569 779 618 805 hoc
632 778 740 805 factum.
756 778 788 804 Et
802 778 944 805 introduxe-

156 828 216 849 runt
238 831 293 849 eam
315 823 343 849 iu
364 822 463 851 domum
488 821 640 849 Pharaonis.
666 822 788 850 Protinus
810 823 844 849 ab
863 830 946 850 uxore

157 869 247 902 justus
260 867 407 901 abducitur,
421 872 449 895 et
461 868 517 902 ipsa
532 867 565 894 ad
578 867 743 895 Pharaonem
760 867 944 895 introducitur.

159 913 307 941 Considera
316 917 412 948 quanta
428 913 474 940 Dei
486 913 611 948 patientia
626 913 722 946 fuerit;
747 913 880 947 quonme
894 921 946 941 non

159 958 194 984 ab
206 958 291 990 initio,
307 966 391 993 neque
401 966 416 985 a
428 958 562 993 protemiis
573 965 647 985 suam
667 958 840 985 declaraverit
857 958 948 992 provi-

162 1003 294 1035 dentiam,
305 1004 350 1031 sed
362 1004 509 1038 permiserit
521 1005 609 1031 omnia
623 1005 689 1037 ﬁeri,
704 1004 810 1039 etquasi
818 1004 845 1031 in
858 1004 949 1035 fauces

162 1049 257 1076 bestiae
279 1049 416 1076 mulierem
443 1049 578 1082 incidere;
598 1054 625 1077 et
640 1054 701 1080 tunc
717 1049 823 1076 tandem
838 1050 948 1078 manife-

162 1099 232 1121 stam
241 1094 364 1122 omnibus
377 1102 451 1121 suam
461 1095 583 1121 virtutem
597 1094 699 1123 fecerit.
713 1094 745 1121 Et
758 1094 950 1124 introduxerunt

162 1147 220 1165 eam
232 1139 258 1165 in
272 1139 373 1165 domum
388 1138 540 1166 Pharaonis.
557 1139 585 1165 ln
596 1146 649 1176 quo
662 1144 730 1166 statu
745 1146 791 1173 per
804 1138 868 1169 illud
881 1143 949 1166 tem-

164 1192 215 1219 pus
227 1188 284 1212 erat
297 1184 413 1211 mulieris
428 1185 518 1212 mens?
532 1184 664 1219 quomodo
679 1185 780 1211 turbata
793 1189 850 1211 erat
864 1183 952 1211 ratio?

163 1228 583 1264 quomodoﬁuctuserigebantur?
588 1229 721 1265 quomodo
730 1230 892 1264 naufragium
900 1236 952 1256 non

165 1274 239 1309 fecit,
249 1275 295 1303 sed
305 1276 400 1303 mansit
407 1276 480 1310 quasi
490 1276 631 1303 immobilis
637 1280 709 1311 petra
715 1276 747 1304 ad
753 1276 885 1303 caelestem
894 1283 954 1310 grap

165 1322 230 1348 tiam
248 1328 353 1356 semper
366 1323 506 1357 spectans?
522 1322 589 1356 Quid
599 1327 687 1352 autem
697 1323 783 1350 dicam
797 1321 955 1351 mulierem?

167 1366 277 1400 Qualem
286 1368 403 1394 animum
417 1367 559 1394 verisimile
573 1372 614 1395 est
625 1367 792 1402 fuissejusto,
806 1367 850 1394 illa
863 1367 890 1394 in
903 1366 954 1394 do-

167 1420 241 1438 mum
252 1412 395 1439 Pharaonis
403 1412 568 1440 introducta?
575 1412 607 1439 Et
615 1413 670 1448 ipso
679 1412 782 1444 Abram,
793 1412 885 1446 inquit,
896 1412 955 1438 bene

167 1457 276 1484 usisunt
296 1462 397 1492 propter
408 1458 488 1490 illam,
510 1463 642 1494 tamquam
667 1457 748 1485 fratre
763 1458 894 1485 videlicet.
924 1457 957 1484 Et

169 1504 270 1538 [uerunt
283 1503 305 1529 ei
314 1511 380 1536 aves,
394 1508 418 1529 st
431 1503 511 1536 vituli,
525 1509 547 1530 et
566 1503 641 1536 asini,
664 1508 688 1530 et
703 1503 777 1536 servi,
800 1507 823 1530 et
845 1502 955 1535 ancillaz,

169 1553 193 1574 et
206 1547 305 1580 cameli,
327 1553 350 1575 et
371 1548 442 1576 muli.
457 1547 519 1576 Haec
542 1553 629 1575 autem
656 1548 712 1582 ipsa
736 1555 795 1583 quae
810 1548 917 1574 honoris
931 1552 958 1574 et

171 1593 311 1621 ministerii
326 1594 410 1628 gratia
430 1594 490 1620 data
509 1599 570 1621 sunt
582 1594 607 1621 ei
619 1614 626 1627 ,
643 1599 770 1629 quantum
790 1599 957 1628 nnn‘rogum

171 1639 200 1665 in
215 1646 248 1665 eo
261 1638 475 1665 sumendo-runt?
493 1639 628 1673 quomodo
642 1644 729 1666 autem
742 1645 794 1665 non
807 1639 864 1673 ejus
878 1646 958 1666 exus-

172 1684 208 1710 sit
234 1688 351 1710 mentem
362 1703 370 1715 ,
385 1691 433 1711 nec
445 1683 615 1711 inﬂammavit
629 1684 815 1718 cogitationem
827 1683 958 1710 donorum

174 1729 324 1763 huiusmodi
339 1730 545 1764 argumentum?
568 1730 660 1757 Vidisti
683 1730 815 1764 quomodo
831 1737 911 1764 prope
925 1729 958 1756 ad

174 1775 254 1802 ﬁnem
277 1777 444 1810 pervenerint
467 1776 602 1809 pericula?
625 1775 711 1802 vidisti
735 1776 866 1810 quomodo
888 1775 960 1802 nulla

174 1822 323 1849 secundum
333 1829 419 1849 rerum
429 1822 603 1849 humanarum
613 1822 708 1849 seriem
719 1829 779 1856 spes
788 1821 962 1849 correctionis

176 1867 290 1894 relicta?
303 1867 389 1894 vidisti
400 1867 533 1902 quomodo
545 1867 689 1894 secundum
702 1867 845 1894 humanam
856 1867 960 1905 opinio-

179 1920 240 1939 nem
255 1920 298 1940 res
310 1912 453 1947 deplorata:
467 1912 560 1940 fuere?
581 1912 668 1939 vidisti
690 1913 822 1947 quomodo
847 1913 920 1947 quasi
935 1913 961 1939 in

175 1959 264 1993 gulam
276 1957 339 1985 ferae
351 1958 446 1986 mulier
458 1958 597 1985 inciderit?
610 1958 668 1986 vide
675 1959 798 1997 deinceps
806 1957 963 1985 ineffabilem

179 2003 225 2030 Dei
249 2003 456 2030 misericordiam
469 2024 476 2037 ,
490 2007 518 2030 et
531 2003 686 2037 obstupesee
700 2003 823 2038 potentia:
837 2003 894 2037 ejus
908 2010 965 2030 ma-

137 2063 141 2065 -
176 2048 352 2083 gnitudiuem.
378 2049 420 2076 i7.
439 2048 470 2075 Et
488 2049 592 2084 afﬂixit,
607 2048 705 2083 inquit,
720 2047 789 2074 Deus
804 2047 965 2075 Pharaonem

178 2094 352 2129 afflictionibus
371 2095 467 2129 magnis
479 2099 502 2121 et
512 2094 636 2129 gravibus,
651 2099 673 2120 et
684 2094 784 2120 domum
797 2094 852 2128 ejus
864 2098 966 2129 propter

182 2139 276 2166 Suram
296 2147 398 2166 uxorem
423 2140 525 2166 Abram.
551 2140 617 2173 Quid
631 2144 671 2167 est
683 2159 690 2172 ,
705 2139 820 2174 Amisit?
838 2139 962 2172 Putnam,

180 2185 283 2219 inquit,
303 2185 389 2220 exegit
412 2185 501 2220 ﬂagitii
523 2189 551 2212 et
563 2186 623 2212 ntali
643 2191 763 2213 conatus.
787 2185 966 2221 ΛῙῙιίειίοηίὺιιε

179 2231 278 2265 magnis
296 2238 306 2256 :
319 2238 370 2257 non
387 2231 542 2265 simpliciter
560 2231 660 2265 punivit
680 2238 769 2266 regem
781 2251 789 2264 ,
812 2231 858 2258 sed
882 2231 966 2258 Pwnis

179 2276 288 2311 magnis.
307 2275 375 2310 Quia
397 2275 522 2310 ﬂagitium
543 2284 596 2304 non
620 2282 678 2304 erat
691 2277 796 2312 vulgare
808 2299 815 2310 ,
830 2277 876 2304 sed
891 2278 966 2304 valde

179 2329 314 2355 magnum,
328 2321 387 2348 ideo
400 2328 424 2348 et
436 2329 512 2356 paena
527 2330 629 2356 magna.
642 2322 674 2348 Et
685 2322 786 2349 domum
797 2323 860 2357 ejus,
873 2323 966 2358 inquit;

180 2373 233 2393 non
256 2367 341 2401 ipsum
370 2367 467 2401 solum,
493 2367 539 2394 sed
554 2366 586 2393 Et
606 2368 706 2394 domum
727 2367 790 2402 ejus.
819 2368 850 2394 Et
873 2376 923 2402 qua
934 2368 968 2395 de

178 2419 270 2443 causa,
285 2419 345 2439 cum
361 2420 406 2439 rex
422 2418 527 2446 peccet,
542 2420 634 2440 omnes
656 2413 689 2439 de
710 2413 789 2440 domo
803 2413 860 2448 ejus
882 2421 964 2448 [)(Ettt?

179 2461 242 2483 sunt
257 2457 418 2491 participes-7
439 2458 496 2485 Non
521 2459 621 2493 absque
633 2457 733 2486 ratione
748 2459 798 2486 hoc
812 2467 916 2494 queque
927 2460 965 2489 ﬁt.

180 2501 228 2527 sed
244 2506 272 2527 ut
288 2510 334 2534 per
347 2502 396 2529 hoc
416 2503 485 2537 regis
511 2503 612 2530 insania
637 2508 831 2538 compescatur.
846 2503 967 2531 Gravimi

180 2547 256 2581 plaga
270 2547 413 2582 indigebat,
430 2549 463 2575 ita
479 2553 508 2575 ut
525 2550 580 2583 ipse
603 2556 617 2575 a
639 2550 756 2576 facinore
778 2549 966 2577 deterrerctur.

181 2591 214 2619 lit
228 2593 284 2627 qui,
298 2594 364 2626 aies,
382 2594 430 2620 hoc
443 2594 542 2628 justum
563 2595 606 2627 sit,
619 2600 727 2629 propter
751 2595 823 2621 illum
843 2595 908 2622 alios
922 2603 968 2629 pu-

181 2638 253 2664 niri?
266 2638 323 2665 Non
339 2644 446 2673 propter
460 2640 532 2667 illum
554 2641 638 2667 solani
658 2648 762 2675 poenam
775 2640 966 2673 sustinuerunt,

182 2684 229 2710 sed
245 2685 388 2711 verisimile
412 2690 452 2712 est
465 2693 513 2713 eos
533 2692 688 2721 cooperatos
703 2687 800 2720 fuisse,
827 2692 854 2714 ut
878 2692 968 2722 postea

181 2730 536 2765 committereturiniquitas.
557 2732 657 2758 Audisti
671 2732 740 2759 enim
761 2740 839 2767 supra
850 2733 967 2767 Scriptu-

184 2783 240 2803 "atn
253 2775 385 2803 dicentem
404 2786 410 2804 :
428 2776 461 2804 Ut
474 2777 587 2804 viderunt
597 2785 652 2804 eam
673 2778 798 2812 principes
813 2777 967 2812 Pharaonis,

185 2821 361 2855 laudauerunt,
387 2827 410 2850 et
430 2823 622 2850 introduxerunt
647 2832 703 2851 eant
727 2824 753 2850 in
777 2823 878 2850 domum
904 2824 968 2858 ejus.

190 2868 295 2898 Vidistis
309 2876 356 2897 eos
367 2869 491 2898 lenonum
506 2878 584 2909 agerc
595 2869 710 2898 ofﬁcium
726 2871 750 2901 in
763 2870 831 2906 regis
845 2871 967 2906 gratiam,

656 177 688 206 In
707 178 781 205 car.
803 177 860 207 xu.
880 177 1002 206 ceses.
1024 153 1136 206 nonin.
1159 179 1264 208 χχχιι.

1719 179 1771 211 5.01

986 235 1205 272 auferendojusti
1221 237 1348 264 uxorem?
1370 238 1535 272 Quapropter
1549 246 1600 265 non
1620 238 1675 274 ipse
1688 241 1769 273 solus,

987 281 1033 308 sed
1046 285 1072 308 et
1086 290 1179 316 «pultes
1187 282 1325 309 domestici
1338 282 1395 316 ejus
1406 290 1491 317 poena:
1505 283 1609 310 fuerunt
1619 284 1770 319 participes,

989 332 1016 353 ut
1029 326 1161 353 discerent
1175 334 1204 354 se
1218 335 1270 354 non
1282 328 1307 354 in
1319 328 1485 362 peregrinum
1494 328 1647 363 simpliciter
1656 330 1771 359 furorem

988 378 1065 398 suum
1080 372 1239 402 exercuisse.
1254 380 1339 406 neque
1352 373 1378 402 in
1395 372 1527 403 hominem
1541 381 1556 400 c
1574 373 1662 401 medio
1687 375 1773 410 \ulgo,

990 416 1036 447 sed
1051 417 1075 444 in
1086 417 1170 444 virum
1185 418 1351 447 carissimum
1376 419 1440 450 Deo,
1464 418 1507 453 qui
1530 422 1602 448 tanta
1624 418 1699 445 illum
1712 426 1774 448 cura

991 462 1156 497 dignaretur.
1168 462 1201 491 Et
1212 463 1310 492 idcirco
1325 463 1496 492 acerbissima
1520 470 1596 498 poena
1623 464 1775 493 concutiens

991 508 1049 542 ejus
1063 512 1189 540 mentem,
1203 508 1312 538 abduxit
1329 516 1343 535 a
1359 509 1458 536 nefario
1480 508 1586 543 flagitio,
1608 508 1725 537 coercuit
1744 508 1777 539 ah

993 554 1138 581 irrationali
1153 555 1268 588 impetu,
1284 554 1402 582 cohibuit
1420 555 1625 585 incontinentem
1641 557 1756 580 utentem
1768 574 1776 584 ,

991 600 1109 634 alligavit
1120 600 1357 635 concupiscentiam
1372 600 1536 633 indomitam,
1550 599 1692 627 refrenavit
1705 598 1780 629 iuro.

993 645 1030 672 ris
1045 644 1183 672 insaniam.

1030 689 1056 716 7.
1077 689 1219 724 Propterea
1239 689 1297 717 vide
1316 694 1412 724 quanta
1428 693 1518 724 postea
1538 689 1644 717 lenitate
1664 687 1781 722 loquitur

996 742 1043 762 rex
1055 756 1063 769 ,
1079 740 1206 771 tyrannus
1224 736 1268 763 ille
1284 736 1379 770 hospiti
1393 757 1400 769 ,
1414 737 1488 770 quasi
1503 742 1569 770 vago
1581 733 1761 764 obambulanti
1772 754 1779 765 ,

996 781 1037 808 cui
1053 785 1079 808 et
1095 788 1202 808 uxorem
1217 780 1321 809 auferre
1334 788 1415 809 ausus
1430 781 1487 808 fuit.
1504 781 1536 808 Et
1551 780 1618 808 bene
1630 779 1694 807 dixit
1706 778 1781 807 Scri-

998 831 1084 862 ptura,
1100 827 1193 862 Amisit
1214 827 1374 856 Pharaonem
1395 832 1419 856 et
1440 826 1542 855 domum
1564 827 1618 862 ejus
1640 825 1669 852 ob
1690 824 1782 852 Sarum

997 880 1099 900 uxorem
1129 872 1211 902 Abrw.
1238 873 1350 900 Sensum
1372 873 1397 899 ei
1420 879 1497 907 poena
1518 876 1642 906 praestat,
1665 869 1735 904 quod
1749 868 1782 900 sit

998 917 1146 952 uxorjusti.
1161 917 1262 947 Etenim
1273 917 1335 944 etin
1347 917 1453 944 domum
1466 915 1610 943 Pharaonis
1624 915 1780 949 introducta,

1000 965 1096 991 mansit
1106 972 1173 994 uxor
1184 964 1258 999 justi.
1272 964 1314 991 f8.
1326 963 1389 990 Cum
1397 967 1505 990 vocasset
1517 967 1600 990 autem
1614 961 1705 988 Abram
1716 960 1784 987 Plut.-

999 1017 1054 1042 rao,
1068 1010 1131 1037 dixit
1144 1010 1166 1036 ei
1174 1018 1183 1036 :
1195 1009 1278 1042 Quare
1291 1009 1337 1035 hoc
1348 1009 1429 1044 fecisti
1442 1007 1521 1040 mihi?
1533 1007 1597 1035 Vide
1607 1007 1694 1041 qualia
1705 1005 1785 1038 verba

1001 1062 1048 1082 rex
1059 1054 1177 1093 profatur
1187 1064 1193 1082 :
1205 1054 1289 1088 Quare
1296 1054 1342 1081 hoc
1351 1054 1431 1089 fecisti
1441 1053 1524 1093 mihi?
1538 1052 1631 1089 inquit.
1640 1052 1729 1087 Egone
1741 1050 1785 1082 tibi

1002 1100 1063 1134 feci,
1079 1102 1124 1134 qnl
1138 1100 1291 1134 peregrinus
1303 1120 1310 1130 ,
1325 1099 1369 1134 qui
1384 1099 1446 1130 nuili
1463 1102 1557 1130 notus,
1573 1097 1617 1132 qui
1630 1101 1737 1136 propter
1750 1095 1787 1121 fa-

1003 1152 1072 1172 mem
1085 1145 1177 1172 adsum
1189 1165 1196 1176 ,
1219 1144 1264 1173 tibi
1281 1144 1352 1178 regi,
1366 1148 1477 1181 tyranno
1489 1164 1496 1175 ,
1511 1147 1538 1170 et
1556 1141 1695 1176 imperanti
1708 1147 1787 1178 super

1003 1189 1164 1225 Egyptum?
1175 1189 1241 1223 Quid
1254 1188 1303 1216 feci
1317 1189 1362 1215 tibi
1373 1189 1430 1215 ?Tu
1442 1187 1506 1215 mihi
1517 1186 1647 1218 abstulisti
1661 1193 1769 1213 uxorem
1779 1193 1787 1216 ς

1004 1235 1072 1262 sicut
1084 1235 1249 1269 peregrinum
1265 1241 1308 1260 me
1320 1233 1471 1267 despexisti,
1485 1231 1679 1266 contempsisti,
1693 1230 1790 1261 nullius

1005 1280 1131 1307 momenti
1146 1287 1188 1307 me
1203 1278 1316 1306 habuisﬁ
1331 1287 1338 1305 :
1354 1278 1463 1305 omnino
1485 1276 1670 1311 intemperanti
1691 1282 1790 1302 concue

1006 1325 1140 1360 piscentia:
1154 1329 1205 1352 tua:
1220 1325 1382 1358 obsequutus
1395 1331 1441 1356 es,
1459 1327 1485 1350 et
1500 1329 1560 1357 quae
1575 1322 1620 1349 tibi
1635 1320 1790 1356 placebant,

1006 1376 1087 1404 opere
1101 1369 1208 1396 volebas
1221 1369 1365 1403 complere.
1380 1367 1510 1401 Quidnam
1522 1373 1586 1401 ergo
1598 1366 1648 1393 feci
1658 1365 1724 1392 tibi?
1739 1364 1792 1391 Man

1006 1421 1067 1449 gna,
1082 1414 1183 1449 inquit,
1198 1414 1260 1441 mihi
1275 1413 1376 1446 fecisti,
1392 1417 1419 1441 et
1430 1413 1518 1448 gravia
1533 1413 1559 1440 in
1570 1419 1613 1439 me
1625 1410 1791 1442 commisisti.
1832 1415 1835 1421 '

1007 1459 1074 1487 Vide
1093 1463 1191 1493 quanta
1214 1467 1302 1486 rerum
1324 1458 1499 1486 vicissitudo:
1519 1464 1564 1484 rex
1585 1457 1688 1495 privato
1706 1455 1768 1481 dicit
1784 1463 1792 1480 :

1007 1505 1074 1538 Quid
1087 1505 1172 1532 fecisti
1186 1503 1249 1531 mihi
1262 1503 1274 1530 Ί
1291 1504 1383 1536 Deum,
1397 1503 1492 1538 inquit,
1504 1502 1638 1529 inimicum
1654 1500 1717 1527 mihi
1733 1499 1794 1526 reda

1008 1550 1107 1581 didisti,
1118 1550 1182 1576 iram
1193 1551 1250 1583 ejus
1257 1557 1338 1583 super
1350 1556 1392 1575 me
1405 1547 1540 1580 induxisti,
1552 1553 1637 1581 pretia:
1649 1545 1793 1572 obnoxium

1009 1603 1051 1622 me
1062 1595 1209 1627 reddidisti,
1223 1593 1308 1621 fecisti
1316 1598 1344 1621 ut
1356 1600 1460 1628 ptenam
1471 1593 1555 1619 lueret
1569 1596 1621 1618 tota
1632 1598 1690 1617 mea
1701 1591 1796 1616 domus

1009 1648 1101 1668 eorum
1115 1647 1174 1675 qua:
1194 1640 1220 1666 in
1241 1644 1266 1667 te
1280 1639 1393 1666 admissa
1408 1643 1479 1666 sunt.
1494 1637 1544 1664 Cur
1559 1637 1606 1664 hoc
1621 1636 1682 1663 mihi
1697 1636 1775 1671 fecisti
1784 1636 1796 1661 .’

1012 1687 1098 1720 Quare
1113 1694 1163 1712 non
1177 1685 1331 1712 annuntiasti
1344 1685 1406 1711 mihi
1420 1684 1486 1718 quod
1502 1691 1568 1710 uxor
1585 1688 1627 1709 tua
1646 1681 1731 1709 esset?
1751 1680 1795 1707 19.

1014 1733 1097 1765 Quare
1111 1731 1196 1758 dixisti
1207 1738 1217 1758 :
1229 1731 1308 1758 Soror
1322 1738 1376 1758 mea
1389 1729 1442 1756 est?
1457 1733 1480 1756 et
1493 1728 1577 1764 accepi
1589 1735 1644 1754 eam
1660 1726 1721 1754 mihi
1732 1733 1798 1752 “1‘0.—

1011 1786 1072 1804 rem.
1083 1777 1148 1812 Ego,
1159 1776 1251 1811 inquit,
1263 1776 1337 1810 quasi
1351 1783 1469 1802 sororem
1479 1779 1548 1801 tuam
1559 1773 1678 1800 volebam
1689 1772 1795 1803 ducere,

1013 1823 1045 1849 At
1060 1822 1128 1849 unde
1142 1822 1254 1849 didicisti
1269 1829 1376 1849 uxorem
1392 1828 1450 1848 esse
1462 1819 1546 1854 justi?
1560 1819 1636 1846 Ultor
1653 1821 1732 1844 tantae
1746 1817 1797 1843 ini.-

1013 1868 1119 1902 quitatis
1129 1888 1136 1900 ,
1152 1867 1194 1894 ille
1209 1867 1270 1894 mihi
1287 1875 1342 1893 rem
1358 1866 1489 1893 indicarit.
1504 1865 1554 1892 Cur
1566 1863 1646 1899 fecisti
1660 1862 1721 1889 mihi
1734 1862 1797 1894 hoc,

1014 1920 1035 1940 et
1050 1921 1098 1939 non
1109 1913 1225 1940 indicasti
1237 1913 1298 1939 mihi
1307 1912 1374 1947 quod
1384 1920 1449 1938 uxor
1459 1917 1502 1937 tua
1516 1909 1598 1938 esset?
1612 1913 1634 1936 et
1649 1908 1734 1942 accepi
1744 1915 1798 1933 eam

1015 1958 1076 1984 mihi
1090 1958 1139 1992 ipsi
1152 1965 1254 1984 umorem
1268 1962 1432 1992 peccaturus.
1448 1955 1528 1989 Quasi
1541 1961 1658 1982 sororem
1672 1958 1741 1979 tuam
1754 1952 1799 1978 has

1016 2004 1117 2031 biturus
1138 2004 1188 2031 hoc
1209 2002 1266 2031 feci.
1283 2002 1396 2030 Attende
1409 2001 1541 2037 quomodo
1554 1999 1673 2035 supplicii
1686 1998 1799 2033 gravitas

1015 2050 1149 2077 concussit
1162 2048 1220 2083 ejus
1235 2052 1360 2081 mentem,
1377 2048 1411 2074 ita
1426 2051 1454 2073 ut
1467 2051 1493 2073 et
1505 2046 1578 2080 justo
1591 2045 1720 2072 rationem
1737 2041 1799 2069 red-

1016 2096 1091 2123 deret
1103 2116 1110 2128 ,
1131 2100 1158 2123 et
1176 2102 1254 2122 omne
1267 2102 1328 2129 erga
1342 2101 1402 2121 eum
1417 2093 1563 2120 declararet
1582 2089 1708 2121 ofﬁcium.
1721 2087 1800 2122 Atqui

1017 2142 1067 2169 nisi
1082 2141 1127 2169 Dei
1141 2140 1232 2168 fuisset
1246 2140 1328 2175 gratia
1341 2160 1349 2172 ,
1361 2146 1419 2174 quae
1434 2142 1550 2165 mentem
1562 2136 1619 2171 ejus
1631 2133 1783 2162 entollicbat
1793 2153 1800 2164 ,

1017 2191 1043 2214 et
1059 2191 1157 2213 metum
1172 2186 1208 2212 illi
1220 2185 1372 2216 incutiebat,
1386 2189 1551 2217 consequens
1565 2185 1622 2208 erat
1634 2187 1693 2206 eum
1705 2179 1730 2206 in
1747 2185 1802 2204 ma-

1015 2233 1101 2267 jorem
1124 2230 1241 2257 furorem
1264 2229 1398 2256 inductum
1417 2228 1492 2262 quasi
1514 2227 1683 2260 deceptorcm
1701 2224 1803 2258 justum

1019 2278 1170 2313 pttniturum
1186 2276 1283 2308 fuisse,
1303 2280 1330 2303 et
1344 2274 1470 2302 extremis
1484 2272 1639 2300 aﬂ‘ecturum
1655 2269 1803 2304 suppliciis.

1018 2324 1053 2349 At
1066 2322 1129 2349 nihil
1143 2321 1236 2349 horum
1248 2320 1309 2348 fecit
1321 2329 1328 2347 ε
1343 2321 1422 2347 timor
1434 2319 1504 2346 enim
1520 2316 1640 2352 supplicii
1653 2315 1804 2343 inflamma-

1019 2374 1070 2396 tam
1087 2369 1144 2403 ejus
1156 2369 1222 2395 iratn
1239 2367 1364 2402 repressit
1378 2371 1405 2393 et
1418 2364 1539 2396 restinxit
1555 2372 1562 2390 :
1577 2362 1647 2390 unde
1659 2368 1739 2388 unum
1755 2359 1805 2386 hoc

1018 2415 1136 2448 curabat,
1147 2418 1177 2441 ut
1185 2421 1247 2449 erga
1260 2413 1358 2448 justum
1369 2412 1502 2439 ofﬁciosus
1511 2413 1591 2436 esset.
1606 2406 1723 2434 Rescivit
1732 2405 1805 2432 enim

1020 2461 1124 2488 tandem
1137 2481 1144 2492 ,
1159 2467 1211 2487 non
1226 2466 1284 2486 esse
1295 2457 1420 2494 possibile
1431 2463 1492 2484 eum
1505 2455 1641 2490 vulgarem
1654 2451 1805 2487 quempiam

1020 2513 1079 2533 esse
1091 2526 1099 2538 ,
1117 2505 1161 2540 qui
1182 2509 1253 2531 tanta
1273 2510 1385 2538 superna
1404 2501 1587 2530 benevolentia
1607 2498 1747 2526 frueretur.
1772 2495 1805 2521 Et

1020 2558 1085 2577 nunc
1105 2557 1161 2576 esca
1178 2557 1243 2576 uxor
1259 2553 1302 2575 tua
1318 2555 1403 2574 coram
1421 2551 1443 2573 te
1454 2566 1462 2579 ,
1479 2549 1581 2580 accepta
1599 2551 1628 2571 ea
1648 2543 1716 2570 ocius
1731 2540 1803 2583 vade.

1020 2596 1094 2624 Nunc
1105 2617 1112 2629 ,
1128 2596 1229 2630 inquit,
1243 2585 1303 2629 quia
1317 2593 1426 2628 cognovi
1442 2600 1494 2619 non
1510 2598 1569 2618 esse
1581 2596 1699 2617 sororem
1714 2593 1784 2615 tuam
1796 2607 1805 2620 ,

1020 2642 1067 2669 sed
1079 2649 1188 2669 uxorem
1200 2661 1206 2672 ,
1221 2647 1284 2667 ecce
1301 2639 1382 2668 habes
1394 2646 1463 2665 eam.
1479 2637 1569 2672 Neque
1583 2635 1652 2663 enim
1667 2634 1719 2661 ulla
1734 2633 1762 2661 in
1776 2640 1806 2659 re

1020 2687 1155 2721 deturpavi
1168 2686 1317 2720 conjugium
1331 2689 1459 2716 vestrum,
1474 2689 1558 2717 neque
1571 2680 1671 2716 privavi
1683 2684 1708 2706 te
1723 2685 1808 2705 uxore

1021 2737 1074 2759 tua.
1091 2732 1143 2759 Sed
1156 2739 1211 2758 ecce
1225 2739 1287 2759 uxor
1300 2735 1341 2756 tua
1351 2737 1436 2756 coram
1449 2735 1482 2763 te,
1496 2731 1599 2762 accepta
1611 2735 1639 2752 ea
1652 2725 1719 2752 ocius
1733 2723 1805 2750 uado.

1020 2779 1084 2812 Quae
1098 2784 1172 2804 mens
1186 2777 1282 2812 poterit
1294 2775 1371 2810 digne
1385 2783 1445 2810 qua:
1457 2775 1524 2801 facta
1538 2777 1601 2800 sunt
1614 2770 1750 2801 admit-ari,
1763 2773 1808 2800 aut

1019 2831 1078 2860 qua:
1090 2823 1177 2858 lingua
1189 2821 1343 2850 miraculum
1355 2821 1451 2848 valebit
1461 2819 1603 2849 enarrare?
1615 2818 1708 2845 Mulier
1716 2815 1806 2849 splen,

1025 2871 1084 2901 (ἔω-ι
1103 2871 1186 2899 forma
1200 2869 1279 2900 simul
1291 2875 1349 2897 cum
1363 2867 1420 2898 viro
1435 2866 1578 2904 (Egyptio,
1594 2871 1621 2894 et
1634 2871 1711 2902 rege,
1725 2866 1752 2893 st
1766 2865 1808 2897 ty-
