2055 3123
243 157 291 181 ῖηὸ
628 155 654 180 S.
677 155 813 182 .ltHVNlS
833 155 1068 183 CllltYSl)STti.‘til
1090 155 1246 182 [\RtilllEP.
1269 156 1534 184 (IONSTAXTINOP.
1820 160 1868 186 501

240 218 331 244 tanno,
346 215 373 239 et
386 211 424 238 sic
435 211 538 244 insano,
549 216 574 238 et
588 212 780 239 incontinenter
793 212 887 239 affecto
898 220 1023 239 concum-

238 258 320 290 bcns,
347 257 443 284 intacta
466 257 609 292 egreditur,
634 263 736 286 servata
749 259 869 286 castitate
882 267 940 286 sua.
956 259 1027 287 Talia

235 303 317 335 enim,
331 303 399 330 sicttt
414 303 485 338 prius
500 303 553 330 dixi
564 325 570 333 ,
588 308 648 330 suttt
661 312 718 338 qua:
733 311 746 331 a
763 305 817 331 Deo
829 305 1026 339 dispensantur,

236 357 295 376 rara
306 357 412 384 semper
425 354 451 377 et
465 349 629 376 admirabilia
643 358 650 376 :
664 354 690 377 et
704 350 810 384 quando
822 351 890 385 apud
906 351 1027 378 homines

235 397 402 431 desperatum
419 400 458 423 est
470 417 478 428 ,
493 401 555 423 tunc
569 396 692 423 invictam
707 396 731 423 in
745 397 868 424 omnibus
883 397 1025 432 potentiam

235 450 309 469 suam
333 442 402 469 Deus
421 442 547 469 declarat.
574 443 715 469 Enimvero
736 443 803 469 sicttt
825 442 981 470 admirabile
1001 448 1027 470 et

235 495 322 514 rarum
339 493 396 515 erat
413 488 501 516 videre
512 489 596 515 virum
610 488 801 516 desideriorum
815 493 886 515 stare
902 489 926 515 in
941 489 1027 516 medio

235 533 348 561 ferarum
363 534 372 569 (
386 532 453 560 Dan.
471 534 528 568 Η),
543 539 568 562 et
583 534 646 561 nlltil
661 534 725 569 pati,
740 534 786 561 sed
802 534 876 568 quasi
890 542 952 561 Oves
965 542 1024 561 eum

233 581 474 608 circtttttstetissent
486 602 493 613 ,
517 581 552 608 ita
574 581 685 608 illa-smn
709 581 796 615 egredi
812 588 826 608 e
842 581 918 613 lacu;
933 586 958 607 et
973 584 1026 607 tres

233 634 330 661 pueros
351 627 376 653 in
391 626 496 653 cmnino
510 627 584 661 quasi
601 627 626 653 in
647 631 722 661 prato
737 631 764 653 et
778 627 803 654 in
818 627 895 653 horto
908 627 1024 659 versari,

233 677 260 700 et
273 673 338 700 nihil
360 673 393 700 ab
408 673 467 708 igne
482 673 541 700 lzedi
555 672 617 708 (Id.
632 673 688 708 5),
705 673 750 700 sed
775 673 863 708 egredi
879 673 941 700 inde
957 678 1024 699 tant-

234 727 312 753 qnam
326 724 426 746 statuas
441 728 446 746 :
465 719 572 754 perinde
589 719 622 746 ita
637 719 810 746 admiratione
822 719 930 755 dignum
944 725 983 747 est
999 725 1025 746 et

235 764 284 792 hoc
305 764 425 798 facinus,
448 765 518 799 quod
538 764 602 800 justi
628 772 694 791 uxor
718 765 815 792 nullam
837 765 1023 792 contumeliam

233 815 340 841 experta
363 817 377 836 a
399 817 460 845 rege
474 809 600 845 Egyptio
615 831 622 844 ,
646 814 759 845 tyranno
774 831 780 842 ,
809 811 1001 845 intemperante
1016 831 1023 844 ,

232 856 328 882 exierit
347 856 429 882 salva.
447 856 515 883 Deus
530 856 600 883 enim
614 861 669 883 erat
683 857 728 891 qui
745 856 858 884 faciebat
872 857 960 884 omnia
975 879 982 889 ,
999 863 1024 884 et

233 901 258 927 in
273 901 352 928 inviis
363 901 431 927 viam
443 900 532 933 dabat,
541 900 585 936 qui
599 908 671 936 Spem
683 901 779 929 bonam
788 909 894 937 semper
905 903 930 930 in
945 903 1024 931 rebus

232 947 375 981 deploratis
389 947 484 974 afferre
497 948 575 975 valet.
591 948 623 975 Et
638 958 714 980 nunc,
730 950 825 984 inquit,
839 959 894 978 erce
908 959 971 977 uror
981 956 1024 977 tua

232 1001 316 1019 (oram
332 998 363 1024 tr,
379 999 479 1028 arcrpta
492 1003 520 1020 ea
535 995 603 1021 ocius
617 995 690 1022 vade.
707 995 744 1022 Ne
755 996 893 1024 existimes
905 1017 912 1027 .
930 997 1023 1032 inquit,

233 1044 258 1066 te
271 1047 285 1065 a
301 1040 376 1066 nobis
393 1040 486 1074 injuria
501 1039 624 1068 allectum
639 1049 709 1069 es<e.
728 1041 793 1068 Nam
817 1042 877 1069 licet
892 1050 938 1077 per
951 1043 1024 1077 igno-

232 1086 343 1112 rantiam
357 1087 575 1114 attentaveritnns
588 1095 647 1121 qme
669 1087 735 1114 facta
755 1093 816 1115 sunt
831 1109 838 1120 ,
854 1096 923 1115 nunc
936 1095 1022 1116 tamen

232 1139 293 1158 ecce
305 1133 476 1165 cognovimus
488 1140 567 1167 quem
579 1132 678 1160 habeas
689 1134 868 1162 defensorem:
880 1135 1023 1170 indignatio

231 1177 302 1204 enim
315 1185 374 1212 qum
388 1177 412 1204 in
426 1185 474 1204 nos
489 1178 598 1205 desmvit
610 1199 617 1211 ,
634 1179 723 1206 doettit
736 1187 784 1206 nos
795 1186 920 1214 quantum
934 1182 1024 1216 gratia:

232 1222 278 1248 tibi
291 1223 324 1249 sit
340 1222 407 1256 apttd
423 1223 506 1250 Deutn
521 1224 650 1250 omnium.
663 1225 775 1259 Accepta
791 1226 869 1260 igitur
884 1234 966 1254 uxore
981 1231 1023 1254 tua

231 1269 306 1295 ocius
318 1268 392 1295 vadc.
402 1268 540 1296 Terribilis
558 1275 646 1304 postea
657 1276 713 1297 erat
727 1271 869 1305 eisjuslus,
885 1277 1022 1306 propterea

232 1313 334 1346 magnis
355 1313 448 1340 officiis
465 1321 526 1342 eum
545 1316 667 1350 prosequi
683 1317 845 1344 contendunt
860 1338 867 1350 ,
889 1318 1024 1353 p'acautes

234 1360 316 1392 ipsius
338 1360 476 1388 Dominum
498 1365 608 1396 propter
627 1369 658 1390 ea
680 1370 739 1398 qua:
762 1363 787 1389 in
815 1363 888 1390 illum
911 1365 1022 1391 commi-

232 1409 330 1432 ενι-ειη.

268 1450 294 1476 8.
313 1450 415 1481 Vidisti,
430 1450 525 1478 dilcctc
537 1472 543 1483 ,
559 1456 686 1486 quantum
701 1452 797 1479 bonum
811 1454 844 1480 sit
858 1455 982 1487 patientia
997 1460 1024 1482 et

233 1496 450 1530 perseverantia?
465 1496 522 1529 llic,
537 1504 637 1531 qumso,
654 1506 756 1525 memor
766 1503 825 1525 e~to
839 1499 979 1526 verborum
993 1500 1024 1527 il-

231 1541 317 1568 lorunt
332 1548 390 1576 qua:
406 1542 553 1576 patriarcha
566 1542 671 1570 dicebat
684 1543 828 1579 IEgyptum
842 1545 1022 1580 ingressurus:

233 1585 293 1613 Snio
311 1587 377 1620 quod
397 1588 486 1613 mulier
500 1588 607 1622 pulchra
621 1589 675 1616 sis:
690 1590 804 1623 futurum
826 1596 862 1617 eu
881 1591 981 1626 itaque,
996 1597 1023 1618 ut

232 1639 288 1657 cum
303 1636 326 1658 te
337 1632 442 1658 viderint
454 1632 582 1668 {Egyptih
599 1641 638 1660 me
649 1634 750 1668 quidem
764 1635 889 1668 occidant,
905 1641 928 1663 te
939 1642 1022 1664 autem

232 1680 336 1702 seruent.
349 1675 402 1703 lllis
412 1677 489 1711 igitur
500 1678 524 1704 itt
537 1683 625 1705 mente
634 1680 787 1715 resumptis,
795 1681 934 1708 considera
942 1682 1022 1710 etiam

231 1729 291 1755 quae
306 1729 375 1749 ttttnc
391 1722 473 1754 fiunt,
490 1727 517 1750 et
534 1723 666 1752 admirare
680 1725 758 1752 simul
777 1725 839 1760 justi
855 1727 1021 1754 tolerantiam

232 1771 259 1793 et
267 1767 444 1795 misericordis
457 1768 502 1796 Dei
515 1769 649 1803 virtutem,
659 1775 756 1805 quanta
769 1779 830 1798 cum
839 1771 922 1806 gloria
935 1772 1023 1800 redire

231 1818 305 1840 cttret
317 1813 415 1848 justum
428 1836 435 1846 ,
449 1815 493 1849 qui
507 1823 566 1843 cum
583 1819 655 1843 tanto
670 1817 763 1844 timore
776 1822 803 1844 ct
817 1822 888 1845 ntetu
902 1823 1022 1846 venerat.

231 1859 275 1885 20.
290 1859 323 1886 Et
338 1861 464 1895 prreccpit.
482 1861 575 1896 inquit,
593 1862 694 1890 Pharao
708 1863 770 1890 viris
781 1872 857 1899 super
869 1865 961 1892 Abram
972 1886 979 1896 ,
996 1871 1023 1892 ut

231 1906 289 1932 inde
301 1905 425 1932 deducant
438 1915 495 1933 eum
506 1928 512 1939 ,
527 1912 550 1934 et
563 1916 669 1935 uxorem
681 1910 736 1943 ejus
746 1930 753 1942 ,
766 1915 789 1936 et
802 1911 886 1936 omnia
898 1919 955 1945 qua:
967 1914 1021 1944 eius

231 1955 319 1983 erant,
332 1956 355 1978 et
372 1951 418 1978 La!
431 1960 488 1979 cum
509 1961 546 1979 eo.
562 1953 654 1988 Magna
668 1962 727 1982 cum
740 1955 860 1984 claritate
874 1961 900 1983 et
918 1957 1000 1992 gloria
1013 1978 1020 1989 ,

233 1996 458 2032 loettplotatusque
472 1997 571 2026 divitiis
586 1999 654 2026 redit
664 1999 752 2034 justus
766 2008 772 2027 :
787 2004 813 2027 et
826 2000 855 2027 fit
869 2000 963 2028 doctor
977 2010 1023 2036 pcr

232 2049 262 2067 ca
277 2049 336 2076 qum
354 2044 523 2077 contigrrnnt
535 2064 542 2075 ,
559 2051 611 2070 non
627 2045 712 2071 solutn
726 2044 866 2080 Egyptiis,
882 2046 928 2073 Sed
942 2047 1021 2073 etiam

231 2089 354 2116 omnilnts
367 2089 411 2124 qui
427 2089 452 2115 in
467 2089 562 2117 itinere
577 2094 654 2117 erant
664 2111 670 2122 ,
685 2095 712 2117 et
727 2091 758 2117 iis
771 2091 816 2126 qui
838 2092 863 2118 in
883 2092 1022 2119 Palmstina

232 2133 393 2161 habitabant.
416 2134 481 2161 Nam
494 2139 621 2169 quotquot
636 2135 755 2162 viderant
772 2143 832 2162 eunt
852 2136 957 2170 quando
974 2137 1021 2163 de-

232 2179 336 2205 scendit
358 2179 426 2206 fame
443 2183 550 2206 Coactus
562 2200 569 2212 ,
588 2181 684 2207 timore
698 2186 725 2207 et
740 2185 853 2207 tremore
866 2185 1003 2216 correptus
1014 2203 1022 2214 ,

231 2232 301 2251 nunc
315 2232 377 2251 vero
388 2225 542 2252 redeuntetn
560 2233 621 2252 cum
636 2231 706 2253 tanta
721 2226 842 2253 claritate
854 2231 880 2253 et
894 2226 1024 2254 facultati-

231 2270 281 2297 bus
298 2274 324 2297 ct
343 2269 441 2298 divitiis
453 2291 461 2303 ,
483 2270 620 2298 discebant
638 2271 760 2298 virtutem
781 2272 953 2306 providentia:
974 2273 1021 2300 Dei

230 2323 292 2351 erga
304 2316 387 2342 illum.
405 2316 469 2350 Quis
483 2316 548 2344 vidit
561 2317 705 2352 umquam?
715 2317 774 2351 quis
782 2317 900 2347 audivit?
913 2318 984 2346 Abiit
996 2325 1024 2348 ut

230 2361 327 2389 famem
342 2370 417 2389 suatn
432 2363 581 2398 mitigaret;
596 2367 624 2390 et
638 2363 736 2391 divitiis
750 2364 888 2392 abundans
901 2365 1022 2393 ineffabi~

231 2408 300 2442 lique
314 2416 374 2435 etnn
387 2408 469 2441 gloria
486 2408 562 2436 rcdit.
580 2408 618 2436 Ne
632 2409 787 2441 admireris,
801 2409 898 2438 dilecte
909 2431 917 2444 ,
933 2419 966 2439 ne
982 2411 1022 2439 fa-

231 2459 301 2480 ctntn
316 2453 366 2480 hoc
382 2455 415 2480 ita
433 2455 593 2488 stupendum
608 2455 654 2481 tibi
668 2455 787 2482 videatur
800 2465 805 2482 :
823 2457 875 2483 imo
889 2457 1021 2485 admirare

230 2504 257 2525 et
269 2499 437 2534 Obstupescat,
451 2504 478 2526 et
490 2500 594 2527 celebra
609 2502 758 2529 communis
771 2502 888 2529 omnium
903 2508 1022 2530 nostrum

232 2545 334 2571 ltontini
359 2546 493 2573 virtutem.
521 2547 553 2573 Et
577 2547 637 2575 vide
663 2548 743 2575 etiam
767 2548 836 2576 illius
856 2555 964 2584 nepotes
988 2550 1022 2577 ob

230 2591 350 2617 eamdem
366 2591 441 2618 famis
452 2593 635 2620 ncces~itatetn
648 2593 672 2621 in
686 2593 829 2629 Egyptum
841 2595 1020 2626 descendi-sc,

230 2641 253 2662 ct
269 2643 329 2663 cum
342 2636 375 2663 ibi
390 2637 414 2663 in
428 2638 498 2671 pravi
510 2638 636 2666 servitute
648 2639 784 2672 vixissent,
797 2641 944 2675 multasque
960 2649 1019 2674 per.

231 2683 351 2709 tulissent
360 2691 501 2716 :t-runtnas,
511 2685 676 2713 facu'tatibtts
685 2692 776 2713 auctos
786 2687 890 2714 tandem
900 2687 1021 2715 rediisse.

230 2727 301 2754 Talis
319 2729 388 2754 cnim
403 2734 443 2756 est
466 2731 675 2764 sapientissimus
699 2732 766 2759 Deus
788 2737 895 2765 noster,
916 2733 1022 2767 quando

231 2775 355 2809 permittit
372 2776 461 2810 augeri
476 2781 502 2804 et
515 2778 665 2805 coacervari
683 2778 817 2806 molestias
829 2799 836 2811 ,
852 2783 913 2806 tunc
926 2779 1021 2806 iterum

229 2821 347 2847 discussa
372 2826 547 2857 tempestate,
571 2824 740 2852 serenitatem
764 2833 906 2859 rerumque
927 2825 1021 2852 mirum

230 2866 439 2896 vicissitudinem
453 2869 525 2903 facit,
536 2869 636 2898 docens
651 2877 698 2898 nos
707 2877 761 2898 sua:
777 2871 901 2905 potentia:
916 2871 1020 2905 magni-

1082 213 1209 239 tudinem.
1223 214 1245 239 I.
1258 214 1266 246 (
1279 213 1340 247 liup.
1355 215 1385 241 l5
1396 216 1404 248 )
1416 215 1531 241 Ascendit
1546 219 1627 241 autem
1637 214 1728 242 Abram
1743 223 1774 242 ex
1786 216 1870 250 .Izyg-

1081 263 1133 293 pta,
1146 258 1198 291 ipse
1213 264 1236 285 et
1250 267 1313 285 uxor
1325 260 1378 294 cjus
1389 280 1396 291 ,
1410 265 1433 286 et
1448 260 1532 286 omnia
1544 268 1600 295 qua:
1613 260 1668 295 ejus
1681 267 1751 287 erant
1763 281 1770 293 ,
1788 267 1810 288 et
1826 261 1871 288 l.ot

1081 311 1138 329 cum
1158 312 1186 330 co
1198 325 1206 336 ,
1232 304 1257 330 in
1273 305 1440 331 solitudinem.
1465 305 1618 340 Opportune
1634 305 1676 333 hic
1695 307 1754 342 quis
1765 315 1872 334 accom-

1080 350 1194 377 tnodarit
1210 351 1287 378 \‘crha
1304 351 1367 383 illa,
1384 359 1441 386 qua:
1456 352 1546 378 beatus
1563 352 1642 379 David
1658 353 1688 379 iis
1701 353 1745 388 qui
1759 360 1773 380 e
1787 353 1872 389 Baby-

1080 395 1165 422 lzmica
1185 396 1305 423 redibant
1326 397 1477 431 captivitate
1497 397 1619 424 dicebat:
1637 398 1687 430 Qui
1709 399 1832 425 sentinam
1847 399 1873 425 in

1081 442 1209 477 lucrymis,
1225 443 1250 469 in
1265 443 1431 470 exsultatione
1446 447 1546 470 melent.
1558 442 1652 470 Enntes
1663 444 1732 471 ibant
1743 449 1765 470 et
1778 444 1873 478 [lt-bant

1081 488 1203 514 mittentes
1212 488 1306 515 sentina
1317 497 1370 515 sua.
1386 488 1515 516 Venientes
1527 495 1609 516 autem
1617 490 1713 517 uenient
1721 491 1748 517 in
1758 493 1872 518 anilla-

1080 534 1157 568 tiunc,
1169 540 1291 570 gestantes
1302 535 1444 568 manipulos
1454 543 1512 563 tuos
1525 535 1607 571 (Paul.
1619 536 1714 564 125.5.
1726 537 1765 571 6).
1779 537 1872 565 Vidisti

1079 579 1236 608 descensum
1251 581 1383 608 anxietate
1396 586 1474 616 atque
1488 581 1582 609 timore
1596 582 1712 616 plenttm,
1727 582 1869 610 habentem

1079 632 1168 653 secum
1182 631 1209 652 et
1222 626 1314 653 mortis
1330 626 1520 653 formidinem?
1535 627 1599 654 Vide
1610 635 1680 655 nunc
1692 628 1804 656 reditum
1818 629 1874 656 cla-

1079 671 1156 698 ritate
1170 676 1197 698 et
1209 671 1336 706 dignitate
1356 672 1437 699 multa
1457 674 1639 708 conspicuum.
1655 673 1785 701 Omnibus
1799 675 1869 702 enim

1081 717 1190 751 posthac
1203 718 1362 745 venerabilis
1385 722 1442 745 erat
1465 718 1552 752 justus
1576 719 1620 746 ille
1642 723 1694 746 tam
1720 720 1752 747 iis
1775 721 1819 755 qui
1846 721 1871 747 in

1079 761 1211 798 Aigypto,
1228 771 1307 798 quam
1331 763 1362 790 iis
1384 765 1427 798 qui
1448 763 1474 790 in
1489 763 1638 792 Palaestina.
1654 764 1719 798 Quis
1732 766 1802 793 enim
1818 774 1871 793 non

1079 808 1209 835 reveritus
1225 808 1317 835 fuisset
1330 817 1389 836 eum
1404 811 1448 844 qui
1463 810 1502 836 sic
1515 817 1530 836 a
1544 809 1601 836 Deo
1614 810 1762 838 custoditus
1776 811 1829 843 sit,
1845 816 1873 839 et

1079 858 1177 880 tantam
1202 853 1414 881 benevolentiam
1437 855 1618 889 assequutus?
1638 855 1777 884 Neminem
1800 857 1871 884 enim

1079 900 1146 927 forte
1162 901 1278 927 latebant
1292 908 1334 933 ea,
1348 908 1408 935 quae
1423 901 1478 937 regi
1491 905 1518 928 et
1531 901 1622 928 domui
1636 902 1694 936 ejus
1707 903 1869 931 acciderant.

1078 947 1171 973 Omnia
1185 947 1254 974 enim
1271 947 1338 974 Deus
1351 951 1491 983 propterea
1507 948 1635 982 permisit,
1651 952 1679 975 et
1692 956 1810 984 eousque
1819 949 1870 976 du~

1079 997 1202 1019 rat-erunt
1213 993 1371 1020 tentationes
1382 993 1456 1027 justi,
1469 997 1497 1020 ut
1507 993 1565 1028 ejus
1578 994 1703 1028 patientia
1717 995 1814 1022 clarior
1826 996 1872 1022 lie-

1079 1043 1129 1068 ret,
1141 1043 1168 1065 et
1180 1038 1246 1065 facta
1260 1039 1318 1073 ejus
1332 1039 1357 1065 itt
1375 1043 1457 1066 totum
1469 1039 1560 1066 orbem
1575 1039 1786 1075 divulgarentur,
1800 1041 1872 1068 itaut

1078 1083 1166 1110 nullus
1179 1089 1249 1111 esset
1264 1085 1308 1118 qui
1321 1084 1385 1118 justi
1399 1084 1523 1111 virtutem
1537 1084 1679 1119 ignoraret.

1113 1129 1140 1157 9.
1164 1129 1269 1156 Muralis
1294 1130 1443 1156 exhortatio.
1465 1130 1569 1166 Aﬁlictio
1589 1131 1690 1166 signum
1711 1132 1872 1166 prouidentia:

1077 1175 1177 1211 divinae.
1194 1191 1229 1195 —
1243 1175 1362 1208 Vidistis,
1377 1175 1482 1209 dilecti,
1497 1180 1624 1210 quantum
1637 1184 1670 1203 ex
1683 1177 1872 1204 tentationilms

1078 1220 1199 1248 lucrum?
1210 1220 1312 1248 vidistis
1321 1225 1449 1255 quantum
1458 1221 1591 1255 patientia:
1601 1222 1758 1256 praemium?
1769 1222 1872 1250 vidistis

1077 1272 1101 1293 et
1117 1266 1214 1297 virum,
1231 1270 1257 1293 et
1271 1266 1427 1300 mulierem,
1445 1271 1472 1293 et
1484 1274 1587 1299 senetn,
1603 1271 1630 1294 et
1645 1267 1771 1301 vetulam,
1788 1276 1870 1302 quan-

1078 1316 1132 1338 tnnt
1148 1311 1321 1346 philosophi-.e
1335 1320 1388 1346 pra:
1403 1319 1432 1339 se
1446 1312 1581 1339 tulerunt?
1596 1317 1722 1348 quantum
1737 1313 1869 1341 fortitudi-

1079 1358 1120 1384 nis
1133 1377 1141 1390 ,
1155 1362 1281 1392 quantum
1305 1362 1401 1384 mutua:
1422 1357 1588 1389 dilectionisI
1605 1363 1730 1393 quantutn
1752 1360 1870 1386 caritatis

1077 1403 1210 1430 vinculum
1225 1402 1463 1430 demonstrarunt?
1482 1403 1556 1430 Illum
1572 1411 1666 1431 omnes
1681 1404 1823 1436 imitemur,
1841 1411 1869 1432 et

1077 1457 1221 1484 numquam
1232 1450 1376 1476 tristemur.
1386 1449 1424 1477 Ne
1432 1449 1613 1477 existimemus
1621 1457 1680 1477 esse
1687 1450 1790 1485 signum
1799 1451 1868 1486 quod

1077 1502 1126 1522 nos
1140 1495 1311 1530 dereliquerit
1324 1499 1350 1522 et
1368 1495 1497 1530 despiciat
1511 1495 1639 1522 Dominus
1649 1516 1657 1528 ,
1673 1495 1695 1523 si
1709 1497 1869 1523 tentationes

1077 1542 1153 1570 nobis
1168 1542 1315 1569 inferantur
1332 1552 1338 1569 :
1354 1541 1402 1569 sed
1417 1543 1466 1569 ltoc
1487 1542 1630 1569 maximum
1649 1541 1684 1570 sit
1705 1542 1781 1570 nobis
1802 1543 1868 1570 indi-

1076 1589 1157 1622 cium,
1171 1588 1241 1622 quod
1254 1588 1322 1615 Deus
1335 1588 1417 1615 nostri
1429 1595 1519 1615 curam
1530 1593 1613 1623 gerat.
1628 1588 1694 1615 Nam
1707 1588 1756 1615 Chi
1771 1588 1869 1615 Itabea~

1076 1642 1135 1661 mus
1146 1638 1314 1668 peccatorum
1325 1634 1442 1660 sarcinas
1451 1641 1510 1667 qua:
1524 1640 1572 1660 nos
1580 1637 1710 1668 premant,
1723 1634 1869 1667 poterimus

1076 1687 1198 1714 magnam
1211 1679 1364 1713 patientiam
1373 1683 1397 1706 et
1409 1678 1553 1713 gratiarum
1567 1678 1698 1705 actionem
1709 1679 1868 1706 declaranda

1076 1725 1190 1752 leviores
1203 1732 1249 1752 eas
1266 1724 1353 1752 facere
1369 1734 1375 1751 :
1391 1729 1419 1751 et
1437 1724 1459 1751 si
1479 1731 1532 1750 non
1548 1723 1629 1750 multa
1643 1723 1789 1751 habeamus
1804 1731 1865 1758 pec-

1076 1775 1144 1803 cata,
1156 1770 1252 1797 iterum
1265 1769 1356 1804 majori
1371 1769 1489 1796 frttetnttr
1497 1768 1591 1803 gratia,
1607 1768 1629 1795 si
1640 1773 1715 1803 grato
1728 1768 1817 1795 animo
1829 1773 1869 1795 tu-

1078 1815 1194 1842 lerimus.
1203 1814 1268 1848 Quia
1279 1815 1348 1842 enim
1362 1814 1431 1840 Deus
1444 1819 1533 1841 noster
1542 1813 1657 1840 liberalis
1668 1818 1721 1845 est,
1732 1818 1757 1840 et
1771 1818 1868 1840 nostra!

1076 1861 1169 1888 salutis
1181 1869 1270 1889 curam
1283 1860 1351 1895 gerit
1364 1869 1370 1886 :
1385 1868 1416 1887 ea
1428 1859 1462 1887 de
1474 1867 1551 1886 causa
1561 1859 1635 1893 quasi
1644 1859 1742 1886 luctam
1753 1863 1780 1887 et
1790 1867 1867 1886 exer-

1075 1908 1154 1935 cendi
1169 1909 1306 1935 materiam
1325 1907 1400 1934 nobis
1420 1906 1560 1940 proponit,
1577 1913 1625 1941 pro
1644 1905 1729 1932 stadio
1744 1909 1770 1932 et
1787 1912 1867 1932 arena

1077 1953 1236 1980 tentationcs
1249 1953 1363 1979 inferens
1381 1961 1387 1979 :
1403 1955 1433 1978 ut
1448 1951 1470 1977 si
1483 1951 1552 1986 quod
1567 1955 1685 1978 nostrum
1700 1954 1740 1978 est
1757 1955 1867 1985 pra-stc-

1077 2007 1146 2033 nnts,
1159 1999 1272 2034 largiore
1280 1998 1403 2034 dignetur
1416 2005 1464 2025 nos
1475 2005 1522 2025 sua
1534 1997 1708 2032 providentia.
1719 1996 1795 2030 Quod
1807 2004 1865 2023 cum

1076 2047 1206 2078 sciamus,
1222 2053 1254 2073 ne
1269 2045 1358 2072 tristes
1373 2045 1455 2071 simus
1469 2045 1496 2071 itt
1512 2043 1712 2075 tentationibus,
1729 2051 1814 2078 tteqne
1827 2042 1865 2070 af-

1076 2092 1207 2119 ﬂictiones
1220 2091 1347 2126 gravatim
1363 2090 1479 2118 feramus
1493 2098 1500 2117 :
1517 2089 1563 2117 sed
1577 2093 1604 2116 et
1622 2089 1786 2124 gaudeamus
1797 2109 1804 2121 ,
1820 2097 1865 2116 se-

1075 2138 1190 2166 cundmn
1206 2137 1311 2165 beatum
1326 2136 1438 2164 Paulum
1452 2145 1458 2163 :
1475 2135 1552 2162 Num:
1564 2135 1647 2166 enim.
1660 2134 1754 2169 inquit,
1768 2134 1866 2169 gaudeo

1076 2185 1102 2211 in
1114 2183 1287 2219 uﬂlictTonibus
1299 2183 1359 2210 meis
1369 2181 1436 2216 (Col.
1452 2181 1479 2209 1.
1492 2181 1527 2208 24
1541 2181 1561 2215 ).
1578 2180 1670 2207 Vidisti
1683 2180 1799 2207 animam
1809 2187 1869 2214 gra-

1078 2235 1130 2256 tam
1143 2230 1154 2255 ?
1168 2229 1233 2256 Nam
1248 2229 1269 2255 si
1284 2228 1308 2255 in
1320 2227 1508 2255 afflictionibus
1520 2225 1662 2261 gaudebat,
1673 2225 1807 2259 quomodo
1821 2231 1869 2260 po-

1078 2277 1127 2303 tttit
1142 2283 1256 2310 unquam
1273 2276 1299 2302 in
1313 2274 1419 2301 tristitia
1439 2273 1522 2300 esse?
1540 2272 1561 2299 si
1584 2279 1643 2306 qua:
1664 2271 1732 2298 alios
1749 2270 1867 2300 afficiunt

1077 2321 1183 2348 tristitia
1199 2321 1248 2355 ipsi
1264 2320 1366 2354 pariant
1379 2318 1476 2346 ιωιὶιίιε
1491 2317 1659 2344 occasionem
1671 2336 1678 2348 .
1692 2316 1793 2351 cogita,
1807 2323 1864 2347 oro,

1077 2367 1103 2394 itt
1117 2375 1168 2401 quo
1181 2370 1251 2393 statu
1265 2365 1336 2392 illius
1351 2369 1407 2391 erat
1419 2363 1517 2390 anima.
1532 2363 1564 2390 Et
1577 2367 1606 2389 ut
1619 2361 1707 2389 discas
1720 2369 1772 2388 non
1787 2367 1864 2396 posse

1076 2414 1153 2441 aliter
1165 2420 1213 2440 nos
1228 2412 1357 2447 promissa
1377 2411 1444 2439 bona
1464 2409 1586 2444 assequi,
1602 2412 1630 2436 et
1642 2415 1725 2443 regno
1740 2408 1865 2436 etelortnn

1075 2460 1169 2494 dignos
1190 2458 1265 2489 ﬁeri,
1287 2457 1336 2484 nisi
1360 2464 1406 2491 per
1421 2455 1590 2482 al‘llietionem
1605 2455 1685 2481 vitam
1705 2458 1864 2489 praesentem

1076 2510 1252 2535 transeamus,
1267 2502 1328 2530 audi
1343 2502 1479 2536 apostolos
1492 2501 1611 2528 dicentes
1624 2500 1662 2527 eis
1675 2499 1720 2534 qui
1735 2506 1818 2533 nuper
1831 2498 1864 2525 ad

1077 2550 1154 2577 lidetn
1177 2549 1300 2577 conversi
1321 2553 1398 2576 erant
1419 2546 1473 2576 :It't
1497 2555 1555 2573 cum
1578 2546 1737 2577 docuissent,
1758 2544 1864 2578 inquit,

1075 2597 1177 2628 utullus,
1186 2595 1277 2622 reversi
1286 2599 1343 2621 sunt
1352 2593 1478 2628 Lystram,
1490 2597 1512 2619 et
1524 2591 1648 2622 Iconium,
1660 2595 1683 2617 et
1697 2590 1864 2622 Antiochiam,

1074 2643 1156 2669 Ilmuo
1168 2641 1344 2675 conﬁrmantcs
1353 2640 1449 2666 animus
1460 2639 1653 2674 discipulorum,
1662 2637 1866 2668 nhortantesqua

1075 2692 1102 2714 ut
1116 2691 1299 2722 perseverarent
1312 2686 1337 2712 in
1350 2686 1401 2719 [ide
1412 2706 1421 2718 ,
1436 2690 1459 2712 et
1477 2684 1544 2719 quod
1559 2692 1604 2719 per
1617 2683 1710 2710 multas
1722 2683 1865 2717 afﬂictione:

1074 2738 1169 2768 oportet
1180 2741 1226 2760 nos
1236 2735 1331 2759 intrare
1339 2732 1364 2759 in
1372 2739 1476 2767 regnum
1487 2731 1607 2757 ca‘lorum
1618 2729 1684 2763 (Act.
1699 2729 1742 2756 M.
1751 2728 1796 2755 21.
1807 2727 1863 2759 22).

1074 2779 1164 2814 Qualis
1179 2779 1257 2813 igitur
1271 2778 1381 2813 posthac
1395 2777 1447 2804 erit
1462 2775 1538 2803 nobis
1551 2774 1697 2806 excusatio.
1712 2773 1734 2800 si
1750 2773 1865 2800 nolueris

1075 2833 1134 2852 tttus
1148 2831 1277 2859 generose
1288 2831 1319 2851 ac
1332 2823 1434 2850 fortiter
1444 2822 1533 2850 omnia
1549 2820 1619 2848 ferre
1631 2827 1689 2854 qua:
1703 2819 1863 2846 inferuntur:

1077 2876 1222 2905 ντειιςρτιιπι
1244 2869 1359 2897 scientes
1379 2875 1431 2896 non
1453 2874 1531 2902 posse
1543 2866 1620 2894 aliter
1632 2872 1681 2892 nos
1695 2864 1808 2892 salutem
1821 2870 1863 2890 as-
