2055 3123
227 140 279 168 305

229 197 324 232 sequi,
348 195 400 223 nisi
420 195 470 223 hac
491 193 676 222 incesserimus
694 191 756 218 via?
769 189 844 224 Quod
859 190 929 217 enim
949 187 1015 214 nihil

229 243 347 270 insolens
360 245 405 267 aut
418 247 512 266 novum
525 239 561 266 sit
573 245 665 273 passus
678 237 809 271 jnstorum
823 235 902 266 ullus,
913 233 958 269 qui
971 241 1018 268 per

229 287 387 314 alﬂictiones
398 285 523 319 transegit
532 284 600 311 hanc
611 283 702 313 vitam,
715 281 774 309 audi
782 280 917 308 Christum
927 279 1017 306 dicen-

229 337 282 359 tum
297 340 305 358 :
323 331 357 358 In
379 330 473 357 mundo
492 329 648 364 aﬂlietionem
668 326 788 354 habebitis
803 346 810 358 ,
831 325 877 353 sed
899 324 1018 358 conﬁdite

231 377 320 407 (loan.
333 376 376 404 I6.
390 375 425 403 55
435 375 454 408 ).
469 374 534 402 Nam
548 382 582 401 ne
594 373 683 400 audita
695 372 811 403 tristitia,
824 378 872 405 spe
881 369 1016 401 excidant,

228 423 318 449 statim
332 421 454 447 fiduciam
467 420 506 447 eis
520 419 608 452 allert,
617 423 644 445 et
656 425 731 445 suam
744 416 884 451 pollicetur
894 414 1015 450 gratiam.

230 466 283 494 Sed
293 465 422 500 conﬁdite,
434 464 518 499 inquit
530 472 537 495 ;
549 471 594 498 ego
603 463 650 489 vici
662 462 793 489 mundum.
811 459 908 492 Habes,
922 459 1016 493 inquit,

230 519 291 538 cum
303 511 347 546 qui
358 510 442 545 gratia
452 509 566 542 alleviet,
579 508 623 542 qui
634 515 686 534 non
698 506 836 541 permittat
846 511 871 531 te
885 503 1016 537 submergi

229 557 264 583 ab
278 555 358 582 illatis
372 553 571 585 tentationibus,
587 552 631 587 qui
647 559 707 579 cum
722 550 867 578 tentatione
880 552 907 576 et
918 548 1017 574 exitum

230 602 364 636 praebeat,
378 605 405 628 et
419 607 472 627 non
487 599 621 634 permittat
635 604 713 632 supra
729 600 832 624 nostras
846 595 915 621 vires
928 592 1018 620 inferri

228 647 319 682 gravia
331 647 341 681 (
351 647 361 673 l
370 665 376 672 .
393 645 451 673 Cor.
464 644 507 672 ιθ.
522 644 555 672 15
565 645 584 679 ).
598 643 666 677 Quid
679 641 813 670 tristaris?
825 640 887 676 quid
903 638 1019 666 mmres?

228 692 293 726 quid
308 691 447 727 impatiens
456 690 596 725 estquare
609 693 662 716 tam
675 687 778 722 abjccto
790 686 880 714 animo
892 685 940 713 es?
952 685 1018 712 Num

230 739 252 764 si
266 745 325 772 qua:
340 741 428 764 nostra
449 740 511 763 sunt
529 735 696 763 attulerimus
708 754 716 767 ,
731 733 885 768 patientiam
898 732 958 759 dico
971 752 977 764 ,
994 735 1019 758 et

231 784 425 816 fortitudinem,
440 787 468 818 et
480 787 584 818 gratum
598 781 715 808 animum
725 801 733 814 ,
749 787 798 808 nos
811 780 881 806 sinet
895 777 995 813 despici
1008 778 1019 804 't

230 831 298 858 Num
310 829 359 857 etsi
371 829 517 863 desperatae
529 831 591 854 sunt
604 834 657 860 res,
669 826 776 854 vincere
790 829 901 860 possunt
912 824 1019 858 sapien-

228 877 295 904 tiam
306 874 407 903 Domini
420 874 522 902 nostri?
532 873 585 900 Nos
594 879 653 907 qua:
664 875 753 899 nostra
764 875 826 898 sunt
836 870 1018 902 exhibeamus,

231 927 259 948 (ιι
271 922 401 948 sinceram
416 919 561 946 habeamus
576 917 653 945 ﬁdem
667 937 674 949 ,
690 917 805 944 scientes
819 915 954 942 solertiam
967 914 1020 941 Tu-

232 967 299 994 toris
319 966 467 993 animarum
488 968 649 991 nostrarum.
674 962 707 988 Et
726 962 782 995 ipse
800 967 910 996 prorsus
926 959 1021 986 melius

231 1013 306 1040 novit
318 1019 397 1047 quam
409 1018 457 1037 nos
466 1030 473 1042 ,
486 1008 548 1044 quid
563 1008 709 1039 conducat,
723 1007 766 1040 qui
779 1007 813 1033 ita
827 1013 870 1033 res
883 1005 1020 1040 dispensa-

231 1059 292 1090 bit,
314 1061 342 1084 ut
368 1056 416 1091 ipsi
432 1055 511 1082 fuerit
523 1053 699 1081 honorilicum
712 1073 719 1084 ,
739 1057 766 1080 et
781 1051 857 1079 nobis
871 1051 934 1078 utile
947 1059 954 1077 ε
969 1058 1021 1085 quo

230 1108 259 1131 et
271 1102 404 1139 patienlize
418 1099 568 1128 mercedem
581 1098 751 1133 accipiamus,
765 1101 791 1124 et
802 1097 860 1131 ejus
873 1096 1021 1130 benignita-

233 1155 286 1176 tem
301 1147 479 1178 obtineamus,
493 1143 576 1180 gratia
589 1148 616 1171 et
625 1142 841 1170 miserationibus
856 1141 959 1168 Domini
973 1148 1022 1168 no-

232 1195 280 1222 stri
300 1194 362 1221 .lesu
382 1191 499 1225 Christi,
513 1197 574 1217 eum
597 1196 651 1224 quo
672 1187 745 1215 Patri
767 1187 846 1215 simul
865 1191 893 1214 et
913 1186 1021 1221 Spiritui

233 1244 325 1268 saneto
339 1239 373 1266 sit
386 1237 485 1273 gloria,
499 1235 651 1270 imperium,
666 1233 763 1266 honor,
778 1239 849 1260 nunc
863 1236 890 1259 et
903 1239 1020 1266 semper,

232 1291 260 1314 et
274 1286 300 1312 iu
313 1283 410 1312 szecula
424 1282 593 1310 sa'culorum.
609 1279 706 1307 Amen.

487 1344 627 1374 HOMILIA
645 1342 765 1372 XXXIII.

235 1405 329 1433 Abram
351 1407 432 1430 autent
449 1405 501 1429 erat
525 1401 592 1428 dives
609 1399 683 1427 valde
705 1397 845 1433 pecoribus,
863 1403 886 1424 et
906 1401 1020 1431 argenta,

270 1455 295 1478 et
309 1457 380 1476 auro.
396 1447 428 1474 Et
444 1447 571 1482 profectus
592 1449 637 1477 est,
651 1443 719 1471 unde
732 1447 843 1475 venerat,
859 1442 885 1468 in
904 1441 1022 1468 solitudi-

271 1503 328 1522 nent
340 1501 419 1528 usque
438 1491 536 1525 Bethel,
550 1498 629 1525 usque
643 1489 677 1515 ad
691 1489 774 1516 locant
788 1488 815 1514 in
829 1495 877 1522 quo
894 1487 963 1521 prius
975 1487 1023 1522 fuit

271 1539 459 1568 tabernaculum
471 1537 525 1572 ejus
537 1537 601 1563 inter
611 1534 697 1562 Bethel
705 1538 729 1561 et
740 1533 828 1569 Aggtc,
841 1533 874 1558 ad
889 1532 970 1559 locant
984 1531 1024 1558 al-

272 1586 334 1613 taris
346 1584 413 1620 quod
426 1584 458 1610 ibi
474 1582 598 1618 principio
613 1583 706 1616 fecerat
719 1578 794 1615 (Gen.
811 1578 854 1606 I5.
870 1578 939 1613 2-4).

254 1653 299 1678 ›1.
320 1649 386 1678 Cum
405 1648 519 1675 alacrem
544 1649 661 1673 vestrum
684 1647 853 1675 conventum,
879 1646 907 1670 ct
931 1641 1024 1677 ingens

195 1704 201 1708 '
236 1696 361 1724 audiendi
372 1693 532 1722 desiderium
547 1691 627 1719 hodie
639 1689 754 1720 videam,
769 1689 828 1716 volo
839 1688 957 1716 debitum
969 1687 1025 1714 sol-

237 1751 312 1775 vere,
328 1749 380 1777 quo
393 1747 455 1775 erga
475 1739 612 1766 caritatem
624 1741 740 1764 vestram
752 1735 894 1762 obstrictus
908 1741 977 1760 sum.
994 1733 1027 1760 Et

238 1790 295 1817 scio
307 1789 366 1823 ejus
380 1787 494 1815 fortasse
505 1792 553 1812 vos
564 1783 660 1811 oblitos
673 1789 732 1810 esse
744 1788 776 1809 eo
789 1780 859 1815 quod
877 1779 952 1806 multi
969 1779 1027 1806 dies

238 1833 447 1864 intercesserint,
470 1836 612 1864 sermoque
634 1832 725 1855 noster
747 1826 780 1854 ad
798 1826 849 1853 alia
864 1826 970 1853 interim
993 1825 1028 1852 sit

239 1880 379 1907 deductus.
401 1877 467 1905 Nam
487 1879 585 1903 sancta:
607 1872 757 1901 festivitatis
780 1871 909 1898 adventus
931 1871 1027 1898 seriem

240 1925 318 1952 nobis
336 1921 523 1958 interpellavit.
545 1920 636 1955 Neque
656 1919 726 1946 enim
749 1925 797 1953 par
818 1921 876 1944 erat
902 1920 940 1949 ut,
965 1916 1027 1943 dum

239 1978 346 1998 erucem
362 1968 465 1996 Domini
484 1966 679 1995 celebraremus
695 1963 742 2000 (a).
758 1963 792 1991 de
805 1963 864 1990 aliis
878 1969 1027 1990 sermonem

241 2017 397 2044 atl’crremus
406 2024 413 2041 :
423 2021 514 2041 mensa
525 2016 613 2040 autem
631 2010 707 2038 vobis
720 2008 891 2044 proponenda
904 2012 961 2035 erat
974 2008 1030 2035 suis

240 2069 357 2095 congrua
385 2056 612 2093 temporibuseEt
636 2055 734 2082 idcirco
757 2053 862 2088 quando
882 2052 953 2079 venit
971 2052 1029 2080 dies

241 2105 412 2138 Traditionis,
426 2103 550 2131 continua
563 2101 689 2129 doctrinm
703 2099 771 2127 serie
784 2103 896 2129 resecta,
912 2105 1030 2132 pnusen-

243 2152 313 2179 tibus
327 2158 385 2186 qua:
398 2139 528 2184 urgebant
548 2154 597 2174 nos
611 2144 852 2176 accommodantes,
873 2143 898 2170 in
912 2142 1030 2177 prodito-

244 2205 301 2225 rem
320 2196 435 2230 linguam
458 2193 605 2221 Iaxavimus
619 2191 654 2226 (b)
670 2200 676 2217 :
691 2189 787 2217 deinde
801 2188 834 2216 de
849 2196 929 2216 cruce
941 2188 1028 2222 aliqua

243 2243 271 2269 in
286 2241 401 2269 medium
422 2238 590 2274 protulimus.
612 2236 718 2268 Postea,
743 2234 912 2261 illucescente
934 2233 1032 2260 Resur-

244 2286 370 2314 rcctionis
389 2285 443 2316 die,
458 2282 638 2311 necessarium
658 2285 716 2308 erat
735 2284 763 2306 ut
782 2279 816 2306 de
839 2278 1032 2306 resurrectione

246 2331 350 2360 Domini
364 2331 502 2358 caritatem
512 2332 627 2356 vestram
639 2325 795 2354 doceremus
806 2332 814 2351 :
825 2329 852 2351 et
862 2323 1033 2358 sequentibus

276 2387 314 2418 (n)
330 2391 364 2412 De
375 2386 438 2418 festo
446 2385 531 2418 Crueis
538 2383 662 2409 dominia):
673 2382 788 2418 loquitur.

277 2409 314 2449 ibi
330 2409 688 2449 Hic-loquiturgchrysostomus
706 2409 739 2437 de
757 2417 837 2449 causa
850 2409 1034 2449 interpellapdie

246 2440 321 2474 δυθῖέί
330 2440 483 2472 bomilitiruin
495 2447 520 2470 in
529 2440 642 2470 Ge'nesim
651 2463 657 2473 ,
669 2449 729 2474 quas
739 2448 842 2467 numero
859 2440 957 2474 triginta
975 2440 1035 2465 duas

242 2472 293 2511 ἷᾱιὶι
304 2472 398 2511 habitas
407 2484 450 2511 ρετ
461 2481 534 2502 lotam
542 2472 763 2511 ουθεξτραὲξῖιηίιξηι
771 2476 824 2511 ικῖὲι
832 2472 1034 2511 ais.'§“2e')?39:

245 2502 350 2534 :éiiiiu’aixi
362 2502 426 2533 aliud
439 2509 462 2532 in
475 2502 572 2538 tempus
582 2502 691 2538 distulit,
710 2508 737 2528 ut
752 2502 812 2538 feria
828 2503 912 2538 quinta
928 2502 949 2525 iu
963 2503 1035 2538 (mea

247 2531 462 2572 i'iiiiiiﬁifgé'iiida’
469 2531 592 2572 proditore
601 2531 760 2572 loqueretur,
767 2531 987 2572 etiarqmpnet

247 2562 273 2595 iii
282 2562 381 2595 ᾖξνῖιίὶὶἰὲ
394 2569 426 2594 de
437 2562 504 2597 Juda,
517 2562 702 2599 cujusinritium,
719 2564 837 2599 Volebam,
850 2562 931 2597 dilecti
946 2568 954 2586 :
965 2568 1037 2599 quam

246 2593 439 2626 secundor'romo
450 2593 535 2624 habes.
545 2593 644 2623 'Deinde
660 2593 778 2628 deverpce
794 2593 875 2625 aliqua
890 2593 916 2618 in
931 2593 1037 2628 mediam

248 2623 405 2661 irraiiilimas.
417 2630 498 2660 Pergit
512 2630 705 2661 Chrysostomus,
723 2623 863 2661 alterutram
876 2623 1038 2661 Iex_tlomiliis

248 2655 286 2687 ite
295 2655 372 2686 cruce
381 2679 388 2691 ,
401 2655 526 2691 quatvpost
540 2655 652 2691 ttbmilias
662 2658 694 2682 de
706 2657 829 2691 proditore
840 2655 897 2679 .Iuda
908 2658 982 2691 :romo
998 2660 1037 2691 se-

249 2685 329 2717 cundo
339 2685 596 2723 pdﬁuriturfindicans.
608 2689 651 2723 Diu
662 2685 745 2723 autem
757 2686 849 2723 Pascha!
861 2688 943 2723 contra
956 2685 1034 2708 ebrio-

250 2729 291 2747 sos
302 2726 328 2747 et
339 2717 371 2746 iIc
382 2721 562 2745 resurrectione
574 2719 728 2743 concionatus
744 2720 782 2741 est
794 2723 800 2741 ζ
813 2717 911 2739 demum
927 2719 1037 2747 tempore

252 2744 483 2777 ἶδίςιιῖίδῖῖιίόιῖιίιὶειδ
494 2750 578 2774 habuit
594 2750 618 2773 in
634 2749 774 2780 principium
788 2744 1039 2780 ACIOI:tltll.-H£('.;[)Il.l-

251 2776 320 2807 ribus
337 2786 447 2806 enarrata
464 2781 518 2805 vide
534 2784 605 2804 Tomo
620 2776 726 2805 secundo
741 2779 770 2802 ad
787 2777 896 2802 Homilias
912 2777 935 2800 in
951 2776 1037 2807 princi-

253 2805 318 2843 iiiiiiii
332 2805 459 2841 lictorum,
476 2813 583 2842 itemque
594 2814 665 2835 Temo
682 2811 754 2834 tertio
771 2810 793 2832 in
811 2808 895 2832 Manilo
922 2805 956 2831 de
977 2805 1037 2831 Juda

253 2843 387 2876 proditore.

741 134 773 162 IN
792 133 866 163 CAP.
886 131 954 160 XIII.
975 129 1096 159 GENES.
1118 130 1232 158 IIOlIiL.
1253 130 1371 158 XXXIII.

1802 128 1853 159 305

1070 185 1174 218 diebus,
1189 194 1236 221 per
1252 193 1284 213 ea
1298 186 1424 214 miracula
1437 194 1496 221 qum
1511 191 1573 214 tune
1593 186 1662 215 facta
1681 191 1752 220 sunt,
1767 194 1853 215 resur-
1884 202 1886 205 ι

1069 231 1194 259 rcetionis
1206 231 1395 258 demonstratio
1406 232 1501 259 iterum
1514 232 1646 260 afferenda
1659 237 1715 260 erat
1730 233 1854 268 :quando

1068 277 1148 304 etiam
1170 277 1358 311 Apostolorum
1381 277 1446 304 Acta
1472 277 1615 312 explanare
1634 278 1773 313 coepimus,
1793 278 1853 306 inde

1069 323 1144 350 vobis
1152 323 1276 350 continua
1291 327 1472 357 proponentes
1483 323 1614 356 convivia,
1634 328 1662 351 et
1673 324 1775 351 crebris
1788 331 1852 358 quo-

1070 367 1229 402 tidianisque
1250 368 1475 395 admonitionibus
1494 376 1551 400 eos,
1570 368 1615 403 qui
1635 376 1719 403 nuper
1731 368 1853 403 baptismi

1068 413 1179 447 gratiam
1198 417 1365 447 acceperant,
1385 413 1565 440 exhortantes.
1581 412 1655 439 Nunc
1669 412 1748 447 igitur
1760 420 1851 440 neces-

1069 457 1167 484 sarium
1181 462 1222 484 est
1237 457 1355 484 utdebiti
1367 465 1469 484 memor
1479 458 1540 489 sim,
1555 461 1583 484 et
1594 457 1669 484 vobis
1683 457 1852 484 satisfaciant.

1069 502 1185 530 Tametsi
1199 503 1270 530 enim
1281 510 1327 530 vos
1339 502 1422 530 debiti
1436 511 1517 538 genus
1532 502 1667 537 ignoretis,
1680 506 1771 536 utpote
1784 504 1854 530 euris

1070 547 1158 574 multis
1173 547 1302 582 impliciti,
1315 547 1454 575 etsolliciti
1471 555 1518 581 pro
1529 547 1663 578 uxoribus,
1678 551 1704 574 et
1715 547 1814 578 liberis,
1828 551 1852 574 et

1069 592 1222 627 quotidiana
1236 593 1370 624 alimonia,
1384 592 1526 627 multisque
1547 592 1606 619 aliis
1624 592 1795 619 sa-cularibus
1814 600 1851 619 ne-

1069 638 1162 673 gotiis:
1173 647 1265 666 verum
1281 647 1329 666 nos
1343 639 1387 674 qui
1403 639 1480 666 nullis
1491 639 1516 666 id
1530 646 1613 674 genus
1627 639 1697 666 euris
1709 641 1852 670 turbamur.

1071 690 1097 712 ct
1107 685 1180 712 vobis
1190 685 1270 713 debiti
1283 685 1436 712 memoriam
1447 685 1621 720 suggeriinus,
1633 689 1659 712 et
1669 684 1701 711 ad
1715 685 1851 712 restituen-

1071 731 1134 757 dum
1150 738 1199 757 nos
1213 738 1346 765 paramus.
1369 730 1460 765 Neque
1481 724 1658 762 admiremini,
1672 730 1694 756 si
1711 734 1762 756 tam
1779 733 1858 764 grato

1071 777 1160 803 animo
1175 776 1200 803 id
1214 781 1379 810 prmstamus.
1396 776 1479 811 Hujus
1493 776 1564 803 enim
1578 776 1658 803 debiti
1672 783 1778 811 genusa
1793 784 1853 803 sen-

1071 821 1191 848 sibilibus
1212 821 1329 856 pecuniis
1343 821 1479 849 diversum
1500 825 1550 848 est.
1567 821 1595 847 In
1611 820 1661 848 illis
1682 821 1754 848 enim
1777 829 1853 848 num-

1071 874 1149 900 quam
1162 865 1265 893 debitor
1280 870 1333 893 tam
1353 871 1455 900 gratum
1480 873 1534 900 pra:
1548 873 1577 893 se
1597 865 1645 892 fert
1660 865 1786 892 animum.
1800 865 1853 892 Scit

1070 912 1141 939 enim
1149 919 1177 939 se
1185 911 1273 939 debila
1282 911 1407 939 solvendo
1414 919 1487 938 suam
1501 911 1658 938 imminuere
1670 911 1854 944 substantiam,

1071 962 1096 984 ct
1111 956 1265 991 accipientis
1279 964 1376 991 augere
1394 956 1607 984 facultates.Non
1622 957 1656 983 ita
1671 961 1758 983 autem
1773 961 1814 984 est
1828 957 1853 983 in

1071 1002 1200 1037 spirituali
1222 1002 1272 1029 hoc
1285 1002 1384 1034 debito,
1407 1002 1454 1029 sed
1473 1002 1499 1029 in
1521 1009 1554 1029 eo
1566 1001 1670 1029 debitor
1683 1001 1745 1029 dum
1766 1002 1854 1034 solvit,

1072 1048 1156 1082 magis
1174 1047 1290 1074 abundat
1302 1047 1411 1080 divitiis,
1433 1051 1459 1074 et
1473 1047 1663 1082 accipientibus
1675 1047 1789 1081 majores
1809 1055 1854 1074 ac-

1071 1096 1195 1119 crescunt
1208 1100 1282 1127 opcs.
1298 1092 1331 1120 Et
1347 1092 1445 1119 idcirco
1459 1092 1513 1120 illic
1528 1092 1629 1127 ingrata
1651 1092 1792 1119 admodum
1807 1101 1853 1118 vu-

1072 1137 1171 1164 luntate
1184 1138 1225 1172 agi
1245 1137 1330 1170 solet;
1347 1137 1390 1164 hic
1402 1142 1489 1164 autem
1504 1137 1622 1172 utrisque
1636 1138 1737 1164 lucrum
1761 1141 1812 1170 est,
1828 1143 1855 1164 ct

1072 1182 1261 1216 dinumeranti,
1285 1187 1312 1209 et
1334 1182 1534 1216 accipientibus.
1559 1182 1592 1209 Et
1606 1181 1656 1209 hoc
1677 1187 1717 1210 est
1738 1182 1808 1217 quod
1823 1182 1857 1209 de

1072 1227 1183 1254 caritate
1207 1227 1344 1254 admonuit
1366 1227 1458 1254 beatus
1485 1226 1583 1254 Paulus
1608 1227 1698 1254 dicens
1722 1236 1727 1253 :
1755 1226 1857 1254 Nemini

1072 1272 1208 1307 quidquam
1223 1273 1342 1305 debeatis,
1364 1272 1413 1299 nisi
1427 1277 1453 1299 ut
1471 1271 1582 1307 diligatis
1595 1273 1699 1299 invicem
1711 1272 1797 1308 (Rom.
1814 1274 1855 1300 I5.

1073 1318 1111 1353 8).
1126 1318 1184 1352 Quo
1199 1318 1305 1351 indicat,
1322 1318 1373 1346 hoc
1384 1318 1500 1345 debitum
1515 1325 1621 1353 semper
1631 1318 1707 1352 solvi,
1720 1324 1747 1346 et
1760 1319 1856 1346 nihilo-

1074 1362 1161 1390 minus
1173 1362 1270 1390 durare
1285 1370 1400 1397 semper.
1415 1362 1505 1397 Neque
1526 1363 1660 1398 negligere
1680 1371 1727 1391 vos
1741 1368 1856 1398 oportet,

1073 1407 1105 1433 ad
1120 1408 1299 1442 recipiendum
1315 1411 1420 1442 paratos
1436 1416 1442 1433 :
1457 1407 1509 1436 hoc
1529 1408 1599 1435 enim
1617 1412 1644 1436 et
1663 1416 1711 1436 nos
1723 1409 1856 1436 debitores

1074 1452 1259 1487 locupletiores
1274 1451 1346 1484 facit,
1361 1457 1387 1480 et
1401 1452 1474 1480 vobis
1488 1452 1596 1486 majoris
1609 1453 1730 1480 utilitatis
1742 1455 1794 1481 erit
1806 1462 1858 1481 ma-

1077 1498 1152 1525 teria.
1170 1498 1249 1533 Igitur
1263 1498 1386 1533 quoniam
1402 1498 1461 1525 talis
1474 1501 1516 1526 est
1526 1498 1603 1532 hujus
1614 1498 1695 1526 debiti
1712 1504 1814 1531 natura,
1832 1505 1860 1527 ut

1075 1548 1173 1578 quanto
1199 1543 1282 1578 magis
1306 1543 1481 1578 dependitur,
1505 1547 1577 1570 tanto
1605 1543 1738 1571 auctiores
1762 1549 1859 1571 nostra:

1076 1588 1220 1615 reddantur
1232 1596 1297 1624 opes
1309 1597 1314 1614 :
1329 1596 1377 1623 age
1389 1588 1533 1616 doceamus
1554 1597 1623 1616 nunc
1643 1594 1670 1617 et
1682 1589 1763 1617 debiti
1777 1595 1861 1617 mate-

1076 1634 1153 1667 riam,
1169 1638 1233 1661 utet
1247 1633 1294 1668 ipsi
1310 1633 1451 1661 alacriores
1465 1633 1575 1660 dicenda
1591 1634 1750 1668 suscipiatis,
1761 1640 1784 1662 cI
1799 1643 1859 1670 gm-

1076 1685 1129 1707 tam
1156 1685 1274 1707 nostram
1303 1680 1464 1706 voluntatem
1492 1685 1628 1715 acceptam
1653 1680 1793 1713 habentes,
1814 1689 1861 1708 nos

1076 1726 1195 1762 diligenti
1221 1725 1388 1754 auscultandi
1411 1726 1499 1754 studio
1524 1727 1710 1754 remuncrctis.
1732 1727 1858 1760 anetiant

1078 1774 1156 1808 igitur
1165 1773 1246 1800 debiti
1259 1773 1385 1800 materia?
1395 1772 1484 1805 Scitis,
1495 1776 1521 1800 et
1533 1780 1663 1799 memores
1673 1774 1747 1806 estis,
1759 1774 1862 1808 quando

1077 1818 1110 1844 de
1123 1818 1272 1852 patriarcha
1281 1817 1401 1853 quindam
1414 1818 1439 1844 in
1452 1817 1565 1844 medium
1575 1818 1718 1850 attulimus,
1731 1819 1862 1852 quomodo

1078 1863 1347 1890 demonstraverimus
1358 1862 1514 1890 descensum
1529 1862 1587 1896 ejus
1603 1863 1628 1889 in
1641 1862 1784 1898 Aﬁgyptuin
1800 1871 1860 1896 pro-

1080 1913 1136 1943 pler
1150 1908 1255 1941 famem,
1271 1912 1298 1935 et
1320 1913 1421 1942 raptam
1443 1908 1534 1935 Saram
1555 1915 1569 1934 a
1585 1907 1733 1940 Pharaone,
1747 1913 1773 1935 et
1795 1908 1862 1934 initi-

1077 1954 1228 1989 gnalionem
1250 1953 1308 1987 Dei,
1324 1961 1403 1988 quam
1415 1953 1447 1980 .in
1465 1952 1630 1980 Pharaonem
1643 1957 1669 1980 et
1683 1953 1791 1979 domum
1805 1953 1864 1986 ejus

1079 2001 1113 2028 ob
1126 2008 1199 2027 suam
1215 2007 1275 2035 erga
1287 2001 1386 2034 justum
1402 2006 1492 2026 curam
1507 1999 1627 2031 immisit,
1644 2003 1670 2025 et
1687 1997 1800 2025 reditum
1818 2006 1861 2032 pa-

1081 2045 1202 2072 triarchae
1223 2045 1256 2072 ab
1277 2044 1392 2080 Egypto
1416 2051 1509 2079 magna
1529 2051 1590 2071 eum
1613 2043 1707 2078 gloria.
1732 2043 1864 2070 Mandavit

1080 2091 1157 2124 enim,
1185 2091 1278 2125 inquit,
1309 2089 1412 2116 Pharao
1439 2090 1498 2116 viris
1520 2097 1593 2123 super
1614 2088 1718 2122 Abram,
1742 2093 1768 2115 ut
1787 2088 1866 2115 dedu-

1081 2141 1139 2162 cant
1152 2144 1219 2169 eum,
1233 2140 1256 2162 et
1268 2143 1370 2161 uxorem
1380 2135 1444 2170 ejus,
1461 2139 1483 2160 et
1493 2134 1577 2160 omnia
1590 2141 1646 2168 qua;
1658 2133 1770 2164 habebat,
1782 2139 1805 2160 et
1818 2133 1865 2160 Lot

1081 2190 1137 2208 cum
1149 2181 1206 2208 eo‘.
1222 2180 1338 2208 Ascendit
1361 2185 1445 2206 autem
1460 2179 1552 2206 Abram
1571 2187 1601 2206 ea:
1623 2178 1748 2215 (Egypto,
1764 2180 1817 2214 ipse
1839 2186 1862 2206 et

1081 2235 1146 2255 uxor
1158 2226 1222 2260 eius,
1237 2231 1260 2253 et
1274 2226 1359 2252 omnia
1373 2233 1429 2261 qua:
1442 2230 1513 2252 erant
1526 2225 1604 2256 illius,
1618 2229 1640 2251 et
1653 2224 1765 2251 Lotcum
1777 2225 1832 2258 ipso
1842 2225 1866 2250 in

1082 2273 1251 2300 solitudinem.
1266 2271 1315 2298 IIic
1333 2278 1484 2298 sermonem
1501 2270 1609 2296 missum
1624 2269 1746 2302 fecimus,
1762 2270 1867 2296 mediis-

1083 2327 1134 2353 que
1144 2318 1238 2346 diebns
1250 2317 1395 2345 doctrinam
1408 2316 1590 2343 transtulimus
1606 2315 1631 2342 in
1642 2319 1795 2350 argumenta
1808 2320 1869 2341 tune

1084 2363 1212 2398 temporis
1242 2362 1418 2391 occurrentia.
1446 2361 1508 2389 Ideo
1536 2361 1615 2388 hodie
1639 2367 1728 2395 operae
1755 2361 1868 2394 pretium

1084 2409 1172 2442 fuerit,
1191 2413 1220 2436 ut
1235 2409 1331 2436 seriem
1352 2412 1512 2442 repetamus,
1537 2411 1563 2434 et
1584 2406 1694 2434 dicenda
1716 2413 1776 2432 eum
1791 2405 1869 2432 dictis

1085 2456 1159 2492 quasi
1179 2455 1206 2482 in
1220 2462 1301 2482 unum
1325 2461 1421 2488 corpus
1441 2457 1593 2488 coaptemus
1608 2461 1615 2478 :
1630 2452 1669 2479 sic
1688 2451 1758 2479 enim
1782 2459 1871 2479 sermo

1085 2501 1213 2529 doctrinae
1228 2500 1302 2535 quasi
1322 2507 1403 2527 unum
1428 2498 1478 2526 sub
1495 2501 1629 2533 aspectant
1645 2497 1731 2525 cadet.
1751 2496 1804 2524 Sed
1819 2504 1871 2531 quo

1087 2545 1268 2573 manifestiOra
1291 2546 1345 2571 sint
1363 2551 1395 2571 ea
1415 2551 1475 2578 qua:
1494 2542 1627 2575 dicuntur,
1649 2549 1737 2576 operze
1760 2542 1871 2576 pretium

1089 2591 1177 2622 fuerit,
1194 2594 1223 2617 ut
1234 2589 1338 2617 caritati
1358 2593 1453 2616 vestra:
1474 2592 1639 2622 proponatur
1653 2587 1810 2622 principium
1823 2594 1869 2614 θο-

1088 2645 1146 2666 rum
1165 2644 1223 2671 qua:
1237 2635 1316 2663 hodie
1329 2639 1391 2662 sunt
1409 2634 1488 2661 lecta.
1508 2633 1536 2661 ‘2.
1552 2634 1646 2660 Abram
1665 2639 1757 2665 autem,
1775 2634 1868 2668 inquit.

1089 2687 1141 2710 erat
1161 2681 1229 2708 dives
1242 2679 1314 2707 valde
1331 2679 1470 2714 pecoribus,
1486 2685 1507 2706 et
1529 2683 1644 2713 argento,
1664 2683 1688 2705 et
1702 2686 1775 2705 auro.
1792 2679 1818 2706 5.
1838 2678 1871 2704 Et

1090 2728 1215 2764 profectas
1237 2729 1282 2758 est,
1305 2725 1372 2752 unde
1392 2729 1501 2756 uenerat,
1526 2724 1551 2750 in
1572 2723 1732 2750 solitudinem
1745 2732 1822 2758 usque
1841 2725 1874 2750 ad

1121 2804 1128 2819 ι
1147 2807 1186 2827 lla‘
1198 2808 1285 2830 voces,
1299 2804 1325 2826 Et
1341 2804 1378 2826 tot
1399 2806 1453 2825 eum
1464 2806 1500 2828 eo,
1512 2800 1600 2824 desunt
1618 2800 1641 2825 iu
1658 2798 1755 2829 διοπεΙά
1772 2798 1816 2824 sed
1834 2797 1874 2822 ha-

1093 2835 1181 2859 bentur
1193 2834 1217 2857 itt
1233 2832 1300 2857 Emil.
1315 2836 1340 2857 et
1352 2833 1375 2856 in
1387 2831 1468 2856 multis
1479 2834 1532 2855 Mss.
