2055 3123
218 82 269 113 εστ

217 139 314 174 Detinet,
328 149 405 176 usque
420 141 454 168 ad
469 142 550 169 locum
571 143 596 169 in
609 152 658 178 quo
674 145 743 178 prius
755 145 804 179 fuit
817 145 1002 173 tabernaculum

214 188 280 221 ejus,
302 186 366 213 inter
384 186 471 213 Bethet
489 191 512 214 et
526 187 590 214 inter
610 188 697 224 Aggte,
719 190 746 217 4.
767 191 802 216 ad
817 191 898 217 locum
913 192 1001 218 altaris

212 231 282 265 quod
296 231 350 258 illic
363 232 486 266 principio
502 233 596 267 fecerat
608 241 618 259 :
631 239 654 260 et
667 234 788 261 invocavit
802 236 838 262 ibi
852 237 944 263 Abram
956 245 1002 263 no-

212 284 268 303 men
284 275 387 303 Domini
402 275 457 303 Dei.
471 277 508 304 Ne
522 283 711 309 prictercamus
722 281 808 307 obiter
817 290 846 308 ea
861 290 919 317 qua:
932 282 999 309 lecta

212 326 285 354 sunt,
308 322 354 349 sed
376 322 509 350 discamus
524 330 594 351 ctare
611 324 759 352 divinarum
773 326 918 354 Litcrarnm
940 328 1000 354 dili-

210 367 340 401 gentiam,
356 369 490 402 quomodo
505 370 570 396 nihil
583 370 659 398 nobis
671 379 863 406 supervacuum
879 379 997 401 narrent.

211 412 305 439 Abram
317 418 409 446 autem,
428 414 520 449 inquit,
538 421 591 442 erat
604 417 672 444 dives
681 417 761 444 valde.
778 418 924 446 Considera
944 420 997 453 pri-

210 461 283 485 mum
304 458 373 485 istud
390 459 474 493 ipsum
497 468 548 487 non
569 461 678 495 frustra,
701 471 787 498 neque
808 468 908 491 temere
930 464 998 491 indi-

209 504 283 537 cari;
309 513 359 533 nec
381 507 407 534 in
429 515 526 536 Vanum
549 509 657 536 divitem
682 518 751 537 nunc
770 515 855 544 vocat,
880 511 904 537 id
923 512 996 546 'quod

210 557 341 584 nusquam
360 553 424 580 alias
439 555 569 586 meminit,
586 555 631 582 sed
647 563 716 583 nunc
736 556 848 590 primum
867 557 942 588 dicit,
957 557 997 584 di-

207 596 290 623 vitem
312 597 403 626 fuisse.
430 599 516 633 Quare
540 600 590 628 hoc
616 606 642 628 et
661 610 738 636 quam
763 602 798 628 ob
818 603 946 629 causam?
963 603 996 631 Ut

208 641 296 669 discas
310 643 405 671 divina:
427 647 562 680 sapientirc
582 649 726 680 solertiam,
748 654 774 675 et
788 656 842 675 sua-
859 650 884 676 in
897 652 994 683 justum

209 687 380 720 providentia)
396 690 549 718 immensam
564 693 748 728 ingentemque
764 695 915 728 potentiam.
930 695 994 723 Nam

208 732 252 764 qui
265 732 340 759 fatuis
351 736 508 763 necessitate
521 738 546 763 in
559 737 702 773 Egyp'um
715 741 875 774 peregrinari
887 747 995 770 coactus

208 775 266 807 fuit.
282 785 315 805 eo
328 780 397 813 quod
413 782 546 815 angustias
561 791 626 817 quas
642 784 666 810 in
679 784 827 812 Cltananzra
840 787 993 821 experieba-

208 826 250 849 tur
265 825 333 852 ferre
347 834 398 853 non
413 833 511 861 posset.
536 829 558 856 is
573 830 661 857 subito
682 830 756 858 dives
772 831 856 859 factus
869 838 909 860 est
923 842 930 860 :
945 842 994 862 nec

206 868 362 902 simpliciter
382 872 465 905 diVes,
482 874 527 900 sed
544 875 630 909 valde,
653 883 705 903 non
727 881 827 905 tantum
842 879 992 913 pecoribus,

206 914 251 939 sed
266 918 291 941 et
305 921 413 949 argento
426 922 451 945 et
463 926 537 945 auro.

240 958 266 985 2.
291 959 399 988 Vidistis
418 968 514 996 quanta
540 965 573 991 sit
596 965 640 992 Dei
663 966 849 1000 providentia?
866 968 946 1002 Abiit,
964 975 993 996 ut

205 1003 319 1038 aliquam
333 1005 407 1034 fatuis
422 1010 630 1037 consolationem
644 1012 783 1043 inveniret.
799 1019 825 1040 et
838 1014 925 1047 rediit,
940 1023 992 1043 non

203 1049 290 1075 solum
305 1049 373 1078 fame
388 1053 514 1088 mitigata,
531 1055 577 1082 sed
593 1061 619 1082 et
633 1056 730 1084 divitiis
745 1062 770 1084 et
791 1058 918 1086 immensa
934 1060 992 1095 glo-

204 1094 240 1119 ria
254 1095 431 1130 conspicuus;
455 1100 630 1135 omnibusque
653 1102 819 1130 manifestum
836 1104 883 1132 fuit
898 1094 992 1140 qualis—

203 1141 264 1164 nam
280 1147 349 1168 esset
367 1151 372 1169 :
390 1143 538 1179 deindeque
552 1146 708 1174 Cltananmm
724 1149 817 1176 incolae
831 1150 894 1184 justi
910 1152 992 1179 virtu-

203 1186 255 1210 tem
270 1185 367 1214 clarius
390 1188 547 1224 didicerunt,
564 1192 684 1220 videntes
706 1201 794 1221 rerum
818 1197 989 1225 mutationem

202 1232 256 1256 tam
268 1233 442 1266 repentinam,
458 1239 484 1261 ct
498 1236 575 1263 tantis
590 1237 689 1265 divitiis
701 1238 851 1267 affluentem
865 1249 924 1268 eum
945 1243 989 1276 qui

203 1281 231 1302 ut
252 1279 412 1312 peregrinus,
430 1286 455 1307 et
469 1283 542 1315 quasi
566 1283 697 1319 fugitivus,
713 1291 738 1313 et
752 1294 843 1321 vagus.
861 1288 886 1315 in
908 1287 988 1324 [Egy-

201 1326 275 1354 ptum
299 1323 480 1353 descenderat.
496 1329 530 1354 At
553 1333 579 1355 tu
602 1329 661 1357 vide
685 1333 817 1365 quomodo
840 1333 882 1360 hic
905 1323 990 1369 neque

202 1368 393 1402 prosperitate,
410 1379 495 1405 neque
521 1373 670 1401 divitiarum
693 1376 826 1404 affluentia
852 1368 989 1407 remissior

200 1411 241 1438 vel
266 1414 438 1448 negligentior
457 1417 539 1445 factus
558 1424 598 1446 est
626 1426 636 1448 :
661 1421 707 1448 sed
736 1422 830 1449 iterum
853 1425 988 1452 contendit

199 1457 232 1482 nd
247 1465 306 1484 cum
322 1459 418 1493 locttm,
443 1463 484 1488 tthi
502 1464 572 1497 pritts
586 1465 681 1498 fuerat,
699 1467 849 1502 priusquam
865 1470 890 1496 in
905 1470 987 1506 [Egy-

201 1507 272 1534 ptutn
288 1505 454 1534 concederet.
477 1506 547 1535 Venit
558 1510 638 1539 enim.
652 1511 746 1546 inquit,
762 1513 788 1540 in
807 1505 984 1548 solitudinem,

198 1556 276 1582 usque
299 1550 332 1576 ad
355 1551 437 1578 locum
458 1554 500 1580 ubi
516 1557 584 1589 prius
600 1558 647 1592 fuit
669 1559 855 1586 tabernaculum
868 1562 931 1596 ejus,
953 1563 986 1588 ad

199 1593 280 1620 locnm
293 1596 381 1622 altaris
393 1599 460 1633 quod
478 1600 535 1633 fecit
555 1601 587 1627 ibi
603 1602 740 1638 principio,
754 1609 777 1630 et
796 1593 918 1633 invocavit
937 1616 984 1634 ηο-

199 1645 253 1664 men
265 1639 366 1667 Domini
381 1642 435 1669 Dei.
450 1645 551 1679 Cogita,
566 1647 688 1679 obsecro,
703 1654 829 1683 quantum
843 1656 900 1678 erat
910 1653 983 1687 quic-

198 1684 232 1710 tis
244 1689 270 1711 ct
287 1688 479 1722 tranquillitatis
492 1697 603 1725 amator,
627 1699 653 1720 et
668 1694 691 1721 in
708 1695 796 1723 divino
811 1697 882 1724 cultu
903 1684 982 1733 quam

197 1729 313 1757 sedulus.
326 1732 365 1758 Ad
379 1741 438 1760 cum
453 1736 522 1762 enim
537 1736 634 1771 locant,
649 1739 742 1774 inquit,
757 1742 877 1773 accessit.
893 1729 918 1769 in
931 1752 982 1778 quo

198 1774 270 1807 prius
293 1776 375 1804 altare
391 1778 577 1814 aedificaverat,
599 1787 625 1809 et
643 1783 668 1810 in
690 1792 743 1819 quo
758 1793 854 1814 nomen
877 1774 981 1815 Doni-ini

198 1818 374 1867 imocavcrat.
390 1823 458 1851 Ecce
469 1824 523 1859 jam
546 1827 635 1854 multis
649 1818 724 1856 antea
740 1832 843 1858 sacculis
865 1833 982 1867 implevit

196 1862 248 1890 hoc
262 1865 331 1912 quod
347 1873 436 1900 postea
455 1877 469 1895 a
486 1869 567 1897 David
590 1873 687 1899 dictum
703 1879 743 1901 est
758 1884 764 1902 :
781 1875 852 1911 Elegi
870 1862 980 1912 abiectu:

195 1916 248 1935 esse
259 1909 284 1936 in
298 1910 371 1938 domo
386 1912 434 1939 Dei
456 1915 504 1941 mei
516 1917 594 1951 magis
607 1926 680 1953 quam
698 1920 809 1948 habitare
822 1923 847 1948 in
864 1923 981 1950 taberna-

195 1955 438 2004 culis-peccatorum
461 1961 543 1996 (Prol.
560 1964 603 2001 8'3.
620 1965 675 1998 ll).
698 1966 816 1994 Solitudo
831 1969 899 1996 cnim
917 1979 978 2004 pro-

196 2004 252 2034 pter
266 2001 458 2032 invocationem
474 2009 587 2035 nominis
602 2009 646 2036 Dei
660 2011 759 2044 gratior
778 2014 801 2039 ei
818 2019 883 2046 erat,
899 2001 978 2050 quam

194 2045 324 2075 civitates.
341 2049 447 2078 Sciebat
466 2056 548 2086 enim,
562 2055 662 2082 sciebat
678 2058 779 2091 utique,
794 2045 977 2088 civitatis-ma-

192 2091 354 2124 gnitudinem
369 2104 420 2122 non
435 2105 468 2123 ex
481 2098 650 2127 tediticiorum
675 2102 879 2138 pulchritudine,
894 2114 978 2141 neque

193 2143 224 2163 ex
238 2138 333 2165 civium
357 2142 524 2171 multitudine
547 2151 668 2173 constare
686 2156 692 2173 :
709 2149 755 2175 sed
770 2157 802 2176 ex
826 2138 977 2179 inhabitan-

194 2181 257 2208 tiuut
272 2183 377 2217 virtute,
395 2192 500 2221 propter
514 2197 590 2224 quam
613 2192 667 2225 ipsa
690 2193 805 2220 solitudo
827 2196 977 2226 civitatibus

192 2227 296 2261 dignior
309 2229 366 2263 fuit,
379 2240 438 2266 qua:
451 2234 549 2262 virtute
560 2235 624 2269 justi
638 2239 791 2272 ornabatur,
806 2246 832 2267 ct
843 2242 908 2269 orbe
922 2248 977 2272 toto

192 2273 315 2308 fulgidior
327 2282 392 2304 erat.
409 2279 435 2305 5.
453 2279 484 2305 Et
499 2279 552 2313 Lot,
569 2283 662 2316 inquit,
677 2285 718 2318 qui
736 2293 792 2311 cam
807 2286 897 2314 Abram
913 2289 974 2322 ibat,

189 2323 261 2345 erant
274 2325 297 2346 ct
309 2329 373 2353 ot'cs,
389 2329 412 2349 et
426 2325 506 2357 bores,
522 2332 545 2352 et
556 2336 646 2361 pecora
655 2349 662 2361 ,
677 2328 702 2355 6.
716 2338 794 2365 neque
806 2333 919 2368 capiebat
934 2344 975 2363 cos

189 2366 265 2397 terra,
281 2371 308 2392 ut
318 2365 392 2394 simul
405 2369 552 2398 habitarent.
567 2372 630 2399 Erat
640 2375 731 2409 quippe
739 2365 876 2404 substantia
888 2388 973 2407 eorum

187 2410 274 2443 multa,
291 2416 314 2438 et
333 2421 382 2440 non
397 2419 510 2448 poterant
524 2417 635 2445 habitare
648 2419 732 2447 simul.
754 2421 810 2449 Non
824 2424 909 2451 solum
926 2434 973 2460 pa-

187 2455 310 2484 triarcha:
335 2457 473 2487 facultates
495 2467 580 2489 aucta:
601 2469 672 2496 sunt,
689 2466 734 2492 sed
749 2465 782 2493 Et
797 2467 860 2501 Lot,
876 2455 970 2505 inqiiit.

186 2506 256 2527 erant
275 2509 340 2535 oves,
357 2509 380 2530 et
394 2504 476 2538 boves,
499 2510 522 2532 et
535 2516 633 2541 pecora.
650 2509 729 2538 Ferte
744 2513 836 2546 partim
853 2504 970 2549 Abram,

185 2550 275 2579 utpote
290 2548 414 2581 liberalis,
427 2550 469 2577 illa
484 2551 533 2578 Lot
544 2552 631 2580 fratris
644 2554 697 2581 filio
709 2556 861 2591 donaverat,
874 2548 969 2594 partim

184 2592 227 2617 alii
242 2592 373 2620 dedcmnr
384 2595 408 2621 in
425 2598 580 2630 patriarchae
593 2601 713 2634 gratiam.
735 2602 766 2629 Et
781 2613 829 2631 non
845 2592 967 2640 capiebat,

185 2638 277 2672 inquit,
292 2648 333 2666 eos
348 2645 423 2672 terra.
438 2648 490 2670 erat
504 2645 597 2680 quippe
616 2647 756 2675 substantia
777 2658 863 2677 eorum
876 2638 966 2678 multa.

185 2680 250 2711 \‘ide
274 2687 406 2719 quomodo
426 2689 578 2717 facultatum
602 2692 676 2726 copia
705 2695 794 2722 statim
818 2703 895 2723 causa
920 2697 966 2724 fuit

182 2731 356 2763 scparationis
371 2741 377 2759 :
391 2733 545 2762 divisionem
560 2737 630 2764 enim
645 2745 780 2772 operatur,
796 2742 964 2769 concordiam

180 2778 301 2813 impedit,
316 2785 342 2807 ct
357 2783 520 2817 cognationis
531 2784 665 2811 vinculum
688 2785 796 2814 dirimit.
811 2787 826 2814 7
848 2788 882 2815 Et
897 2789 967 2822 facta

588 85 617 113 S.
637 84 774 115 JOANNIS
786 87 1020 117 CllllYSOSTOMI
1042 90 1199 118 All-CHIEP.
1221 87 1485 121 CONSTANTINOP.

1791 95 1841 123 508

1056 153 1092 174 est
1106 155 1189 181 pugna
1199 147 1262 174 inter
1274 153 1385 181 pastore:
1395 157 1511 183 pecorum
1526 150 1605 183 Mirm,
1619 154 1642 178 ct
1656 150 1719 178 inter
1730 158 1844 185 pauore;

1055 191 1112 218 Lot.
1126 191 1264 219 Chanamrt'
1287 199 1369 220 autent
1389 199 1412 220 et
1437 193 1572 224 Pht't’tZtEi
1591 200 1650 222 tunc
1671 196 1842 225 inhabitabant

1054 241 1156 263 terram.
1170 237 1283 264 Attende
1296 238 1429 272 quomodo
1441 246 1539 273 genere
1551 241 1656 273 cognati
1671 242 1843 270 discessionis

1055 281 1156 308 initium
1171 281 1280 311 faciunt.
1296 283 1363 310 Hinc
1385 284 1454 310 enim
1470 291 1577 318 semper
1589 287 1677 312 omnia
1694 287 1762 314 mala
1784 289 1843 320 pul-

1054 327 1145 358 lulant.
1162 335 1175 353 a
1191 328 1346 355 famulorum
1363 329 1490 364 nequitia.
1506 329 1585 356 Facta
1598 336 1635 357 ut
1648 332 1728 364 etiini,
1746 333 1841 367 inquit,

1053 380 1136 407 pugna
1147 373 1212 399 inter
1225 377 1346 407 pastores.
1360 373 1391 400 lli
1403 373 1575 401 dissensionis
1590 376 1756 403 occasionem
1771 385 1842 412 pra:-

1053 417 1175 450 buerunt,
1190 418 1206 444 li
1220 419 1390 446 concordiam
1404 419 1573 452 dirimebant,
1586 421 1602 447 ii
1614 421 1723 448 multatn
1737 430 1840 449 morum

1053 462 1247 497 improbitatem
1271 471 1326 498 pra:
1351 471 1380 491 se
1404 464 1534 491 ferebant.
1558 465 1695 493 Chanantci
1715 473 1798 494 autem
1818 473 1841 494 ct

1053 509 1181 536 Pherezwi
1201 515 1259 536 tunc
1278 510 1448 537 inhabitabant
1469 516 1570 538 terram.
1590 512 1677 546 Quare
1701 514 1776 540 nobis
1790 514 1839 540 hoc

1050 556 1227 591 significavit?
1241 556 1370 589 Quoniam
1386 557 1499 589 dixerat,
1524 557 1583 584 Non
1595 559 1708 593 capiebat
1721 567 1761 586 eos
1772 565 1839 586 terra

1049 606 1076 626 ut
1100 601 1241 628 habitarent
1262 602 1346 634 simul,
1373 610 1479 629 causam
1503 611 1609 638 quoque
1631 606 1728 631 docere
1756 606 1838 632 voluit

1049 645 1136 673 divina
1153 646 1298 682 Scriptura,
1316 648 1375 675 idco
1388 655 1436 675 nos
1448 656 1543 682 capere
1558 657 1609 676 non
1626 651 1753 684 potuisse,
1768 659 1832 685 quu-

1049 692 1117 718 niam
1130 692 1216 720 adlntc
1229 701 1243 720 a
1257 693 1378 727 gentibus
1393 693 1443 720 illi~
1458 699 1638 728 prmoccupata
1654 700 1719 722 erat.
1738 696 1835 723 Verum

1049 745 1097 764 nos
1123 737 1271 772 religiosam
1288 739 1446 772 patriarcha
1468 743 1584 766 utentem
1608 739 1755 773 videamus,
1771 750 1836 776 quo-

1048 783 1186 821 modo_sna
1204 784 1312 811 lenitate
1333 792 1488 812 exarsurum
1505 785 1655 812 incendium
1678 786 1835 820 restinguat.

1047 829 1072 855 8.
1091 828 1159 855 Dixit
1171 834 1264 861 autem,
1280 829 1373 864 inquit,
1384 829 1477 855 Abram
1487 829 1521 856 ad
1534 829 1581 856 Lat
1597 837 1607 856 :
1619 838 1650 857 ne
1663 830 1694 856 sit
1707 832 1763 858 rixa
1771 832 1836 858 inter

1046 883 1085 900 me
1097 880 1119 901 et
1129 881 1160 908 te,
1173 880 1198 901 et
1212 876 1275 901 inter
1289 879 1399 909 pastores
1414 883 1480 901 meos
1493 880 1515 901 et
1534 879 1599 908 tuos,
1614 876 1673 910 quia
1687 878 1779 910 fratres
1792 885 1836 903 xu-

1045 926 1101 946 mus
1121 928 1175 946 nos.
1190 920 1256 947 Vide
1276 921 1404 955 insignem
1425 920 1592 953 modestiam,
1609 920 1669 948 vide
1693 922 1833 949 sublimem

1046 966 1248 1000 philosophiam.
1265 966 1354 994 mtate
1375 972 1401 994 et
1424 967 1551 1001 dignitate
1571 968 1662 994 senior
1684 968 1809 1003 juvenem
1824 989 1832 1001 ,

1046 1011 1133 1038 fratris
1149 1012 1229 1039 filium
1247 1012 1354 1040 fratrem
1375 1013 1500 1046 appellat,
1514 1018 1540 1039 et
1555 1014 1579 1040 in
1594 1013 1723 1046 eamdem,
1742 1015 1766 1040 in
1782 1022 1832 1049 qua

1045 1057 1102 1092 ipse
1112 1062 1178 1090 erat,
1192 1057 1346 1092 dignitatem
1358 1058 1456 1091 evehit,
1472 1059 1590 1093 nihilque
1605 1060 1692 1086 minus
1704 1060 1739 1087 illi
1753 1068 1832 1094 quam

1044 1103 1092 1130 sibi
1111 1103 1201 1130 tribuit
1215 1112 1222 1130 :
1236 1103 1282 1131 sed
1296 1104 1359 1131 dicit
1375 1112 1382 1130 :
1397 1103 1438 1131 Ne
1454 1105 1486 1131 sit
1504 1105 1561 1131 riIa
1573 1106 1637 1131 inter
1652 1113 1690 1132 me
1705 1111 1728 1132 et
1743 1112 1775 1138 te,
1790 1107 1831 1133 in-

1043 1152 1080 1175 ter
1103 1153 1214 1183 pastores
1233 1157 1300 1176 mea:
1322 1155 1344 1176 et
1368 1154 1434 1177 tuos.
1450 1149 1558 1185 indigne
1573 1151 1644 1178 enim
1668 1151 1719 1178 hoc
1734 1151 1807 1179 fieret
1821 1173 1829 1184 ,

1044 1195 1137 1230 inquit,
1166 1195 1289 1230 quoniam
1319 1195 1414 1223 fratres
1440 1203 1541 1224 sumus.
1572 1197 1665 1225 Vidisti
1693 1199 1830 1233 quomodo

1041 1243 1160 1276 Apostoli
1170 1241 1362 1278 legemimplet,
1375 1249 1434 1276 qua:
1447 1242 1511 1269 dicit
1526 1251 1532 1268 :
1547 1242 1605 1268 Jam
1616 1243 1715 1277 quidem
1729 1245 1830 1271 omnino

1042 1285 1160 1312 delictum
1173 1286 1200 1313 in
1220 1286 1288 1314 vobis
1307 1291 1357 1320 at,
1380 1287 1446 1321 quod
1464 1287 1564 1322 judicia
1587 1288 1682 1315 habetis
1702 1289 1766 1316 inter
1787 1297 1830 1316 vos

1041 1331 1154 1357 invicem.
1169 1330 1221 1358 Cur
1236 1340 1285 1358 non
1310 1332 1394 1366 potius
1418 1333 1538 1367 injuria»:
1562 1334 1702 1368 patimini?
1714 1342 1759 1360 cur
1779 1344 1829 1361 non

1041 1376 1124 1409 potius
1138 1377 1258 1402 damnum
1273 1377 1385 1412 accipitis
1396 1378 1409 1404 γ
1423 1377 1436 1403 Ι
1441 1386 1480 1404 mo
1495 1387 1537 1404 vos
1558 1379 1678 1410 iniuriam
1690 1379 1782 1414 facitis,
1805 1386 1828 1407 et

1040 1422 1179 1457 fraudatis,
1194 1422 1268 1457 idque
1281 1422 1372 1456 fratres
1391 1423 1428 1457 (l.
1444 1424 1501 1450 Cor.
1517 1423 1543 1450 6.
1559 1424 1585 1451 7.
1610 1423 1647 1460 8).
1666 1425 1727 1452 Haec
1739 1427 1826 1452 omnia

1039 1468 1164 1501 operibus
1186 1467 1299 1502 impletis
1313 1468 1461 1502 patriarcha
1475 1469 1540 1496 dixit
1557 1477 1563 1495 :
1580 1469 1621 1496 Ne
1633 1470 1665 1496 sit
1688 1471 1744 1496 rixa
1763 1471 1827 1497 inter

1038 1521 1078 1539 me
1091 1517 1114 1539 et
1129 1518 1161 1546 te,
1177 1518 1199 1539 et
1213 1513 1276 1539 inter
1289 1519 1401 1547 pastores
1416 1523 1482 1542 meos
1497 1520 1518 1541 et
1534 1520 1600 1547 tuos,
1614 1516 1732 1550 quoniam
1746 1517 1827 1542 Itami-

1038 1567 1081 1586 πω
1105 1559 1196 1593 fratre:
1222 1567 1268 1585 nos
1290 1566 1388 1587 sumus.
1410 1560 1477 1593 Quid
1504 1560 1554 1587 hac
1577 1561 1664 1587 anima
1688 1562 1826 1596 pacatius!

1038 1604 1151 1632 Proinde
1167 1612 1218 1631 non
1241 1604 1350 1637 frustra,
1366 1613 1414 1632 nec
1437 1605 1495 1632 sine
1511 1613 1589 1632 causa
1611 1606 1742 1641 principio
1755 1607 1825 1634 dicc-

1038 1649 1108 1682 bam,
1121 1658 1180 1677 cttm
1193 1658 1284 1677 amore
1297 1651 1393 1684 quietis
1406 1656 1432 1677 ct
1444 1650 1642 1685 tranquillitatis
1655 1652 1822 1679 solitudinem

1037 1695 1101 1722 locis
1115 1695 1294 1729 frequentibus
1308 1696 1464 1730 pra-tulisse.
1479 1696 1592 1723 Attende
1606 1697 1675 1723 enim
1691 1698 1824 1731 quomodo
1842 1699 1848 1705 '

1035 1746 1059 1768 et
1078 1749 1147 1767 nttnc
1166 1740 1261 1767 videns
1285 1746 1404 1775 pastores
1426 1740 1578 1774 confligere,
1594 1741 1683 1768 statim
1707 1742 1733 1768 in
1749 1742 1824 1768 initio

1036 1793 1120 1815 tentat
1132 1788 1299 1823 restinguere
1321 1789 1470 1815 incendium
1485 1788 1556 1823 quod
1577 1794 1730 1823 erupturum
1745 1794 1801 1817 erat
1812 1809 1822 1822 ,

1034 1839 1061 1860 et
1079 1834 1277 1860 eoiitentioncm
1300 1833 1385 1860 sedat.
1404 1834 1519 1861 Debebat
1542 1834 1612 1861 enim
1640 1835 1706 1869 ipse,
1731 1840 1822 1869 utpote

1034 1879 1156 1905 omnibus
1175 1878 1323 1905 Palmstina:
1343 1879 1434 1905 incolis
1448 1880 1585 1913 sapientia:
1600 1879 1692 1906 doctor
1706 1881 1799 1907 tnissus
1812 1902 1820 1910 ,

1034 1925 1130 1951 nullam
1145 1924 1293 1951 oll'cndiculi
1315 1924 1379 1951 dare
1392 1925 1571 1958 occasionem,
1586 1925 1625 1952 vel
1641 1933 1731 1952 ansam
1754 1934 1819 1952 con-

1033 1970 1137 2002 cedere,
1150 1970 1196 1997 sed
1219 1977 1322 1997 morttm
1339 1970 1447 1997 lenitate
1467 1971 1529 1997 tuba
1543 1971 1639 1998 clarius
1654 1979 1745 1997 omnes
1759 1979 1820 1998 eru-

1033 2015 1100 2048 dire,
1117 2020 1143 2042 et
1153 2023 1207 2042 sua:
1218 2014 1423 2043 virtutis'facere
1436 2016 1594 2043 imitatores.
1612 2016 1652 2043 Ne
1665 2017 1707 2049 sit,
1724 2017 1817 2051 inquit,

1032 2061 1087 2087 rixa
1102 2062 1165 2088 inter
1180 2069 1218 2087 me
1226 2067 1248 2087 et
1262 2066 1294 2093 te,
1305 2062 1374 2088 intef
1382 2067 1494 2096 pastores
1506 2070 1572 2088 meo:
1586 2067 1609 2088 et
1622 2068 1687 2095 tuos,
1700 2063 1817 2097 quoniam

1032 2107 1143 2132 homines
1158 2107 1248 2141 fratres
1262 2115 1359 2134 sumus.
1375 2107 1455 2134 Multa
1471 2107 1612 2134 verborum
1628 2107 1731 2139 lenitas,
1748 2106 1818 2134 Inter

1032 2159 1070 2178 me
1082 2156 1105 2177 et
1120 2156 1152 2178 te.

1065 2197 1091 2224 5.
1109 2197 1181 2224 "ira:
1196 2201 1219 2224 et
1232 2198 1400 2225 contentiones
1412 2198 1530 2225 vitanda.
1541 2212 1576 2217 —
1587 2197 1730 2225 Considera
1749 2206 1815 2233 quo-

1031 2242 1109 2269 modo
1124 2243 1148 2270 ei
1165 2243 1279 2277 loquitur
1293 2250 1341 2270 ceu
1364 2243 1463 2270 honore
1482 2243 1537 2278 pari
1554 2251 1560 2274 ;
1582 2245 1703 2278 quamvis
1722 2244 1816 2278 opinor

1030 2296 1082 2314 non
1093 2288 1198 2314 aliunde
1212 2288 1284 2315 rixas
1297 2287 1376 2315 fuisse
1386 2293 1506 2321 exortas,
1521 2297 1599 2324 quam
1611 2289 1681 2323 quod
1695 2295 1815 2323 pastores

1029 2334 1186 2368 patriarcha:
1210 2341 1262 2361 non
1276 2335 1446 2368 permiserint
1461 2335 1511 2362 illis
1526 2335 1618 2363 eadem
1633 2335 1737 2362 licentia
1751 2336 1812 2368 frui,

1027 2388 1078 2414 qna
1094 2381 1153 2415 ipsi.
1176 2380 1228 2407 Sed
1248 2381 1336 2415 justus
1349 2381 1513 2415 mquabiliter
1531 2383 1619 2408 omnia
1638 2382 1711 2416 facit,
1729 2383 1814 2416 speci-

1027 2434 1087 2453 men
1104 2427 1224 2460 praabcns
1246 2427 1390 2454 eminentis
1414 2434 1469 2454 sua:
1493 2427 1637 2461 patientia},
1662 2435 1693 2454 ac
1714 2428 1813 2454 docens

1026 2479 1078 2497 non
1100 2476 1200 2498 tantum
1216 2477 1371 2506 prmscnles,
1386 2472 1431 2499 sed
1453 2477 1573 2506 DOSICFOS
1595 2473 1674 2499 etiam
1696 2480 1789 2500 omnes
1803 2493 1812 2506 ,

1025 2525 1168 2552 numquam
1194 2525 1254 2545 esse
1279 2517 1481 2549 admittendum,
1511 2523 1538 2545 ut
1563 2519 1646 2545 nostri
1668 2518 1810 2546 familiares

1022 2570 1084 2591 cum
1111 2563 1237 2597 proximis
1261 2563 1433 2590 contendant.
1461 2563 1527 2590 Nam
1558 2572 1650 2591 eorum
1678 2565 1812 2591 contentio

1024 2615 1145 2641 magnam
1158 2607 1234 2634 nobis
1255 2607 1330 2634 affert
1352 2608 1532 2642 ignominiam.
1548 2613 1575 2635 et
1591 2616 1643 2635 non
1659 2609 1710 2636 illis
1725 2609 1811 2643 impu-

1024 2658 1112 2680 tantttr
1124 2661 1182 2688 quae
1196 2654 1271 2684 ﬁunt.
1286 2654 1332 2680 sed
1348 2655 1372 2680 in
1388 2662 1435 2680 nos
1449 2655 1608 2681 transfertur
1627 2655 1808 2687 reprehensio.

1022 2698 1160 2731 Quomodo
1180 2699 1250 2725 enim
1272 2699 1367 2725 rationi
1390 2703 1599 2726 consentaneum
1620 2699 1664 2731 sit,
1689 2699 1810 2726 homines

1022 2743 1066 2778 qui
1083 2743 1177 2769 fratres
1191 2747 1268 2775 sunt.
1285 2744 1329 2779 qui
1355 2745 1477 2771 eamdem
1501 2750 1622 2772 naturam
1643 2746 1740 2775 sortiti,
1764 2747 1808 2780 qui

1023 2790 1140 2825 ejusdem
1164 2796 1225 2818 sunt
1250 2791 1367 2824 familia',
1391 2793 1435 2827 qui
1461 2798 1594 2828 tamquam
1624 2793 1753 2827 peregrini
1781 2795 1807 2819 et
