2055 3123
199 137 253 164 30'.)

197 193 339 229 ⁴παροικεῖν
363 190 479 218 ἐνταῦθα
495 189 652 226 μέλλοντας,
681 190 721 222 είς
737 188 870 224 τοσαύτην
884 188 1033 223 ἐμπίπτειν

196 237 372 272 φιλονεικίαν,
390 235 546 269 ὀφείλοντας
561 234 725 266 ἐπιεικείας,
743 234 790 260 καὶ
807 233 971 268 πραΰτητος,
987 233 1035 259 καὶ

197 280 356 315 φιλοσοφίας
381 280 491 314 ἀπάσης
514 278 691 309 διδασκάλους
723 276 904 303 καθίστασθαι
929 276 1034 307 τούτοις

197 325 297 356 quia“;
321 323 504 349 ’Δκουέτωσαν
515 321 601 348 ταῦτα
613 322 636 347 οί
651 320 807 355 νομίζοντες
825 319 877 351 ἐξω
889 319 1035 354 τυγχάνειν

197 367 388 403 ἐγκλημάτων.
398 366 506 392 ἐπειδὰν
517 366 579 396 τοὺς
589 365 679 396 αὐτοῖς
690 363 875 399 προσήκοντας
887 362 1034 398 περιορῶσι

196 413 241 439 διά
258 413 306 447 τὴν
334 411 402 447 πρὸς
427 410 526 441 αὐτοὺς
544 409 698 443 οἰκειότητα
722 407 905 443 ἁρπάζοντας,
925 405 1036 432 πλεονε-

198 455 337 487 κτοῦντας,
355 455 439 490 μυρία
463 453 536 480 κακά
561 451 738 483 διατιθέντας,
763 450 811 476 καὶ
825 450 854 476 ἐν
870 448 974 480 πόλεσι,
990 450 1034 475 καὶ

164 502 169 507 ’
197 501 226 526 ἐν
240 500 343 534 ἀγροῖς,
357 498 420 529 τοὺς
433 497 524 528 αὐτοῖς
535 495 721 530 γειτνιῶντας,
738 494 786 521 καὶ
798 492 1037 529 παρασπωμένσυς

196 544 244 570 τοῦ
260 543 309 578 μιν
324 543 370 569 τὸν
384 541 480 577 ἀγρὸν,
491 540 539 567 τοῦ
551 539 579 566 δέ
595 539 644 574 τὴν
656 539 754 569 οίκίαν,
767 537 814 564 καὶ
825 536 911 572 ταύτῃ
928 535 1036 562 πλείονα

199 587 299 622 μᾶλλον
315 586 364 622 τὴν
374 584 480 612 εὔνοιαν
495 585 559 619 περὶ
574 584 673 614 αὐτοὺς
694 580 921 616 ἐπιδεικνύμενοι.
936 580 968 606 El
983 579 1036 614 γὰρ

198 631 244 657 καὶ
259 630 352 664 ἐτέρου
367 629 397 656 τὸ
413 629 463 663 τῆς
478 628 586 659 ἀδικίας
603 627 682 662 ἔργον
695 625 740 661 ἦν,
755 624 812 652 ἀλλ’
829 622 910 656 αὐτὸς
925 623 1036 650 ἐκοινώ-

197 682 281 709 νησας
293 673 340 700 τοῦ
360 673 532 708 πράγματος,
550 671 580 698 οὺ
596 671 675 706 μόνον
691 670 730 705 τῷ
748 665 893 704 ἐφήδεσθαι
908 667 946 703 τῷ
957 675 1038 702 γεγε-

198 717 318 752 νημένῳ,
329 717 376 744 καὶ
392 716 511 751 νομίζειν
524 716 555 742 ἐκ
570 714 664 741 τούτου
675 722 715 740 σοι
731 713 779 748 τὴν
795 712 889 738 οὐσίαν
897 708 1036 744 αὔξεσθαι,

199 762 245 788 καὶ
263 761 311 796 τὴν
327 759 484 795 περιουσίαν
503 759 612 786 πλείονα
629 757 765 792 γενέσθαι,
787 754 854 784 ἀλλὰ
879 756 927 782 καὶ
940 755 979 790 τῷ
999 755 1036 790 μὴ

199 805 319 832 κωλῦσαι
337 803 487 840 μέλλουσαν
503 802 551 838 τὴν
565 801 672 829 ἀδικίαν
685 802 725 833 εἰς
739 801 820 836 ἔργον
839 798 984 826 ἐκϐαίνειν.
1007 799 1037 825 Ὀ

200 850 253 884 γὰρ
271 840 418 883 δυνάμενος
436 847 557 873 κωλῦσαι
580 844 626 872 τὸν
650 841 806 875 ἀδικοῦντα,
823 843 870 870 καὶ
897 842 934 878 μὴ
960 842 1038 869 τοῦτο

200 891 295 923 ποιῶν,
310 891 358 917 οὐκ
373 890 483 917 ἐλαττον
499 888 546 916 τοῦ
561 888 717 920 ἀδικοῦντος
732 888 782 919 τάς
800 885 914 918 εὐθύνας
933 885 1036 920 ὑφέξει.

235 943 281 979 Μὴ
291 942 381 970 τοίνυν
391 941 540 977 ἀπατῶμεν
551 942 673 973 ἑαυτοὺς,
684 939 845 976 παρακαλῶ,
857 938 924 965 ἀλλά
934 937 981 964 καὶ
991 937 1039 964 αὑ-

198 987 240 1013 τοὶ
250 985 395 1021 φεύγωμεν
404 985 453 1018 τὰς
463 982 601 1020 ἁρπαγὰς,
610 985 660 1015 τὰς
671 983 836 1015 πλεονεξίας,
846 982 892 1009 καὶ
902 982 933 1008 τὸ
943 982 976 1008 ἐκ
984 982 1039 1008 τῶν

198 1030 327 1057 τοιούτων
336 1029 429 1062 αὔξειν
439 1028 504 1065 ἡμῖν
515 1028 563 1064 τὴν
574 1027 743 1064 περιουσίαν,
755 1027 802 1054 καὶ
810 1027 873 1058 τοὺς
883 1025 949 1060 ἡμῖν
959 1033 1040 1060 προσ-

199 1073 316 1108 ήκοντας
326 1071 497 1107 παιδεύωμεν
509 1071 592 1107 μηδὲν
602 1070 706 1097 τοιοῦτο
716 1068 889 1105 ἐργάζεσθαι.
907 1068 975 1095 οὐδὲ
985 1067 1039 1102 γὰρ

199 1117 360 1148 ἀνευθύνους
371 1117 445 1152 ἡμᾶς
455 1115 534 1143 τοῦτο
543 1113 665 1150 ἀφίησιν,
677 1114 745 1141 ἀλλά
761 1113 871 1140 πλείονα
889 1112 938 1148 τὴν
957 1111 1036 1138 κατά-

199 1170 289 1197 κρισιν
307 1160 472 1196 ἐργάζεται·
494 1159 561 1195 πρὸς
585 1159 638 1194 γὰρ
665 1159 713 1194 τὴν
737 1157 874 1193 ἡμετέραν
892 1154 1040 1191 ἀρέσκειαν

199 1206 298 1232 ἐκεῖνοι
317 1205 365 1241 τὴν
383 1204 487 1230 ἑαυτῶν
506 1201 676 1237 προδιδόντες
695 1201 848 1238 σωτηρίαν,
867 1201 917 1236 τὴν
933 1200 1039 1228 ἀδικίαν

199 1248 331 1284 τολμῶσι,
344 1247 413 1282 μετά
429 1246 478 1282 τῆς
495 1245 600 1273 ἑαυτῶν
610 1243 749 1276 ἀπωλείας
759 1245 806 1272 καὶ
815 1245 890 1280 ἡμᾶς
900 1251 1039 1278 συγκατα-

200 1292 331 1323 σπῶντες.
342 1292 373 1318 Et
389 1291 418 1317 δέ
436 1289 586 1326 βουλόμεθα
596 1290 702 1325 νήφειν,
713 1289 760 1316 καὶ⁵
769 1287 847 1316 αὐτοὶ
857 1288 906 1324 τῆς
916 1287 1040 1314 ἐντεῦθεν

200 1335 231 1361 λύ
236 1344 288 1370 μης
298 1333 546 1369 ἀπαλλαγησόμεθα
557 1353 564 1364 ,
576 1332 720 1364 κάκείνους
730 1332 921 1366 ἀποστήσομεν
932 1331 982 1366 τῆς
991 1339 1040 1357 κα-

200 1378 252 1408 κῆς
263 1378 470 1413 ἐπιχειρήσεως,
482 1377 537 1404 Καὶ
556 1376 592 1412 μή
611 1384 656 1411 μοι
672 1375 734 1409 λέγε
744 1375 778 1402 τὰ
787 1374 879 1410 ψυχρά
889 1372 980 1401 ἐκεῖνα
991 1373 1040 1409 ῥή-

202 1431 275 1458 ματα
285 1432 290 1437 ·
302 1421 385 1448 Οὐδέν
397 1430 441 1457 μοι
453 1421 537 1456 μέλει.
549 1421 594 1456 Μὴ
605 1420 660 1456 γὰρ
670 1419 725 1454 ἐγὼ
735 1419 974 1454 παρεσΜσάμηνδ
988 1416 1041 1445 Οὗ-

200 1467 244 1492 δέν
253 1464 311 1492 οἶδα
322 1474 328 1481 ⁸
341 1466 433 1501 ἕτερος
445 1465 602 1500 εἰργάσατο,
620 1464 670 1490 οὐκ
688 1463 854 1498 ἐκοινώνησα
862 1463 913 1498 τῆς
923 1462 1038 1494 ἀδικίας.

201 1510 303 1544 Σκῆψις
312 1509 397 1536 ταῦτα
407 1507 455 1535 καλ⁸
465 1508 612 1543 πρόφασις.
625 1508 656 1534 Εἰ
669 1507 757 1542 βούλει
765 1507 849 1539 δεῖξαι
859 1507 899 1533 ὅτι
910 1507 960 1534 οὒκ
970 1506 1041 1533 ἐκοι-

199 1553 324 1589 νώνησας
334 1553 382 1588 τῆς
392 1552 509 1583 ἀδικίας.
520 1552 566 1578 καὶ
576 1552 607 1578 οὐ
618 1550 799 1587 συνέπραξας,
811 1551 916 1585 καὶτῆς
929 1551 1040 1577 πλεονε-

202 1596 227 1629 ξ’
229 1606 261 1628 ας
271 1597 301 1623 οὺ
311 1596 425 1631 γέγονας
436 1595 566 1631 ἐργάτης,
578 1595 722 1631 διόρθωσαι
731 1595 762 1621 τὸ
771 1594 892 1629 γεγονὸς,
911 1592 1041 1630 παραμύ-

202 1641 282 1675 οησαι
292 1640 336 1666 τὸν
347 1639 520 1674 ἠδικημένον,
532 1637 630 1670 ἀπόδος
646 1639 680 1665 τὰ
697 1638 887 1674 ἀφαιρεθέντα.
899 1634 978 1664 υΰτω
987 1637 1041 1673 γάρ

202 1684 250 1710 καὶ
261 1683 357 1717 σαυτὴν
368 1682 561 1718 ἐλευθερώσεις
572 1682 764 1718 ἐγκλημάτων,
782 1681 882 1708 καὶτὸν
893 1679 1041 1717 ἠδικηκότα

201 1727 346 1764 διορθώσῃ,
357 1725 447 1759 δείξας
465 1724 503 1759 ὠς
522 1726 553 1753 οὺ
573 1726 644 1754 κατά
660 1724 772 1761 γνώμην
783 1733 830 1752 σου
840 1725 874 1753 τὰ
884 1725 948 1761 παρ’
959 1723 1041 1752 αὑτοῦ

203 1770 371 1806 πέπρακται,
390 1770 439 1797 καὶ
456 1770 501 1797 τὸν
519 1769 623 1806 πένητα
642 1769 837 1804 παρακαλέσας
855 1769 906 1796 οὑκ
924 1766 1041 1804 ἀφήσεις

203 1813 256 1840 ὑπὸ
273 1814 322 1849 τῆς
341 1814 458 1849 ἀθυμίας
475 1813 674 1849 καταποθῆναι,
684 1813 717 1848 ἠν
727 1813 770 1840 διὰ
780 1813 828 1848 τὴν
838 1811 982 1848 ἀφαίρεσιν
992 1811 1042 1847 ὑφ-

205 1857 329 1884 ίστασθαι
339 1857 446 1893 ἔμελλε.
458 1855 486 1883 Μ
489 1856 506 1891 ἡ
520 1856 609 1889 ἔστω,
619 1857 694 1892 φησὶ,
704 1855 787 1891 μάχη
797 1854 855 1883 ἀνὰ
860 1855 959 1890 μέσον
968 1856 1042 1891 ἐμοῦ

203 1902 253 1928 καὶ
272 1901 342 1933 σοῦ,
355 1901 404 1928 καὶ
425 1900 485 1928 τῶν
504 1900 653 1936 ποιμένων
668 1908 728 1934 μου
748 1900 796 1926 καὶ
817 1899 877 1926 τῶν
894 1900 1042 1934 ποιμένων

203 1953 273 1977 σου,
283 1944 328 1971 ὅτι
339 1943 487 1978 ἄνθρωποι
497 1944 621 1979 ἀδελφοί
632 1943 717 1978 ἡμεῖς
725 1943 828 1977 ἐσμεν.
836 1941 913 1975 Εἶδες
923 1944 1043 1979 πραΰτη-

203 1997 238 2015 τα
247 1998 253 2003 ·
267 1987 336 2020 είδες
347 1988 512 2022 ἐπιείκειαν;
525 1988 624 2015 Ἄκουε
634 1987 743 2014 καὶτῶν
753 1986 828 2021 ἑξῆς,
840 1987 884 2013 ἵνα
895 1986 983 2023 μάθῃς
994 1987 1043 2014 αὑ-

203 2032 250 2059 τοῦ
259 2032 309 2068 τῆς
319 2032 476 2067 φιλοσοφίας
487 2032 536 2068 τὴν
546 2031 708 2068 ὑπερϐολήν.
720 2031 783 2063 Πῶς
793 2028 839 2058 οὖν
849 2031 883 2058 τά
891 2031 940 2066 τῆς
952 2031 1042 2066 μάχης

204 2076 281 2103 λύσιν
299 2076 381 2112 λάϐῃ,
393 2076 440 2103 καὶ
461 2076 562 2111 σϐεσθῇ
573 2076 607 2102 τὰ
615 2077 665 2111 τῆς
676 2075 841 2110 φιλονεικίας
851 2084 858 2107 ;
874 2075 947 2102 Ἰδοὺ
958 2074 1042 2102 πᾶσα

204 2122 224 2155 ἡ
246 2121 294 2157 γῆ,
313 2123 405 2158 φησιν,
420 2122 560 2149 ἐναντίον
581 2129 639 2148 σου
658 2121 736 2148 ἐστι.
759 2121 970 2155 Διαχωρίσθητι
991 2120 1042 2147 ἀπ’

204 2165 278 2200 ἐμοῦ
288 2174 294 2180 ·
306 2166 333 2192 εί
351 2165 393 2192 σὺ
411 2166 455 2198 είς
474 2165 624 2199 ἀριστερὰ,
637 2165 695 2200 ἐγὼ
704 2166 747 2198 εις
757 2164 840 2197 δεξιά
849 2172 856 2179 ⁸
867 2165 893 2190 εί
903 2163 936 2190 δὲ
947 2163 988 2190 σὺ
999 2165 1042 2197 είς

204 2207 300 2240 δεξιὰ,
312 2207 369 2242 ἐγὼ
378 2209 422 2241 εις
433 2207 583 2242 ἀριστερά.
595 2208 695 2235 Σκόπει
705 2207 751 2234 τοῦ
761 2207 865 2234 δικαίου
874 2206 923 2242 τὴν
934 2207 1041 2241 φιλοσο-

206 2252 271 2286 φίαν
285 2251 332 2278 καὶ
347 2251 397 2286 τῆς
411 2251 660 2288 ταπεινοφροσύνης
669 2251 719 2287 τὴν
729 2251 863 2277 ἐπίτασιν.
875 2251 931 2286 Πρὸ
939 2250 969 2277 δέ
978 2250 1040 2277 τού-

205 2304 258 2322 των
268 2294 353 2322 ἐννόει
365 2304 421 2330 μοι,
431 2293 567 2330 ἀγαπητὴ
579 2295 628 2330 ὅση
639 2294 684 2321 τοῦ
695 2293 810 2321 πλούτου
822 2293 838 2329 ἡ
848 2294 985 2330 λύμη,κα“ι
992 2294 1042 2329 τῆς

205 2339 364 2376 περιουσίας
384 2339 434 2374 τῆς
455 2339 554 2373 πολλῆς
565 2338 580 2374 ἡ
592 2336 718 2374 διαφορά.
735 2336 846 2373 Ηύξήθη
864 2339 898 2365 τὰ
917 2338 1040 2374 ποίμνια,

205 2381 384 2419 προσεγένετο
394 2382 507 2414 πλοῦτος
517 2381 590 2419 [536]
599 2382 692 2414 πολὺς,
701 2382 748 2408 καὶ
758 2381 857 2414 εὐθέως
867 2382 1042 2409 διακόπτεται

205 2428 222 2463 ή
234 2427 344 2462 ὁμόνοια
353 2435 359 2441 ·
371 2427 419 2453 καὶ
429 2426 492 2453 ἔνθα
502 2424 536 2461 ἦν
546 2426 562 2461 ἡ
572 2426 668 2462 είρήνη
678 2426 725 2452 καὶ
733 2426 748 2452 ό
757 2425 904 2461 σύνδεσμος
913 2426 961 2461 τῆς
972 2426 1042 2460 ἀγά-

206 2479 271 2506 πης,
283 2470 340 2497 ἐκεῖ
351 2470 423 2505 μάχη
434 2470 481 2497 καὶ
491 2469 741 2504 φιλονεικία.⁸’οπου
752 2469 806 2505 γὰρ
822 2469 852 2496 τὸ
871 2469 936 2504 ἐμὸν
955 2469 1003 2496 καὶ
1012 2470 1043 2497 τὸ

206 2515 263 2545 σδιν.
282 2514 341 2541 ἐκεῖ
359 2515 434 2540 πᾶσα
453 2514 543 2549 μάχης
562 2513 628 2545 ἰδέα,
649 2513 696 2540 καὶ
714 2513 879 2547 φιλονεικίας
897 2513 1040 2545 ὑπόθεσις·

205 2558 270 2584 ἔνθα
287 2558 316 2584 δέ
333 2558 412 2585 τοῦτο
431 2558 468 2593 μὴ
488 2556 516 2594 ᾖ,
526 2558 561 2584 τὰ
574 2558 625 2593 τῆς
637 2557 764 2593 ὁμονοίας
773 2557 820 2584 καὶ
829 2557 863 2584 τά
871 2558 921 2592 τῆς
931 2557 1043 2592 εἰρήνης

207 2602 275 2636 μετὰ
287 2601 378 2636 πάσης
387 2601 530 2636 ἀκριϐείας
540 2600 718 2628 πολιτεύεται,
729 2601 784 2628 Καὶ
794 2598 837 2627 ἵνα
848 2601 947 2637 μάθῃς,
959 2600 1042 2628 ἀκουε

206 2645 232 2671 τί
243 2654 326 2680 φησιν
343 2645 357 2672 ό
374 2645 510 2680 μακάριος
520 2645 626 2677 Λουκᾶς
636 2645 762 2681 περὶτῶν
772 2644 801 2677 ἐξ
810 2645 898 2680 ἀρχῆς
907 2643 940 2680 τῇ
952 2644 1041 2671 πίστει

206 2687 452 2724 προσιόντωνῘΙΙν,
465 2687 542 2724 φησὶ,
559 2688 680 2716 πάντων
690 2689 709 2723 ἡ
722 2688 828 2722 καρδία
845 2687 894 2714 καὶ
915 2688 934 2722 ἠ
955 2687 1041 2722 ψυχὴ

203 2733 276 2767 μία·
294 2732 344 2759 οὐκ
362 2732 455 2769 ἐπειδὴ
471 2733 560 2768 ψυχὴν
572 2732 635 2768 μίαν
653 2730 726 2768 εἶχον
744 2731 931 2767 πάντες(πῶς
940 2731 994 2767 γὰρ
1012 2733 1041 2758 ἐν

205 2777 343 2812 διαφόροις
355 2777 475 2812 σώμασιν
485 2776 560 2809 ὄντες
570 2786 576 2805 :
588 2777 608 2811 ),
626 2776 692 2803 ἀλλὰ
708 2776 755 2812 τὴν
769 2775 966 2811 ἐπιτεταμένην
977 2774 1028 2809 όμό

206 2828 279 2847 νοιαν
288 2821 354 2855 ἡμῖν
363 2821 490 2848 δείκνυσι.
504 2821 559 2848 Καὶ
569 2821 593 2847 εὶ
604 2820 640 2855 μὴ
653 2820 754 2855 σφόδρα
766 2818 941 2854 μακρόθυμός
950 2827 992 2850 τις
1008 2816 1041 2854 ἦν

207 2863 341 2897 ὁδίγαιος.
354 2867 400 2893 καὶ
419 2866 572 2903 φιλοσοφεῖν
586 2864 674 2897 εἰδὼς,
687 2864 733 2891 καὶ
749 2863 914 2900 ἐχαλέπηνεν
933 2862 976 2894 ἂν,
994 2863 1042 2890 καὶ

581 102 621 160 .S.
641 129 786 160 JOANNIS
804 127 1053 158 CHRYSOSTOMI
1071 122 1234 155 ARCIIIEP.
1255 123 1530 154 CONSTANTINOP.

1875 119 1926 148 310

1090 184 1149 212 εἶπε
1171 185 1238 220 πρὸς
1257 182 1346 211 αὐτόν·
1367 183 1450 217 Τίςνὴ
1470 180 1588 215 τοσαύτη
1609 177 1750 215 παροινίας
1763 177 1853 208 Ὃλως
1873 177 1924 212 γὰρ

1087 230 1239 264 ἐτόλμησαν
1258 228 1283 254 οἱ
1302 225 1487 263 προσήκοντές
1507 233 1548 250 σοι
1567 223 1659 258 διᾶραι
1678 221 1765 256 στόμα
1785 221 1854 256 πρὸς
1866 221 1925 252 τοὺς

1087 273 1149 308 ἐμοὶ
1158 272 1336 307 διαφέροντας
1349 279 1356 301 ;
1375 270 1422 297 καὶ
1437 269 1487 296 οὐκ
1497 267 1651 302 ἐνενόησαν,
1663 266 1724 292 ὅσον
1734 266 1765 292 τὺ
1776 263 1858 300 μέσον
1870 265 1926 291 ἐστὶ

1089 317 1190 353 μεταξὺ
1201 316 1294 351 ὴμῶν;
1306 314 1390 342 Πόθεν
1401 314 1455 349 γάρ
1465 321 1506 339 σοι
1516 312 1549 339 τά
1559 311 1608 346 τῆς
1618 310 1748 346 εὐπορίας
1759 309 1861 343 ταύτης
1873 309 1925 342 ‘7:-

1088 361 1218 395 γένηται;
1235 360 1284 387 οὐκ
1300 360 1332 385 ἐκ
1350 358 1400 394 τῆς
1416 357 1485 392 ἐμῆς
1502 354 1740 391 κηδεμονίαςςΤίς
1751 354 1779 380 δέ
1791 362 1820 379 σε
1832 354 1871 384 εἰς
1882 353 1926 379 ἀν-

1088 403 1214 440 θρώπους
1231 403 1347 438 ὀφθῆναι
1365 401 1533 436 πεποίηκεν;
1552 399 1602 426 οὐκ
1621 397 1676 433 ἐγὼ
1695 398 1755 425 ἀντὶ
1767 397 1876 424 πάντων
1887 405 1926 423 σοι

1087 439 1218 483 γεγονὼς,
1229 447 1276 474 καὶ
1286 447 1336 482 τὴν
1346 445 1448 480 πατρός
1459 453 1500 471 σοι
1510 443 1604 478 χρείαν
1614 441 1659 468 διὰ
1669 442 1779 468 πάντων
1794 439 1926 472 ἐπιδειξά-

1090 499 1170 526 μενος
1179 499 1187 524 ;
1197 489 1303 521 Ταύτας
1315 497 1359 525 μοι
1369 488 1418 520 τὰς
1429 484 1546 522 ἀμοιϐὰς
1556 485 1688 516 ἀποδίδως
1697 485 1747 520 τῆς
1758 483 1858 518 πολλῆς
1866 483 1927 518 περὶ

1090 535 1119 561 σέ
1138 533 1304 570 θεραπείας;
1329 532 1422 559 Ταῦτα
1441 528 1558 562 ἐλπίζων
1576 527 1714 564 πανταχοῦ
1735 534 1764 554 σε
1785 527 1842 562 μετ’
1863 527 1927 562 ἐμοῦ

1093 569 1238 614 περιῆγον;
1257 575 1444 609 Ἐστω,οὐδὲν
1460 575 1514 601 τῶν
1533 569 1716 610 ὑπηργμένων
1735 581 1776 599 σοι
1787 571 1852 606 παρ’
1863 571 1928 614 ἐμοῦ

1090 623 1129 654 εἰς
1149 622 1253 649 ἔννοιαν
1270 620 1365 652 ἔλαϐες
1375 628 1382 636 ’
1399 619 1450 647 κάν
1461 628 1511 654 μου
1521 617 1586 652 γοῦν
1595 618 1626 644 τὺ
1635 617 1723 652 γῆρας
1734 613 1890 650 αἱδεσθῆναί
1902 623 1928 640 σε

1089 667 1140 693 οὑκ
1149 665 1243 701 ἐχρῆν,
1254 665 1302 692 καὶ
1311 662 1424 700 τιμῆσαι
1434 663 1484 694 τὰς
1494 662 1590 694 πολιὰς
1599 662 1649 692 τὰς
1659 661 1729 696 ἐμάς
1739 669 1746 693 ;
1763 659 1844 686 ’Λλλά
1855 667 1930 694 περι-

1089 710 1159 742 εῖδες
1174 709 1237 741 τοὺς
1253 706 1387 744 ποιμένας
1397 707 1459 739 τοὺς
1470 706 1534 737 σοὺς
1544 704 1778 742 ἐμπαροινοῦντας
1789 706 1845 735 τοῖς
1856 705 1930 738 ἐμοῖς

1090 753 1228 789 ποιμέσιν,
1237 753 1287 779 οὐκ
1297 752 1374 783 είδὼς
1384 752 1424 778 ὅτι
1435 751 1555 785 ὥσπερὴ
1567 750 1605 781 είς
1614 749 1734 781 ἐκείνους
1744 748 1821 783 ὕϐρις
1832 749 1872 779 είς
1881 747 1931 782 ἐμὲ

1090 796 1311 831 διαϐαίνει,οὓτω
1321 796 1368 823 καὶ
1378 797 1395 831 ή
1406 795 1516 822 ἐκείνων
1527 794 1678 831 προπέτεια
1688 794 1727 825 είς
1738 791 1767 819 σὲ
1777 792 1825 828 τὴν
1834 791 1931 826 ἀναφο-

1093 842 1142 878 ρὰν
1152 842 1219 877 εχει.

1125 894 1157 922 δ’.
1179 893 1249 921 Ἀλλ’
1259 893 1334 921 οὐδὲν
1342 893 1444 920 τούτων
1454 893 1468 920 ὁ
1476 892 1580 923 δίκαιος
1590 890 1651 918 οὔτε
1662 890 1701 922 είς
1710 889 1830 917 διάνοιαν
1839 889 1931 915 λαϐεῖν

1091 937 1262 970 κατεδέξατο,
1273 937 1341 964 ἀλλά
1359 937 1448 964 πάντα
1464 931 1584 963 τοιοῦτον
1600 934 1729 969 λογισμὸν
1739 933 1930 968 ἀπωσάμενος,

1092 981 1151 1015 ἐνὸς
1167 983 1270 1017 γίνεται
1289 983 1381 1018 μόνου,
1393 982 1468 1013 ὅπως
1483 981 1530 1008 καὶ
1545 980 1595 1016 τὴν
1606 979 1756 1015 μέλλουσαν
1766 977 1930 1011 ἐξάπτεσθαι

1092 1025 1259 1061 φιλονεικίαν
1268 1025 1435 1061 κατασϐέσῃ,
1446 1024 1547 1052 καὶτὸν
1556 1023 1694 1059 χωρισμὸν
1704 1023 1814 1054 ἀλύπως
1824 1022 1931 1057 ἐπινοή-

1093 1079 1144 1102 σας
1159 1069 1250 1104 πάσης
1265 1069 1389 1105 ταραχῆς
1407 1067 1484 1100 ὲκτδς
1500 1069 1602 1104 ποιήσῃ
1611 1069 1660 1103 τὴν
1670 1067 1768 1094 οἰκίαν.
1781 1068 1843 1093 οὐκ
1855 1066 1930 1099 ἰδοὺ,

1093 1113 1170 1149 φησι,
1181 1113 1265 1141 πᾶσα
1284 1115 1302 1147 ἡ
1323 1113 1361 1148 γῆ
1383 1113 1523 1140 ἐναντίον
1540 1119 1600 1139 σου
1619 1109 1701 1141 ἐστί;
1720 1111 1932 1145 Διαχωρίσθητι

1092 1157 1143 1184 ἀπ’
1153 1157 1225 1192 ἐμοῦ
1236 1166 1242 1173 ·
1265 1158 1290 1184 ει
1310 1157 1351 1183 σὺ
1368 1158 1411 1189 εις
1420 1155 1513 1188 δεξιὰ,
1525 1155 1582 1190 ἐγὼ
1592 1157 1635 1188 εἰς
1644 1153 1785 1189 ἀριστερά
1795 1163 1801 1169 ·
1813 1155 1838 1181 εὶ
1850 1154 1884 1180 δὲ
1892 1154 1931 1180 σὺ

1091 1201 1144 1233 εις*
1155 1200 1306 1234 ἀριστερὰ,
1320 1199 1377 1234 ἐγὼ
1396 1201 1439 1232 εἰς
1458 1199 1631 1233 ὃεξηί.”ορα
1649 1198 1698 1233 τὴν
1717 1198 1868 1224 ἐπιείκειαν
1887 1196 1931 1223 τοῦ

1091 1244 1208 1271 δικαίου,
1220 1244 1330 1275 Δεικνὺς
1349 1243 1404 1278 γὰρ
1422 1242 1496 1278 αὺτῷ
1505 1242 1549 1269 διὰ
1558 1242 1612 1268 τῶν
1623 1241 1804 1277 πραγμάτων,
1825 1241 1867 1268 ὅτι
1885 1241 1931 1276 οὐχ

1092 1287 1163 1315 ἑκὼν
1171 1286 1250 1314 τοῦτο
1260 1288 1341 1322 ποιεῖ,
1347 1287 1408 1314 οὐδὲ
1419 1284 1579 1322 βουλόμενος
1587 1285 1669 1312 αὑτὸν
1677 1285 1855 1321 χωρισθῆναι,
1866 1285 1932 1312 ἀλλὰ

1092 1330 1136 1359 διὰ
1144 1333 1194 1368 τὴν
1202 1331 1252 1366 τῆς
1262 1330 1427 1366 φιλονεικίας
1437 1330 1572 1366 ἀνάγκην,
1581 1331 1629 1357 καὶ
1638 1330 1708 1356 ὥστε
1719 1329 1756 1365 μὴ
1766 1329 1879 1364 διηνεκῆ
1889 1329 1933 1356 τὸν

1093 1374 1210 1412 πόλεμον
1229 1373 1299 1403 εἶναι
1318 1376 1347 1402 ἐν
1356 1375 1390 1411 τῇ
1400 1375 1484 1410 οἰκίᾳ,
1496 1374 1661 1405 σκόπει”πῶς
1669 1374 1713 1400 διὰ
1722 1373 1775 1399 τῶν
1785 1373 1873 1406 λόγων
1883 1382 1931 1399 κα-

1092 1421 1243 1456 ταπραΰνει
1261 1420 1345 1447 αὑτοῦ
1364 1420 1413 1456 τὴν
1432 1419 1602 1455 φλεγμονὴν,
1621 1419 1668 1445 καὶ
1686 1418 1760 1453 αὐτῷ
1777 1419 1868 1444 πᾶσαν
1886 1417 1934 1453 τὴν

1093 1465 1216 1497 ἐξουσίαν
1233 1464 1325 1491 δίδωσι
1343 1464 1394 1498 τῆς
1412 1463 1539 1499 ἐκλογῆς,
1550 1464 1598 1490 καὶ
1615 1463 1776 1498 προτίθησιν
1794 1462 1871 1498 αὐτῷ
1885 1463 1934 1497 τὴν

1093 1508 1144 1544 γῆν
1155 1508 1276 1540 ἃπασαν,
1287 1508 1333 1535 καί
1344 1517 1427 1543 φησιν
1436 1516 1443 1523 ·
1456 1509 1518 1535 Οὐκ
1538 1507 1603 1534 ιδοὺ
1623 1507 1707 1534 πᾶσα
1717 1507 1735 1540 ἡ
1747 1506 1785 1541 γῆ
1795 1506 1934 1533 ἐναντίον

1093 1560 1168 1584 σου;
1179 1552 1231 1579 Ἦν
1241 1550 1274 1579 ἂν
1285 1551 1378 1588 βούλῃ,
1385 1549 1458 1583 ἐλοῦ,
1467 1548 1545 1584 κάγὼ
1554 1551 1662 1585 ἐκείνην
1672 1549 1856 1584 καταδέξομαι
1866 1550 1933 1585 μετά

1095 1596 1194 1631 πολλῆς
1212 1596 1262 1631 τῆς
1279 1595 1388 1631 ἡδονῆς,
1399 1595 1432 1630 ἣν
1449 1595 1482 1622 ἂν
1499 1594 1579 1626 αὐτὸς
1589 1594 1750 1629 καταλίπῃς.
1762 1594 1878 1629 Μεγάλη
1887 1594 1932 1620 τοῦ

1093 1637 1197 1667 δικαίου
1216 1640 1233 1675 ἡ
1255 1636 1409 1674 φιλοσοφία.
1438 1639 1488 1666 Διά
1507 1638 1616 1666 πάντων
1634 1638 1790 1673 ἀνεπαχθὴς
1811 1637 1932 1672 βούλεται

1093 1685 1222 1719 γενέσθαι
1231 1684 1270 1720 τῷ
1280 1684 1422 1719 ἀδελφιδῷ.
1431 1683 1540 1719 Ἐπειδὴ
1550 1683 1614 1717 γὰρ,
1622 1682 1715 1718 φησὶν,
1723 1683 1792 1718 ὅπερ
1801 1683 1853 1709 οὐκ
1861 1683 1933 1709 ἐϐου-

1088 1728 1191 1765 λόμην,
1202 1729 1281 1756 τοῦτο
1299 1729 1415 1762 γίνεται,
1427 1728 1475 1754 καὶ
1493 1727 1537 1754 ἵνα
1552 1727 1586 1754 τὰ
1597 1727 1647 1762 τῆς
1658 1727 1822 1761 φιλονεικίας
1833 1728 1931 1762 παυθῇ,

1094 1772 1140 1799 τδν
1150 1772 1289 1808 χωρισμὸν
1298 1772 1406 1806 ἀνάγκη
1418 1771 1567 1806 συμϐῆναι·
1579 1770 1623 1797 διὰ
1633 1770 1711 1797 τοῦτό
1722 1779 1751 1797 σε
1762 1770 1858 1805 κύριον
1869 1771 1933 1798 καθ-

1096 1816 1191 1851 ίστημι
1209 1816 1260 1851 τῆς
1270 1816 1413 1851 αἱρέσεως,
1424 1815 1471 1842 καὶ
1480 1815 1529 1850 τὴν
1540 1814 1664 1847 ἐξουσίαν
1675 1823 1716 1840 σοι
1726 1815 1817 1841 πᾶσαν
1826 1815 1932 1850 δίδωμι,

1095 1861 1139 1886 ἴνα
1148 1860 1181 1896 ῆν
1192 1860 1225 1887 ἂν
1235 1860 1351 1896 νομίσῃς
1360 1857 1429 1886 εἶναι
1437 1858 1604 1894 τιμιωτέραν
1611 1859 1673 1893 γῆν,
1682 1857 1790 1893 ἐκείνην
1798 1858 1842 1884 ἐλό
1845 1868 1933 1893 μενος,

1094 1904 1144 1940 τὴν
1161 1904 1258 1939 λοιπὴν
1275 1904 1338 1938 ἐμοὶ
1358 1901 1598 1940 καταλίπῃς.Ἀρα
1618 1903 1650 1930 ἂν
1660 1903 1738 1930 τοῦτο
1748 1904 1860 1938 ποιῆσαί
1870 1903 1932 1930 ποτέ

1094 1957 1137 1980 τις
1146 1947 1307 1979 κατεδέξατο
1317 1947 1385 1982 πρὸς
1394 1947 1513 1982 ὁμήλικα
1523 1946 1647 1981 ἀδελφὸν,
1662 1947 1731 1982 ὅπερ
1740 1947 1754 1973 ό
1765 1947 1934 1982 πατριάρχης

1095 1992 1163 2026 πρὸς
1172 1991 1217 2018 τον
1227 1990 1387 2025 ἀδελφιδοῦν
1397 1990 1553 2023 ἐπεδείξατο
1563 1999 1570 2023 ;
1582 1991 1613 2017 El
1622 1990 1677 2026 γὰρ
1687 1991 1734 2017 καὶ
1744 1991 1826 2022 αὐτὸς
1837 1991 1933 2025 προλα-

1095 2035 1150 2061 ϐὼν
1167 2034 1216 2070 τὴν
1229 2034 1303 2071 [557]
1315 2033 1430 2069 ἐκλογὴν
1450 2034 1645 2069 ποιησάμενος,
1656 2034 1704 2060 καὶ
1713 2034 1748 2061 τά
1757 2035 1881 2069 πρωτεῖα
1889 2035 1933 2061 λα-

1095 2078 1150 2105 ϐὼν
1161 2077 1359 2114 παρεχώρησεν
1370 2077 1466 2112 ἐκείνῳ
1476 2077 1510 2104 τά
1521 2077 1728 2112 ὑπολειφθέντα,
1739 2078 1798 2112 οὐχὶ
1809 2079 1857 2104 καὶ
1865 2078 1935 2104 οὕτω

1096 2122 1166 2157 μέγα
1174 2119 1208 2157 ἦν
1217 2121 1248 2148 τὸ
1259 2122 1324 2156 παρ’
1335 2121 1417 2148 αὑτοῦ
1427 2121 1567 2156 γινόμενον
1580 2130 1587 2154 ;
1610 2121 1679 2147 Ἀλλ’
1689 2122 1765 2157 ὅμως
1776 2121 1934 2156 βουλόμενος

1095 2166 1142 2192 καὶ
1160 2166 1210 2201 τῆς
1229 2165 1330 2201 ἀρετῆς
1348 2164 1434 2197 δεῖξαι
1453 2165 1501 2200 τὴν
1522 2164 1685 2200 ὑπερϐολὴν,
1696 2165 1744 2192 καὶ
1759 2165 1805 2192 τοῦ
1816 2165 1877 2191 νέου
1887 2166 1935 2199 τὴν

1094 2208 1243 2243 ἐπιθυμίαν
1260 2208 1410 2243 ἐμπλῆσαι,
1420 2208 1490 2235 ὥστε
1501 2208 1636 2243 μηδεμίαν
1654 2208 1708 2235 ἀπὸ
1725 2207 1772 2234 τοῦ
1793 2209 1933 2243 χωρισμοῦ

1094 2251 1221 2287 γενέσθαι
1235 2251 1328 2288 λύπης
1347 2252 1485 2287 ἀφορμὴν,
1498 2252 1573 2287 αὑτῷ
1591 2252 1704 2288 προθεὶς
1714 2252 1824 2278 ἀπασαν
1832 2252 1883 2287 τὴν
1893 2252 1934 2284 ἐξ·

1095 2295 1199 2329 ουσίαν,
1211 2296 1293 2331 φησίν
1303 2305 1309 2310 ·
1327 2295 1404 2323 Ἰδοὺ
1415 2295 1499 2323 πᾶσα
1510 2297 1529 2330 ἠ
1543 2296 1580 2331 γῆ
1591 2296 1731 2324 ἐναντίον
1741 2305 1800 2324 σου
1811 2305 1818 2312 ·
1829 2296 1934 2330 διαχω-

1092 2340 1212 2374 ρίσθητι
1231 2340 1282 2367 ἀπ’
1292 2339 1377 2374 ἐμοῦ,
1389 2340 1437 2366 καὶ
1453 2340 1513 2367 οἵαν
1529 2340 1563 2367 ἂν
1584 2340 1665 2376 βούλῃ
1684 2340 1755 2367 ἑλοῦ.
1766 2341 1831 2367 Δέον
1845 2341 1934 2367 τοίνυν

1094 2383 1140 2410 τὸν
1149 2383 1307 2417 ἀδελφιδοῦν
1317 2383 1450 2418 τοσαύτης
1459 2383 1611 2415 ἐπιεικείας
1622 2384 1785 2419 πειραθέντα
1795 2385 1882 2411 ἀντιτι
1887 2384 1934 2418 μῆ-

1095 2435 1141 2453 σαι
1149 2426 1194 2452 τὸν
1205 2426 1378 2462 πατριάρχην
1384 2448 1389 2453 .
1396 2427 1444 2454 καὶ
1455 2427 1554 2462 μᾶλλον
1562 2427 1643 2454 αὐτὸν
1652 2427 1726 2463 αὐτῷ
1734 2428 1934 2463 παραχωρῆσαι

1094 2471 1144 2506 τῆς
1157 2469 1291 2506 αἱρέσεως
1300 2470 1349 2505 τὴν
1359 2471 1486 2506 ἐκλογήν.
1497 2471 1641 2507 Είώθαμεν
1650 2471 1704 2508 γάρ
1714 2481 1772 2504 πως
1781 2471 1900 2503 ἅπαντες
1910 2472 1934 2498 οι

1094 2514 1143 2542 ἄνο
1148 2523 1244 2557 ρωποι,
1253 2515 1363 2542 ἐπειδὰν
1373 2515 1571 2548 ἀντιτείνοντας
1582 2516 1631 2550 μὲν
1642 2515 1740 2551 ἴδωμεν
1750 2517 1813 2547 τοὺς
1825 2515 1934 2552 μέλλον-

1093 2567 1143 2590 τας
1162 2558 1230 2594 πρὸς
1248 2559 1323 2594 ἡμᾶς
1342 2567 1369 2585 τι
1389 2559 1577 2594 διερευνᾶσθαι
1587 2560 1635 2587 καὶ
1644 2559 1861 2594 φιλονεικοῦντας
1879 2561 1934 2592 τοῖς

1095 2601 1238 2637 πρωτείοις
1255 2601 1408 2637 ἐπιπηδᾷν,
1429 2601 1467 2637 μὴ
1486 2602 1630 2637 ἀνέχεσθαι
1649 2602 1843 2635 ἐλαττοῦσθαι,
1861 2603 1934 2638 μηδέ

1095 2645 1224 2672 ἐνδιδόναι
1234 2645 1340 2677 αὐτοῖς⁹
1350 2645 1414 2672 ὅταν
1424 2646 1452 2673 δέ
1463 2646 1693 2682 παραχωροῦντας
1704 2646 1876 2682 θεασώμεθα,
1888 2647 1934 2674 καὶ

1095 2689 1304 2724 καθυφειμένοις
1315 2689 1419 2724 ῥήμασι
1429 2690 1479 2725 τὴν
1489 2690 1612 2723 ἐξουσίαν
1630 2690 1738 2717 ἃπασαν
1748 2691 1815 2726 ἡμῖν
1824 2690 1920 2725 ἐπιτρέ
1927 2705 1934 2711 -

1095 2741 1205 2764 ποντας,
1217 2732 1312 2767 ὥσπερ
1321 2732 1473 2768 αἰδούμενοι
1483 2733 1532 2769 τὴν
1542 2733 1641 2768 πολλὴν
1651 2734 1813 2765 ἐπιείκειαν,
1824 2734 1872 2760 καὶ
1885 2733 1933 2768 τῆς

1095 2776 1259 2811 φιλονεικίας
1269 2775 1453 2817 ἀφιστάμεθα,
1462 2777 1510 2804 καὶ
1520 2777 1600 2804 πάλιν
1610 2777 1833 2813 ἀντιστρέφοντες
1843 2777 1933 2803 πᾶσαν

1095 2820 1144 2854 τὴν
1164 2819 1288 2851 ἐξουσίαν
1307 2820 1534 2856 παραχωροῦμεν,
1545 2821 1596 2847 κᾶν
1614 2821 1735 2848 ἐλάττων
1751 2818 1822 2847 εἶναι
1839 2821 1904 2854 δοκῇ
1919 2820 1934 2846 ὑ

1098 2862 1162 2899 πρὺ;
1174 2863 1246 2898 ἡμᾶς
1256 2862 1477 2899 διερευνώμενος.
1492 2864 1623 2900 Ὀφείλων
1634 2865 1722 2892 τοίνυν
1733 2865 1779 2892 καὶ
1789 2865 1803 2891 ὁ
1813 2863 1875 2891 Λὼτ
1886 2863 1933 2890 ἐπὶ
