2055 3123
238 106 286 137 διι

236 171 296 190 eum
318 163 410 198 litigat.
426 163 492 190 Cum
513 163 623 192 deberet
643 165 721 200 igitur
734 170 758 192 et
773 165 822 193 Lot
836 173 896 192 cuin
910 165 1020 200 patriar-

237 209 286 236 cha
303 209 353 235 ltoc
374 207 478 240 facere;
495 209 538 236 ille
555 214 643 236 tamen
655 215 745 244 utpote
761 211 875 245 juvenis,
889 215 917 239 et
931 211 1024 246 majori

207 278 211 283 ,
237 254 452 288 concupiscentia
467 259 575 286 tractus,
591 256 708 289 potiores
723 261 777 284 tum
790 257 840 284 sibi
855 257 925 284 visas
939 261 1027 291 partes

555 132 557 134 .
593 108 623 137 S.
643 107 781 138 JOANNIS
800 109 1031 138 CllliYSOSTOMI

1083 109 1206 137 lClllEl’.
1226 109 1492 139 CONSTAXTINUP.

1812 112 1864 139 51‘2

1113 165 1140 192 5.
1161 165 1267 192 Muralis
1286 167 1426 192 exhortatio
1441 168 1474 192 ad
1492 164 1667 194 humilitatem.
1682 182 1716 186 -—
1733 167 1865 196 Cmterum

1078 215 1155 237 utne
1177 210 1310 245 longiores
1330 211 1555 244 sitnnsdoeendo,
1581 212 1632 239 hoc
1652 212 1710 239 loco
1732 213 1811 240 tinem
1827 214 1867 241 lo—

1077 256 1175 290 quettdi
1201 256 1345 287 facientes,
1369 257 1439 291 quod
1462 257 1593 291 reliquum
1617 262 1675 290 est,
1700 258 1727 284 itt
1752 266 1867 293 sequen-

238 299 344 333 arripit,
356 304 382 326 et
395 300 551 327 elecliunem
564 301 635 328 facit.
650 301 692 329 ιθ.
705 301 737 328 Et
747 302 862 335 sublatis,
872 303 967 337 inquit,
979 303 1026 330 Lat
1044 323 1051 340 ς
1079 305 1132 328 tem
1152 308 1288 328 servemus
1301 302 1467 329 concionem.
1492 302 1558 329 Illud
1577 307 1665 330 autem
1688 310 1736 329 vos
1759 311 1868 338 rogave-

238 345 318 370 oculis
331 345 395 376 suis,
409 345 469 371 vidit
483 353 581 372 omnem
593 347 718 381 regionem
725 347 791 374 circa
799 347 949 380 Iordanem,
960 349 1027 383 quod

238 395 290 416 tota
312 396 374 418 esset
395 391 499 426 irrigua,
520 397 653 427 antequam
672 393 796 420 Dominus
816 394 965 421 subverteret
978 394 1027 422 So-

238 435 313 462 doma
337 441 359 463 et
383 435 534 470 Gontorrha,
560 439 631 470 quasi
649 439 737 466 hortus
757 439 814 472 Dei,
837 444 860 466 et
875 440 940 466 sicut
961 446 1028 467 terra

240 481 348 517 zEgypti
360 491 438 516 usque
450 483 509 510 dum
523 485 620 510 uenitur
633 485 658 511 in
672 484 780 520 Zogora.
796 486 839 512 Η.
851 485 885 512 Et
895 486 967 522 elegit
980 487 1027 514 sibi

242 526 288 553 Lot
309 536 406 554 onmem
426 528 492 554 circa
511 528 649 556 Iordanem
669 531 806 565 regionem,
824 536 848 558 et
864 532 963 558 recessit
981 531 1027 558 Lat

239 572 269 598 ob
284 572 394 606 Oriente,
410 574 531 609 divisique
549 580 607 601 sunt
619 581 720 610 uterque
736 585 752 602 a
765 577 843 611 fratre
855 585 910 603 suo.
933 577 1027 604 Vidisti

239 619 302 652 justi
318 619 440 646 virtutem
456 621 588 655 ingentem
601 642 608 652 ,
630 623 763 656 qttomodo
785 624 901 650 radicem
922 624 1028 651 malitiae

242 672 274 691 ue
285 665 437 699 germinare
451 666 557 700 quidem
573 668 703 701 permisit,
726 668 772 694 sed
795 670 883 696 statim
902 677 962 697 cum
973 670 1027 704 jam

218 719 224 721 >
240 710 365 743 oriretur,
380 711 496 739 funditus
510 714 628 740 exsecuit
640 718 666 740 et
679 714 804 747 abolevit,
819 716 900 742 multa
914 723 977 742 usus
992 716 1029 742 le-

241 755 332 787 nitate,
347 760 374 783 et
392 757 496 784 virtutis
514 765 594 785 causa
612 763 768 786 cmlerarum
784 767 873 786 rerum
895 769 1028 788 summum

240 805 421 834 eotttemptunt
444 809 497 836 pra:
517 809 546 829 se
567 802 666 836 ferens,
687 803 879 840 deelarausque
893 806 1026 838 omnibus,

239 845 373 878 quomodo
388 852 478 880 pacem
495 847 603 881 habere,
617 853 645 876 et
659 856 674 876 a
689 851 858 878 contentione
871 851 987 884 liberari,
1003 852 1029 879 id

242 890 322 924 pluris
336 891 434 918 faceret
446 900 523 926 qttant
533 901 626 921 ontttes
637 893 867 922 facultates?Nam
882 901 910 923 ttt
924 905 958 924 ne
970 897 1029 932 quis

241 935 400 963 condemnet
412 936 512 971 justum
526 938 601 972 quasi
613 939 744 973 ingratum
759 941 829 968 circa
846 941 906 974 Lot,
921 947 948 968 et
960 943 1029 976 qttod

241 988 319 1015 quem
336 989 350 1008 e
365 981 445 1009 domo
460 991 506 1009 sua
521 983 650 1011 eduxerat
665 984 690 1012 itt
705 989 803 1012 terram
819 986 943 1018 alienam,
960 994 1030 1014 nunc

241 1035 255 1053 a
267 1027 462 1055 coltabitatione
476 1029 594 1063 cjieeret,
610 1037 677 1057 neve
688 1035 762 1065 putet
775 1032 861 1065 ipsutn
876 1032 1029 1058 inimicitia-

241 1081 300 1100 rum
309 1074 391 1108 gratia
402 1075 457 1101 ha‘c
466 1074 563 1105 facere.
571 1076 618 1103 sed
630 1081 658 1103 ut
669 1077 802 1104 discamus
813 1085 906 1105 omnes
918 1086 947 1105 se
958 1079 1031 1112 pacis

241 1119 330 1146 studio
353 1119 410 1146 hzec
436 1120 531 1152 facere,
550 1121 610 1148 ideo
629 1126 655 1148 et
673 1122 830 1150 electionem
845 1124 868 1150 ei
886 1125 1029 1157 concessit,

242 1171 328 1198 neque
343 1165 455 1192 moleste
470 1166 610 1201 tulitquod
633 1167 718 1201 prima
744 1168 836 1201 ferret,
860 1173 888 1196 ut
907 1170 1030 1197 omnibus

242 1214 333 1236 nolunt
347 1209 424 1243 foret,
435 1211 568 1245 quomodo
577 1219 653 1239 mens
667 1220 713 1240 sua
728 1213 761 1240 ad
777 1214 848 1248 pacis
861 1215 1030 1249 caritatisque

241 1261 351 1289 scopum
362 1261 494 1290 spectaret
505 1258 682 1291 potissimum.
691 1259 821 1287 Praeterea
829 1265 857 1288 et
866 1261 937 1288 aliud
948 1263 1032 1296 quotl-

242 1299 304 1326 dam
327 1302 482 1336 mysterium
499 1302 553 1337 jant
574 1308 652 1331 antea
671 1305 884 1340 dispensabatur,
900 1311 930 1333 ut
949 1307 1031 1334 multa

244 1344 293 1371 hoc
303 1347 426 1380 exemplo
442 1347 545 1381 ﬁerent,
559 1353 586 1375 et
599 1353 627 1376 ut
638 1349 686 1377 Lot
697 1350 777 1377 rebus
787 1351 852 1385 ipsis
869 1352 1030 1386 erudiretur,

243 1397 272 1417 se
283 1399 334 1417 nott
349 1396 378 1418 ut
394 1399 440 1426 par
453 1394 642 1428 cratelegisse,
652 1399 678 1422 et
693 1399 722 1422 ut
740 1396 873 1424 discerent
888 1397 1032 1426 Sodomita:

243 1435 368 1463 virtutem
384 1437 443 1472 Lot,
457 1444 484 1465 et
495 1441 663 1474 svparatione
676 1440 743 1468 facta
760 1443 902 1476 promissio
918 1444 1032 1477 patriar-

242 1482 300 1509 cha:
312 1482 371 1510 data
380 1490 476 1511 eventu
492 1486 681 1520 compleretnr,
693 1495 744 1522 qua
756 1488 856 1515 dictum
871 1495 912 1516 est
923 1490 946 1517 ei
958 1499 963 1515 :
976 1491 1033 1518 Tibi

243 1531 266 1554 et
280 1528 369 1555 semini
381 1533 423 1555 tuo
433 1530 498 1556 dabo
512 1535 603 1557 terram
616 1532 699 1559 hanc:
714 1532 822 1568 id.qnod
838 1535 963 1568 paulatim
973 1544 1033 1570 pro-

244 1572 364 1600 cedendo
380 1574 538 1607 videbimus,
550 1576 638 1603 divina
649 1577 784 1612 Scriptura
798 1579 874 1607 nobis
892 1588 922 1607 ca
940 1580 1032 1608 decla-

244 1623 330 1645 rantc.
356 1619 398 1646 12.
415 1619 448 1646 Et
472 1620 565 1648 Abram
576 1641 584 1654 ,
608 1623 701 1657 inquit,
717 1624 836 1651 habitauit
850 1626 875 1652 in
888 1631 955 1653 terra
965 1627 1030 1657 Cha-

245 1671 331 1696 naan;
347 1663 395 1690 Lot
413 1669 496 1691 autent
516 1666 636 1693 habitavit
659 1668 684 1694 in
703 1669 802 1696 civitate
817 1678 873 1705 qtae
891 1676 944 1697 erat
967 1672 1034 1698 circa

243 1708 393 1743 Iordanem,
407 1716 429 1737 et
443 1713 630 1740 tabernaculum
646 1715 732 1741 habuit
746 1715 772 1742 in
787 1715 917 1743 Sodomis.
928 1717 970 1744 15.
984 1717 1033 1750 Qui

243 1760 327 1782 autent
341 1756 452 1784 homines
465 1757 586 1786 Sodomis
605 1760 721 1794 agebant,
737 1762 799 1788 mali
814 1767 884 1789 erant
903 1768 926 1789 et
946 1771 1035 1798 pecca-

245 1805 313 1827 tores
335 1809 420 1828 torum
445 1802 497 1829 Deo
519 1804 600 1830 valde.
623 1805 701 1833 Vides
724 1806 774 1833 Lol
793 1812 894 1834 tantum
914 1813 1034 1843 spectare

245 1849 323 1872 terra:
331 1850 462 1880 naturam,
472 1853 498 1874 et
509 1856 560 1875 nott
570 1850 708 1878 advertere
722 1851 865 1879 incolarum
874 1854 1035 1888 nequitiam?

245 1891 310 1923 Qua:
332 1891 402 1919 ettim
419 1894 528 1926 utilitas,
543 1894 594 1927 die,
614 1903 672 1928 oro,
690 1897 710 1924 si
725 1901 795 1924 terra
808 1898 843 1924 sit
858 1897 992 1927 fructuosa
1007 1905 1034 1928 et

244 1936 331 1970 ferax,
347 1937 468 1966 homines
488 1946 577 1967 autent
600 1942 667 1979 adeo
686 1943 814 1971 scelesti?
829 1945 896 1978 Quid
910 1945 999 1973 damni
1018 1955 1034 1974 e

245 1982 388 2011 solitudine
401 1989 427 2011 et
444 1984 596 2020 infrngifera
611 1994 691 2020 terra,
706 1989 727 2015 si
744 1989 865 2018 homines
880 1991 934 2018 sittt
945 1992 1035 2019 hnma.

246 2027 354 2055 niores?
366 2029 452 2064 Caput
470 2031 542 2058 enim
562 2037 589 2059 et
601 2040 703 2060 sutnnta
726 2034 854 2062 bonorum
872 2041 914 2064 est
931 2037 1035 2064 inhabi-

245 2074 357 2100 tantium
378 2075 503 2109 probitas.
518 2077 649 2104 Cactcrum
663 2078 711 2106 Lot
727 2079 759 2106 ad
777 2088 857 2107 uttttm
875 2085 975 2108 tatttunt
993 2090 1034 2109 rc-

244 2119 343 2152 spexit,
358 2128 453 2154 nempe
466 2121 499 2148 ad
513 2121 675 2150 fertilitatem
692 2129 779 2151 torrat.
794 2125 827 2152 Et
841 2126 940 2154 idcirco
962 2127 1035 2155 Scri-

246 2170 325 2198 ptura
340 2165 477 2194 declarare
490 2168 567 2195 nobis
582 2169 672 2196 volens
693 2170 868 2198 habitantium
890 2173 943 2201 illic
958 2175 1034 2201 mali-

245 2209 322 2242 tiam,
340 2209 422 2238 dicit:
447 2212 496 2244 Qui
513 2218 597 2239 autem
613 2214 724 2242 homines
743 2216 768 2242 in
783 2216 902 2244 Sodomis
918 2219 1033 2253 agebant,

247 2254 310 2281 mali
323 2260 394 2282 erant
410 2261 432 2283 et
450 2263 591 2291 peceatores
605 2267 691 2286 coram
705 2260 759 2287 Deo
772 2261 853 2288 ualde.
867 2262 924 2290 Non
937 2264 1033 2297 solum,

247 2299 344 2335 inquit,
357 2300 431 2334 Mali,
446 2303 494 2329 sed
512 2302 670 2336 I’eceatores,
683 2309 710 2332 et
721 2314 773 2333 ttott
789 2307 955 2342 simpliciter,
974 2309 1036 2336 Pec-

246 2349 353 2378 catores,
369 2346 415 2373 sed
428 2352 454 2374 et
467 2347 557 2374 Coram
571 2348 637 2381 Dea;
653 2350 703 2377 ltoc
715 2356 765 2384 est,
780 2352 805 2379 in
820 2353 976 2381 iunuensutn
991 2364 1037 2382 cx-

245 2395 387 2418 creverant
406 2399 498 2419 eorum
518 2399 635 2427 peccata.
657 2400 684 2422 et
701 2397 850 2431 prodigiosa
869 2405 925 2426 erat
943 2407 1034 2427 eorum

249 2437 375 2470 iniquitas
389 2446 396 2465 :
411 2438 472 2465 ideo
486 2443 513 2465 et
526 2439 654 2472 subdidit,
670 2440 761 2468 Coram
778 2442 830 2470 Deo
845 2444 926 2472 valde.
942 2445 1035 2473 Vidisti

248 2482 358 2509 malitia:
380 2483 613 2518 magnitudinem?
632 2486 720 2513 vidisti
739 2493 865 2522 quantunt
880 2494 924 2517 est
936 2492 1035 2519 malum

247 2528 348 2562 primas
363 2533 449 2562 partes
463 2536 568 2563 capere,
582 2535 609 2558 et
625 2538 676 2558 non
694 2533 764 2566 quod
784 2533 848 2561 utile
861 2540 902 2562 est
915 2536 1036 2564 conside-

249 2572 329 2598 rare?
342 2572 430 2599 vidisti
445 2579 571 2608 quantum
589 2576 685 2603 bonum
705 2578 740 2604 sit
758 2578 918 2610 humanitas.
933 2586 960 2608 et
982 2582 1033 2616 pri-

250 2624 295 2644 tuo
307 2618 366 2645 loco
379 2618 485 2652 cedere,
500 2624 526 2647 et
540 2620 691 2650 inferiorem
707 2629 809 2658 partem
824 2625 946 2653 habere?
966 2627 1036 2655 Ecce

248 2663 319 2689 cnim
334 2663 359 2690 ιιι
375 2671 501 2697 processu
515 2666 644 2694 doctrinae
658 2669 805 2697 videbimus
819 2671 884 2697 nihil
905 2671 1036 2705 profuisse

250 2708 364 2742 prittttttn
380 2709 466 2737 locuttt
480 2711 502 2738 ei
519 2712 562 2746 qtti
578 2713 715 2748 elegerat;
738 2720 764 2742 et
776 2723 836 2742 eum
851 2717 896 2750 qui
910 2716 1034 2745 inferiora

251 2752 335 2786 petiit,
356 2755 496 2783 clariorem
511 2757 629 2791 quotidie
648 2758 757 2792 factum,
772 2767 890 2795 opesque
904 2761 974 2790 illius
989 2770 1037 2798 per

250 2799 338 2826 omnia
351 2806 450 2835 auctas,
465 2803 640 2839 omnibusque
653 2804 751 2833 factum
765 2808 948 2841 spectabilem.

1079 347 1140 380 ritn,
1165 351 1193 374 ut
1216 347 1363 374 imitatores
1380 348 1438 374 sitis
1462 347 1628 382 patriarcbzu,
1647 353 1673 374 et
1695 348 1793 382 pritttas
1809 356 1869 382 par-

1081 396 1120 417 tes
1134 399 1277 426 numquam
1288 392 1494 426 concupiscatis,
1515 392 1562 419 sed
1579 393 1772 426 obtemperetis
1792 393 1870 421 beato

1081 436 1163 463 l'aulo
1188 436 1298 469 dicenti,
1327 437 1431 464 Honore
1453 438 1556 465 invicem
1583 439 1759 474 pra'venientcs
1780 439 1868 473 (ltum.

1082 482 1124 509 12.
1155 483 1201 518 10)
1219 483 1371 518 superiores
1394 491 1424 511 se
1445 484 1524 518 ipsis:
1541 489 1567 511 et
1583 484 1652 512 dctis
1665 493 1785 519 operam,
1800 490 1829 511 ttt
1843 485 1869 512 in

1080 528 1202 556 omnibus
1227 529 1329 555 minora
1356 530 1476 556 teneatis.
1500 530 1555 556 lloc
1575 536 1615 558 est
1633 532 1705 557 enim
1727 531 1870 565 primatum

1073 573 1178 601 habere
1192 593 1198 605 ,
1223 574 1292 601 sicut
1312 579 1339 601 et
1359 575 1483 607 Christus
1504 575 1589 602 dicit:
1614 575 1665 608 Qui
1686 584 1712 602 se
1739 576 1869 609 humiliat,

1080 619 1231 646 exalmbitur
1257 619 1333 655 (Luc.
1361 620 1405 648 M.
1434 621 1478 652 ll,
1501 623 1529 646 et
1549 621 1591 648 l8.
1613 622 1668 654 N).
1698 621 1766 654 Quid
1792 622 1871 657 igitur

1083 665 1144 692 huic
1165 665 1266 700 aequale
1289 665 1381 698 fuerit,
1406 666 1513 701 quando
1535 674 1582 701 per
1603 675 1635 694 ea
1657 667 1682 694 itt
1701 668 1797 702 quibus
1812 668 1871 695 aliis

1082 709 1181 744 primas
1211 710 1349 743 cedimus.
1373 711 1423 746 ipsi
1445 711 1538 745 majori
1563 711 1674 739 fruimur
1699 712 1816 745 honore;
1841 717 1869 739 et

1082 764 1129 790 per
1141 764 1200 791 quae
1216 756 1281 784 alios
1295 756 1469 792 praeferimus,
1486 758 1534 791 ipsi
1550 758 1575 785 in
1587 765 1720 785 sumntum
1742 759 1871 786 honorent

1082 800 1240 828 evebimur?
1253 801 1344 836 Itaque
1355 802 1467 829 obsecro
1490 807 1518 830 ut
1535 803 1690 831 Studeamus
1711 803 1808 831 imitari
1827 812 1871 838 pa-

1083 847 1206 874 triarcha:
1222 847 1407 881 humilitatem,
1422 853 1449 875 ct
1461 849 1536 883 sequi
1551 849 1658 884 vestigia
1671 848 1740 884 ejus,
1751 850 1795 884 qui
1810 855 1872 877 ante

1082 893 1168 928 legem
1184 898 1282 921 tantam
1299 894 1492 929 philosophiam
1507 902 1561 929 pra:
1583 902 1612 922 se
1634 895 1702 928 tulit,
1714 903 1762 922 nos
1782 896 1826 930 qtti
1845 896 1871 922 iu

1081 939 1163 972 gratia
1178 946 1325 966 versamur.
1341 939 1391 966 Ista
1402 940 1473 966 enim
1496 947 1558 967 vera
1569 944 1611 967 est
1624 940 1773 973 humilitas,
1793 949 1871 975 quam

1085 985 1197 1012 eximius
1213 985 1258 1012 ille
1270 986 1311 1012 vir
1322 985 1464 1012 declaravit
1478 993 1539 1020 erga
1554 993 1614 1013 eutn
1628 986 1671 1020 qui
1686 986 1769 1013 ntulto
1784 993 1812 1013 se
1825 986 1873 1012 fuit

1083 1031 1201 1064 inferior,
1218 1039 1270 1058 non
1285 1032 1372 1059 solum
1384 1032 1418 1059 ob
1427 1032 1532 1058 virtutis
1547 1032 1675 1058 rationem
1687 1052 1693 1064 ,
1707 1032 1754 1058 Sed
1771 1036 1796 1058 ct
1809 1039 1871 1065 pro-

1082 1080 1141 1110 pter
1155 1080 1260 1104 :ctatem
1271 1080 1297 1103 et
1307 1077 1358 1104 alia
1371 1077 1471 1104 omnia.
1486 1076 1577 1112 Cogita
1591 1077 1662 1104 enim
1676 1084 1766 1104 senem
1779 1077 1870 1111 juveni

1081 1122 1204 1154 cessisse,
1221 1127 1248 1150 et
1272 1127 1394 1158 patruum
1423 1123 1510 1150 fratris
1536 1123 1599 1156 tilio,
1615 1127 1640 1150 et
1666 1123 1710 1158 qui
1733 1127 1832 1149 tantam
1857 1130 1871 1148 ει

1085 1168 1138 1194 Deo
1148 1169 1258 1196 sortitus
1276 1174 1333 1195 erat
1347 1169 1468 1203 gratiam,
1479 1169 1504 1196 ei
1515 1169 1560 1204 qui
1580 1170 1606 1196 in
1621 1169 1690 1196 nulla
1709 1176 1738 1196 re
1751 1176 1871 1203 magnam

1082 1213 1189 1248 aliquod
1213 1214 1345 1249 specimen
1367 1215 1515 1249 prmlmerat
1531 1222 1538 1240 :
1554 1219 1581 1241 et
1603 1222 1634 1242 ea
1655 1222 1714 1249 qua:
1735 1214 1872 1248 d’portebnt

1084 1259 1156 1286 illum
1170 1258 1271 1292 dicere,
1282 1259 1443 1293 utjuvcnem
1458 1259 1490 1286 ad
1501 1266 1591 1286 senem
1605 1264 1682 1286 aetate
1697 1263 1723 1285 et
1734 1258 1870 1293 dignitate,

1083 1309 1110 1331 et
1126 1310 1258 1339 patruum,
1268 1305 1311 1332 illa
1326 1305 1502 1339 patriarcham
1516 1305 1605 1340 juveni
1616 1304 1723 1332 dixisse.
1738 1304 1873 1339 lgiturnos
1892 1303 1895 1306 “

1083 1357 1189 1384 quoque
1206 1359 1260 1380 non
1270 1352 1413 1384 eistatnm,
1432 1351 1476 1384 qtti
1487 1355 1563 1377 aetate
1577 1350 1653 1377 nobis
1666 1355 1727 1377 sunt
1741 1350 1871 1384 majores.

1086 1394 1217 1422 veletiatn
1247 1395 1372 1429 a-qnales,
1386 1395 1512 1422 honorem
1540 1395 1722 1422 ethibcamus.
1748 1394 1805 1422 Non
1833 1400 1872 1421 est

1084 1441 1154 1468 enim
1180 1441 1331 1474 humilitas,
1349 1441 1437 1468 facere
1457 1441 1526 1476 quod
1546 1441 1705 1468 necessitate
1728 1441 1810 1468 dcbcs
1831 1441 1872 1466 vol

1084 1486 1187 1520 cogeris
1202 1495 1209 1512 :
1222 1486 1282 1520 hoc,
1294 1487 1411 1522 inquam,
1424 1495 1476 1513 tton
1489 1491 1529 1514 est
1540 1487 1706 1519 humilitatis,
1721 1486 1768 1514 sed
1782 1486 1871 1513 debiti.

1085 1532 1153 1559 Vera
1174 1536 1262 1559 autem
1287 1533 1422 1560 humilitas
1442 1537 1481 1560 cst
1494 1553 1501 1564 ,
1516 1532 1623 1567 quando
1643 1532 1761 1559 cedimus
1779 1532 1810 1559 iis
1830 1532 1873 1566 qui

1085 1578 1161 1604 nobis
1175 1577 1298 1605 videtttnr
1312 1585 1372 1605 esse
1383 1578 1517 1609 minores,
1533 1583 1559 1604 et
1579 1585 1626 1604 eos
1647 1585 1807 1604 veneramur
1829 1578 1872 1611 qui

1086 1624 1161 1650 nobis
1175 1622 1315 1650 inferiores
1329 1629 1389 1650 esse
1403 1622 1614 1655 videntur.Quod
1627 1622 1649 1649 si
1660 1626 1732 1649 recte
1745 1621 1872 1656 sapimus,

1086 1668 1172 1695 nullos
1183 1669 1262 1694 etiam
1278 1668 1353 1695 nobis
1364 1674 1424 1695 esse
1437 1668 1552 1694 minores
1565 1666 1760 1698 arbitrabimur,
1769 1666 1814 1693 sed
1827 1674 1873 1693 nos

1085 1713 1206 1747 superari
1222 1713 1255 1740 ab
1267 1713 1392 1740 omnibus
1405 1712 1557 1739 hominibus
1571 1712 1699 1739 dicemus.
1710 1711 1742 1738 Et
1753 1711 1803 1738 ltoc
1816 1711 1874 1738 dico

1086 1765 1138 1784 non
1153 1757 1186 1785 de
1197 1757 1283 1791 nobis,
1292 1758 1337 1792 qui
1350 1757 1496 1785 innumeris
1506 1757 1623 1784 immersi
1638 1764 1730 1783 sumus
1741 1757 1872 1791 peccatis:

1085 1802 1132 1830 sed
1146 1803 1249 1830 etiamsi
1262 1803 1322 1837 quis
1335 1803 1383 1830 sibi
1398 1802 1572 1837 plurimorum
1587 1802 1655 1829 bene
1664 1806 1799 1836 gestorum
1809 1809 1873 1828 con-

1087 1849 1157 1876 scius
1171 1849 1215 1882 sit,
1228 1849 1278 1876 nisi
1291 1849 1360 1883 apttd
1373 1856 1402 1875 se
1419 1849 1513 1875 sentiat
1529 1856 1558 1875 se
1569 1849 1688 1875 omnium
1701 1855 1760 1875 esse
1776 1854 1874 1882 postre-

1087 1902 1176 1928 nutm,
1188 1895 1260 1922 ttttlla
1281 1895 1304 1922 ei
1321 1894 1407 1921 futura
1423 1895 1521 1921 utilitas
1540 1902 1572 1921 ex
1591 1893 1714 1920 omnibus
1734 1894 1810 1920 bonis
1822 1894 1874 1920 suis

1086 1939 1293 1974 operibusﬂmc
1307 1945 1347 1966 est
1361 1939 1432 1967 ettim
1443 1939 1589 1971 humilitas,
1603 1938 1709 1973 quando
1724 1939 1792 1973 quis,
1804 1945 1874 1965 occa-

1087 1985 1176 2012 siones
1190 1984 1292 2012 habens
1305 1989 1334 2012 ut
1348 1985 1499 2017 extollatur,
1512 1991 1541 2011 se
1556 1984 1642 2018 ipsum
1658 1984 1780 2010 humiliat
1795 1988 1822 2010 et
1832 1983 1874 2010 de

1087 2030 1194 2065 primit,
1213 2038 1245 2057 ac
1272 2030 1392 2058 modeste
1414 2037 1442 2057 se
1466 2030 1545 2064 gerit.
1561 2029 1635 2056 Tunc
1648 2029 1718 2056 enim
1739 2029 1771 2055 ad
1785 2036 1874 2055 verum

1086 2075 1247 2102 subveltetur
1268 2075 1399 2110 fastigium
1421 2075 1567 2102 secundum
1593 2074 1796 2108 promissionem
1824 2073 1874 2099 lto-

1086 2121 1161 2152 tttitti,
1175 2128 1232 2155 qua)
1247 2120 1311 2147 dicit
1328 2129 1333 2146 :
1345 2120 1430 2154 Quise
1441 2120 1565 2153 humiliat,
1579 2120 1731 2146 multabitur
1745 2118 1819 2154 (Luc.
1833 2119 1874 2145 Η.

1088 2165 1142 2200 Η).
1155 2165 1310 2200 8.·ιιιειιιιιιιε
1326 2165 1413 2200 igitur,
1424 2165 1546 2196 obsecro,
1555 2165 1682 2192 verticem
1695 2164 1769 2190 illum
1783 2171 1875 2190 ontnes

1087 2209 1289 2244 apprehendere
1315 2218 1361 2245 per
1388 2209 1582 2243 humilitatem,
1605 2214 1635 2237 ut
1658 2210 1780 2236 eatndetn
1806 2209 1875 2235 illam

1087 2263 1166 2290 quam
1179 2256 1267 2290 justus
1280 2256 1324 2283 ille
1338 2263 1353 2283 a
1367 2256 1480 2283 Dotttino
1499 2258 1611 2290 gratiam
1626 2263 1834 2290 consequamur,
1850 2259 1876 2280 ct

1088 2301 1228 2328 ineffabilia
1244 2302 1286 2328 illa
1300 2301 1368 2328 bona
1383 2308 1542 2334 mereamur,
1557 2301 1640 2336 gratia
1654 2306 1682 2328 et
1696 2299 1874 2327 misericordia

1088 2347 1192 2373 bonum
1207 2347 1290 2373 nostri
1300 2346 1363 2374 .Iesu
1377 2346 1493 2378 Christi,
1516 2346 1622 2381 quicum
1638 2345 1727 2377 Patri,
1740 2350 1768 2372 ct
1785 2350 1875 2372 sancto

1087 2391 1195 2426 Spiritui
1211 2392 1244 2419 sit
1254 2391 1348 2426 gloria,
1362 2391 1512 2426 itnperiunt,
1528 2391 1624 2425 honor,
1634 2398 1705 2418 ntttte
1718 2395 1745 2418 et
1759 2397 1874 2423 semper,

1087 2445 1114 2465 et
1128 2438 1154 2465 in
1165 2438 1264 2465 saecula
1279 2438 1446 2466 saeculorum.
1462 2438 1558 2464 Amen.

1342 2504 1481 2532 llOMILlA
1502 2503 1622 2531 XXXIV.

1090 2559 1121 2587 Et
1136 2560 1199 2587 dixit
1214 2559 1282 2587 Dens
1296 2560 1371 2588 Abrae
1383 2565 1513 2595 postquam
1523 2564 1654 2595 separatus
1671 2563 1708 2586 est
1721 2558 1752 2585 ab
1765 2566 1794 2585 eo
1813 2557 1874 2584 Lat.

1123 2605 1233 2632 Elevatis
1247 2606 1328 2632 oculis
1341 2605 1390 2632 tuis
1404 2605 1460 2631 vide
1471 2613 1486 2631 a
1500 2604 1564 2638 loco,
1581 2605 1606 2631 in
1619 2612 1667 2638 quo
1681 2608 1707 2630 tu
1723 2611 1789 2630 nunc
1801 2611 1837 2635 es,
1845 2602 1875 2628 ad

1121 2652 1263 2686 aquilonem
1269 2656 1291 2678 cl
1300 2651 1436 2684 meridiem,
1444 2655 1465 2677 et
1474 2651 1590 2677 orientem
1598 2655 1621 2677 et
1628 2658 1695 2677 mare
1701 2657 1711 2676 :
1716 2649 1775 2680 quia
1781 2656 1878 2675 omnem

1124 2701 1225 2728 terram,
1234 2705 1309 2730 quatit
1320 2701 1346 2723 tu
1354 2696 1432 2729 vides,
1443 2696 1485 2722 tibi
1496 2696 1560 2722 dabo
1568 2703 1622 2722 eam
1633 2694 1707 2730 (Gen.
1718 2694 1762 2722 15.
1773 2694 1806 2720 Μ
1822 2693 1865 2725 15)

1124 2763 1150 2790 1.
1179 2762 1328 2790 Modestiam
1353 2768 1375 2790 et
1409 2763 1625 2790 mansuetudinem
1658 2761 1824 2789 commendat.
1839 2777 1870 2781 -

1091 2809 1222 2838 Didicistis
1243 2809 1314 2842 heri,
1333 2810 1481 2844 carissimi,
1497 2810 1619 2839 eximiam
1644 2807 1800 2843 patriarcha:
1830 2806 1874 2832 hu.
