2055 3123
151 151 203 178 313

151 211 307 242 militatum,
322 209 424 236 vidistis
449 209 582 236 lenitatem
604 209 746 243 egregiam.
762 207 853 242 Neque
871 208 941 235 enim

151 259 207 281 erat
222 262 266 282 res
278 255 403 289 vulgaris,
419 254 488 289 quod
504 261 601 287 senex,
620 254 663 289 qui
678 258 715 280 tut
731 254 858 281 beneﬁcia
876 261 940 281 con-

154 301 261 332 tulerat,
275 308 353 335 quem
376 306 446 327 tanta
470 300 653 328 benevolentia
676 300 803 327 Dominus
823 301 941 328 omnium

151 346 370 379 prosequebatur,
387 346 443 380 pari
467 345 568 372 honore
582 345 736 379 dignaretur
754 345 900 379 juvenem,
915 351 942 373 et

150 391 240 417 fratris
261 390 361 420 lilium,
375 394 402 417 et
418 391 531 425 primatu
557 390 594 417 illi
619 390 744 421 cederet,
765 389 941 425 iiiferioraqne

149 436 205 470 ipse
218 435 356 469 deligeret,
371 434 490 470 nihilque
504 443 557 463 non
571 436 669 474 faceret
683 443 734 470 quo
746 435 843 462 bellum
857 435 940 469 impe-

149 481 228 512 diret,
256 485 284 507 et
311 480 491 507 contentionis
513 480 652 507 materiam
674 488 689 508 e
711 480 799 507 medio
824 480 941 508 tolleret.

150 526 224 553 Hunc
245 533 339 553 omnes
359 526 457 554 imitari
477 526 642 559 studeainus,
654 531 681 554 et
703 534 845 560 numquam
859 534 940 561 super

149 571 299 605 proximum
323 571 502 605 cxtollamur,
517 579 660 608 numquam
673 571 705 599 de
721 572 796 599 nobis
817 571 938 599 sublimia

147 617 293 644 sentiamus
305 615 374 644 :‘sed
386 617 515 644 modestia
531 617 665 652 conspicui
681 617 805 644 cedamus
820 616 878 645 aliis
890 637 897 646 .
912 620 939 643 et

148 661 292 689 inferiores
309 662 399 689 haberi
414 670 552 695 conemur,
568 666 620 689 tam
637 662 724 690 verbis
745 670 824 697 quam
847 662 937 696 Operi-

146 706 211 740 bus,
228 714 277 734 nec
291 715 414 742 nmquam
429 708 468 734 eis
482 708 525 743 qui
545 708 622 735 nobis
643 708 763 742 iniuriam
781 708 936 740 intulerunt,

145 752 338 787 adverscinur,
359 753 463 780 etiamsi
492 754 581 780 multis
608 754 705 780 nostris
724 753 810 780 aﬂ‘ecti
839 753 936 780 I'ncrint

145 798 284 826 beneﬁciis
301 807 307 827 :
324 798 380 825 lucc
393 799 465 825 enim
479 799 577 833 optima
593 803 633 825 est
651 797 817 835 philosophia
831 807 836 824 :
851 807 936 832 neque

144 845 306 870 contumelia
321 844 408 872 affecti
429 843 531 871 feroces
552 844 653 876 simus,
669 850 773 871 ctiamSi
795 843 935 873 inferiores

143 889 222 915 nobis
237 891 289 916 sitit
305 890 321 916 ii
337 890 380 924 qui
397 890 534 917 nobiscum
551 889 715 916 contendunt
728 898 734 915 :
749 889 796 916 sed
811 896 935 915 mansue-

143 934 234 961 tudine
255 939 281 961 et
303 935 410 962 leuitate
435 935 598 962 iracundiam
622 928 838 970 compriiiiamus.
863 934 933 962 Nihil

141 980 213 1006 enim
238 981 282 1007 illa
299 981 448 1014 potentius,
466 981 530 1007 nihil
555 981 598 1007 illa
629 981 731 1008 fortius.
748 980 791 1006 Illa
818 981 932 1007 animam

107 1016 110 1019 ’
142 1030 263 1051 nostram
279 1024 304 1051 iii
320 1031 445 1059 perpetua
461 1026 666 1060 tranquillitate,
679 1030 705 1052 et
720 1026 794 1060 quasi
815 1026 839 1053 in
856 1030 932 1060 portu

140 1071 335 1102 constituit,ct
359 1071 446 1098 omnis
466 1071 638 1098 rccreationis
659 1079 690 1098 ac
712 1071 807 1106 quietis
828 1072 932 1099 occisio

141 1115 219 1142 nobis
234 1121 284 1143 est.
298 1116 446 1151 Eapropter
467 1121 494 1143 ct
515 1116 637 1144 Christus
655 1117 743 1145 divina
769 1112 811 1144 illa
833 1118 931 1145 docens

138 1160 245 1188 dici-bat
257 1170 263 1187 :
276 1161 370 1189 Discite
382 1171 398 1189 a
409 1171 457 1194 me,
467 1163 525 1197 quia
537 1163 603 1189 mitis
612 1171 667 1190 sunt
683 1168 706 1189 et
720 1164 822 1191 humilis
833 1164 908 1191 corde
921 1171 931 1190 :

139 1211 162 1232 et
180 1206 310 1233 invenietis
322 1208 429 1243 requiem
442 1208 573 1235 animabus
588 1209 673 1235 vestris
689 1208 794 1243 (tllatt/t.
811 1209 854 1238 II.
871 1209 929 1245 29).

138 1250 210 1278 Nihil
225 1252 295 1279 enini
309 1253 422 1280 animam
437 1253 470 1281 ita
486 1253 511 1280 iii
525 1254 713 1289 tranquillitate
727 1258 753 1282 cl.
763 1255 852 1289 quiete
867 1263 931 1281 νοη-

99 1297 102 1300 ’
138 1297 237 1330 stituit,
253 1302 280 1324 ut
295 1298 470 1326 mansuetudo
484 1304 510 1325 et
522 1299 661 1328 modestia.
675 1299 736 1326 Ilaec
750 1300 823 1326 omni
839 1300 930 1328 diade-

137 1348 210 1370 mate
230 1351 259 1370 sc
273 1344 418 1378 poSsideiiti
433 1349 473 1372 est
487 1345 656 1378 honoratior;
669 1345 726 1372 haec
740 1346 812 1372 omni
822 1346 929 1373 claritu-

137 1387 201 1415 dine
214 1393 241 1415 et
249 1389 332 1423 gloria
343 1389 543 1417 conducibilior.
551 1390 619 1424 Quid
633 1390 704 1417 enini
720 1389 833 1424 beatius,
849 1398 927 1426 quam

137 1434 264 1461 intestino
279 1435 384 1462 liberari
398 1436 485 1463 bello?
495 1436 560 1463 Nam
573 1437 693 1471 quamvis
703 1437 814 1471 plurima
826 1444 890 1471 pace
901 1441 928 1464 et

138 1479 267 1507 famulatu
281 1484 393 1508 externo
408 1481 537 1514 fruamur,
551 1481 573 1508 si
589 1483 657 1509 intra
672 1489 720 1509 nos
737 1482 927 1516 cogitationum

136 1529 263 1552 ιιειερδιω·
279 1530 434 1560 tempestas,
443 1527 570 1554 tumultus
581 1531 608 1554 et
621 1526 727 1559 seditio,
739 1526 805 1554 nihil
818 1532 927 1554 externa

138 1578 188 1604 pax
215 1571 293 1598 nobis
320 1572 438 1606 proderit
455 1581 461 1598 ;
476 1572 545 1599 sicut
570 1580 656 1606 neque
685 1572 862 1599 miserabilius
886 1576 928 1599 est

135 1615 208 1642 aliud
222 1616 330 1643 civitate
340 1637 347 1648 ,
362 1624 420 1651 qua:
436 1617 497 1644 licet
508 1618 648 1652 aggeribus
662 1622 689 1645 et
709 1617 791 1644 muris
807 1617 874 1644 bene
893 1618 928 1645 sit

136 1662 249 1694 inunita,
262 1661 332 1690 intus
350 1667 438 1690 tamen
453 1663 526 1691 cives
537 1662 625 1690 foveat
640 1663 799 1698 proditores.
812 1663 867 1690 Hoc
880 1664 927 1698 igi-

137 1711 180 1734 tur
195 1707 309 1736 obsecro
320 1729 327 1738 .
343 1713 370 1735 ut
380 1714 441 1736 ante
451 1709 631 1738 oiniiia'iiobis
644 1709 676 1738 sit
690 1717 761 1737 cura:
772 1730 779 1743 ,
792 1710 926 1745 quomodo

135 1753 254 1780 animam
269 1761 284 1780 a
299 1754 459 1782 turbulentia
474 1755 655 1787 vindiceinus,
671 1760 699 1782 et
715 1755 741 1784 iii
755 1756 925 1790 tranquillum

136 1802 235 1824 statum
252 1799 395 1826 educamus
405 1819 412 1832 ,
426 1805 504 1834 atque
518 1800 551 1828 ab
561 1801 633 1828 omni
647 1800 789 1828 liberemus
802 1801 927 1829 amaritu-

135 1843 210 1875 dine,
227 1850 280 1881 quo
293 1848 321 1870 et
335 1844 384 1878 ipsi
399 1845 480 1871 multa
497 1844 614 1872 fruantur
627 1846 727 1880 quiete,
743 1849 769 1872 et
783 1845 816 1872 iis
830 1845 873 1880 qui
888 1845 926 1872 fa-

137 1887 318 1915 miliaritatem
349 1889 486 1916 nobiscum
505 1889 622 1922 habent,
638 1891 721 1918 simus
748 1889 847 1917 blandi.
871 1890 926 1918 Hoc

136 1932 208 1958 enim
232 1933 409 1960 certissimum
428 1935 544 1969 signum,
559 1942 613 1970 quo
628 1935 816 1963 internoscitur
829 1937 869 1963 vir
881 1944 925 1962 ra-

137 1978 210 2006 tione
226 1979 352 2012 prmditus
363 1999 371 2012 ,
383 1981 404 2007 si
417 1981 572 2010 mansuetas
586 1981 675 2013 fuerit,
687 1982 708 2009 si
722 1982 800 2014 lenis,
809 1982 831 2009 si
844 1982 923 2014 initis,

136 2025 158 2051 si
175 2025 314 2053 modestus
334 2031 360 2053 et
372 2027 476 2061 quietus
493 2035 499 2054 :
515 2027 536 2055 si
551 2035 603 2055 non
616 2027 692 2062 quasi
706 2035 799 2057 servus
813 2028 926 2055 ducatur

136 2074 163 2096 et
176 2069 296 2098 trahatur
309 2075 354 2097 aut
369 2071 402 2098 ab
416 2072 464 2103 ira,
480 2077 524 2099 aut
539 2073 573 2100 ab
587 2072 646 2100 aliis
659 2072 861 2103 affectionibus;
878 2072 925 2100 sed

137 2115 241 2142 ratione
255 2115 345 2144 vincat
357 2115 474 2143 infernos
490 2116 548 2143 illos
564 2116 752 2151 incompositos
766 2121 862 2149 motus,
876 2125 920 2143 n0-

138 2159 322 2194 bilitateinque
341 2168 415 2187 suam
434 2165 541 2193 servet,
554 2169 586 2188 ne
603 2161 628 2188 in
648 2161 785 2188 brutorum
801 2162 925 2189 ferociam

138 2206 297 2240 negligentia
312 2206 464 2241 degeneret.
478 2207 509 2233 Et
521 2212 547 2234 ut
558 2207 645 2234 discas
657 2212 785 2241 quantum
799 2215 924 2234 mansue-

138 2250 238 2278 tudinis
249 2255 277 2278 et
291 2251 408 2278 lenitatis
421 2252 455 2278 sit
470 2252 564 2284 robur,
576 2257 602 2279 et
619 2252 689 2286 quod
705 2252 760 2279 sola
774 2252 830 2279 haec
842 2253 925 2279 vii-tus

139 2297 222 2330 possit
236 2304 266 2324 se
276 2297 410 2324 colentem
424 2298 566 2332 diligenter
580 2297 756 2325 iiicffabilibus
771 2298 822 2325 illis
840 2299 926 2325 laudi—

138 2342 187 2369 lius
201 2342 310 2377 dignum
325 2343 448 2375 reddere,
461 2343 521 2370 audi
536 2343 643 2371 beatum
655 2344 753 2372 Mosem
766 2344 828 2371 hinc
841 2345 925 2378 potis-

136 2389 234 2416 simum
255 2389 412 2423 praedicari,
428 2393 456 2417 et
477 2397 509 2417 ex
533 2390 582 2417 liac
603 2390 627 2417 ei
646 2397 771 2418 coronam
787 2390 876 2425 plecti.
894 2390 925 2417 lit

138 2433 236 2464 Moses.
255 2434 355 2468 inquit,
371 2439 424 2460 erat
444 2434 589 2462 mitissimus
597 2435 708 2461 omnium
723 2435 866 2467 hominum,
882 2435 925 2468 qui

136 2488 212 2513 super
225 2485 319 2506 terram
333 2480 427 2514 (Num.
440 2480 482 2508 I2.
494 2481 530 2516 5).
540 2481 632 2508 Vidisti
654 2481 768 2509 encomii
792 2481 902 2516 iuagiiiti
914 2495 925 2501 -

135 2525 237 2558 dinctn,
253 2526 322 2560 quod
339 2526 412 2554 omni
432 2533 491 2553 eum
514 2526 629 2554 humano
642 2527 731 2561 generi
751 2534 840 2562 parem
862 2534 925 2561 pio-

135 2572 256 2604 nuntiet,
272 2572 325 2598 into
339 2573 410 2598 omni
427 2572 563 2600 hominum
574 2573 664 2607 generi
679 2572 819 2607 pricfcrat?
830 2573 862 2599 Et
875 2572 925 2599 ite-

134 2625 192 2644 rnni
205 2617 239 2644 de
255 2616 336 2644 David
349 2616 412 2644 dicit
424 2616 559 2651 Scriptura
572 2626 578 2643 :
592 2612 728 2649 Meni'enlo,
742 2616 857 2651 Domine,
874 2617 926 2644 Da-

133 2663 185 2695 vid,
207 2667 230 2690 et
245 2663 327 2689 omnis
342 2663 540 2690 mansuetudinis
555 2663 609 2697 ejus
624 2662 708 2698 (Psal.
724 2664 785 2691 151.
804 2663 841 2697 1).
859 2664 925 2690 Hinc

134 2707 286 2741 patriarcha
308 2708 358 2735 sibi
373 2707 501 2742 majorem
523 2708 623 2737 CRBIIIUS
643 2709 792 2736 conciliavit
810 2709 924 2737 benevo-

134 2753 260 2784 lentiam,
274 2757 301 2780 et
324 2753 439 2780 aﬂercns
459 2761 518 2788 qua:
541 2761 587 2781 sua
614 2760 703 2786 erant,
718 2762 732 2781 a
752 2755 923 2783 misericorde

135 2798 190 2829 Deo
210 2799 314 2834 majora
337 2805 498 2834 assequutus
510 2805 560 2827 est.
579 2799 634 2829 Iloc
648 2800 738 2827 scietis
751 2805 778 2828 et
797 2809 843 2829 vos
856 2821 862 2833 ,
878 2801 923 2829 ubi

133 2845 303 2873 attuleriiiius
326 2845 352 2873 iri
379 2845 495 2873 medium
519 2853 550 2874 ea
573 2854 632 2881 qua:
650 2846 773 2876 hesterna
789 2846 857 2874 dicta
879 2855 922 2875 se-

669 149 700 177 IN
720 150 796 177 CAP.
817 149 885 177 XIII.
905 147 1027 178 GENES.
1050 148 1161 176 IIO.\III..
1183 149 1301 177 XXXIV.

1730 150 1777 178 5M

994 211 1124 242 quuntur,
1139 211 1166 234 et
1178 215 1238 242 qua:
1253 207 1325 242 prius
1341 211 1403 234 sunt
1417 208 1484 235 lecta
1505 208 1607 236 caritati
1623 213 1717 236 vestra!
1730 209 1764 235 de
1808 212 1810 215 '

994 251 1194 280 claraverimus.
1205 252 1269 279 Nam
1281 253 1340 286 quia
1353 253 1450 279 Abram
1464 254 1572 280 inultam
1588 262 1642 288 prai
1652 262 1680 282 se
1692 254 1778 282 ferens

993 297 1225 324 mansuetudinem
1239 297 1305 324 Loto
1321 297 1450 331 potiorem
1466 303 1566 332 partem
1578 300 1668 331 cessit,
1679 307 1705 326 ct
1719 307 1778 326 oin-

994 350 1054 370 nem
1067 343 1091 369 ei
1111 342 1224 377 eligendi
1248 342 1399 370 facultatem
1419 344 1656 377 permittens.cnm
1682 345 1779 379 gaudio

992 387 1072 422 elegit
1086 388 1217 415 minorem
1232 388 1380 422 portionem
1393 408 1400 420 ,
1416 388 1495 415 modo
1515 388 1666 417 auferretur
1690 390 1778 417 omnis

993 434 1149 461 contentio:
1166 433 1225 460 vide
1246 439 1372 468 quautam
1399 434 1486 460 statim
1511 434 1661 462 mercedem
1687 441 1701 460 a
1725 435 1779 462 Deo

992 478 1173 513 consequitur.
1189 483 1217 505 et
1235 479 1368 513 quomodo
1380 478 1466 505 adhuc
1482 478 1574 512 majori
1590 479 1776 511 retributione,

992 524 1040 550 etsi
1055 523 1168 550 multum
1187 523 1286 551 divitiis
1299 524 1431 556 abundet,
1447 524 1626 560 patriarcliam
1653 523 1778 558 dignatur

992 569 1073 597 Dens.
1087 569 1159 596 Talis
1171 570 1241 597 enim
1256 575 1297 597 est
1310 570 1436 597 Dominus
1447 575 1539 598 noster
1550 571 1606 597 utsi
1622 570 1727 605 quando
1736 571 1777 597 vel

991 622 1100 649 parvum
1121 615 1183 650 quid
1199 616 1319 644 attulisse
1340 624 1388 643 nos
1405 616 1516 648 viderit,
1533 616 1696 650 largissimas
1715 623 1777 644 suas

989 660 1066 687 nobis
1081 661 1309 688 remunerationes
1322 662 1492 696 suppeditet,
1509 666 1662 696 tantamque
1674 670 1727 696 przc
1746 669 1776 688 se

988 704 1056 733 ferat
1076 706 1270 739 liberalitatem,
1283 712 1310 734 ut
1331 715 1361 734 ea
1386 715 1446 742 quae
1465 715 1479 735 a
1503 708 1579 735 nobis
1603 712 1666 735 sunt
1687 708 1753 735 facta
1766 728 1774 740 ,

988 751 1079 778 multis
1092 752 1210 779 numeris
1220 760 1236 779 a
1251 753 1326 779 novis
1339 752 1398 786 ejus
1410 752 1546 782 beneﬁciis
1562 754 1710 781 vincantur.

1022 796 1050 824 2.
1067 796 1127 824 Non
1138 798 1198 825 doni
1208 799 1364 833 magnitudo,
1376 799 1420 826 sed
1432 799 1515 826 dontis
1529 800 1628 827 animus
1638 804 1774 834 spectatur.

985 838 1061 868 —El
1074 841 1124 868 hoc
1139 842 1164 869 in
1179 843 1301 870 omnibus
1324 844 1422 870 nostris
1436 843 1510 871 factis
1526 844 1642 871 inveniet
1663 845 1721 879 quis
1739 845 1774 873 ali

986 893 1018 913 eo
1032 886 1101 915 ﬁeri.
1114 887 1181 919 Quid
1198 888 1288 921 enim,
1303 888 1345 915 die
1359 889 1421 915 mihi
1431 909 1437 920 ,
1454 889 1531 916 vilius
1544 889 1646 916 duobtis
1667 889 1773 916 obolis?

985 931 1109 959 Attamen
1123 932 1184 966 quia
1198 933 1276 960 vidua
1290 933 1331 959 illa
1342 933 1409 960 duos
1419 934 1512 961 obolos
1525 934 1551 961 in
1566 935 1708 962 corlionani
1724 935 1773 962 mi-

985 977 1019 1003 sit
1029 976 1194 1012 (Lur.2l.5),
1210 978 1272 1005 inde
1282 979 1393 1006 celebris
1404 980 1526 1007 universo
1537 979 1635 1008 mundo
1654 980 1720 1007 facta
1731 985 1772 1008 cst

984 1023 1018 1050 ab
1031 1031 1064 1050 eo
1078 1028 1197 1058 tempore
1215 1032 1299 1059 usque
1314 1025 1339 1051 in
1361 1033 1487 1059 praesens.
1503 1026 1534 1052 Et
1549 1026 1610 1059 quid
1626 1026 1686 1054 dico
1703 1026 1771 1053 duos

984 1069 1098 1096 obolos?
1114 1070 1223 1097 Etiamsi
1238 1071 1297 1105 quis
1310 1071 1420 1098 calicem
1442 1079 1517 1106 aquae
1533 1071 1633 1105 frigiilre
1655 1072 1771 1106 pncbeat

985 1113 1218 1150 (Matt/1.10.42),
1235 1123 1283 1150 pro
1306 1123 1338 1142 eo
1361 1116 1441 1142 etiam
1469 1124 1570 1151 magna:
1593 1116 1771 1144 decernuntur

982 1159 1170 1188 retributiones
1182 1168 1188 1186 :
1204 1167 1308 1194 semper
1322 1161 1392 1188 enim
1409 1166 1518 1188 coronat
1532 1168 1578 1188 eos
1588 1161 1632 1196 qui
1645 1162 1768 1190 virtutem

981 1209 1135 1239 operantur,
1151 1205 1295 1232 secundum
1311 1207 1476 1240 operantium
1500 1206 1674 1233 voluntatem.
1691 1207 1770 1234 Sinti-

981 1249 1042 1277 liter
1056 1250 1081 1277 iii
1098 1258 1204 1285 precum
1227 1252 1380 1278 assiduitate
1404 1252 1473 1279 istud
1493 1251 1577 1286 ipsum
1600 1253 1634 1279 ab
1655 1260 1689 1280 eo
1713 1252 1769 1280 ﬁeri

981 1295 1071 1322 videre
1085 1296 1157 1322 licet.
1172 1295 1237 1325 Nam
1253 1296 1275 1324 si
1292 1304 1370 1331 quem
1387 1297 1474 1324 videat
1495 1297 1616 1324 alacriter
1629 1305 1658 1324 se
1671 1297 1769 1324 adeun-

980 1345 1033 1368 tem
1045 1362 1051 1373 ,
1071 1342 1159 1369 statim
1179 1342 1203 1368 ei
1217 1342 1281 1369 dicit
1297 1350 1303 1368 :
1320 1342 1410 1370 Adhuc
1429 1342 1543 1377 loquente
1563 1348 1586 1369 te
1602 1351 1658 1369 ecce
1679 1343 1769 1371 adsum

980 1385 1054 1422 (Isai.
1068 1387 1111 1414 65.
1126 1386 1268 1422 2t).Quod
1279 1388 1301 1414 si
1314 1387 1468 1422 ampliorem
1485 1387 1652 1415 sedulitatem
1669 1393 1766 1420 teneat.

979 1437 1006 1458 et
1018 1439 1113 1466 magno
1128 1432 1274 1464 desiderio,
1291 1432 1455 1467 ferventique
1468 1433 1565 1460 mentis
1576 1433 1711 1460 alacritate
1724 1441 1769 1467 pe.

979 1476 1088 1503 titiones
1110 1477 1231 1504 emittat:
1246 1477 1325 1504 etiam
1343 1482 1405 1504 ante
1426 1478 1580 1512 petitionem
1600 1479 1724 1513 prredicat
1741 1484 1767 1505 ct

979 1526 1089 1550 coronat
1106 1522 1153 1559 :_id
1169 1523 1238 1557 quod
1253 1528 1280 1549 et
1291 1524 1316 1550 in
1327 1523 1475 1551 Cliaiiantea
1490 1525 1600 1551 muliere
1612 1525 1764 1552 declaravit.

978 1567 1109 1601 Quoniam
1123 1568 1193 1595 enim
1207 1569 1272 1595 vidit
1286 1569 1507 1604 indefatigabilem
1522 1569 1580 1604 ejus
1590 1571 1766 1597 constantiam

978 1618 1005 1640 ct
1018 1613 1253 1647 persevcrantiam,
1267 1614 1310 1640 ubi
1327 1614 1441 1648 primum
1457 1622 1515 1642 eam
1529 1614 1691 1649 praedicavit,
1702 1620 1728 1642 et
1739 1620 1768 1645 ut

978 1659 1013 1686 ita
1024 1659 1120 1693 dkam.
1132 1660 1278 1691 coronavit,
1288 1660 1388 1695 totique
1399 1660 1498 1688 mundo
1513 1661 1666 1694 celebravit,
1677 1666 1766 1696 postea

978 1704 1137 1732 liberalitate
1153 1713 1244 1740 magna
1262 1713 1354 1740 preces
1367 1706 1425 1740 ejus
1437 1706 1516 1733 ctiam
1532 1709 1677 1741 superavit.
1690 1707 1765 1740 Nam,

978 1753 1006 1776 ut
1021 1750 1103 1778 dixit:
1115 1750 1137 1776 0
1148 1751 1247 1782 mulier,
1260 1759 1351 1785 magna
1362 1756 1397 1778 est
1409 1752 1472 1785 ﬁdes
1483 1757 1526 1778 tua
1537 1760 1547 1779 :
1561 1756 1623 1779 tunc
1635 1752 1764 1784 subdidit,

978 1794 1037 1821 Fiat
1052 1795 1096 1821 tibi
1117 1795 1181 1823 sicut
1205 1796 1241 1822 vis
1256 1795 1361 1830 (Matth.
1379 1796 1422 1825 15,
1434 1796 1491 1831 28).
1509 1797 1541 1825 Ει
1562 1797 1584 1823 si
1606 1798 1766 1824 voluerimus

977 1841 1081 1875 singula
1104 1840 1249 1875 Scripturze
1271 1841 1368 1868 divina:
1392 1842 1514 1877 exempla
1538 1842 1644 1874 afferre,
1669 1843 1766 1877 ubique

977 1894 1099 1922 magnam
1112 1887 1215 1914 Domini
1227 1887 1434 1915 munificentiam
1447 1888 1602 1915 videbimus.
1616 1889 1671 1916 Hoc
1681 1889 1764 1923 probo

977 1932 1078 1960 sciebat
1091 1933 1239 1966 patriarcha
1251 1932 1306 1965 ille,
1321 1933 1459 1960 cedentem
1476 1934 1621 1961 minoribus
1635 1941 1764 1968 as.~eqiiu~

977 1981 1065 2004 turum
1076 1978 1186 2013 majora,
1195 1978 1263 2005 sicut
1274 1977 1330 2005 heri
1341 1978 1477 2006 audivistis
1488 1987 1494 2006 :
1505 1980 1584 2006 cessit
1592 1979 1669 2007 Loto.
1681 1979 1765 2013 regio-

977 2031 1091 2058 nemque
1104 2024 1264 2051 deteriorem
1280 2025 1358 2059 cli-git
1370 2045 1378 2056 ,
1395 2029 1424 2052 nt
1437 2026 1615 2052 contentionis
1632 2031 1765 2052 resccarct

977 2070 1188 2102 occasiones,et
1208 2075 1316 2097 ostensa
1340 2071 1437 2098 virtute
1458 2078 1504 2098 sua
1529 2071 1655 2105 peculiari
1682 2075 1764 2100 totam

977 2115 1084 2143 domum
1108 2121 1228 2150 pacatam
1257 2116 1391 2144 redderet.
1416 2115 1547 2144 Cancrum
1575 2116 1711 2144 videamus
1731 2124 1763 2146 ex

977 2169 1071 2189 recens
1084 2161 1168 2195 lectis,
1183 2170 1304 2197 quamam
1321 2169 1368 2196 pro
1380 2167 1450 2190 tanta
1473 2163 1675 2191 mansuetudine
1696 2163 1766 2189 acci~

979 2209 1059 2243 piata
1073 2209 1128 2235 Deo
1144 2209 1263 2242 praemia.
1279 2208 1321 2237 I4.
1331 2207 1364 2235 Et
1375 2209 1457 2241 dixit,
1474 2208 1576 2242 inquit,
1592 2207 1660 2235 Deus
1671 2208 1744 2235 Abrar
1755 2229 1763 2240 ,

977 2257 1106 2288 post1uam
1125 2259 1255 2288 separatus
1266 2259 1300 2280 est
1315 2253 1346 2280 tib
1358 2261 1385 2280 eo
1403 2253 1448 2279 Lot
1460 2260 1470 2282 :
1483 2252 1592 2279 Elevatis
1613 2253 1693 2280 oculis
1712 2254 1763 2282 tuis

977 2307 1048 2326 cerne
1058 2307 1073 2325 a
1083 2299 1137 2325 loco
1148 2299 1228 2333 inquo
1239 2303 1264 2325 tu
1276 2306 1342 2326 nunc
1352 2306 1387 2332 es,
1397 2298 1430 2324 ad
1441 2298 1580 2332 aquilonem
1593 2302 1615 2324 et
1625 2298 1762 2330 meridiem,

977 2349 1001 2371 et
1022 2344 1141 2371 orientem
1154 2348 1177 2372 et
1193 2352 1261 2370 mare
1273 2351 1283 2371 :
1297 2344 1339 2371 15.
1354 2344 1412 2379 quia
1425 2351 1522 2370 omnem
1544 2347 1635 2370 terram
1648 2351 1722 2378 quam
1738 2348 1764 2373 tu

977 2389 1060 2421 uides,
1075 2390 1119 2416 tibi
1131 2388 1195 2417 dabo
1212 2397 1282 2422 eam,
1296 2393 1320 2416 et
1338 2388 1425 2417 semini
1439 2392 1481 2415 tuo
1494 2396 1570 2422 usque
1587 2388 1613 2414 in
1633 2388 1764 2416 statutum.

979 2436 1045 2463 Vide
1057 2436 1190 2471 quomodo
1202 2435 1289 2462 divina
1301 2435 1436 2469 Scriptura
1452 2434 1624 2461 acceleratam
1640 2433 1686 2460 Dei
1701 2440 1764 2468 pro»

977 2482 1120 2509 videntium
1138 2486 1165 2509 et
1181 2481 1382 2508 retributionem
1395 2481 1467 2514 justo
1481 2480 1574 2507 faciant
1589 2478 1762 2506 demonstrat.

980 2527 1076 2554 Volens
1091 2528 1161 2554 enim
1175 2534 1223 2553 nos
1245 2526 1358 2555 docere.
1376 2529 1502 2559 quantum
1519 2525 1662 2558 approbata
1686 2525 1763 2552 fuerit

978 2579 992 2598 a
1013 2571 1186 2598 niiscricorde
1213 2571 1266 2598 Deo
1286 2570 1441 2605 patriarcha:
1464 2570 1612 2602 humilitas,
1626 2575 1763 2604 postquam

977 2617 1053 2650 dixit,
1065 2620 1213 2651 separatum
1228 2615 1308 2645 fuisse
1319 2615 1378 2649 Lot,
1395 2620 1421 2642 et
1434 2615 1531 2642 abiisse
1541 2616 1565 2642 in
1579 2621 1673 2644 terram
1685 2623 1763 2650 quam

977 2663 1057 2697 elegit
1081 2668 1109 2690 ut
1130 2662 1463 2697 prtcstautioreni;statim
1489 2660 1606 2688 subdidit
1622 2669 1629 2687 ε
1647 2660 1679 2687 Et
1701 2661 1764 2690 dixit

978 2707 1046 2735 Deus
1061 2708 1142 2735 Alme.
1156 2707 1254 2734 Deinde
1266 2711 1294 2733 ut
1308 2706 1451 2741 diligenter,
1460 2705 1592 2733 discamus
1603 2706 1658 2733 hinc
1667 2706 1765 2733 dixisse

979 2753 1061 2780 Deum
1076 2753 1102 2780 iii
1115 2751 1263 2780 mercedem
1279 2759 1371 2779 eorum
1385 2759 1444 2785 qua:
1459 2751 1529 2778 circa
1541 2750 1635 2778 Lotum
1650 2751 1761 2782 fecerat,

979 2801 1036 2827 hmc
1048 2799 1148 2828 addidit
1165 2807 1171 2825 :
1189 2797 1222 2825 Et
1233 2798 1296 2825 dixit
1311 2797 1379 2824 Deus
1393 2797 1476 2830 Abrrc,
1489 2803 1621 2832 postquam
1635 2803 1764 2832 separatus

979 2851 1015 2874 est
1025 2846 1055 2873 ab
1068 2853 1096 2873 eo
1110 2843 1166 2877 Lat,
1182 2843 1256 2879 quasi
1278 2843 1417 2871 manifeste
1437 2843 1493 2873 lucc
1510 2844 1533 2871 ei
1555 2844 1636 2874 verba
1652 2844 1762 2875 dicens:
