2055 3123
262 158 314 185 515

262 214 301 241 0b
315 218 386 240 tuam
405 213 632 240 mansuetmlinem
654 213 760 248 regione
779 213 888 240 meliore
912 217 939 240 ct
960 220 1043 239 ama:-

263 260 336 286 niore
359 257 448 285 fratris
462 258 514 284 ﬁlio
526 258 629 285 cessisti
641 279 648 290 ,
662 262 686 284 et
710 258 833 284 eximiam
847 265 902 292 prte
917 262 942 285 te
964 256 1045 283 tulisti

264 304 450 336 humilitatem,
465 308 618 338 tantamque
630 303 701 337 pacis
719 303 832 330 habuisti
848 310 937 331 curam
947 323 954 334 ,
966 307 993 329 ut
1007 302 1047 328 ni-

265 351 301 377 hil
316 358 368 377 non
383 351 468 385 potius
481 349 621 384 delegeris,
637 357 717 383 quam
727 356 787 375 esse
800 349 869 375 inter
878 357 924 375 vos
937 354 1046 374 conten-

265 391 371 423 tiones:
388 399 529 429 eapropter
548 394 633 428 largas
654 393 711 420 illas
729 400 744 419 a
762 400 804 420 me
820 392 1049 419 remunerationes

266 440 367 475 accipe.
382 439 490 466 Elevatis
500 459 507 471 ,
520 439 615 474 inquit,
625 439 703 466 oculis
717 439 765 464 tuis
775 459 782 469 ,
798 438 853 464 vide
866 432 950 464 a'toeo
960 438 985 463 in
1000 445 1048 471 quo

264 491 290 512 tu
306 494 372 512 nunc
385 494 420 518 ex,
434 485 468 512 ad
489 485 629 520 aquilonem
651 488 674 510 et
695 483 832 514 meridiem,
843 486 866 509 et
889 483 1006 509 orientem
1026 486 1050 508 et

265 535 334 554 mare
348 534 357 553 :
370 527 429 562 quia
447 534 544 553 onmem
565 530 656 552 terram
667 545 674 557 ,
688 533 764 560 quam
784 529 810 550 tu
822 523 889 550 rides
899 545 905 555 ,
922 524 965 550 tibi
985 522 1049 549 dabo

267 581 331 605 eam,
341 578 365 600 et
375 573 463 600 semini
476 577 517 599 tuo
531 580 608 606 usque
618 573 643 598 in
656 572 784 598 circulum.
794 570 887 597 Vidisti
901 569 1047 596 retributio-

269 625 331 645 nem
353 623 426 653 gesta
448 618 506 652 ejus
522 618 611 644 multis
632 617 717 645 modis
737 616 928 650 superantem?
955 604 1068 642 lisdemx

269 663 356 690 verbis
369 663 450 690 utitur
464 663 617 690 misericors
629 661 756 689 Dominus
765 681 772 692 ,
790 660 885 695 quibus
898 664 925 686 et
941 659 1051 693 patriar-

268 708 317 734 cha
331 708 479 735 cessionem
494 708 601 734 fecerat.
615 707 678 734 Nam
694 707 761 733 sicut
772 705 918 740 patriarcha
929 705 1050 732 dicebat:

270 753 344 785 Ecce,
359 761 443 779 annon
463 753 543 779 omni:
564 757 629 778 terra
648 760 732 778 coram
760 751 802 778 te?
822 751 947 778 discedea
961 750 1051 777 meai

270 803 296 824 tu
308 798 342 824 ad
356 798 494 830 dexteram,
508 805 554 832 ego
566 797 599 823 ad
613 797 740 823 sinistram
750 803 760 827 ;
770 797 792 822 si
807 801 833 822 tu
849 797 883 822 ad
904 796 1029 822 sinistram
1043 816 1050 828 ,

269 851 314 878 ego
326 843 360 869 ad
374 843 501 869 dexteram
515 850 525 868 .'
541 843 574 868 ita
586 846 612 869 et
633 842 757 868 Dominus
770 842 850 868 dicit:
867 841 975 868 Eteoelis
991 849 1053 867 ocu-

269 889 300 914 lis
313 888 362 914 tuis
376 887 432 914 vide
444 895 459 914 a
472 887 527 914 loco
541 888 567 914 in
580 895 629 921 quo
642 892 668 914 tu
681 895 747 913 nunc
763 895 787 914 es
799 895 808 914 :
821 887 880 921 quia
893 895 988 913 omnem
1001 888 1066 912 ιρι-⁷

270 942 334 965 rant,
349 941 424 967 quam
435 938 460 959 tu
475 933 553 964 rides,
563 932 605 959 tibi
618 933 682 959 dabo
696 941 751 959 eam
762 953 768 963 ,
785 937 807 959 et
821 932 909 959 semini
920 936 963 958 tuo
977 939 1054 965 usque

271 979 297 1005 in
310 978 439 1005 iaculum.
455 978 512 1011 llic,
528 985 635 1012 qua-so,
651 978 830 1004 animadverte
848 977 980 1011 ingentem
996 984 1055 1003 mu-

272 1024 442 1050 niﬁcentiam.
465 1024 504 1050 Τιι
527 1024 645 1058 quidem,
659 1023 760 1057 inquit,
775 1023 836 1049 dato
861 1022 897 1049 illi
916 1021 1056 1049 electionis

272 1069 390 1102 arbitrio,
405 1076 446 1100 ea,
463 1076 541 1103 quam
554 1069 598 1095 ille
622 1068 703 1094 voluit
722 1068 828 1102 eligere,
846 1072 915 1094 terra
931 1066 1032 1094 cessisti
1047 1086 1054 1098 ,

273 1115 391 1142 relictam
402 1119 490 1141 autem
503 1114 560 1148 ipse
572 1114 698 1148 accepisti
710 1124 716 1141 :
731 1121 780 1148 ego
793 1120 856 1141 vero
868 1117 939 1140 tanta
955 1117 980 1139 te
992 1112 1057 1139 Iibe-

272 1160 375 1186 ralitatc
389 1166 543 1194 prosequar,
557 1163 584 1186 ut
597 1166 703 1187 omnem
713 1165 793 1194 quam
810 1163 872 1184 ante
891 1157 982 1184 oculos
998 1161 1056 1184 tuos

274 1209 373 1232 terram
388 1205 460 1231 vides
475 1205 562 1237 sitam,
575 1212 606 1231 ex
621 1209 733 1238 utroque
748 1204 831 1231 latere
843 1203 937 1231 dextro
949 1207 976 1230 et
991 1203 1057 1230 sini-

274 1256 340 1281 stro,
354 1258 368 1276 a
389 1250 568 1284 septentrione
589 1255 616 1277 et
630 1250 750 1282 meridie,
767 1250 800 1276 ab
812 1249 914 1277 oriente
937 1253 965 1276 et
984 1249 1057 1276 oeci-

274 1295 362 1328 dente,
376 1300 402 1322 et
418 1295 443 1322 in
458 1303 571 1328 sunnna,
585 1302 691 1322 omnem
704 1299 801 1322 terram
815 1302 893 1330 quam
903 1294 999 1326 cernis,
1011 1294 1058 1321 tibi

275 1349 334 1369 sum
344 1348 520 1369 concessurus
534 1351 540 1368 :
557 1349 642 1377 neque
653 1341 698 1368 tibi
709 1342 804 1374 solum,
817 1341 863 1368 sed
875 1340 907 1367 Et
917 1341 1004 1368 semini
1017 1345 1059 1367 tuo

276 1395 352 1422 usque
365 1387 390 1413 in
400 1387 624 1414 sweetumNidisti
635 1386 740 1422 dignam
749 1386 835 1413 divina
846 1386 963 1414 bonitate
973 1386 1060 1413 munis

278 1432 431 1459 licentiam?
445 1432 536 1459 Vidisti
550 1432 655 1467 quantis
669 1432 758 1464 cessit,
773 1436 870 1467 quanta
885 1436 926 1459 est
938 1439 1062 1466 assequu-

279 1477 341 1503 tus?
356 1477 422 1504 Ilinc
443 1477 612 1510 erudiamur,
629 1482 656 1503 ut
672 1485 764 1512 magna
787 1477 813 1504 in
828 1477 924 1505 dandis
945 1478 1060 1506 elecmo-

277 1523 350 1557 synis
365 1523 485 1557 largitate
499 1527 620 1555 utamur,
635 1530 689 1557 quo
703 1523 771 1550 datis
783 1523 870 1558 parvis
884 1523 1062 1558 adipiscamur

278 1575 384 1602 magna.
398 1568 536 1601 Quomodo
546 1568 617 1595 enim
628 1569 699 1603 paria
711 1574 780 1601 sunt,
795 1569 848 1602 dic,
863 1570 984 1602 obsecro,
999 1570 1062 1597 dare

281 1621 374 1648 parum
389 1615 502 1650 argenti,
514 1621 539 1643 et
551 1615 670 1643 obtinere
685 1621 855 1650 peccatorum
866 1616 1063 1643 remissionem?

283 1668 390 1695 pascere
404 1662 581 1695 esurientem,
596 1667 623 1689 et
636 1663 662 1689 in
676 1662 720 1690 die
735 1662 778 1689 illa
799 1662 917 1690 horribili
940 1663 1062 1690 ﬁduciam

280 1707 402 1742 assequi.
420 1712 446 1734 et
468 1707 560 1735 audire
585 1707 664 1734 verba
691 1715 750 1734 eum
774 1715 856 1743 regno
881 1708 1063 1736 conferenda:

284 1751 393 1784 Esurivi,
409 1758 431 1779 et
447 1753 549 1780 dedistis
567 1754 630 1781 mihi
652 1754 803 1781 manducare
817 1753 923 1788 (Matth.
938 1754 984 1782 ‘25.
998 1755 1065 1789 55)?

283 1798 351 1824 Num
365 1800 409 1833 qui
425 1800 472 1826 tibi
489 1804 588 1827 tantam
605 1808 694 1827 rerum
709 1800 781 1827 dedit
799 1801 962 1834 ubertatem,
981 1802 1066 1836 potuit

285 1848 312 1870 et
326 1843 398 1870 illius
411 1844 528 1878 inopiam
541 1845 629 1872 levare
643 1850 669 1872 et
681 1845 846 1872 solari?Scd
866 1845 915 1873 hac
934 1846 967 1874 de
986 1855 1065 1873 causa

284 1888 409 1923 relinquit
433 1889 506 1917 illum
531 1890 620 1924 inopia
640 1892 746 1923 vexari,
765 1897 793 1918 ut
811 1896 838 1918 et
864 1892 919 1927 ip\e
942 1893 1065 1926 patientia

285 1934 396 1960 multum
410 1934 539 1962 mercedis
552 1935 700 1969 acquireret
710 1956 717 1968 ,
733 1941 758 1963 et
772 1941 798 1963 tu
810 1944 858 1970 per
871 1937 1067 1973 cleemosynam

286 1977 334 2004 tibi
350 1978 451 2005 ﬁducia:
464 1979 677 2007 materiameilluc
692 1981 875 2015 pra-mitteres.

320 2025 346 2051 ὃ.
359 2024 448 2052 Vidisti
464 2025 670 2052 misericordiam
684 2026 796 2057 Domini,
812 2027 945 2060 quomodo
962 2031 1069 2062 propter

288 2074 405 2097 nostram
420 2070 531 2096 salutem
545 2070 680 2105 dispenset
694 2071 780 2098 omnia
793 2072 804 2096 ?
820 2072 908 2106 Itaque
920 2072 982 2099 dum
996 2073 1067 2106 cogi-

288 2119 342 2145 tas.
359 2120 466 2149 propter
480 2119 505 2141 te
519 2119 546 2142 et
559 2121 668 2150 propter
681 2120 751 2142 tuam
763 2116 899 2143 utilitatem
918 2117 990 2143 illum
1009 2124 1070 2144 eum

289 2159 375 2193 inopia
388 2160 582 2186 conﬂictantem
606 2160 675 2187 fame
689 2161 790 2195 perire,
812 2169 845 2187 ne
857 2161 954 2195 absque
969 2162 1072 2189 inheri-

290 2204 377 2231 t'ordia
398 2210 530 2237 transeas,
551 2205 597 2232 sed
610 2210 667 2232 esto
683 2205 767 2232 ﬁdelis
787 2213 896 2238 eorum,
921 2214 979 2240 qum
997 2207 1071 2234 tibia

293 2250 403 2277 Iunnino
414 2258 538 2277 concessa
555 2255 625 2282 sunt,
638 2251 951 2286 bonornmdispcnsator,
965 2258 993 2279 ut
1003 2253 1072 2281 illius

292 2295 452 2322 sublevando
464 2296 610 2330 penuriatn,
626 2296 734 2324 multam
744 2297 789 2323 tibi
798 2305 936 2332 supernam
947 2299 1073 2326 concilies

291 2340 412 2378 gratiam.
438 2341 469 2368 Et
480 2341 596 2376 glortlica
612 2341 752 2368 Dominuni
764 2347 836 2368 tuutn
849 2363 856 2374 ,
879 2343 949 2378 quod
964 2348 1072 2378 propter

293 2391 317 2415 te
338 2391 366 2413 et
388 2387 498 2413 salutem
524 2392 594 2414 tuam
614 2387 762 2421 permiserit
784 2388 855 2414 illum
876 2388 901 2415 in
921 2395 1075 2424 paupertate

293 2433 391 2458 versari
407 2453 414 2464 ,
439 2436 466 2458 ιιι
481 2432 524 2459 tibi
539 2432 578 2458 via
592 2437 696 2466 pateat,
718 2440 765 2467 per
778 2440 856 2467 quam
870 2438 974 2468 peccata
989 2436 1075 2470 possis

293 2477 400 2504 abluere
413 2498 419 2508 ,
441 2482 467 2503 et
479 2478 639 2512 dispensatis
653 2477 720 2504 bene
735 2478 767 2505 iis
776 2485 835 2512 qua:
856 2486 870 2505 a
894 2480 1004 2508 Domino
1027 2480 1075 2508 tibi

293 2527 354 2548 sunt
365 2530 502 2555 concessa,
517 2523 606 2550 laudes
619 2523 677 2550 illas
691 2531 819 2556 mereare,
833 2532 891 2559 qua:
901 2532 1007 2552 omnem
1021 2533 1077 2554 ser-

296 2575 399 2594 monem
424 2571 451 2594 et
478 2568 605 2595 ratiOnem
635 2569 833 2597 transcendunt.
860 2571 957 2599 Audies
982 2573 1052 2599 enim
1068 2593 1076 2605 ,

298 2612 366 2648 Euge
376 2634 382 2645 ,
394 2622 463 2641 serve
482 2615 544 2641 bona
555 2620 577 2641 et
587 2615 684 2648 ﬁdelis,
704 2623 779 2651 super
791 2626 872 2652 pauca
892 2618 961 2652 fuisti
977 2618 1076 2652 ﬁdelia,

296 2666 370 2692 super
384 2659 463 2686 multa
477 2665 500 2686 te
512 2661 659 2687 constituant
673 2669 682 2688 :
695 2662 761 2689 intra
783 2663 809 2689 in
831 2664 951 2698 gaudium
978 2663 1078 2690 Domini

293 2703 330 2730 tui
345 2703 456 2738 (Matt/1.
467 2704 512 2733 25.
527 2705 589 2740 25).
603 2706 663 2733 Ilaec
678 2707 927 2740 animadvertentes,
945 2709 979 2735 ita
995 2709 1078 2743 respi-

292 2758 395 2780 Nr‘mus
419 2762 565 2789 pauperes,
587 2756 662 2790 quasi
685 2755 832 2788 beneﬁcos,
856 2756 900 2790 qui
926 2756 1079 2782 occasiones

295 2799 389 2826 salutis
401 2801 464 2828 dare
485 2801 562 2827 nobis
577 2805 700 2835 possunt,
726 2806 753 2829 et
771 2802 810 2829 eis
831 2802 937 2836 largiter
950 2800 1080 2835 hilarique

297 2849 321 2870 ill
331 2844 384 2875 imo
399 2853 548 2882 erogemus,
563 2855 704 2883 numquam
721 2853 861 2875 renuentes
873 2847 946 2880 dare,
962 2846 1009 2874 sed
1024 2853 1079 2873 ma-

631 156 658 184 S.
679 156 816 184 .IO.\NNIS
833 155 1068 184 CIIRYSOSTOMI
1088 153 1244 182 ARCIIIEP.
1264 154 1524 184 CONSTANTINOP.

1792 175 1795 178 ι
1832 157 1880 184 Sid

1099 219 1149 246 gna
1165 211 1273 239 lenitate
1284 219 1342 239 cum
1358 213 1396 240 eis
1408 213 1589 247 colloquentes
1601 233 1608 245 ,
1631 218 1658 240 et
1679 214 1786 241 multam
1808 223 1882 240 inan-

1099 257 1264 285 suetudinem
1279 258 1453 286 deelarantos.
1469 258 1570 286 lnclina
1581 279 1588 291 ,
1603 259 1704 293 inquit,
1720 260 1823 294 pauperi
1836 268 1883 285 au—

1098 311 1150 329 rem
1165 308 1243 336 tuam,
1259 309 1282 330 et
1293 303 1414 338 responde
1427 304 1449 330 ei
1463 304 1567 339 paciﬁca
1578 305 1603 330 in
1620 305 1808 331 mansuetudine
1823 304 1882 338 (Ee-

1099 349 1140 375 cli.
1155 349 1180 375 4.
1197 349 1243 384 8),
1258 354 1287 376 ut
1303 353 1329 376 et
1344 353 1484 384 antequam
1505 349 1569 379 des.
1584 349 1725 376 verborum
1743 350 1882 376 clementia

1099 394 1183 420 multa
1205 394 1291 428 inopia
1305 394 1435 429 dejectum
1457 394 1514 428 ejus
1534 395 1650 420 animum
1664 395 1768 428 erigas;
1793 393 1885 420 Melior

1100 439 1166 465 enim
1178 443 1224 472 est,
1241 440 1334 474 inquit,
1349 447 1439 469 sermo,
1453 448 1527 473 quam
1545 440 1646 466 donatio
1661 439 1751 475 (Eecli.
1768 439 1811 467 I8.
1828 439 1883 474 16).

1100 483 1175 510 Adeo
1194 485 1272 511 etiam
1293 485 1404 511 verbum
1424 485 1538 511 animam
1560 484 1702 518 roborare,
1724 485 1887 513 consolatio-

1101 537 1216 562 nemvjue
1229 530 1336 556 multam
1352 529 1446 556 afferre
1457 529 1534 556 solet.

1138 575 1302 610 Elecmosyna
1317 575 1434 601 alacriter
1452 575 1588 610 eroganda.
1612 574 1719 602 Serendi
1731 579 1836 610 .temptu
1850 582 1886 604 es;

1102 621 1155 647 hac
1167 621 1226 647 vita.
1241 635 1276 641 —
1290 620 1369 654 Igitur
1392 628 1442 646 non
1469 624 1568 646 tantum
1583 620 1749 647 attendentes
1761 628 1821 647 eum
1841 621 1884 655 qui

1102 666 1207 700 accipit,
1228 667 1254 693 in
1274 665 1366 692 dandis
1381 665 1556 700 cleemosynis
1573 665 1655 692 simus
1670 665 1792 694 liberales
1813 675 1820 692 :
1839 667 1885 694 sed

1103 712 1291 739 ratiocinantes
1311 712 1398 746 potius
1412 712 1470 746 quis
1484 711 1528 738 ille
1541 712 1575 738 sit
1593 712 1637 746 qui
1659 719 1690 738 ea
1711 719 1768 746 qua:
1782 712 1807 738 in
1823 719 1886 746 pau-

1105 766 1193 793 perem
1209 759 1336 786 collocata
1351 763 1423 790 sunt.
1439 764 1466 786 ut
1486 759 1536 786 sibi
1557 759 1623 786 facta
1638 759 1752 786 vindieat
1764 779 1771 791 ,
1793 764 1820 786 et
1841 767 1886 792 pro

1104 804 1172 831 datis
1192 804 1349 831 solutionem
1376 804 1534 838 pollicetur:
1550 809 1628 838 atque
1648 804 1683 830 ita
1704 805 1793 831 animo
1814 805 1886 831 illum

1105 849 1237 877 intuentes
1248 869 1257 883 ,
1280 857 1372 884 tnagua
1386 850 1520 876 alacritate
1532 849 1595 876 dare
1609 849 1780 881 studeamus,
1797 854 1823 876 et
1837 849 1884 875 Iar-

1105 902 1176 929 gam,
1189 894 1250 921 dum
1263 894 1348 921 adhuc
1362 899 1464 928 tempus
1477 899 1527 924 est,
1544 898 1688 920 sementem
1700 893 1828 928 iaciamus
1837 913 1845 924 .
1861 898 1888 920 ut

1105 944 1132 966 ct
1143 939 1259 966 ubertim
1274 944 1412 965 metatnus.
1427 938 1491 965 Nam
1510 938 1560 971 Qui
1571 946 1644 972 parce
1655 938 1760 964 sentina!
1770 958 1776 969 ,
1789 938 1886 972 inquit,

1107 992 1181 1019 parce
1188 990 1210 1011 et
1219 988 1289 1010 metet
1303 983 1342 1019 (Ξ.
1354 984 1411 1011 Cor.
1423 984 1449 1011 9.
1462 984 1501 1018 6).
1517 983 1592 1010 Mariti
1606 983 1684 1018 igitur
1694 982 1802 1010 minime
1813 991 1888 1017 parca

1107 1030 1207 1057 semina
1221 1030 1263 1056 illa
1278 1030 1343 1056 bona
1359 1037 1522 1064 spargamus,
1540 1035 1567 1056 ut
1581 1037 1629 1056 suo
1643 1034 1762 1064 tempore
1775 1029 1889 1056 ubertim

1108 1079 1249 1102 metamus.
1265 1075 1339 1103 Nune
1351 1076 1420 1102 enim
1436 1075 1581 1102 seminandi
1596 1080 1698 1110 tempus
1711 1079 1761 1107 est,
1773 1074 1843 1110 quod
1859 1082 1891 1101 re

1107 1125 1297 1157 prmtereamus
1310 1121 1420 1148 obsecro
1431 1141 1438 1154 ,
1459 1126 1487 1148 ut
1508 1121 1534 1148 in
1548 1121 1591 1148 die
1604 1120 1784 1148 retributionis
1799 1128 1845 1154 pro
1861 1120 1891 1146 iis

1108 1175 1167 1202 quae
1182 1167 1224 1194 bic
1238 1167 1427 1195 seminavimus
1439 1188 1446 1200 ,
1469 1166 1570 1194 fruetus
1583 1167 1760 1202 pereipiamus
1772 1187 1780 1198 ,
1798 1171 1822 1193 et
1840 1166 1892 1192 Du-

1109 1212 1173 1239 mini
1197 1212 1406 1239 misericordiam
1427 1219 1608 1247 assequamur.
1632 1211 1736 1238 Nullum
1749 1211 1819 1238 enim
1833 1219 1892 1237 om,

1110 1258 1173 1286 nino
1187 1258 1257 1286 aliud
1270 1266 1336 1293 opus
1350 1259 1446 1285 bonum
1457 1259 1495 1286 sic
1510 1257 1606 1292 poterit
1619 1257 1782 1291 restinguere
1801 1263 1893 1290 pecca-

1111 1308 1198 1331 torum
1211 1309 1360 1331 nostrorum
1373 1304 1531 1335 incendium,
1544 1307 1573 1330 ut
1583 1303 1757 1338 eleemosynre
1768 1302 1892 1336 largitas:

1112 1350 1159 1376 ista
1173 1354 1200 1376 et
1216 1353 1381 1383 peccatorum
1396 1353 1546 1376 nostrorum
1566 1348 1736 1375 abolitionem
1758 1352 1893 1382 operatur,

1111 1399 1139 1422 et
1151 1394 1227 1422 nobis
1241 1394 1362 1421 ﬁduciam
1383 1394 1525 1425 conciliat,
1546 1397 1572 1420 et
1596 1392 1765 1420 ineli'abilium
1788 1391 1894 1418 illorum

1112 1440 1241 1467 boaornm
1257 1440 1369 1467 fructum
1389 1444 1529 1475 praeparat.
1543 1439 1641 1466 Verum
1668 1438 1701 1465 de
1725 1437 1766 1465 his
1788 1437 1894 1472 quidem

1113 1486 1178 1513 satis
1202 1486 1301 1512 dictum
1323 1490 1362 1512 est
1379 1485 1405 1512 in
1419 1484 1627 1512 cohortationem
1648 1488 1782 1514 vestram;
1806 1487 1834 1508 et
1852 1481 1896 1508 de-

1114 1536 1287 1558 monstratum
1304 1538 1352 1558 nos
1367 1530 1389 1557 si
1404 1537 1482 1564 parva
1494 1529 1644 1556 dederimus
1655 1549 1662 1560 ,
1678 1535 1692 1554 a
1716 1527 1827 1554 Domino
1848 1533 1896 1552 no-

1114 1582 1169 1604 stro
1185 1584 1277 1611 magna
1288 1579 1495 1610 consequuturos
1517 1581 1584 1601 esse.
1597 1573 1664 1601 Ilinc
1676 1573 1745 1599 enim
1767 1579 1856 1598 sermo
1871 1571 1896 1598 in

1114 1622 1289 1657 cleemosynae
1304 1620 1510 1647 admonitionem
1525 1618 1665 1646 devolutus
1680 1623 1719 1644 est
1734 1626 1740 1643 ε
1757 1617 1816 1652 quia
1827 1617 1896 1643 enim

1115 1667 1229 1694 diximus
1248 1667 1423 1701 patriarcbam
1435 1687 1443 1699 ,
1459 1666 1522 1692 dum
1538 1669 1639 1700 partem
1662 1669 1739 1691 terra:
1762 1662 1897 1690 meliorctn

1116 1711 1165 1739 Lot
1179 1711 1321 1744 concessit,
1335 1715 1362 1738 et
1375 1711 1493 1738 viliorem
1507 1710 1563 1745 ipse
1574 1709 1692 1741 retinnit,
1709 1712 1809 1735 tantam
1822 1716 1836 1733 a
1851 1707 1899 1733 υο-

1117 1757 1190 1784 mino
1204 1761 1397 1791 consequutum
1411 1763 1470 1783 esse
1484 1755 1676 1786 liberalitatem,
1690 1757 1719 1780 ut
1730 1759 1836 1779 onmem
1854 1759 1900 1778 co-

1117 1803 1269 1838 gitationem
1289 1802 1457 1829 transcendat
1478 1801 1618 1836 promissio
1631 1808 1708 1835 qualn
1728 1799 1752 1826 ei
1775 1798 1901 1825 Dominus

1118 1849 1180 1876 fecit
1194 1858 1200 1875 :
1217 1849 1325 1876 Eteoelis
1339 1849 1404 1874 enim
1418 1847 1497 1874 oculis
1518 1847 1577 1879 tuis,
1592 1845 1685 1880 inquit,
1707 1846 1787 1871 videu
1798 1845 1862 1875 loco,
1876 1845 1900 1870 in

1118 1903 1167 1928 quo
1180 1899 1205 1921 tu
1220 1902 1286 1920 nunc
1298 1902 1333 1925 er,
1349 1894 1383 1920 ad
1394 1893 1532 1928 aquilonem
1547 1897 1569 1918 et
1584 1891 1727 1922 meridiem,
1747 1895 1770 1916 ει
1784 1889 1902 1916 orientem

1119 1946 1141 1967 et
1156 1949 1224 1967 mare
1236 1948 1245 1966 :
1259 1940 1317 1974 quia
1329 1947 1426 1966 onmem
1439 1943 1546 1969 terram,
1561 1945 1635 1972 quant
1650 1941 1675 1962 tu
1687 1936 1753 1962 vides
1765 1955 1773 1968 ,
1791 1943 1846 1961 eam
1861 1934 1902 1960 tibi

1121 1985 1196 2018 dabo,
1215 1989 1237 2012 et
1250 1985 1336 2012 semini
1348 1989 1391 2010 tuo
1404 1991 1482 2017 usque
1495 1983 1520 2008 in
1530 1982 1657 2009 saxulum.
1672 1981 1749 2008 Parte
1761 1984 1849 2011 teme,
1866 1979 1903 2007 in-

1121 2030 1186 2064 quit,
1202 2029 1304 2056 cessisti
1321 2028 1409 2055 fratris
1424 2028 1478 2054 ﬁlio
1491 2035 1497 2053 :
1512 2034 1574 2053 ecce
1589 2034 1638 2060 ego
1653 2031 1734 2052 totam
1747 2025 1793 2052 tibi
1807 2029 1902 2051 terram

1122 2076 1249 2110 polliceor
1263 2082 1269 2107 ;
1285 2081 1370 2108 neque
1386 2073 1436 2100 hoc
1450 2073 1544 2104 solutn,
1559 2072 1605 2099 sed
1618 2076 1644 2098 ct
1656 2069 1752 2097 ‘semiui
1768 2075 1813 2096 tuo
1827 2069 1902 2104 polli-

1122 2127 1184 2146 ceor
1197 2127 1255 2146 eam
1268 2126 1350 2152 usque
1369 2118 1395 2144 in
1415 2117 1540 2144 smculutn
1557 2125 1563 2143 :
1580 2116 1629 2142 hoc
1643 2120 1694 2149 est,
1707 2118 1844 2149 perpetuo.
1858 2113 1904 2139 Vi-

1123 2165 1183 2191 (iisti
1197 2163 1328 2198 quomodo
1343 2166 1432 2189 certat
1446 2161 1602 2188 beneﬁciis?
1626 2160 1720 2187 Sciens
1742 2159 1811 2186 enim
1838 2158 1905 2184 Deus

1125 2210 1174 2236 hoc
1189 2209 1302 2236 maxime
1316 2215 1411 2242 cupere
1425 2207 1612 2241 patriarehann,
1628 2210 1655 2232 et
1667 2205 1729 2231 nihil
1741 2205 1798 2239 ejus
1810 2202 1905 2230 alaeri-

1125 2259 1204 2282 tatem
1219 2255 1254 2281 ita
1268 2254 1452 2281 roboraturum
1464 2260 1533 2285 esse.
1549 2252 1633 2287 inquit
1648 2261 1654 2278 :
1669 2251 1702 2280 Et
1715 2250 1766 2278 hoc
1785 2250 1830 2277 tibi
1844 2257 1906 2276 eon-

1126 2301 1229 2333 cedam,
1243 2300 1326 2334 utqui
1342 2307 1373 2326 ex
1385 2304 1411 2326 te
1423 2303 1574 2329 nascentur,
1588 2297 1739 2328 succedant,
1751 2302 1777 2323 et
1788 2296 1907 2323 similiter

1127 2351 1196 2374 terra
1220 2347 1357 2378 fruantur,
1385 2344 1549 2378 habeantque
1570 2347 1723 2378 perpetuum
1739 2342 1809 2368 illius
1822 2341 1908 2368 domi-

1127 2392 1209 2418 nium.
1227 2389 1334 2422 Deinde,
1355 2394 1382 2416 ut
1397 2397 1430 2416 ne
1444 2389 1586 2421 respiciens
1596 2387 1629 2414 ad
1642 2392 1761 2414 naturam
1781 2390 1809 2413 et
1833 2392 1909 2412 senc-

1127 2440 1226 2464 ctutcm
1241 2443 1314 2462 suam
1328 2455 1335 2468 ,
1350 2435 1474 2469 Sameque
1494 2433 1658 2461 sterilitatem
1671 2452 1678 2464 ,
1708 2431 1908 2467 promissionem

1127 2483 1214 2510 minus
1229 2485 1342 2512 curaret,
1359 2480 1405 2507 sed
1417 2480 1483 2507 bene
1498 2479 1590 2506 ﬁderet
1601 2478 1748 2513 pollicentis
1758 2477 1859 2507 virtuti.
1872 2477 1910 2503 in.

1128 2530 1186 2564 quit
1200 2538 1206 2555 :
1219 2528 1261 2555 16.
1277 2527 1310 2554 Ει
1331 2527 1423 2562 faciant
1441 2533 1523 2552 semen
1543 2529 1614 2551 tuum
1627 2524 1691 2550 sicut
1707 2530 1810 2549 arenam
1829 2526 1907 2547 terra.

1130 2574 1160 2600 Si
1173 2574 1228 2608 quis
1244 2576 1322 2607 potest
1336 2579 1466 2598 numerare
1478 2577 1580 2596 arenam
1601 2573 1682 2600 terra,
1703 2572 1726 2595 ιι
1741 2575 1824 2593 semen
1843 2571 1911 2592 tuum

1130 2619 1308 2646 nunteratn‘tur.
1326 2617 1392 2644 Vere
1407 2623 1485 2650 supra
1499 2619 1616 2642 naturam
1632 2614 1772 2641 humanam
1787 2617 1846 2639 erat
1858 2611 1914 2639 haec

1131 2665 1296 2700 promissio:
1319 2671 1370 2690 non
1384 2663 1469 2689 solum
1491 2662 1562 2689 enim
1588 2660 1707 2695 promisit
1731 2667 1760 2686 se
1784 2658 1913 2686 facturum

1131 2719 1191 2738 eutn
1216 2715 1315 2744 patrem
1338 2710 1405 2737 inter
1434 2712 1472 2735 tot
1486 2704 1671 2742 impedimenta
1683 2725 1691 2738 ,
1703 2704 1749 2732 sed
1765 2705 1791 2731 in
1813 2708 1915 2731 tantum

1132 2755 1364 2789 multiplicaturum
1379 2753 1456 2783 ﬁlios,
1472 2757 1595 2780 utarenm
1607 2756 1684 2778 terra:
1696 2749 1844 2784 comparari
1856 2755 1915 2783 pos-

1132 2806 1201 2829 sent.
1223 2802 1390 2828 Innumeram
1410 2806 1489 2833 porro
1515 2797 1709 2825 multitudinem
1725 2795 1781 2823 l'ore
1792 2800 1848 2822 tam
1869 2794 1915 2825 Ity-

1135 2846 1265 2882 j;erboliea
1280 2844 1450 2873 similitudine
1464 2843 1599 2871 declarare
1613 2842 1702 2869 voluit.
