2055 3123
152 143 206 176 515

151 203 231 231 ταυτὶ
249 204 318 239 πρὸς
330 203 411 230 αὐτὸν
426 202 548 238 φανεριῖος
568 202 651 238 λέγων
663 203 698 230 τὰ
715 204 835 238 ῥήματαο
859 201 983 238 παρεχώ-

152 254 239 281 ρησας
263 245 307 273 διὰ
322 245 422 281 πολλὴν
436 245 585 272 ἐπιείκειαν
606 246 656 281 τῆς
674 245 917 280 καλλιστευομένης
932 243 984 279 χώ-

152 295 201 322 ρας
219 286 259 321 τῷ
274 286 417 322 ἀδελφιδῷ,
430 287 477 313 καὶ
499 286 547 322 τὴν
563 287 651 322 ἄκραν
665 286 793 319 ἐπεδείξω
804 293 984 320 ταπεινοφρο-

151 328 245 363 σύνην,
261 328 308 354 καὶ
316 327 450 363 τοσαύτην
460 328 580 363 ἐποιήσω
593 329 642 364 τῆς
657 328 768 364 εἰρήνης
782 327 831 362 τὴν
844 325 983 363 πρόνοιαν,

150 369 188 401 ὡς
205 369 294 396 πάντα
320 369 518 402 καταδέξασθαι
529 370 599 403 ὑπὲρ
613 369 659 397 τοῦ
673 369 807 405 μηδεμίαν
823 366 892 395 εἶναι
907 367 985 402 ὑμῶν

151 410 254 446 μεταξὺ
276 411 452 445 φιλονεικίαν·
464 411 508 438 διά
522 412 601 438 τοῦτο
617 410 735 446 λάμϐανε
752 410 817 445 παρ’
829 410 895 446 ἐμοῦ
905 409 983 444 δαψι-

148 451 205 483 λεῖς
219 452 269 483 τὰς
283 452 410 487 ἀμοιϐάς.
433 453 631 487 Ἀναϐλέψας,
647 452 724 487 φησὶ,
745 452 806 485 τοῖς
821 451 984 486 ὀρθαλμοῑεκ

149 502 219 525 σου,
237 494 283 520 ws
294 493 353 521 ἀπὸ
363 494 416 521 τοῦ
428 495 532 526 τόπου,
546 493 581 522 οὗ
599 495 658 522 νῦν
671 494 712 521 σὺ
724 492 759 525 εἴ,
781 494 856 527 πρὸς
867 492 984 527 ,ϐορῤᾶν

149 534 198 561 καὶ
217 535 297 567 λίϐα,
313 535 363 562 καί
387 536 541 569 ἀνατολὰς
555 537 604 562 καὶ
626 536 796 563 θάλασσαν’
822 535 866 562 ὅτι
881 534 984 562 πᾶσαν

149 576 208 608 τὴν
217 575 284 611 γῆν,
303 575 343 610 ἣν
350 576 390 603 σὺ
405 576 487 610 ὁρᾷς,
501 575 551 604 σοὶ
562 577 648 604 δώσω
663 577 762 611 αὐτὴν
777 577 826 604 καὶ
838 576 878 609 τῷ
892 576 983 610 σπέρ-

147 619 218 651 [ulti
228 626 288 646 σου
299 619 354 652 ἕως
372 619 425 646 τοῦ
451 618 568 652 αἰῶνος.
589 617 664 650 Εἶδες
687 619 819 645 ἀντίδοσιν
841 618 930 653 πολλῷ
944 617 983 652 τῷ

151 659 243 695 μέτρῳ
261 660 477 696 ὑπερϐαίνουσαν
492 660 526 688 τὰ
544 662 608 696 παρ’
630 660 711 687 αὑτοῦ
724 660 869 695 γινόμενας
885 661 923 686 Δι’
933 660 982 686 αὒ-

148 700 202 726 τῶν
216 701 272 727 τῶν
282 702 411 737 ῥημάτων
430 701 539 737 ἔρχεται
553 702 567 728 ό
583 701 771 737 φιλάνθρωπος
786 702 934 735 Δεσπότης,
949 700 982 727 δι’

148 738 186 769 ὧν
194 743 241 768 καὶ
252 743 265 769 ό
276 744 448 779 πατριάρχης
459 744 508 779 τὴν
519 744 714 779 παραχώρησιν
725 744 880 780 ἐποιήσατο.
893 743 983 770 Καθά-

149 793 202 819 περ
215 784 271 820 γὰρ
285 786 388 816 ἐκεῖνος
397 785 498 820 ἔλεγεν.
517 787 577 812 οὐχ
593 785 656 812 ἰδοὺ
665 785 748 813 πᾶσα
763 786 781 819 ἡ
797 784 834 820 γῆ
845 786 984 811 ἐναντίον

148 833 225 857 σου;
237 825 447 861 διαχωρίσθητι
463 827 513 854 ἀπ’
530 827 612 861 ἐμοῦ-
622 827 701 855 είγσὺ
711 829 754 860 εις
768 827 860 860 δεξιὰ,
872 827 928 861 ἐγὼ
940 828 983 859 είς

146 867 300 902 ἀριστερά·
315 869 342 895 ει
357 867 393 895 δὲ
406 868 499 902 σὺεις
513 868 664 904 ἀριστερὰ,
678 869 735 904 ἐγὼ
746 871 789 902 εις
807 868 900 901 δεξιά·
912 868 983 894 οὕτω

146 909 194 935 καὶ
217 910 233 935 ὁ
255 910 394 945 Δεσπότης
419 911 511 945 φησίν·
537 910 723 944 Ἀναϐλέψας
744 911 804 943 τοῖς
819 909 983 944 ὀφθαλμοῖς

146 957 216 982 σου,
230 951 276 977 we
287 951 345 978 ἀπὸ
355 951 409 978 τοῦ
422 953 526 983 τόπου,
537 950 573 980 οὗ
589 952 630 979 σὺ
645 949 675 979 εἴ
681 951 747 978 νῦν·
759 951 802 978 ὅτι
813 951 917 978 πᾶσαν
927 950 983 984 τὴν

146 991 214 1025 γῆν,
236 992 277 1026 ἢν
291 992 374 1026 ὁρᾷς,
383 993 529 1020 σοὶὸώσω
539 993 636 1028 αὐτὴν
647 993 696 1020 καί
711 993 751 1026 τῷ
759 993 907 1027 σπέρματί
923 1000 981 1020 σου

146 1033 200 1066 ἕως
219 1033 272 1060 τοῦ
296 1033 412 1068 αἰῶνος.
437 1035 568 1062 Ἐνταῦοά
583 1044 628 1070 μοι
648 1035 744 1062 σκόπει
758 1035 807 1070 τῆς
824 1034 980 1069 φιλοτιμίας

146 1076 196 1110 τὴν
212 1075 374 1110 ὑπερϐολήν.
395 1076 432 1102 Σὺ
448 1076 497 1111 μὲν
520 1077 585 1111 γὰρ,
607 1077 706 1111 φησὶν,
731 1076 836 1111 αἵρεσιν
851 1075 913 1107 δοὺς
932 1075 982 1110 τὴν

147 1116 196 1150 τῆς
206 1116 333 1151 ἐκλογῆς,
344 1116 393 1152 τὴν
410 1117 460 1151 μὲν
473 1117 681 1153 παρεχώρησας,
692 1118 777 1152 ῆνπερ
787 1116 893 1143 ἑλέσθαι
905 1116 982 1142 ἐϐου-

145 1157 227 1193 λήθη,
243 1157 291 1194 τὴν
319 1157 347 1184 δὲ
367 1159 575 1192 ύπολειφθεῖσαν
597 1159 677 1190 αὑτὸς
706 1157 854 1190 κατεδέξω’
876 1157 931 1191 ἐγὼ
954 1157 982 1183 δὲ

145 1199 281 1235 τοσαύτην
303 1199 431 1236 ποιοῦμαι
443 1200 491 1236 τὴν
506 1200 669 1236 φιλοτιμίαν,
688 1200 726 1231 ὼς
750 1201 839 1226 πᾶσαν
854 1199 903 1233 τὴν
928 1199 981 1233 γῆν

145 1241 196 1276 τὴν
209 1241 415 1269 ὑποπίπτουσαν
429 1244 461 1277 τῇ
475 1242 529 1269 τῶν
548 1242 600 1269 σῶν
623 1241 768 1277 ὀφθαλμῶν
785 1241 833 1276 θέᾳ
845 1241 873 1273 ἐξ
887 1240 981 1267 ἐκατέ-

146 1291 202 1316 ρων
215 1282 269 1309 τῶν
283 1284 383 1318 μερῶν.
402 1284 456 1310 ἀπὸ
477 1284 578 1319 ἄρκτου
600 1285 646 1311 καὶ
663 1284 717 1310 ἀπὸ
732 1282 914 1318 μεσημϐρίας,
935 1281 982 1308 καὶ

145 1324 201 1350 ἀπὸ
215 1324 352 1350 ἀνατολῶν
365 1325 411 1350 καὶ
421 1325 541 1360 δυσμῶν,
561 1326 650 1352 πᾶσαν
664 1325 713 1360 τὴν
726 1325 788 1359 γῆν,
804 1324 836 1358 ῆν
852 1323 928 1362 ὁρᾷς,
941 1324 982 1351 σοὶ

145 1366 367 1400 παραχωρήσειν*
384 1366 429 1393 καὶ
445 1367 474 1393 οὐ
490 1367 568 1393 τοῦτο
586 1368 676 1402 μόνον,
687 1367 755 1393 ἀλλὰ
768 1366 821 1393 Καὶ
833 1364 872 1397 τῷ
888 1364 976 1399 σπέρ-

143 1407 216 1439 ματί
237 1415 296 1433 σου
310 1407 365 1439 ἓως
384 1408 437 1435 τοῦ
455 1408 571 1442 αιῶνος.
586 1406 664 1440 Εἶδες
683 1408 760 1440 ἀξίαν
779 1408 827 1442 τῆς
844 1406 892 1434 τοῦ
913 1406 981 1433 Θεοῦ

144 1447 315 1483 ἀγαθότητος
328 1449 377 1484 τὴν
396 1449 566 1485 φιλοτιμίαν;
589 1449 658 1481 εἶδες
672 1450 742 1476 δσων
767 1449 980 1485 παραχωρήσας,

144 1489 215 1516 ὅσων
226 1489 344 1526 ὴξιὼθη;
362 1490 501 1518 Ἐντεῦθεν
512 1491 705 1527 παιδευώμεθα
721 1491 821 1526 πολλὴν
833 1490 982 1517 ἐπιδείκνυ-

145 1529 208 1556 σθαι
223 1531 361 1566 δαψίλειαν
379 1532 442 1567 περὶ
454 1533 503 1568 τὴν
526 1532 720 1568 ἐλεημοσύνην,
736 1532 778 1559 ἵνα
795 1531 880 1567 μικρὰ
890 1531 981 1562 δόντες

146 1572 273 1606 μεγάλων
295 1573 463 1609 ἀξιωθῶμεν.
483 1574 538 1601 Ποῦ
555 1574 609 1610 γὰρ
620 1575 688 1603 ῐσον.
706 1573 766 1600 ειπέ
779 1581 834 1608 μοι,
850 1572 982 1608 ἀργύριον

145 1613 233 1649 βραχὺ
251 1613 355 1646 δοῦναι,
371 1615 417 1641 καὶ
445 1615 618 1651 συγχώρησιν
638 1615 844 1650 ἁμαρτημάτων
866 1614 981 1649 κομίσα-

145 1654 223 1688 σθαι;
253 1654 351 1690 θρέψαι
373 1656 519 1689 πεινῶντα,
546 1657 592 1683 καὶ
609 1656 765 1692 παρρησίας
789 1656 938 1691 ἀξιωθῆναι
951 1656 980 1682 ἐν

144 1695 236 1730 ἐκείνῃ
252 1697 285 1731 τῇ
300 1696 391 1732 ἡμέρα
405 1699 438 1732 τῇ
459 1697 571 1733 φοϐερᾷ,
589 1698 637 1724 καὶ
657 1697 771 1724 ἀκοῦσαι
785 1697 817 1723 τὰ
832 1698 881 1731 τῆς
901 1696 977 1732 βασι-

143 1736 219 1768 λείας
234 1737 348 1770 ἀντάξια
374 1739 494 1774 ῥήματα,
521 1739 694 1769 Ἐπείνασα,
710 1738 758 1765 καί
780 1737 908 1765 ἐδώκατέ
927 1747 979 1772 μοι

142 1779 270 1813 φαγεῖν;
289 1780 335 1816 Μή
360 1780 416 1815 γὰρ
434 1781 449 1807 ὁ
464 1781 506 1807 σοὶ
525 1780 674 1816 παρασχὼν
691 1780 738 1816 τήν
753 1780 887 1815 τοσαύτην
902 1780 979 1814 δαψί-

143 1818 220 1846 λειαν
242 1820 292 1847 οὐκ
313 1821 428 1855 ἠδύνατο
449 1822 575 1849 κάκείνου
594 1821 644 1857 τὴν
661 1821 763 1848 ἔνδειαν
779 1821 979 1857 παραμυθήσα-

145 1860 224 1894 σθαι;
233 1861 311 1888 ’Δλλά
325 1862 369 1889 διὰ
384 1863 462 1890 τοῦτο
476 1864 588 1898 ἀφίησιν
598 1863 679 1891 αὑτὸν
691 1865 724 1898 τῇ
733 1863 812 1898 πενίᾳ
820 1863 979 1898 τρύχεσθαι,

143 1902 188 1928 ἵνα
198 1903 323 1936 κάκεῖνος
335 1905 384 1940 τῆς
401 1905 538 1941 ὑπομονῆς
553 1905 637 1932 πολὺν
652 1905 800 1940 κομίζηται
811 1906 856 1932 τὸν
872 1905 978 1940 μισθὸν,

142 1944 192 1970 καὶ
205 1945 238 1971 σὲ
259 1945 308 1982 τὴν
324 1946 379 1973 ἀπὸ
393 1948 443 1982 τῆς
464 1946 649 1982 ἐλεημοσύνης
664 1946 755 1981 σαυτῷ
775 1946 915 1982 προαποθῇ
930 1947 979 1982 τὴν

142 1987 311 2022 παρρησίαν.

179 2032 214 2063 γ’.
227 2027 305 2061 Εἶδες
314 2030 518 2066 φιλανθρωπίαν
529 2030 674 2064 Δεσπότου,
689 2030 747 2062 πῶς
755 2030 861 2056 ᾶπαντα
874 2029 917 2055 διὰ
931 2029 979 2065 τήν

143 2070 283 2107 ἡμετέραν
298 2073 433 2108 σωτηρίαν
453 2073 604 2108 οἰκονομεῖ;
622 2072 707 2100 Ὅταν
722 2070 768 2099 οὖν
783 2072 923 2107 ἐννοήσῃς,
937 2071 978 2098 ὅτι

142 2111 187 2138 διά
197 2112 226 2138 at
254 2113 301 2139 καὶ
315 2113 365 2148 τὴν
379 2113 429 2149 σὴν
443 2114 576 2148 ὠφέλειαν
597 2115 699 2146 ἐκεῖνος
710 2117 743 2150 τῇ
758 2113 837 2150 πενίᾳ
853 2121 979 2149 προσπαι

143 2152 230 2180 λαίων
248 2153 320 2189 λιμῷ
335 2154 533 2191 διαφθείρεται,
553 2156 590 2192 μὴ
605 2155 742 2191 παρέλθῃς
754 2154 885 2190 ἀνηλεῶς,
910 2153 978 2180 ἀλλά

143 2195 223 2228 γενοῦ
235 2196 330 2227 πιστὸς
338 2196 478 2232 οἰκονόμος
492 2197 545 2224 τῶν
561 2197 636 2233 παρά
659 2197 706 2223 τοῦ
717 2197 852 2223 Δεσπότου
869 2205 910 2222 σοι
927 2205 979 2222 πα-

146 2236 343 2271 ρασχεθέντων,
358 2237 401 2264 ῖνα
409 2237 458 2273 τὴν
470 2238 574 2265 ἐκείνου
591 2238 695 2265 ἔνδειαν
711 2236 978 2273 παραμυθησάμενος

144 2277 248 2312 πολλὴν
266 2278 406 2314 ἐπισπάσῃ
419 2279 468 2315 τὴν
491 2279 593 2307 ἄνωθεν
605 2279 721 2307 εὔνοιαν.
737 2279 791 2305 Καὶ
805 2278 916 2309 δόξασόν
932 2285 977 2303 σου

143 2319 190 2345 τὸν
205 2320 353 2354 Δεσπότην,
364 2320 405 2346 ὃτι
415 2320 459 2346 διὰ
478 2321 508 2347 σὲ
522 2322 568 2348 καὶ
579 2321 628 2356 τὴν
645 2320 694 2356 σὴν
714 2320 850 2355 σωτηρίαν
862 2318 980 2353 συνεχώ-

146 2368 229 2395 ρησεν
247 2360 351 2387 ἐκεῖνον
373 2362 400 2387 ἐν
425 2362 504 2396 πενίᾳ
526 2360 600 2398 [545]
624 2362 737 2396 διάγειν,
762 2361 806 2388 ἴνα
820 2362 851 2387 σὺ
863 2360 979 2395 δυνηθῇς

143 2400 204 2426 ὁδὸν
221 2401 321 2436 εὑρεῖν,
334 2401 367 2428 δι’
377 2398 410 2437 ἧς
425 2402 526 2438 δυνήσῃ
545 2402 592 2429 καὶ
607 2402 640 2429 τὰ
651 2401 831 2438 ἡμαρτημένα
846 2400 979 2434 ἀπονίψα-

145 2441 218 2471 σθαι.
233 2443 280 2469 καὶ
292 2442 326 2469 τὰ
337 2443 411 2477 παρά
419 2443 466 2470 τοῦ
480 2444 615 2470 Δεσπότου
622 2452 662 2470 σοι
675 2442 878 2478 παρασχεθέντα
889 2442 979 2473 καλῶς

143 2483 333 2518 οἰκονομήσας,
343 2483 396 2510 τῶν
409 2484 525 2511 ἐπαίνων
536 2485 647 2511 ἐκείνων
661 2484 808 2519 ἀξιωθῆναι
821 2483 874 2510 τῶν
891 2483 978 2510 πάντα

144 2523 224 2558 λόγον
241 2524 286 2550 καὶ
303 2524 422 2552 διάνοιαν
442 2525 671 2562 ὑπερϐαινόντων.
693 2525 809 2560 Ἀκούσῃ
829 2526 894 2559 γὰρ,
922 2523 978 2557 Εὖ,

144 2565 237 2593 δοῦλε
247 2566 340 2599 ἀγαθὲ
353 2567 401 2593 καὶ
421 2567 519 2599 πιστέ,
542 2567 588 2594 ἐπ’
612 2567 722 2602 ὀλίγων
738 2565 774 2600 ἦς
793 2566 912 2599 πιστὸς,
929 2566 978 2593 ἐπὶ

145 2606 270 2634 πολλῶν
291 2616 329 2634 σε
348 2608 536 2641 καταστήσω·
555 2609 676 2636 εἴσελθε
685 2610 729 2641 είς
741 2608 797 2641 τὴν·
818 2608 914 2642 χαρὰν
927 2607 980 2634 τοῦ

145 2648 255 2682 Κυρίου
271 2655 340 2675 σου.
352 2649 445 2676 Ταῦτα
458 2649 621 2681 ἐννοοῦντες,
635 2649 760 2684 καθάπερ
769 2649 979 2684 εύεργέτας,καὶ

143 2689 195 2723 τῆς
210 2689 348 2724 σωτηρίας
362 2691 428 2725 ἡμῖν
440 2691 490 2722 τὰς
505 2690 631 2726 ἀφορμὰς
655 2691 784 2726 παρέχειν
802 2689 979 2725 δυναμένους,

144 2729 233 2760 οὕτως
254 2731 363 2766 δρῶμεν
385 2732 447 2763 τοὺς
468 2732 595 2766 πένητας,
618 2733 664 2758 καὶ
682 2732 751 2765 μετά
773 2731 911 2766 δαψιλείας
932 2731 979 2757 καὶ

145 2771 242 2807 ἱλαρᾶς
258 2773 309 2808 τῆς
322 2773 475 2808 προθυμίας
495 2773 671 2809 παρέχωμεν,
684 2774 820 2809 μηδέποτε
834 2772 979 2800 ἀνανεύον-

143 2820 189 2844 ςις
201 2813 323 2848 περὶτὴν
343 2813 426 2846 δόσιν,
449 2814 517 2841 ἀλλὰ.
543 2815 611 2849 μετά
638 2815 736 2850 πολλῆς
759 2815 811 2849 τῆς
831 2814 980 2845 ἐπιεικείας

141 2852 340 2890 διαλεγόμενοι,
355 2856 402 2882 καὶ
411 2856 550 2891 πραότητα
561 2855 661 2890 πολλὴν
674 2855 852 2892 δεικνύμενοι.
866 2853 979 2881 Κλῖνσν

404 2913 539 2946 Ριτιιοι.
560 2915 619 2946 Gn.
644 2915 722 2947 LIII.

701 145 733 172 IN
750 145 825 173 CAP.
846 142 903 172 XIII
923 143 1047 172 GENES.
1065 143 1180 172 HOMIL.
1202 142 1320 172 XXXIV.

1816 142 1868 171 3m

1040 201 1094 236 γὰρ
1106 201 1212 235 πτωχῷ
1221 201 1255 228 τὸ
1264 199 1319 234 οὖς
1328 209 1397 234 σου,
1408 201 1455 228 καί
1465 201 1637 236 ἀποκρίθητι
1651 200 1730 234 αὐτῷ
1739 201 1869 236 ειρηνυιὰ

1039 245 1074 272 ἐν
1092 246 1246 279 πραΰτητι,
1257 246 1300 272 ῖνα
1312 245 1358 272 καὶ
1371 245 1423 280 πρὸ
1437 246 1485 280 τῆς
1495 245 1594 277 δόσεως
1608 246 1641 282 τῇ
1653 245 1801 281 προσηνείᾳ
1815 245 1870 273 τῶν

1039 289 1170 324 ῥημάτων
1199 289 1249 324 τὴν
1273 288 1513 324 καταϐεϐλημένην
1533 287 1615 316 αὐτοῦ
1637 288 1725 325 ψυχὴν
1750 289 1802 316 ὑπὸ
1818 290 1870 324 τῆς

1038 332 1139 368 πολλῆς
1153 333 1257 365 ἐνδείας
1274 333 1438 368 ἀναστήσῃς.
1453 333 1603 366 Κρεῒσσον
1613 332 1677 368 γὰρ,
1692 333 1769 368 φησὶ,
1780 334 1871 368 λόγος

1038 376 1057 410 ἢ
1071 376 1166 410 δόσις,
1182 376 1273 408 Οὕτως
1287 373 1341 403 οἵδε
1352 376 1398 402 καὶ
1414 376 1489 412 ῥῆμα
1498 375 1631 411 νευρῶσαι
1641 375 1740 411 ψυχὴν,
1750 377 1797 403 καὶ
1807 377 1870 403 πολ·

1038 419 1086 456 λὴν
1097 421 1254 455 εἰσαγαγεῖν
1269 420 1318 456 τὴν
1333 419 1520 456 παραμυθίαν.

1073 463 1120 499 Μὴ
1127 464 1216 491 τοίνυν
1226 464 1293 499 πρὸς
1303 463 1349 490 τὸν
1356 462 1527 498 λαμϐάνοντα
1537 462 1616 498 μόνον
1623 462 1740 498 ὁρῶντες
1750 462 1799 498 τὴν
1807 463 1878 497 περὶ,

1037 507 1087 543 τὴν
1108 507 1292 542 ἐλεημοσύνην
1307 507 1462 542 φιλοτιμίαν
1481 505 1632 541 ποιώμεθα,
1649 505 1715 532 ἀλλά
1731 505 1870 540 λογιζόμε-

1039 559 1078 578 νοι
1088 551 1129 582 τίς
1144 552 1216 577 ἐστιν
1232 552 1246 577 ό
1261 551 1444 586 οίκειούμενος
1459 549 1493 576 τά
1503 550 1544 581 είς
1559 549 1605 576 τὸν
1619 549 1723 583 πένητα
1731 548 1870 584 γινόμενα,

1038 594 1084 620 καὶ
1100 594 1148 630 τὴν
1160 594 1229 630 ὑπὲρ
1244 594 1298 620 τῶν
1312 593 1456 628 διδομένων
1471 593 1573 619 ἔκτισιν
1590 592 1783 627 ὑποσχόμενος,
1801 591 1872 619 οὕτω

1038 636 1106 670 πρὸς
1127 636 1229 662 ἐκεῖνον
1244 635 1376 666 τείνοντες
1392 635 1441 670 τὴν
1453 634 1572 661 διάνοιαν
1602 635 1672 670 μετά
1690 634 1787 670 πάσης.
1805 642 1871 670 προ⁴

1039 668 1138 705 θυμίας
1152 670 1281 705 παρέχειν
1304 668 1508 704 σπουδάζωμεν,
1522 670 1569 696 καὶ
1593 668 1760 704 σπείρωμεν,
1773 668 1811 699 ὡς
1831 668 1871 695 [τι

1037 713 1142 749 καιρὸς,
1161 714 1229 748 μετά
1245 713 1393 748 δαψιλείας,
1408 713 1450 740 ἵνα
1465 713 1512 740 καὶ
1531 712 1599 748 μετὰ
1611 711 1747 747 δαψιλείας
1757 711 1871 746 θερίσω-

1039 765 1098 791 μεν.
1123 756 1153 783 '0
1170 757 1302 791 σπείρων
1322 756 1388 792 γὰρ,
1403 756 1480 791 φησὶ,
1491 756 1680 791 φειδομένως,
1692 754 1871 789 φειδομένως

1036 802 1086 828 καὶ
1116 793 1235 836 θερίσει,
1273 802 1391 837 Ἃφειδεῖ
1411 803 1500 828 τοίνυν
1532 803 1564 837 τῇ
1594 803 1666 838 χειρὶ
1696 801 1871 829 καταϐάλλω-

1038 854 1088 880 μεν
1102 845 1136 872 τὰ
1155 846 1225 872 καλά
1236 839 1325 872 ταῦτα
1332 847 1486 881 σπέρματα,
1501 846 1544 872 ἳνα
1559 847 1588 872 ἐν
1603 845 1689 882 καιρῴ
1705 845 1774 880 μετὰ
1792 845 1870 879 6m}:-

1036 887 1108 921 λείας
1118 888 1280 924 θερίσωμεν.
1290 889 1346 915 Νῦν
1359 889 1469 924 μὲνγὰρ
1483 891 1555 916 ἐστιν
1565 890 1579 915 ὁ
1592 889 1638 916 τοῦ
1651 889 1751 924 σπόρου
1764 889 1870 923 καιρὸς,

1035 932 1065 958 ὃν
1082 933 1119 968 μὴ
1132 933 1365 969 παραδράμωμεν,
1380 933 1542 969 παρακαλῶ,
1567 934 1609 961 ἵνα
1624 935 1652 961 ἐν
1671 935 1703 969 τῇ
1719 934 1769 968 τῆς
1791 934 1871 960 ἀνταα

1036 976 1170 1008 ποδόσεως
1183 977 1236 1004 τῶν
1250 977 1366 1004 ἐνταῦθα
1386 978 1543 1013 σπαρέντων
1561 978 1732 1013 ἡμέρᾳ,τοί›ς
1747 977 1871 1013 καρποὺς

1035 1020 1262 1056 άποδρεψὼμεθα,
1269 1021 1373 1056 καὶτῆς
1382 1022 1457 1057 παρὰ
1466 1021 1512 1048 τοῦ
1521 1022 1655 1049 Δεσπότου
1666 1021 1761 1056 φιλανθ
1766 1021 1870 1057 ρωπίας

1035 1063 1205 1099 ἀξιωθῶμεν.
1218 1065 1301 1092 Οὐδὲν
1313 1065 1378 1100 γὰρ,
1394 1065 1470 1092 οὐδὲν
1484 1064 1576 1100 ἕτερον
1589 1065 1643 1092 τῶν
1651 1064 1871 1101 κατορθωμάτων

1035 1106 1105 1133 οὕτω
1133 1107 1275 1142 δυνήσεται
1297 1108 1393 1134 σϐέσαι
1419 1108 1473 1134 τῶν
1499 1108 1706 1144 ἁμαρτημάτων
1729 1108 1807 1144 ήμῶν
1820 1107 1870 1142 τὴν

1035 1151 1135 1186 πυρὰν,
1150 1151 1188 1182 ὡς
1208 1152 1225 1186 ὴ
1248 1151 1298 1186 τῆς
1319 1151 1505 1187 ἐλεημοσύνης
1520 1151 1654 1186 δαψίλεια.
1670 1151 1743 1187 Αὕτη
1754 1151 1801 1177 καὶ
1815 1151 1870 1177 τῶν

1034 1194 1241 1228 ἡμαρτημένων
1255 1195 1320 1229 ἡμῖν
1336 1194 1380 1220 τὸν
1396 1194 1550 1229 ἀφανισμὸν
1565 1193 1719 1229 ἐργάζεται,
1734 1195 1781 1220 καὶ
1799 1195 1870 1229 παῤ-

1036 1237 1132 1272 ρησίας
1150 1237 1214 1272 ἡμῖν
1225 1236 1354 1271 πρόξενος
1367 1237 1483 1271 γίνεται,
1498 1237 1545 1263 καὶ
1559 1237 1612 1263 τῶν
1625 1237 1787 1272 ἀπορρήτων
1798 1236 1869 1263 ἰκεί-
1915 1262 1925 1270 κ

1035 1289 1087 1306 νων
1099 1280 1210 1314 ἀγαθῶν
1226 1280 1274 1316 τὴν
1288 1279 1439 1307 ἀπόλαυσιν
1452 1281 1670 1316 προευτρεπίςει.
1694 1280 1774 1307 Ἀλλὰ
1784 1280 1871 1307 ταῦτα

1036 1324 1086 1359 μὲν
1097 1324 1198 1356 ίκανῶς
1212 1324 1319 1360 εἴρηται
1339 1324 1406 1360 πρὸς
1420 1324 1469 1360 τὴν
1487 1324 1623 1359 ὑμετέραν
1640 1324 1807 1360 προτροπὴν,
1823 1326 1870 1350 καὶ

1034 1368 1102 1403 πρὸς
1115 1369 1146 1395 τὸ
1160 1368 1255 1400 δεῖξαι,
1270 1369 1312 1395 ὅτι
1328 1369 1416 1404 μικρὰ
1439 1368 1555 1399 διδόντες
1581 1368 1706 1403 μεγάλων
1721 1368 1870 1404 ἀξιούμεθα

1036 1411 1111 1446 παρὰ
1120 1411 1167 1437 τοῦ
1185 1412 1330 1438 Δεσπότου.
1347 1411 1484 1438 Ἐντεῦθεν
1494 1412 1547 1445 γὰρ
1556 1413 1621 1447 ἡμῖν
1633 1412 1679 1438 καὶ
1691 1413 1705 1438 ό
1715 1411 1792 1446 λόγος
1801 1411 1869 1447 πρὸς

1034 1454 1083 1489 τὴν
1097 1455 1146 1489 τῆς
1160 1454 1344 1490 ἐλεημοσύνης
1355 1456 1516 1491 παραίνεσιν
1528 1455 1696 1491 ἐξεκυλίσθη⁵
1711 1455 1803 1491 ἐπειδὴ
1815 1455 1870 1490 γὰρ

1033 1497 1174 1533 ἐλέγομεν,
1185 1499 1224 1525 ὅτι
1238 1498 1338 1534 μέρους
1360 1499 1410 1534 γῆς
1428 1499 1631 1535 παραχωρήσας
1649 1499 1663 1525 ό
1685 1499 1869 1534 πατριάρχης,

1034 1541 1080 1568 καὶ
1093 1541 1123 1568 τὺ
1139 1541 1281 1569 κάλλιστον
1293 1542 1341 1578 τῆς
1359 1541 1450 1578 χώρας
1462 1543 1612 1578 προέμενος
1627 1542 1666 1579 τῷ
1677 1542 1747 1576 Λὼτ,
1760 1543 1806 1570 καὶ
1819 1543 1869 1578 τὴν

1035 1585 1206 1621 φαυλοτάτην
1227 1587 1278 1621 γῆν
1301 1586 1427 1621 ἐλόμενος
1445 1586 1533 1622 ἐαυτῷ
1546 1587 1679 1623 τοσαύτης
1696 1586 1800 1622 ἠξιώθη
1819 1585 1870 1621 τῆς

1035 1628 1110 1664 παρά
1125 1628 1170 1655 τοῦ
1187 1628 1254 1656 Θεοῦ
1281 1629 1448 1665 φιλοτιμίας,
1464 1630 1501 1662 ὼς
1516 1630 1689 1666 ὑπερϐαίνειν
1703 1630 1792 1657 πάντα
1806 1629 1869 1657 νοῦν

1036 1673 1083 1699 καὶ
1096 1672 1214 1699 διάνοιαν
1222 1673 1270 1708 τὴν
1281 1673 1425 1708 ὑπόσχεσιν
1437 1673 1488 1709 τὴν
1504 1674 1580 1709 παρὰ
1589 1673 1637 1700 τοῦ
1650 1673 1717 1700 Θεοῦ
1733 1675 1773 1706 είς
1787 1674 1869 1700 αὐτὸν

1035 1716 1232 1751 γεγενημένην.
1259 1716 1446 1751 Ἀναϐλέψας
1457 1717 1521 1752 γὰρ,
1537 1717 1613 1752 φησὶ.
1629 1717 1690 1750 τοῖς
1705 1717 1870 1752 ὀφθαλμοῖς

1033 1767 1102 1792 σου,
1121 1759 1164 1786 Ias
1172 1760 1231 1787 ἀπὸ
1248 1760 1300 1787 τοῦ
1316 1760 1419 1791 τόπου,
1437 1758 1473 1788 οὗ
1489 1760 1530 1787 σὺ
1541 1759 1570 1787 εἷ
1581 1761 1648 1791 νῦν,
1662 1761 1736 1794 πρὸς
1752 1760 1870 1794 ,βορῤᾶν

1034 1803 1083 1830 καὶ
1095 1803 1165 1830 λίϐα
1178 1808 1202 1823 ι·
1215 1803 1259 1830 ὅτι
1279 1802 1382 1830 πᾶσαν
1394 1803 1451 1837 τὴν
1460 1803 1529 1838 γῆν,
1548 1803 1588 1838 ἣν
1601 1804 1642 1831 σὺ
1656 1803 1739 1838 ὁρᾷς,
1753 1804 1802 1831 σοὶ
1814 1804 1869 1831 δὼ-

1033 1853 1077 1873 σω
1084 1845 1181 1880 αὐτὴν
1194 1846 1242 1872 καί
1253 1845 1293 1878 τῷ
1300 1847 1447 1881 σπέρματί
1456 1855 1513 1874 σου
1521 1847 1575 1879 ἓως
1585 1847 1700 1881 αἰῶνος.
1708 1848 1798 1882 Μέρος
1804 1849 1867 1884 γῆς,

1033 1889 1110 1926 [344]
1127 1891 1203 1925 φησὶ,
1215 1890 1414 1926 παρεχώρησας
1424 1891 1463 1926 τῷ
1473 1890 1613 1926 ἀδελφιδῷ·
1627 1891 1680 1918 ίδοὺ
1692 1891 1747 1926 ἐγὼ
1756 1891 1868 1927 ὀλόκλη-

1035 1931 1080 1966 ρόν
1096 1939 1136 1957 σοι
1149 1931 1198 1966 τὴν
1212 1931 1263 1965 γῆν
1277 1931 1458 1966 ὑπισχνοῦμαι
1467 1940 1473 1947 ·
1492 1932 1540 1958 καὶ
1558 1932 1588 1958 οὐ
1602 1931 1679 1958 τοῦτο
1698 1932 1786 1967 μόνον,
1798 1933 1866 1959 ἀλλὰ

1033 1974 1080 2001 καὶ
1095 1974 1133 2010 τῷ
1151 1975 1286 2010 σπέρματί
1304 1984 1350 2002 σου
1367 1975 1496 2011 παρέξειν
1512 1975 1695 2011 ἐπαγέλλομαι
1707 1976 1803 2012 αὐτὴν,
1817 1977 1867 2003 καὶ

1033 2018 1084 2050 ἕως
1101 2018 1206 2050 αἰῶνος,
1222 2018 1294 2046 τοῦτ’
1306 2018 1363 2046 ἐστι
1377 2019 1518 2054 διηνεκῶς.
1532 2017 1608 2051 Εἶδες
1618 2019 1676 2051 πῶς
1684 2019 1866 2054 φιλοτιμεῖται

1034 2063 1063 2089 ἔν
1075 2065 1133 2095 ταῖς
1150 2063 1335 2098 εὐεργεσίαις;
1354 2063 1461 2099 Ἐπειδὴ
1476 2063 1530 2099 γὰρ
1547 2064 1604 2099 ᾔδει
1617 2064 1658 2090 ὃτι
1675 2064 1769 2091 τούτου
1787 2065 1867 2100 μάλιο

1034 2114 1084 2133 στα
1095 2106 1225 2142 ἐπεθύμει
1236 2107 1250 2133 ό
1262 2107 1443 2142 πατριάρχης,
1456 2107 1503 2134 καὶ
1517 2107 1592 2134 οὐδὲν
1602 2107 1684 2134 αὑτοῦ
1700 2107 1749 2143 τὴν
1763 2107 1866 2143 προθυ-

1035 2149 1099 2185 μίαν
1116 2149 1186 2176 οὕτω
1197 2150 1337 2185 νευρώσει,
1355 2151 1420 2185 φησί
1431 2157 1439 2166 ⁸
1460 2151 1506 2178 καὶ
1519 2150 1597 2177 τοῦτό
1611 2159 1653 2177 σοι
1663 2151 1784 2187 παρέξω,
1795 2151 1866 2179 ὥστε

1033 2193 1081 2220 καὶ
1099 2193 1162 2225 τοὺς
1177 2193 1231 2220 ἀπὸ
1250 2193 1296 2220 σοῦ
1312 2194 1486 2229 τικτομένους
1502 2194 1672 2226 διαδέξασθαι
1689 2194 1738 2229 τῆς
1753 2195 1803 2230 γῆς
1815 2195 1866 2231 τὴν

1032 2236 1192 2269 ἀπόλαυσιν,
1207 2237 1253 2263 καὶ
1264 2236 1375 2272 διηνεκῆ
1388 2237 1489 2272 ταύτης
1507 2237 1578 2273 ἔχειν
1591 2237 1641 2273 τὴν
1649 2237 1786 2270 ἐξουσίαν.
1801 2238 1866 2265 Εἶτα

1032 2279 1077 2307 ἴνα
1092 2279 1128 2315 μὴ
1145 2279 1212 2314 πρὸς
1222 2280 1272 2315 τὴν
1283 2280 1383 2306 οίκείαν
1400 2280 1479 2315 μόνον
1489 2280 1579 2314 φύσιν,
1593 2281 1639 2307 καὶ
1654 2281 1722 2317 πρὸς
1736 2282 1765 2308 τὸ
1778 2281 1867 2317 γῆρας

1031 2322 1063 2348 τὺ
1077 2322 1183 2355 ἑαυτοῦ,
1197 2323 1244 2350 καὶ
1267 2323 1315 2359 τὴν
1331 2323 1379 2359 τῆς
1394 2324 1484 2358 Σάρας
1501 2325 1643 2360 στείρωσιν
1667 2325 1781 2356 ἀπιδὼν,
1801 2334 1867 2361 ναρ-

1032 2367 1104 2403 κήσῃ
1123 2366 1191 2401 πρὸς
1207 2367 1256 2402 τὴν
1272 2367 1427 2402 ὑπόσχεσιν,
1448 2367 1515 2394 ἀλλὰ
1539 2368 1662 2404 θαρρήσῃ
1683 2369 1716 2403 τῇ
1736 2368 1783 2394 τοῦ
1800 2369 1866 2395 ὐπο-

1033 2411 1163 2446 σχομένου
1177 2411 1299 2446 δυνάμει,
1315 2411 1380 2446 φησί
1390 2420 1397 2426 ·
1416 2412 1470 2438 Kal
1487 2412 1605 2446 ποιήσω
1618 2411 1651 2438 τὸ
1664 2412 1785 2446 σπέρμα
1795 2419 1865 2444 σου,

1031 2454 1070 2486 ὡς
1086 2454 1144 2487 τὴν
1156 2454 1254 2489 ἄμμον
1268 2455 1324 2488 τῆς
1340 2454 1405 2490 γῆς.
1417 2456 1450 2481 Εἰ
1465 2455 1629 2488 δυνήσεταί
1640 2463 1684 2487 τις
1697 2454 1754 2489 τὴν
1767 2455 1865 2490 ἅμμον

1031 2497 1086 2531 τῆς
1102 2497 1157 2532 γῆς
1172 2498 1378 2532 ἐξαριθμῆσαι,
1392 2499 1440 2525 καί
1456 2498 1488 2525 τὸ
1502 2498 1620 2534 σπέρμα
1631 2507 1690 2526 σου
1704 2499 1864 2533 ἀριθμηθή-

1031 2549 1126 2568 σεται.
1142 2541 1261 2576 Ἀληθῶς
1271 2542 1341 2577 ὑπὲρ
1353 2542 1433 2576 φύσιν
1444 2542 1618 2577 ἀνθρωπίνην
1627 2539 1661 2577 ἦν
1674 2542 1691 2577 ἡ
1706 2543 1863 2578 ὑπόσχεσις·

1030 2585 1060 2610 οὺ
1077 2585 1156 2619 μόνον
1169 2585 1223 2620 γὰρ
1245 2585 1350 2621 πατέρα
1368 2585 1449 2613 αὑτὸν
1467 2587 1590 2621 ποιήσειν
1609 2586 1751 2621 ὑπέσχετο,
1771 2586 1864 2613 τοσού-

1031 2637 1085 2654 των
1100 2628 1184 2654 δντων
1203 2629 1256 2655 τῶν
1271 2629 1343 2655 κωλυ
1347 2629 1449 2663 μάτων,
1460 2629 1528 2656 ἀλλὰ
1544 2629 1592 2656 καὶ
1605 2630 1645 2661 είς
1657 2629 1758 2664 πλῆθος
1768 2630 1863 2657 τοσοῦ-

1031 2679 1077 2698 τον
1093 2671 1246 2703 ἐπιδώσειν,
1261 2672 1298 2702 ὠς
1313 2673 1346 2706 τῇ
1370 2672 1455 2706 ἄμμῳ
1471 2673 1519 2707 τῆς
1535 2673 1586 2707 γῆς
1599 2672 1798 2708 παρισωθῆναι,
1816 2674 1863 2700 καὶ

1031 2714 1167 2750 ἀνώτερον
1179 2714 1296 2750 ἀριθμοῦ
1310 2715 1340 2741 τὺ
1352 2715 1451 2750 πλῆθος
1467 2715 1605 2749 γενέσθαι,
1617 2715 1665 2751 τὴν
1680 2716 1805 2743 ἐπίτασιν
1813 2717 1863 2752 τῆς

1032 2758 1183 2795 ὑπερϐολῆς
1198 2758 1242 2785 διά
1258 2758 1304 2785 τοῦ
1320 2759 1538 2794 παραδείγματος
1552 2759 1673 2795 ἐμφῆναι
1690 2760 1860 2796 βουλόμενος.

1063 2833 1075 2847 α
1085 2832 1201 2866 Ροειλίδα
1211 2839 1273 2857 unus
1282 2833 1348 2858 addit
1357 2834 1396 2858 καὶ
1407 2834 1521 2863 ἀνατολὰς
1529 2834 1570 2859 καὶ
1583 2834 1712 2866 θάλασσαν,
1719 2838 1746 2859 ει
1757 2835 1790 2859 Ila
1800 2833 1864 2865 legit

1034 2866 1106 2888 vetus
1115 2864 1247 2895 interpres.

1683 2913 1719 2939 ευ
