2055 3123
215 162 265 192 ’51⁸1

249 221 358 248 Abrulue
370 221 483 247 virtutem
501 218 623 254 paulatim
635 222 730 244 exercet
741 216 819 243 Deus.
835 216 934 249 Quanta
956 223 1001 252 po.

215 267 333 293 marcum
346 266 434 292 menti:
447 265 563 299 ﬁrmitas.
579 277 614 283 ——
629 262 742 290 Attende
753 262 887 297 quomodo
901 261 1004 288 miseri-

213 319 274 339 cors
299 312 368 338 Deus
391 310 516 345 paulatim
538 310 659 337 \irtutem
679 309 743 344 justi
767 308 845 343 lmjus
868 312 1001 335 exerceat.

213 357 278 384 Nam
301 364 361 383 cum
385 356 506 390 superius
524 355 620 382 dixerit
642 363 649 382 :
671 354 821 381 Semiuituo
833 353 898 380 dabo
911 358 1003 379 terram

214 407 277 429 nunc
286 410 296 429 :
308 409 378 429 nunc
390 402 484 429 iterum
499 401 581 428 dicit:
593 399 627 428 Et
639 399 726 428 semini
739 404 781 426 tuo
794 407 872 434 usque
882 399 907 426 in
921 406 1002 425 strtu-

215 448 265 475 Ium
286 448 351 475 dabo
361 468 368 481 ,
384 452 407 474 et
422 447 516 483 faciam
528 446 593 474 illud
606 446 678 482 quasi
692 453 796 472 arenam
811 449 892 472 terrae.
906 444 1001 473 Hacte-

214 502 264 522 nus
277 494 445 521 sermonibus
459 498 560 520 tantum
576 492 643 519 facta
653 495 696 519 est
712 491 852 527 promissio
864 511 872 523 ,
887 491 1002 518 interce-

212 539 304 574 ditque
324 540 394 565 inter
408 546 463 565 rem
476 543 504 565 et
518 537 720 572 promissionem
734 536 845 564 multum
857 536 983 570 temporis
993 555 1001 569 ,

213 589 242 611 ut
256 585 406 620 religiosam
421 583 577 619 patriarchae
595 588 710 610 mentem
721 603 728 614 ,
743 586 770 610 et
785 581 943 609 ineffabilem
957 581 1003 608 Dei

212 632 335 659 virtutem
348 631 492 658 discamus.
513 630 577 657 Data
591 629 663 657 enim
678 636 759 663 opera
772 628 859 656 differt
871 635 903 655 ae
915 635 1002 655 mora-

214 683 266 709 tur,
281 681 310 704 ut
324 684 384 704 cum
397 676 426 709 ii,
439 676 535 711 quibus
551 675 691 710 promissio
704 674 771 702 facta
784 694 792 707 ,
813 674 839 701 in
853 678 1001 701 extremam

212 722 383 757 pervenerint
404 725 549 754 senectam,
564 725 589 748 et
603 720 748 747 secundum
764 719 905 746 humanam
920 719 1001 746 ratio-

211 775 284 800 nem,
299 771 327 794 ut
341 767 376 793 ita
390 766 488 800 dicam,
499 766 608 793 omnino
617 764 833 800 desperaveriut,
850 769 912 792 tunc
926 772 1001 791 suam

211 814 390 841 inﬁrmitatem
403 833 411 846 ,
432 817 460 840 et
470 811 654 840 inenarrabilis
668 811 794 847 potentia:
816 810 862 839 Dei
879 811 1001 838 emitten-

211 859 274 887 tiam
290 863 445 894 agnoscant.

247 907 272 932 ι.
291 905 345 933 lloc
355 906 413 932 loco
427 904 573 940 expendas,
587 912 688 940 quaso,
704 911 719 931 a
735 902 863 939 temporis
874 908 946 930 tanta
961 902 1001 929 in-

214 951 384 986 tercapedine
395 971 403 984 ,
425 959 504 986 quam
526 951 611 979 solida
629 950 709 979 fuerit
729 950 886 986 patriarchas
904 956 1000 981 metis,

209 996 345 1031 quomodo
355 997 478 1024 humanis
491 996 616 1024 omnibus
630 996 786 1031 pratteritis,
801 995 834 1022 ad
855 994 1000 1030 potentiam

209 1042 268 1076 ejus
280 1042 324 1077 qui
338 1041 471 1076 pollicitus
483 1046 561 1074 erat,
587 1042 732 1076 respiciens
743 1061 752 1075 ,
771 1048 824 1069 non
840 1040 999 1076 impatiens,

210 1094 263 1114 non
278 1086 398 1114 turbatus
411 1087 500 1115 fuerit.
513 1087 593 1114 Scitis
603 1087 674 1114 enim
685 1087 820 1122 quomodo
832 1087 999 1122 plerumque,

208 1133 316 1166 quando
329 1132 388 1167 quis
401 1132 484 1160 semel
497 1137 576 1167 atque
596 1133 693 1160 iterum
714 1131 870 1167 pollicetur,
892 1136 920 1159 et
940 1139 1001 1166 pro—

209 1177 289 1204 missa
301 1177 412 1212 implere
426 1176 523 1210 tardat,
536 1177 672 1213 segniores
686 1184 778 1204 sumus
790 1176 824 1204 ad
836 1175 999 1204 credendum

209 1223 241 1250 iis
254 1231 312 1258 qute
327 1223 421 1251 iterum
437 1223 568 1259 promittit
584 1232 591 1250 :
607 1223 633 1251 id
647 1223 717 1258 quod
731 1223 758 1250 in
774 1222 882 1250 homine
895 1230 949 1250 non
959 1222 1000 1250 in-

205 1268 277 1303 juria
296 1268 384 1296 locum
404 1268 483 1296 habet
500 1278 508 1297 :
530 1270 558 1296 in
570 1269 624 1297 Deo
638 1273 746 1302 autem,
766 1269 812 1304 qui
831 1276 874 1296 res
894 1273 998 1297 nostras

208 1314 325 1341 maxima
340 1314 476 1349 dispcnsat
496 1314 624 1349 sapientia
634 1334 642 1347 ,
656 1313 679 1341 si
697 1322 749 1349 qua
770 1314 854 1341 semel
869 1314 997 1348 promissa

208 1357 326 1392 fuerint,
352 1359 457 1387 etiamsi
484 1359 622 1386 innumera
649 1358 815 1387 intercedant
840 1359 997 1393 obstacula,

206 1404 394 1432 conﬁdendum
411 1410 451 1433 est
465 1405 498 1432 ad
521 1404 729 1440 magnitudinem
743 1404 868 1439 potentia:
882 1404 940 1439 ejus
952 1411 997 1432 re-

206 1451 389 1486 spicientibus,
403 1451 639 1486 confirmandaque
652 1455 693 1478 est
707 1450 775 1477 ratio
785 1470 792 1483 ,
805 1454 833 1477 et
846 1449 995 1483 sciendum,

206 1497 295 1524 omnia
314 1505 374 1532 qum
386 1497 419 1523 ab
432 1497 475 1524 illo
486 1501 549 1524 sunt
561 1497 632 1524 dicta
646 1496 754 1524 evenire
767 1495 854 1523 modis
872 1495 996 1522 omnibus

206 1549 318 1570 necesse
331 1550 400 1570 esse.
414 1542 485 1570 Nihil
497 1543 567 1570 enim
581 1548 622 1569 est
635 1541 705 1577 quod
720 1541 817 1569 morari
837 1545 917 1576 queat
937 1540 996 1575 ejus

207 1589 409 1623 promissiones,
419 1589 543 1624 quoniam
558 1589 627 1616 Deus
642 1593 693 1621 est,
707 1588 749 1615 cui
761 1587 848 1615 omnia
861 1591 923 1615 sunt
935 1595 997 1621 pos-

205 1635 293 1662 sibilia
308 1643 315 1662 :
330 1640 357 1662 et
370 1635 468 1662 idcirco
481 1641 647 1670 quocumque
661 1634 727 1667 vult,
743 1641 786 1661 res
805 1633 948 1666 transfert,
969 1637 996 1660 et

206 1681 251 1708 ubi
264 1688 318 1708 non
333 1686 394 1708 sunt
404 1682 463 1713 viae,
481 1681 600 1708 invenire
612 1680 663 1708 scit
677 1679 733 1707 vias
742 1700 749 1712 ,
764 1686 795 1706 ac
807 1685 856 1706 nos
867 1678 994 1713 despera-

206 1731 249 1754 tos
261 1727 287 1754 in
302 1727 398 1755 bonum
410 1734 486 1762 spem
500 1727 615 1760 adducit,
629 1733 683 1762 quo
696 1725 854 1753 excellentia
866 1725 995 1760 potentis—

205 1773 280 1800 simae
304 1781 361 1800 sua:
387 1773 523 1808 sapientiae
547 1772 624 1801 nobis
648 1771 816 1800 manifestior
845 1771 899 1799 ﬁat.
927 1771 996 1798 Dicit

204 1818 275 1846 enim
291 1827 298 1846 :
315 1819 358 1846 Π.
371 1818 462 1854 Surge,
474 1823 498 1846 et
511 1818 657 1854 perambula
670 1823 763 1845 terram
773 1817 799 1844 in
813 1817 995 1853 longitudinem

205 1865 259 1900 ejus
271 1869 295 1892 et
309 1865 475 1898 latitudinem,
491 1865 550 1899 quia
565 1864 609 1891 tibi
624 1864 688 1892 dabo
701 1872 767 1890 eain.
782 1862 850 1891 Vide
860 1862 994 1898 quomodo

206 1911 231 1937 in
245 1910 326 1937 rebus
340 1909 463 1937 omnibus
475 1909 584 1937 multam
607 1909 777 1936 securitatem
795 1908 868 1943 justo
881 1907 938 1934 viro
952 1908 992 1934 in-

203 1964 298 1992 gerere
308 1956 413 1991 satagit.
432 1956 499 1983 Dicit
513 1955 586 1984 enim
604 1964 611 1983 :
626 1955 721 1990 Surge,
737 1959 764 1982 et
776 1954 897 1986 circumi,
911 1959 935 1981 ct
948 1953 994 1980 ad-

203 2001 278 2029 disce
290 2006 342 2029 tam
356 2001 521 2029 latitudinem
533 2021 540 2034 ,
564 2009 642 2037 quam
662 2000 867 2036 longitudinem,
883 2004 913 2028 ut
925 1999 994 2027 scire

205 2046 291 2081 possis
305 2051 333 2074 et
346 2046 552 2081 magnitudinem
569 2051 646 2074 terra:
655 2053 706 2080 qua
719 2045 846 2072 fruiturus
854 2052 894 2078 es,
907 2048 935 2072 et
946 2052 994 2071 an-

206 2097 312 2126 tequam
326 2091 422 2119 fruaris
432 2112 439 2124 ,
455 2099 503 2125 spe
515 2096 621 2126 pastus,
637 2099 760 2126 magnam
775 2090 837 2118 inde
848 2090 929 2117 animi
945 2098 992 2117 vo-

204 2137 331 2172 luptatem
343 2137 459 2164 haurias.
466 2136 532 2163 Nam
542 2142 783 2171 quantumcumque
792 2140 869 2164 terra:
876 2136 992 2163 circum-

204 2183 285 2216 ieris,
307 2182 354 2210 tibi
368 2182 455 2217 dabo,
481 2186 510 2210 ut
523 2183 591 2210 scias
605 2186 631 2209 te
650 2190 701 2210 non
720 2187 822 2210 tantum
842 2182 991 2214 dimisisse,

203 2233 331 2264 quantum
346 2233 503 2264 accepturus
524 2236 565 2256 es.
583 2227 622 2256 Ne
637 2229 715 2263 igitur
729 2233 805 2263 putes
824 2232 850 2255 te
863 2229 992 2255 minorem

204 2281 304 2302 terram
317 2275 441 2302 sortitum
454 2281 525 2308 esse,
539 2274 663 2309 quoniam
676 2274 722 2301 ille
733 2274 854 2308 arripuit,
868 2281 926 2308 quae
939 2273 992 2308 pri-

204 2328 246 2347 ma
258 2319 308 2347 sibi
323 2319 380 2346 visa
393 2324 435 2347 est
449 2323 476 2347 et
488 2319 584 2354 potior.
598 2319 671 2347 Scies
686 2319 757 2346 enim
773 2326 825 2345 non
839 2318 921 2346 multo
934 2322 994 2353 post

203 2374 237 2393 ex
251 2366 330 2393 rebus
345 2365 419 2401 ipsis,
435 2373 515 2400 quam
529 2365 595 2393 nihil
610 2364 739 2400 profuerit
752 2364 776 2392 ei
791 2364 901 2400 potioris
913 2368 992 2392 terra:

203 2412 317 2444 electio;
332 2417 359 2439 et
388 2412 444 2446 ipse
464 2412 568 2445 discet,
590 2415 718 2446 quantum
727 2410 827 2438 malum
841 2415 882 2438 est
894 2410 992 2445 primas

203 2465 295 2484 amare
307 2465 348 2492 pm
356 2463 406 2484 tes.
421 2457 460 2485 Tu
469 2463 559 2485 autem
570 2465 641 2485 nunc
652 2457 743 2492 accipe
755 2456 891 2484 modestia:
901 2461 928 2484 et
940 2457 994 2484 cle-

203 2503 323 2536 mentiae,
337 2511 416 2537 quam
429 2511 491 2538 erga
506 2503 596 2531 fratris
608 2503 692 2531 filium
709 2502 848 2531 declarasti
860 2522 868 2535 ,
891 2509 994 2530 merce-

203 2548 285 2580 dem;
303 2549 432 2582 promissa
451 2556 528 2576 sume
539 2569 547 2582 ,
561 2552 588 2576 et
603 2548 660 2584 jam
677 2554 809 2583 cognosce
824 2552 921 2575 terram
933 2554 992 2574 om-

204 2602 266 2621 nem
279 2594 355 2629 cujus
366 2594 489 2622 domiuus
501 2602 542 2628 es,
555 2599 582 2622 et
595 2602 675 2630 quam
689 2602 742 2622 non
756 2594 840 2621 multo
853 2597 912 2628 post
925 2597 952 2620 et
964 2597 993 2620 tu

206 2639 272 2672 ipse,
288 2643 315 2666 et
328 2646 421 2666 semen
434 2644 508 2666 tuum
521 2640 546 2666 in
565 2644 695 2667 internum
708 2638 888 2674 possidebitis.
904 2637 939 2665 Et
951 2646 993 2666 se-

206 2684 268 2710 mini
277 2689 332 2716 tuo,
345 2684 439 2719 inquit,
456 2692 534 2720 usque
544 2685 570 2712 iu
581 2685 711 2712 saeuiunt.
723 2683 816 2719 Magna
828 2683 925 2710 divinat
936 2690 995 2718 pro-

207 2728 341 2756 miSsionis
355 2729 519 2764 magnitudo,
534 2736 629 2765 magna
644 2730 729 2756 nostri
743 2728 862 2756 omnium
877 2728 992 2760 Domini,

206 2779 285 2809 atque
298 2775 426 2802 ilmnensa
439 2775 592 2808 liberalitas,
607 2782 703 2810 magna
716 2773 848 2802 mercedis
863 2777 994 2808 praestan-

207 2819 253 2850 tia,
266 2826 348 2853 quam
361 2819 408 2846 dat
420 2819 572 2846 misericors
585 2824 612 2846 et
625 2818 846 2846 clementissimus
866 2817 994 2845 Dominus

205 2864 284 2892 beato
296 2865 345 2897 illi,
356 2870 383 2892 et
394 2872 428 2892 ex
442 2865 488 2892 illo
500 2866 635 2893 nascituro
649 2865 755 2893 semini.
774 2863 811 2905 [Ut
824 2863 881 2890 haec
893 2862 995 2891 audivit

757 159 787 187 IN
806 159 881 187 CAP.
898 158 966 186 XIII.
987 155 1108 186 GENES.
1131 158 1245 186 IIOMIL.
1268 158 1385 188 λχχιν.

1795 161 1846 189 318

1057 214 1223 249 patriarcha,
1237 214 1272 243 de
1284 215 1409 243 ineffabili
1428 216 1547 245 bonitate
1570 218 1616 246 Dei
1636 218 1844 253 obstupefactus,

1056 260 1099 287 18.
1117 259 1193 286 Motis
1204 261 1382 293 tabernaculis,
1403 261 1497 296 inquit,
1511 264 1586 296 venit,
1599 268 1622 290 et
1638 264 1757 291 habitavit
1767 264 1846 298 juxta

1054 314 1172 342 quercum
1185 306 1299 334 Mambre
1310 327 1318 340 ,
1337 315 1394 342 qua:
1405 313 1441 335 est
1451 309 1477 335 in
1490 309 1614 337 Chebron.
1630 310 1773 345 Postquam
1782 330 1790 342 .
1806 311 1846 338 in-

1054 352 1121 387 quit,
1145 353 1248 388 accepit
1262 353 1477 388 promissionem,
1489 358 1516 382 et
1527 356 1659 390 separavit
1669 363 1698 383 se
1711 356 1770 389 Lot,
1784 361 1846 384 tunc

1057 398 1192 425 transtulit
1215 398 1415 426 tabernaculum
1425 407 1502 426 suum
1513 400 1546 427 ad
1566 408 1693 435 quercum
1716 402 1844 430 Mambre.

1060 442 1124 470 Vide
1137 443 1346 479 philosophicam
1364 450 1492 478 mentem,
1508 445 1568 473 vide
1576 446 1684 481 spiritus
1695 447 1844 475 sublimita-

1056 492 1119 520 tem,
1135 489 1269 524 quomodo
1281 490 1358 518 facile
1371 491 1433 518 inde
1445 491 1551 526 migrat,
1564 499 1614 519 nec
1627 498 1752 527 gravatur
1762 493 1796 520 de
1810 494 1845 521 lo-
1860 514 1866 522 ρ

1053 534 1093 561 cis
1108 534 1134 561 in
1156 534 1215 562 loca
1237 535 1359 563 transire.
1380 536 1501 564 Invenies
1518 537 1590 564 enim
1609 545 1671 564 eum
1691 538 1762 566 nulla
1780 546 1846 566 con-

1054 579 1195 608 suetudine
1217 584 1383 615 praaventum
1395 585 1422 609 et
1432 581 1592 617 alligatum:
1614 581 1640 610 id
1661 583 1730 619 quod
1752 585 1845 612 multis

1053 624 1152 657 evenit,
1168 625 1249 652 etiam
1263 625 1296 653 iis
1308 626 1352 661 qui
1368 634 1397 654 se
1408 626 1590 662 philosophos,
1605 632 1657 656 ete
1669 628 1764 657 mediis
1776 629 1845 657 libe-

1053 674 1126 697 ratos
1136 671 1291 698 tumultibus
1300 671 1400 707 jactant
1412 681 1420 700 :
1440 677 1468 699 et
1479 673 1501 700 si
1516 673 1622 708 quando
1636 677 1741 709 tempus
1754 680 1843 710 vocet,

1053 715 1197 749 spiritualis
1210 724 1281 752 saepe
1290 718 1388 753 negotii
1398 719 1492 753 gratia,
1510 725 1538 746 ut
1548 719 1575 746 in
1585 720 1667 747 alium
1680 720 1768 748 locum
1779 729 1845 749 con-

1053 760 1149 788 cedant
1161 782 1168 795 ,
1183 770 1368 797 saepenumero
1383 765 1481 791 morosi
1495 770 1567 797 sunt,
1587 766 1691 799 tristes,
1704 771 1730 794 et
1744 767 1844 803 migra-

1053 807 1153 835 tionem
1171 816 1242 843 εει-θ
1263 809 1395 843 ferentes,
1418 818 1450 837 eo
1470 810 1541 845 quod
1561 812 1753 840 consuetudine
1773 821 1844 848 pran-

1052 853 1174 888 occupati
1188 854 1253 881 sint.
1276 854 1374 882 Verum
1390 863 1443 883 non
1463 856 1497 883 ita
1519 856 1606 890 justus
1618 876 1626 889 ,
1647 857 1694 884 sed
1713 857 1768 892 jam
1788 863 1842 886 tum

1053 897 1240 933 philosophum
1260 899 1354 934 agebat
1369 909 1375 927 :
1390 904 1418 928 et
1435 900 1509 936 quasi
1523 901 1677 936 peregrinus
1687 907 1713 929 et
1726 902 1822 938 hospes
1833 924 1841 935 ,

1053 943 1087 971 ita
1101 952 1171 972 nunc
1185 945 1247 973 hinc
1261 945 1333 979 illuc,
1348 954 1419 974 nunc
1431 947 1502 974 illinc
1517 947 1567 974 huc
1582 949 1802 984 transmigrabat,
1815 955 1843 978 ct

1054 998 1101 1024 per
1115 991 1204 1018 omnia
1223 991 1376 1026 religiosam
1395 999 1471 1019 suam
1494 998 1609 1020 mentem
1629 995 1754 1029 operibus
1780 995 1843 1030 ipsis

1052 1034 1189 1063 declarare
1201 1036 1333 1064 studebat.
1343 1036 1409 1064 Nam
1421 1041 1560 1072 postquam
1572 1039 1771 1067 tabernaculum
1785 1041 1844 1068 fixit

1051 1081 1121 1116 apud
1143 1089 1272 1116 quercum
1290 1082 1424 1116 Mambre,
1446 1084 1534 1111 statim
1550 1084 1585 1111 ibi
1609 1086 1740 1113 exstruxit
1759 1086 1842 1114 altare

1052 1126 1174 1153 Domino.
1188 1127 1282 1155 Vidisti
1297 1133 1413 1155 mentem
1423 1133 1524 1163 gratam
1534 1129 1545 1156 ζ)
1557 1130 1622 1163 Quia
1637 1138 1698 1158 mox
1715 1136 1743 1157 nt
1756 1132 1843 1159 taber-

1052 1171 1175 1198 naculum
1189 1171 1257 1205 ﬁxit,
1275 1173 1364 1200 statim
1381 1180 1428 1207 pro
1442 1173 1510 1200 facta
1528 1174 1577 1201 sibi
1593 1176 1767 1209 promissione
1780 1185 1843 1211 gra-

1053 1217 1148 1245 tiarum
1163 1218 1284 1246 actiones
1294 1219 1391 1246 obtulit
1407 1218 1530 1246 Domino.
1552 1220 1584 1247 Et
1605 1221 1630 1247 in
1652 1221 1762 1255 singulis
1776 1222 1841 1250 locis

1051 1263 1094 1290 ubi
1110 1263 1311 1291 tabernaculum
1324 1264 1393 1296 fixit,
1410 1264 1529 1292 invenies
1545 1265 1596 1292 hoc
1611 1273 1665 1299 pra:
1679 1266 1802 1293 outnibus
1817 1268 1840 1294 ei

1050 1309 1132 1337 fuisse
1144 1317 1216 1337 curae
1228 1330 1236 1342 ,
1260 1315 1289 1337 ut
1304 1314 1441 1338 exstructo
1459 1311 1537 1338 altari
1558 1319 1651 1345 preces
1669 1312 1777 1340 ofI'errct
1789 1334 1796 1344 .
1815 1318 1842 1341 et

1046 1355 1170 1390 Apostoli
1186 1359 1350 1390 praeceptum
1372 1355 1510 1390 impleret,
1532 1356 1648 1391 jubentis
1671 1362 1697 1384 ut
1721 1358 1748 1385 iu
1769 1360 1840 1386 uumi

1050 1400 1109 1427 loco
1120 1405 1221 1433 oretur,
1233 1405 1259 1428 et
1273 1401 1411 1429 eleventur
1421 1407 1519 1430 sancta:
1531 1410 1626 1430 manus
1635 1403 1671 1438 (t.
1682 1403 1748 1430 Tim.
1762 1405 1787 1431 2.
1799 1406 1838 1441 8).

1049 1444 1143 1473 Vidisti
1153 1446 1269 1474 animam
1284 1447 1373 1474 divino
1386 1455 1477 1475 aIIIOI‘e
1490 1455 1657 1482 succcnsam,
1672 1453 1698 1476 et
1708 1449 1742 1477 ad
1756 1450 1838 1477 Deum

1048 1491 1202 1525 Volantem,
1226 1500 1327 1527 proque
1345 1493 1470 1521 omnibus
1492 1494 1590 1529 gratias
1611 1496 1756 1530 agentem?
1780 1496 1838 1524 Non

1047 1539 1120 1566 enim
1129 1539 1294 1574 exspectavit
1315 1539 1400 1567 donec
1421 1540 1550 1574 promissa
1562 1541 1775 1575 complerentur;
1791 1543 1838 1570 scd

1047 1589 1075 1611 et
1085 1583 1120 1612 de
1132 1585 1308 1619 promissione
1324 1586 1423 1620 gratias
1436 1586 1504 1621 agit,
1523 1586 1641 1622 nihilque
1657 1594 1709 1615 non
1724 1587 1796 1623 facit,
1811 1593 1839 1616 ut

1047 1630 1081 1657 de
1093 1630 1198 1665 prtcviis
1218 1630 1311 1665 dignas
1330 1631 1428 1666 gratias
1450 1639 1505 1666 pne
1524 1639 1554 1659 se
1577 1633 1679 1665 ferens,
1697 1632 1837 1661 Dominum

1047 1682 1125 1703 suum
1136 1680 1264 1712 provocet
1276 1675 1308 1703 ad
1320 1676 1513 1711 promissiones
1523 1685 1585 1705 suas
1598 1677 1755 1713 implendas.

1082 1722 1109 1749 5.
1126 1721 1233 1748 Moralis
1242 1721 1381 1749 exhortatio
1393 1722 1428 1749 ad
1442 1723 1608 1750 constantiam
1620 1724 1648 1750 in
1660 1723 1720 1758 ﬁde.
1728 1724 1836 1752 —IIIun:

1047 1774 1112 1795 sane
1125 1772 1152 1795 et
1162 1774 1210 1795 nos
1222 1767 1367 1801 imitemur,
1382 1773 1410 1795 ct
1422 1768 1640 1803 promissiouibus
1658 1768 1755 1797 divinis
1772 1770 1833 1797 ﬁda.

1047 1820 1122 1846 mus;
1137 1821 1222 1848 neque
1234 1813 1357 1841 alacritas
1367 1817 1487 1849 tempore
1497 1814 1656 1848 obsolescat,
1667 1822 1753 1850 neque
1761 1824 1837 1843 mens

1047 1858 1184 1886 remissior
1197 1858 1243 1886 ﬁat
1253 1866 1287 1886 ex
1306 1859 1428 1886 obicibus
1441 1860 1486 1894 qui
1500 1860 1680 1887 interveniunt
1693 1868 1700 1887 :
1715 1861 1762 1888 sed
1782 1862 1834 1888 vir-

1048 1904 1096 1931 tuti
1109 1903 1207 1932 divinat
1217 1904 1339 1938 ﬁdentes,
1352 1904 1427 1939 quasi
1438 1906 1494 1939 jam
1508 1909 1569 1931 ante
1582 1905 1674 1933 oculos
1686 1906 1836 1934 videremus

1048 1950 1237 1985 promissiones
1261 1950 1373 1985 impleri,
1399 1951 1435 1978 ita
1458 1958 1550 1986 puram
1572 1956 1599 1978 et
1612 1951 1744 1979 sinceram
1757 1953 1835 1980 fidem

1046 1996 1228 2024 exhibeamus.
1242 1997 1334 2032 Magna
1348 1997 1419 2025 enim
1434 2001 1462 2025 et
1481 1997 1609 2025 immensa
1624 1998 1744 2032 promisit
1758 1999 1834 2027 nobis

1048 2042 1195 2076 Dominus,
1216 2048 1243 2070 et
1264 2050 1325 2078 quae
1347 2048 1464 2071 nostram
1485 2043 1675 2071 transcendunt
1693 2044 1834 2078 rationein,

1046 2096 1142 2123 nempe
1156 2096 1206 2117 nos
1220 2089 1362 2124 participes
1375 2089 1449 2125 regni
1463 2089 1518 2116 fore
1528 2110 1535 2123 ,
1559 2094 1586 2117 et
1600 2089 1770 2117 ineffabilium
1788 2090 1835 2118 bo-

1047 2143 1140 2163 norum
1151 2140 1299 2167 consortes,
1312 2143 1373 2163 cum
1387 2135 1488 2170 angelis
1501 2140 1662 2168 vei-saturos,
1676 2141 1704 2163 et
1719 2136 1834 2164 liberan-

1045 2181 1094 2209 dos
1105 2189 1120 2208 a
1131 2181 1264 2217 gehenna.
1286 2181 1417 2209 Ctetermn
1431 2188 1517 2216 neque
1528 2180 1679 2209 diffidamus
1691 2180 1752 2209 ideo
1763 2183 1834 2217 quod

1045 2234 1076 2254 ea
1092 2234 1146 2254 non
1156 2226 1279 2254 videntur
1295 2226 1478 2261 corporalibus
1497 2226 1598 2259 oculis;
1623 2225 1670 2254 sed
1689 2227 1836 2262 cogitantes

1046 2272 1154 2300 mentiri
1168 2280 1221 2300 non
1235 2279 1313 2307 posse
1325 2279 1386 2299 eum
1400 2271 1446 2306 qui
1460 2271 1591 2307 promisit,
1603 2276 1630 2299 et
1643 2271 1725 2306 ipsius
1742 2278 1840 2307 poten-

1046 2319 1089 2345 tiae
1111 2317 1319 2352 magnitudinem
1344 2317 1559 2350 considerantes,
1584 2317 1642 2345 Iuec
1668 2317 1752 2345 oculis
1772 2318 1834 2347 fidei

1046 2367 1231 2396 contueamur,
1246 2367 1273 2390 et
1286 2370 1319 2390 ex
1334 2362 1367 2390 iis
1380 2370 1439 2397 qum
1447 2362 1501 2397 jam
1515 2370 1640 2390 concessa
1655 2367 1735 2395 sunt,
1754 2364 1834 2391 etiam

1046 2407 1080 2435 de
1094 2407 1189 2436 futuris
1203 2408 1299 2435 benam
1311 2415 1385 2442 spem
1400 2407 1544 2435 habeamus
1559 2416 1567 2435 :
1581 2414 1614 2435 ea
1626 2408 1697 2435 enim
1712 2407 1745 2435 de
1755 2415 1834 2436 causa

1046 2457 1074 2480 et
1084 2453 1127 2481 hic
1135 2453 1216 2480 multa
1232 2452 1308 2480 nobis
1320 2453 1417 2480 donata
1429 2457 1492 2480 sunt
1501 2473 1510 2485 ,
1528 2457 1556 2479 ut
1570 2459 1602 2480 ex
1617 2453 1649 2479 iis
1660 2452 1817 2487 adjuvctnur
1827 2474 1834 2486 ,

1047 2505 1180 2534 manuque
1194 2498 1332 2531 ducamur,
1340 2502 1369 2525 ut
1377 2498 1411 2525 de
1425 2497 1476 2525 illis
1488 2505 1594 2532 quoque
1603 2497 1671 2525 bene
1685 2505 1833 2533 speremus.

1046 2543 1111 2572 Nam
1129 2546 1174 2580 qui
1189 2544 1284 2572 Filium
1298 2551 1374 2571 suum
1392 2543 1498 2571 tradidit
1514 2548 1622 2578 propter
1643 2550 1719 2571 suam
1740 2544 1768 2572 in
1786 2552 1834 2572 nus

1047 2590 1195 2623 caritatem,
1207 2590 1339 2625 quomodo
1353 2597 1407 2617 non
1421 2589 1509 2616 omnia
1523 2589 1599 2616 nobis
1610 2589 1710 2624 reliqua
1726 2589 1833 2624 largitu.

1046 2643 1094 2664 rus
1107 2636 1167 2664 est?
1186 2636 1259 2665 Sicut
1280 2639 1309 2663 et
1329 2635 1426 2663 Paulus
1440 2634 1524 2669 inquit
1545 2641 1552 2660 :
1578 2633 1627 2666 Qui
1648 2635 1751 2669 proprio
1766 2634 1836 2662 Filio

1046 2689 1093 2708 suo
1103 2689 1153 2708 non
1168 2681 1276 2716 pepercit
1288 2701 1296 2713 ,
1307 2680 1351 2707 sed
1363 2688 1409 2715 pro
1423 2680 1493 2707 nobis
1506 2680 1618 2708 omnibus
1631 2679 1735 2708 tradidit
1750 2681 1834 2713 illum,

1047 2727 1171 2760 quomodo
1184 2734 1234 2753 non
1245 2730 1268 2752 et
1280 2725 1365 2752 omnia
1378 2725 1449 2752 nobis
1460 2733 1518 2752 cum
1530 2725 1575 2753 illo
1587 2726 1689 2754 donabit
1703 2727 1791 2762 (Rom.
1806 2726 1834 2754 8.

1048 2770 1114 2806 52)?
1127 2770 1155 2798 Si
1169 2771 1263 2798 Filium
1275 2777 1351 2797 suum
1364 2770 1473 2798 tradidit
1485 2778 1534 2806 pro
1549 2771 1625 2799 nobis
1640 2772 1833 2806 peccatoribus.

1048 2816 1072 2844 si
1083 2815 1248 2851 baptismatis
1258 2815 1356 2843 donum
1368 2816 1476 2851 largitus
1492 2820 1544 2849 est,
1558 2816 1580 2843 si
1600 2817 1717 2851 priorum
1738 2823 1833 2852 pecca-

1050 2868 1137 2890 torum
1150 2861 1332 2889 remissionem
1342 2860 1442 2894 tribuit,
1455 2861 1480 2890 si
1493 2861 1656 2896 pontitentite
1676 2862 1744 2889 viam
1757 2860 1834 2888 nobis
