2055 3123
222 167 274 196 319

221 223 335 258 aperuit,
348 221 369 248 si
379 221 516 247 innumera
526 217 577 244 alia
591 216 623 244 ad
635 216 747 244 salutem
758 220 874 242 nostram
889 217 1013 248 operatus

222 274 273 301 est,
289 266 456 294 manifestum
468 267 509 290 est
521 270 581 290 eum
595 267 620 289 et
636 261 722 288 futura
737 261 804 288 bona
813 259 891 287 nobis
899 258 1013 293 reposita

223 312 406 348 pra‘hiturum.
423 309 488 337 Nam
501 307 546 343 qui
560 310 668 342 propter
678 313 752 332 suam
768 304 923 337 bonitatem,
938 306 1014 330 ante-

224 347 303 394 quam
326 364 386 384 che
408 355 596 389 inciperemus,
619 351 676 379 haec
692 349 859 386 praeparavit,
883 347 1015 383 quomodo

222 411 276 431 non
301 408 328 431 et
350 402 400 429 frui
411 399 563 428 concedet?
578 397 654 431 Quod
675 401 763 423 autem
787 395 861 430 prius
875 394 933 421 hate
947 394 1015 420 hotta

224 449 301 477 nobis
316 446 507 483 pra-paraverit
518 465 526 478 ,
543 443 603 470 audi
617 441 680 478 quid
693 440 764 468 dicat
776 439 907 467 stantibus
920 442 935 465 a
950 437 1016 465 dex-

225 496 273 524 Iris
289 504 295 522 :
310 494 406 527 Venite,
418 491 538 519 benedicti
564 488 651 516 Patris
668 487 717 514 ntei
729 507 736 520 ,
759 485 895 513 hereditate
911 483 1018 518 accipite

225 549 330 576 regnum
342 543 457 576 paratam
467 537 534 564 vobis
540 539 598 563 ante
606 533 806 562 constitutionem
815 530 903 558 mundi
909 528 1016 564 (Matth.

224 587 269 615 25.
284 587 344 621 δι).
368 583 461 611 Vidisti
489 582 613 609 bonitatis
635 577 830 610 excellentiam,
841 580 939 612 quanta
951 581 1016 621 erga

225 620 345 660 nostrum
361 636 444 665 genus
458 628 620 663 benignitate
632 632 695 653 usus
709 624 754 656 sit,
767 627 797 650 ut
819 625 847 650 et
867 626 929 649 ante
946 620 1017 655 jacta

227 677 396 704 hmdamenza
417 673 509 702 mundi
533 673 608 700 nobis
631 670 705 706 regni
725 669 850 697 cmlorum
866 667 1017 694 fruitionem

225 728 377 758 prteparare
393 720 514 754 dignatus
529 717 582 745 sit?
597 717 676 752 Igitur
690 723 723 742 ne
744 715 828 742 simus
844 712 938 748 ingrati
948 732 955 745 ,
971 711 1020 739 ob-

228 773 412 800 secro,neque
420 764 542 799 indignos
552 763 648 790 talibus
657 768 704 788 nos
719 760 796 788 donis
809 758 1017 786 constituamus:

227 812 274 841 sed
284 812 435 846 diligamus,
450 815 480 837 ut
491 809 578 842 decet,
594 808 734 835 Dominum
749 810 884 836 nostrum,
901 803 1019 838 nihilque

228 858 354 886 faciamus
368 855 436 891 quod
450 855 508 890 ejus
521 861 582 889 erga
595 860 643 880 nos
654 851 866 880 benevolentiam
881 848 1019 884 impediat.

229 904 298 932 Num
313 902 383 930 enim
399 908 446 928 nos
461 900 565 935 priores
580 906 636 926 rem
651 898 720 925 illam
734 895 884 931 cmpimus?
898 895 953 922 lmo
964 894 1021 929 ipse

231 951 303 985 prior
325 955 445 984 magnam
461 952 487 974 et
511 944 713 973 inenarrabilent
729 943 864 971 caritatem
889 948 950 976 erga
972 946 1022 967 nos

230 994 384 1022 declaravit.
409 992 547 1026 Quomodo
560 991 639 1026 igitur
654 997 705 1017 non
729 988 872 1016 absurdum
889 986 975 1018 fuerit,
999 985 1021 1013 si

234 1048 296 1067 eum
317 1040 360 1073 qui
384 1047 433 1066 nos
446 1039 484 1065 sic
497 1037 588 1064 dilexit
612 1044 663 1062 non
687 1035 825 1069 diligamus
847 1033 908 1059 totis
923 1031 1022 1058 viribus

234 1084 353 1112 nostris?
368 1083 426 1118 Ipse
440 1088 548 1118 propter
560 1090 633 1109 suam
647 1089 707 1116 erga
725 1088 773 1107 nos
787 1080 923 1106 caritatem
934 1078 1023 1105 omnia

231 1137 292 1156 eum
307 1129 440 1163 voluptate
460 1128 584 1155 sustinuit
597 1136 602 1153 :
623 1131 648 1153 et
664 1134 695 1152 rx
710 1126 767 1160 ipso
781 1130 890 1159 paterno
902 1124 962 1151 sinu
976 1131 1023 1150 ex-

231 1176 334 1206 siliens,
349 1180 376 1202 ut
392 1175 426 1201 ita
441 1174 537 1207 dicam,
561 1174 629 1200 servi
651 1173 761 1199 formam
782 1178 917 1198 assumere
931 1170 1021 1203 voluit,

233 1229 280 1255 per
296 1221 408 1247 humana
421 1219 507 1246 omnia
523 1219 634 1246 transire
647 1239 654 1251 ,
671 1224 696 1245 et
710 1217 780 1244 ferre
792 1226 806 1243 ιι
820 1216 918 1244 Judmis
929 1220 1023 1243 contu-

233 1268 326 1294 melias
340 1271 367 1293 et
377 1266 529 1300 opprobria,
546 1265 660 1299 denique
678 1268 706 1291 et
725 1270 841 1294 crucem,
860 1270 890 1290 ac
908 1267 1022 1289 mortem

234 1312 527 1348 iguominiosissimam,
545 1315 573 1337 ut
585 1317 633 1336 nos
648 1310 692 1344 qui
714 1309 785 1335 hutui
801 1308 984 1340 trahebamur,
998 1312 1025 1334 et

234 1359 344 1386 inﬁnitis
356 1361 524 1392 ptmcatorum
538 1356 648 1383 sarcinis
661 1355 780 1390 oppressi
795 1362 911 1386 eramus,
934 1359 1023 1380 nostra

234 1406 260 1432 in
273 1412 303 1432 se
317 1404 367 1430 lhle
378 1403 476 1430 liberos
488 1402 596 1429 faceret.
615 1401 676 1428 llatc
691 1401 760 1427 enim
773 1399 860 1427 omnia
877 1403 966 1426 mente
981 1406 1023 1425 re-

233 1449 352 1483 cogitans
366 1448 457 1474 beatus
478 1446 574 1474 Paulus
587 1467 594 1478 ,
611 1445 726 1473 fervidus
739 1445 837 1472 Christi
855 1448 957 1471 amator
969 1463 976 1476 ,
999 1448 1026 1470 et

234 1494 309 1528 quasi
316 1494 401 1520 alatus
409 1493 561 1519 universum
571 1492 662 1519 orbem
671 1490 871 1526 peragrans,qui
880 1491 904 1516 iu
914 1496 1027 1524 corpore

235 1549 293 1574 qua-
303 1540 516 1574 iucorporearutn
526 1543 677 1565 naturarum
691 1537 794 1572 propria
805 1541 867 1564 sunt
875 1536 960 1564 facere
968 1540 1027 1563 stu-

233 1585 325 1617 debat,
337 1584 467 1611 elatnahat
477 1584 582 1610 dicens:
591 1582 691 1610 Caritas
704 1583 770 1609 enim
780 1581 872 1609 Christi
880 1582 972 1608 detinet
981 1589 1027 1608 nos

237 1631 275 1666 (2.
289 1630 346 1657 Cor.
357 1630 382 1656 5.
394 1630 450 1664 Η).
463 1629 528 1656 Vide
537 1628 705 1664 probitatem,
717 1627 776 1655 vide
782 1627 885 1655 virtutis
893 1627 1026 1654 excellen-

238 1676 373 1709 tiant,vide
381 1676 525 1703 ferventem
532 1682 661 1702 amorem.
669 1674 767 1702 Caritas
775 1673 867 1701 Christi
874 1673 965 1700 detinet
971 1680 1027 1699 nos:

237 1722 288 1749 hoc
294 1726 345 1754 est,
356 1721 500 1756 compellit,
511 1720 592 1755 cogit,
603 1720 728 1748 concitat.
738 1719 837 1747 Deinde
845 1719 935 1746 volens
946 1718 1028 1746 inter-

241 1767 338 1802 pretari
351 1766 420 1802 quod
433 1774 446 1792 a
457 1773 487 1793 se
499 1765 598 1793 dictum
615 1769 682 1798 erat,
694 1765 796 1800 inquit:
810 1764 958 1791 ludicantes
969 1764 1026 1796 hoc,

238 1813 357 1845 (ninnium
374 1811 396 1838 si
411 1819 476 1838 unus
489 1818 535 1846 pro
549 1810 664 1837 munibus
677 1814 790 1837 mortuus
798 1814 832 1837 est
842 1830 849 1841 ,
867 1817 926 1845 ergo
943 1817 1028 1836 omnes

238 1858 328 1884 mortui
341 1861 408 1884 sunt.
427 1855 461 1883 Et
478 1864 523 1892 pro
537 1856 650 1883 omnibus
665 1860 777 1883 mortem
791 1860 838 1888 est,
848 1860 875 1881 nt
885 1860 908 1882 et
915 1850 1028 1882 'rioentes

239 1903 342 1938 partitae
350 1910 399 1929 non
408 1902 517 1934 sibiipsis
527 1902 608 1928 vivant
617 1921 625 1934 ,
636 1901 681 1928 sed
687 1901 726 1928 illi
730 1901 772 1935 qui
780 1909 826 1936 pro
833 1901 869 1928 eis
875 1906 987 1928 mortuus
992 1904 1028 1926 est

238 1954 260 1976 et
279 1949 414 1976 resurrexit
425 1948 504 1984 (Ibid.
516 1955 540 1975 υ.
553 1948 608 1983 15).
634 1946 869 1982 Vidisliquomodo
880 1947 939 1981 jure
951 1946 1027 1978 dixit,

238 1994 336 2021 Detinet
348 2002 393 2021 nos
405 1994 498 2021 caritas
511 1993 663 2021 ChristiI'Si
679 1993 749 2020 enim
768 2000 816 2027 pro
832 1992 919 2023 nobis.
933 1992 1027 2027 inquit,

237 2041 359 2068 otnnihus
373 2045 492 2067 mortuus
502 2044 553 2073 est,
568 2044 676 2074 propter
685 2039 862 2066 hoctuortuus
870 2043 922 2072 est,
935 2042 964 2066 ut
979 2045 1029 2065 nos

238 2087 358 2114 viventes
372 2086 483 2121 posthac
496 2093 547 2113 non
561 2085 637 2112 nobis
650 2085 714 2120 ipsis
727 2085 864 2117 vivamus,
879 2084 925 2112 sed
944 2085 969 2112 ei
984 2083 1028 2119 qui

239 2140 288 2166 pro
302 2132 378 2159 nobis
392 2136 512 2159 mortuus
533 2136 573 2158 est
587 2135 614 2158 et
627 2131 778 2158 resurrexit.
805 2130 973 2164 Arcipiamus
986 2130 1030 2164 igi-

242 2181 285 2204 tur
307 2176 479 2211 apostolicam
501 2175 728 2209 admonitionem,
744 2179 771 2203 et
795 2183 847 2202 non
868 2175 944 2202 nobis
965 2176 1029 2209 ipsis

239 2224 369 2255 vivamus,
385 2222 431 2249 sed
444 2222 467 2249 ei
482 2222 527 2257 qui
542 2229 588 2256 pro
601 2222 677 2248 nobis
687 2225 806 2248 mortuus
818 2225 894 2248 estet
907 2228 1027 2248 resurre-

241 2268 289 2295 xit.
303 2268 335 2296 Et
345 2267 489 2303 quomodo,
501 2267 568 2294 dicet
580 2267 721 2301 quispim»,
737 2266 880 2300 poterimus
890 2265 1029 2293 nonnobis

242 2315 305 2349 ipsis
316 2314 425 2342 vivere?
439 2314 506 2341 Audi
521 2314 627 2340 beatum
652 2313 737 2339 virum
758 2312 853 2339 iterum
872 2312 1003 2339 dicentem
1020 2321 1026 2338 :

245 2360 307 2388 Vivo
319 2366 402 2387 autem
421 2367 470 2387 non
488 2360 544 2394 jam
559 2366 605 2394 ego
618 2366 627 2385 :
646 2357 800 2384 uiritantem
814 2357 840 2384 in
854 2365 894 2384 me
913 2357 1028 2384 Christus

240 2407 339 2441 (σαῖσι.
352 2407 379 2433 2.
395 2406 454 2441 ςιο).
468 2405 533 2432 Vide
545 2403 679 2439 quomodo
691 2410 772 2438 super
785 2407 882 2431 terram
891 2404 1029 2432 ambulans

243 2457 269 2479 et
279 2460 359 2480 carne
369 2451 557 2483 circumdatus,
567 2449 641 2484 quasi
651 2449 744 2477 caelum
757 2449 905 2476 inhabitans
919 2453 946 2477 et
960 2449 1029 2476 inter

241 2499 411 2533 incorporeas
422 2498 533 2524 virtutes
550 2503 658 2523 versans
675 2495 812 2523 afficiatur.
835 2496 948 2523 Proinde
967 2496 1028 2523 alibi

240 2544 336 2572 iterum
354 2543 476 2571 dicebat:
494 2542 543 2575 Qui
552 2547 634 2568 autem
646 2541 738 2569 Christi
758 2546 830 2575 sunt,
844 2549 944 2568 carnem
956 2550 1029 2569 suam

243 2590 421 2624 eruti/iurum
437 2597 494 2616 cum
505 2588 677 2622 affectionibus
692 2593 715 2615 et
736 2588 941 2623 concupiscentiis
953 2587 1027 2623 (Gal.

240 2635 267 2662 5.
282 2635 340 2670 24).
357 2634 411 2662 Iloe
425 2634 502 2669 igitur
516 2639 556 2661 est
567 2641 618 2660 non
636 2634 752 2668 sibiipsis
774 2634 872 2666 vivere,
884 2634 930 2661 sed
945 2634 969 2661 ei
984 2634 1027 2669 qui

242 2687 290 2716 pro
313 2679 389 2707 nobis
403 2684 524 2706 mortuus
541 2683 582 2706 est
595 2683 621 2706 et
634 2679 780 2706 resurrexit
802 2687 809 2705 :
832 2678 938 2714 quando
953 2679 1027 2714 quasi

241 2724 338 2752 mortui
351 2731 442 2752 sumus
458 2724 581 2759 presenti
594 2724 666 2756 vitae,
681 2727 708 2751 et
722 2723 786 2751 nihil
800 2731 893 2751 eorum
906 2731 965 2759 quae
987 2724 1028 2751 vi-

241 2772 339 2798 dentur
352 2791 359 2803 ,
385 2770 553 2805 suspicimus.
581 2769 645 2797 Nam
665 2769 764 2797 idcirco
787 2768 915 2796 Dominus
937 2773 1029 2796 noster

241 2817 381 2844 cruciﬁxus
395 2821 446 2849 est,
463 2820 492 2844 ut
510 2815 579 2843 hanc
593 2815 673 2842 vitam
687 2821 735 2850 pro
747 2814 792 2842 illa
815 2819 1026 2847 commutemus;

242 2863 295 2889 imo
307 2871 355 2898 per
365 2862 434 2890 hanc
450 2862 521 2890 illam
537 2861 612 2890 nobis
631 2860 806 2897 negotietnur.
821 2860 942 2890 Praesens
955 2862 1026 2889 enim

573 161 601 188 S.
622 158 760 188 JOANNis
778 153 1015 186 CllltYSOSTOMl
1036 154 1192 183 AllCHIEP.
1213 153 1479 182 CONSTANTINOP.

1803 153 1856 181 320

1070 211 1131 243 vita,
1149 211 1171 238 si
1188 210 1311 238 volumus
1325 217 1384 238 esse
1397 210 1477 237 sobrii
1492 213 1519 236 et
1531 208 1642 244 vigiles,
1666 208 1736 236 ducit
1761 217 1809 236 nos
1824 210 1856 236 ad

1069 256 1220 283 fruilionem
1234 256 1295 283 vitae
1309 261 1416 283 aeterna:
1432 263 1439 282 :
1456 259 1535 290 atque
1548 255 1704 290 poterimus,
1712 262 1735 282 sn
1752 263 1858 288 parum-

1070 310 1117 336 per
1133 301 1295 329 voluerimus
1317 301 1425 336 vigilare
1449 305 1476 327 et
1494 299 1598 335 aperire
1618 301 1714 327 mentis
1731 300 1837 327 oculqu
1850 321 1857 332 ,

1068 347 1165 382 quietis
1187 346 1257 373 illius
1281 354 1388 380 semper
1413 345 1481 380 apud
1507 352 1556 373 nos
1578 345 1749 377 tttetnittis~c;
1775 350 1802 372 et
1826 346 1859 371 ita

1070 393 1210 427 praesentia
1224 392 1361 427 praeterire
1377 399 1407 419 ac
1416 391 1615 426 prtclervolare,
1630 390 1662 417 ad
1674 390 1762 417 futura
1772 397 1861 418 autem

1069 443 1097 465 et
1111 445 1217 472 Semper
1229 438 1350 465 durantia
1371 443 1487 464 mentem
1504 437 1660 469 intendere;
1681 437 1750 464 sicut
1770 437 1862 465 beatus

1071 484 1116 511 ille
1138 492 1186 511 tius
1210 484 1323 511 erudivit
1346 483 1456 511 dicens:
1475 483 1549 517 Quod
1570 488 1653 510 autem
1675 492 1742 510 nunc
1760 484 1815 511 vivo
1835 485 1863 512 in

1070 537 1155 561 came,
1172 530 1198 556 in
1212 529 1263 563 ﬁde
1275 529 1329 557 uitta
1344 529 1406 556 Filii
1419 528 1476 561 Dei,
1493 529 1535 564 qui
1549 529 1635 556 dilexit
1650 537 1698 562 me,
1713 534 1737 556 et
1757 530 1862 556 tradidit

1071 575 1231 609 semetipsum
1244 582 1290 609 pro
1303 582 1342 601 me
1355 573 1451 608 (Galat.
1467 574 1494 601 2.
1510 573 1568 608 20).

1106 619 1132 646 6.
1155 619 1221 646 Vide
1244 619 1361 646 animam
1387 620 1446 654 igne
1469 626 1635 653 succensam,
1659 619 1720 647 vide
1745 625 1861 648 mentem

1071 666 1178 700 alatam,
1191 665 1252 694 vide
1266 666 1396 693 rationem
1419 666 1554 694 incensam
1576 666 1621 693 Dei
1641 674 1741 694 amore.
1766 667 1841 699 Quod
1853 687 1861 700 ,

1072 712 1166 746 inquit,
1180 719 1247 738 nunc
1259 713 1324 745 riuo,
1336 711 1361 738 in
1375 712 1427 745 ﬁde
1440 711 1503 738 viva.
1526 711 1564 739 Ne
1577 712 1659 744 enim,
1675 712 1770 747 inquit,
1785 717 1864 747 pute-

1073 757 1107 784 tis
1121 765 1163 784 mc
1178 756 1265 785 facere
1284 757 1382 792 aliquid
1398 765 1487 785 rerum
1503 757 1581 792 hujus
1596 758 1656 785 vita:
1677 766 1768 786 causa.
1798 758 1863 786 Nam

1074 803 1135 830 licet
1145 810 1224 830 carne
1234 803 1412 831 circumdatus
1423 804 1484 835 sim,
1497 804 1751 839 necessitatibnsque
1763 810 1864 833 natura:

1073 848 1196 883 alligatus
1210 856 1216 874 :
1231 848 1257 875 in
1275 848 1326 876 lide
1348 853 1435 876 tamen
1452 849 1521 882 vivo,
1536 857 1595 883 qua:
1608 853 1649 876 est
1668 849 1694 877 in
1708 849 1842 877 Christum
1853 871 1862 883 ,

1073 894 1224 929 despiciens
1236 895 1325 922 omnia
1339 896 1486 929 praesentia,
1501 900 1528 922 et
1543 902 1590 929 spe
1613 903 1673 930 qua:
1688 895 1713 922 in
1739 896 1810 923 illum
1825 901 1865 923 est

1074 939 1163 967 omnia
1178 944 1385 975 prietercnrrens
1395 960 1402 972 ,
1416 940 1543 967 intentam
1559 940 1585 967 in
1601 940 1673 967 illum
1687 946 1803 968 menteut
1819 941 1866 968 ha-

1076 985 1135 1012 beo.
1164 985 1282 1020 Denique
1307 990 1335 1012 ut
1356 985 1442 1013 discas
1462 986 1646 1014 excellentiam
1671 987 1771 1014 amoris
1790 987 1864 1022 ejus,

1075 1030 1141 1058 dicit
1155 1030 1210 1058 :‘ln
1224 1031 1276 1066 ﬁde
1285 1032 1338 1058 vivo
1356 1031 1418 1058 Filii
1431 1031 1490 1064 Dei,
1504 1032 1548 1067 qui
1560 1040 1599 1059 me
1611 1032 1711 1064 dilexit,
1723 1038 1747 1059 et
1762 1033 1866 1060 tradidit

1076 1076 1237 1110 semetipsum
1261 1084 1307 1110 pro
1329 1085 1378 1104 me.
1404 1077 1548 1104 Considera
1572 1085 1651 1112 qttam
1667 1077 1779 1112 insignis
1800 1079 1866 1113 grati

1076 1123 1158 1149 animi
1171 1122 1338 1157 significatio.
1363 1122 1431 1156 Quid
1445 1122 1521 1154 dicis,
1538 1130 1553 1150 ο
1573 1123 1650 1150 beate
1673 1123 1773 1150 Paule?
1788 1123 1868 1151 Paulo

1076 1172 1140 1195 ante
1152 1167 1278 1194 dicebas:
1296 1167 1345 1199 Qui
1355 1168 1458 1202 proprio
1475 1167 1543 1194 Filio
1564 1175 1610 1194 suo
1631 1176 1680 1194 non
1692 1169 1811 1203 pepercit,
1824 1169 1868 1195 sed

1078 1222 1123 1248 pro
1136 1213 1206 1240 nobis
1219 1213 1333 1239 omnibus
1348 1212 1451 1239 tradidit
1465 1221 1519 1239 runt
1531 1212 1618 1247 (Rom.
1634 1213 1660 1240 8.
1676 1213 1721 1249 52)
1737 1222 1742 1240 :
1758 1218 1783 1240 et
1800 1221 1869 1240 nunc

1077 1260 1153 1292 dicis,
1179 1259 1228 1292 Qui
1243 1259 1330 1286 dilexit
1353 1264 1392 1285 me
1407 1267 1417 1286 :
1444 1264 1523 1294 atque
1538 1264 1564 1286 ul
1590 1260 1725 1294 propriunt
1751 1260 1869 1294 appellas

1077 1313 1217 1332 eoonuunc
1236 1305 1413 1332 beneficium?
1435 1305 1532 1338 E'iam,
1548 1305 1651 1339 inquit:
1667 1313 1728 1332 nam
1744 1305 1805 1333 licet
1821 1313 1869 1339 pro

1078 1352 1151 1379 otnni
1166 1351 1302 1378 hominum
1319 1359 1417 1386 genere
1430 1351 1588 1378 Sacrificium
1600 1352 1633 1379 ab
1647 1359 1680 1379 eo
1693 1352 1728 1378 sit
1738 1352 1866 1384 oblatum,

1079 1403 1164 1424 tamen
1179 1401 1286 1431 propter
1300 1404 1418 1424 antorem
1435 1398 1460 1423 in
1473 1405 1532 1424 eum
1546 1418 1554 1428 ,
1578 1397 1602 1424 id
1625 1397 1694 1432 quod
1717 1397 1814 1424 factum
1828 1403 1869 1425 est

1080 1444 1213 1476 proprium
1230 1443 1292 1470 mihi
1307 1443 1384 1470 faeie.
1398 1443 1434 1470 Ita
1450 1449 1475 1470 et
1491 1443 1629 1478 prophetis
1650 1451 1708 1470 mos
1720 1449 1761 1471 est
1783 1444 1870 1472 facere

1079 1493 1105 1515 et
1120 1489 1209 1516 dicere
1223 1497 1229 1514 :
1246 1488 1315 1516 Deus
1332 1488 1399 1516 Dens
1412 1497 1479 1515 meus
1494 1488 1578 1525 (l’sal.
1588 1489 1663 1516 21.ιί
1681 1489 1741 1516 H7.
1758 1494 1780 1516 et
1796 1490 1868 1524 μεν

1079 1534 1203 1569 quamvis
1214 1534 1294 1561 totius
1313 1534 1386 1561 orbis
1400 1534 1433 1561 sit
1453 1534 1524 1561 Deus
1541 1543 1548 1561 :
1567 1534 1613 1561 sed
1625 1534 1755 1568 peculiare
1766 1534 1816 1561 hoc
1830 1540 1870 1562 est

1079 1579 1164 1606 autori
1179 1599 1186 1612 ,
1201 1584 1229 1607 ut
1242 1587 1274 1606 ex
1293 1579 1479 1606 communibus
1493 1580 1596 1614 propria
1613 1579 1700 1607 faciat.
1726 1579 1789 1606 Filii
1815 1579 1868 1612 Da‘,

1080 1626 1174 1660 inquit,
1190 1626 1232 1660 qui
1247 1625 1334 1652 dilexit
1349 1634 1398 1652 me.
1422 1625 1488 1659 Quid
1510 1625 1596 1652 dit-is?
1615 1625 1653 1652 Te
1666 1625 1750 1652 solunt
1761 1625 1870 1653 dilexit?

1079 1671 1191 1698 Omnem
1202 1691 1208 1702 .
1225 1671 1326 1706 inquit,
1345 1671 1481 1699 hominum
1498 1675 1617 1698 naturam
1636 1670 1745 1704 dilexit,
1761 1670 1806 1698 sed
1822 1678 1871 1706 ego

1080 1718 1103 1744 ei
1116 1717 1214 1752 gratias
1228 1717 1323 1750 debeo,
1339 1717 1412 1752 quasi
1427 1724 1470 1744 me
1479 1717 1564 1744 solum
1588 1717 1735 1744 dilexisset.
1760 1716 1794 1743 Et
1816 1721 1869 1743 tra-

1080 1764 1144 1790 didit
1155 1764 1313 1798 setuctipsttm
1328 1771 1373 1799 pro
1384 1771 1431 1790 me.
1446 1762 1513 1796 Quid
1529 1763 1618 1797 igitur,
1633 1770 1681 1797 pro
1695 1767 1722 1789 te
1734 1763 1793 1790 solo
1807 1770 1870 1790 cru-

1081 1809 1175 1837 cifixus
1187 1810 1249 1837 est‘I
1271 1810 1367 1837 Annon
1383 1809 1438 1843 ipse
1451 1809 1515 1836 dicit
1535 1817 1542 1836 :
1559 1808 1622 1835 Cum
1644 1809 1769 1836 exaltant:
1788 1811 1868 1844 fuero,

1081 1864 1166 1882 omnes
1187 1856 1286 1882 traham
1303 1856 1338 1882 ad
1356 1855 1480 1890 nteiputm
1493 1853 1581 1889 (Joan.
1609 1854 1650 1881 12.
1662 1854 1728 1890 32)?
1743 1862 1831 1882 nonne
1844 1859 1869 1881 ιιι

1081 1901 1138 1935 ipse
1151 1901 1250 1934 dixisti,
1268 1899 1320 1927 Pro
1342 1900 1413 1928 nobis
1427 1900 1541 1927 omnibus
1563 1900 1667 1927 tradidit
1689 1900 1870 1935 semetipsum!

1083 1947 1178 1978 Etiam,
1194 1946 1297 1980 inquit:
1314 1953 1365 1972 non
1382 1945 1477 1981 loquor
1500 1945 1660 1981 pugnantia,
1685 1946 1730 1973 sed
1752 1954 1869 1973 amorem

1082 2001 1170 2020 meum
1186 1995 1221 2019 ita
1236 1992 1372 2019 consolor.
1385 1991 1443 2019 iam
1467 1992 1526 2019 vide
1549 1992 1642 2020 iterum
1658 1996 1685 2019 et
1709 1992 1780 2019 aliud
1800 1991 1870 2027 quod

1083 2038 1161 2065 dictis
1177 2038 1229 2065 illis
1253 2045 1302 2065 nos
1316 2037 1403 2065 docet.
1419 2037 1486 2065 Cutn
1500 2038 1570 2065 enim
1592 2038 1715 2073 superius
1728 2037 1824 2065 dixerit
1838 2038 1872 2066 de

1083 2085 1179 2118 Patre,
1202 2084 1253 2111 Pro
1269 2084 1339 2111 nobis
1361 2084 1475 2111 omnibus
1495 2084 1599 2111 tradidit
1619 2085 1691 2111 illum
1703 2105 1710 2116 ,
1731 2084 1774 2112 hic
1787 2085 1869 2118 dicit,

1083 2131 1250 2164 Scmelipsttm
1271 2130 1375 2156 tradidit
1393 2138 1402 2157 :
1417 2134 1444 2157 et
1460 2130 1511 2157 illic
1525 2129 1642 2164 quidem,
1656 2134 1684 2157 ut
1703 2130 1870 2157 concordiam

1082 2176 1204 2203 ostendat
1218 2184 1249 2203 ac
1263 2183 1351 2210 parem
1366 2175 1494 2203 honorem
1508 2175 1595 2202 Patris
1607 2180 1633 2203 et
1648 2176 1716 2209 Filii,
1731 2180 1758 2204 et
1770 2177 1871 2211 passio-

1084 2229 1144 2248 nem
1156 2221 1305 2249 subindieet
1320 2231 1326 2248 ε
1341 2222 1465 2257 quoniant
1477 2222 1556 2249 etiam
1575 2222 1629 2248 alio
1641 2223 1698 2250 loco
1712 2222 1776 2250 dicit
1792 2232 1798 2249 :
1815 2223 1869 2249 Fa—

1081 2273 1136 2295 ctus
1147 2268 1262 2295 obediens
1272 2276 1349 2303 usque
1363 2268 1396 2294 ad
1407 2274 1509 2295 mortem
1522 2267 1649 2304 (Philipp.
1664 2269 1691 2296 2.
1711 2269 1738 2303 8)
1754 2278 1760 2295 :
1775 2269 1871 2304 ubique

1084 2313 1198 2347 passioni
1223 2312 1301 2340 fidem
1316 2313 1424 2340 faciens.
1449 2313 1497 2340 llic
1521 2318 1609 2340 autem
1629 2314 1734 2348 posuit,
1757 2314 1870 2341 Tradidit

1081 2359 1261 2393 semetipsum,
1287 2363 1314 2385 ut
1342 2358 1441 2386 indicet
1467 2365 1527 2386 eum
1550 2359 1698 2387 voluntarie
1721 2360 1870 2394 passionem

1081 2404 1241 2438 suscepisse.
1252 2408 1279 2431 et
1289 2411 1342 2431 non
1355 2404 1525 2436 necessitate,
1543 2412 1628 2439 neque
1642 2405 1684 2436 vi,
1711 2405 1758 2432 sed
1779 2406 1870 2433 volen-

1082 2453 1134 2476 tem
1157 2449 1362 2484 cnpientemque
1386 2450 1466 2476 totius
1497 2449 1604 2477 humani
1633 2452 1737 2485 generis
1759 2452 1869 2478 salutem

1081 2495 1197 2529 operari,
1212 2503 1317 2522 crucem
1330 2496 1497 2522 stistimtisse.
1522 2496 1633 2530 Qualem
1655 2498 1734 2532 igitur
1753 2499 1869 2525 vicissim

1082 2550 1200 2569 amorem
1221 2542 1348 2570 exhibere
1372 2543 1517 2577 poterimus
1538 2548 1591 2570 tant
1610 2543 1719 2570 divitem
1737 2552 1799 2579 erga
1822 2552 1871 2572 nos

1082 2589 1218 2616 caritatem
1227 2588 1371 2616 declaranti
1380 2590 1391 2615 ’ἶ
1401 2589 1509 2616 E‘iamsi
1518 2590 1633 2617 animam
1643 2591 1726 2624 ipsam
1736 2591 1870 2625 impenda-

1083 2641 1142 2660 mus
1155 2641 1203 2668 pro
1219 2634 1278 2668 ejus
1294 2634 1404 2668 legibus,
1419 2639 1445 2661 et
1467 2642 1515 2669 pro
1529 2635 1716 2662 observatione
1731 2636 1870 2663 mandato-

1082 2687 1151 2710 rum,
1165 2687 1223 2713 qum
1233 2679 1267 2706 ab
1280 2679 1338 2714 ipso
1349 2683 1409 2706 sunt
1423 2679 1484 2707 data
1497 2700 1504 2712 .
1531 2688 1616 2715 tteqtte
1638 2680 1678 2708 sic
1699 2680 1733 2707 ad
1753 2681 1870 2708 caritatis

1072 2724 1189 2750 .modum
1214 2724 1365 2759 pertingere
1385 2726 1550 2760 poterimus,
1574 2733 1651 2760 quam
1667 2734 1728 2761 erga
1749 2731 1868 2753 nostrum

1076 2769 1225 2796 declaravit
1249 2776 1342 2804 genus.
1363 2770 1422 2805 Ipse
1445 2771 1517 2798 enim
1539 2771 1609 2798 Deus
1632 2778 1692 2798 cum
1716 2777 1807 2805 esset,
1823 2780 1870 2807 pro

1083 2815 1233 2842 hominibus
1244 2815 1295 2843 hoc
1309 2816 1400 2849 subiit,
1412 2821 1439 2844 et
1454 2817 1582 2844 Dominus
1594 2824 1642 2851 pro
1653 2818 1756 2848 servis;
1772 2825 1803 2844 ac
1817 2825 1867 2844 non

1083 2867 1130 2896 pro
1141 2861 1224 2888 servis
1239 2862 1410 2897 simpliciter,
1431 2862 1477 2890 sed
1500 2869 1549 2898 pro
1563 2861 1672 2897 ingratis
1685 2867 1712 2890 ct
1735 2863 1868 2898 perpetuis
