2055 3123
204 132 251 160 521
678 130 709 158 ΙΝ
728 130 802 159 CAP.
823 129 891 157 XIV.
911 127 1034 156 GENES'.
1055 126 1169 156 HOMIL.
1189 128 1295 156 XXXV.

202 188 328 217 inimicis.
350 188 381 215 Et
398 188 453 224 ipse
468 187 539 223 prior
554 187 580 215 in
602 186 724 223 indignos
747 192 774 216 et
794 187 890 215 millies
902 186 989 221 lapsos

204 239 305 262 tantam
318 233 430 262 contulit
452 233 652 260 beneﬁcentiam
672 243 679 260 :
704 240 753 260 nos
776 237 864 260 autem
886 230 989 259 etiamsi

204 281 332 308 faciamus
352 286 525 314 quaecumque
547 279 710 314 poterimus,
726 278 789 305 nihil
804 285 927 313 magnum
950 277 989 304 fa-

203 328 305 354 ciemus
315 347 322 359 ,
337 331 367 354 ut
378 327 403 354 ei
417 326 461 361 qui
482 333 530 353 nos
545 326 623 353 tantis
639 325 774 353 beneficiis
788 324 926 360 prtevenit,
940 323 990 351 ali-

202 373 265 408 quid
289 372 475 407 rependamus.
492 371 586 399 Nostra
611 372 681 399 enim
697 391 704 403 ,
727 370 748 397 si
761 378 812 405 qua
826 374 986 405 sequuntur,

202 419 341 446 retributio
355 417 462 453 quidem
476 423 537 445 sunt
550 422 577 445 et
591 417 726 448 debitum;
742 416 813 444 illius
825 420 912 443 autem
927 419 989 442 sunt

201 464 284 498 gratia
306 467 335 491 et
357 462 504 496 beneﬁcia,
518 463 719 498 largitimlisque
739 462 902 497 magnitudo.
926 461 988 488 Harc

201 509 281 544 igitur
295 509 384 537 omnia
407 509 573 544 cogitantes,
598 509 738 544 diligamus
761 507 895 536 Christum
919 508 988 535 sicut

201 554 299 582 Paulus
323 555 408 589 ipsum
432 554 545 587 dilexit,
561 554 712 589 nullamque
726 554 896 589 prarsentium
912 554 988 580 ratio-

199 608 260 627 nem
275 600 429 633 habeamus,
439 600 486 627 sed
498 604 653 634 pcrpetuutn
662 599 718 634 ejus
728 606 845 626 amorem
862 599 887 625 in
900 598 986 625 anima

200 650 292 672 nostra
317 644 421 672 firmum
443 649 471 672 et
493 644 614 672 stabilem
634 652 780 672 servemus.
802 643 839 671 Ita
862 644 934 672 enim
961 647 988 671 et

199 690 288 717 omnia
302 697 362 725 qua:
382 690 408 717 in
427 690 476 717 hac
489 690 542 717 vita
556 694 628 723 sunt,
643 690 833 722 dcridebimus,
848 693 876 717 et
889 693 986 716 terram

198 736 273 770 quasi
286 736 379 763 cadum
391 736 606 769 inhabitabimus,
622 743 708 771 neque
719 744 751 763 ex
762 736 895 771 prosperis
907 735 987 763 rebus

199 780 368 808 remissiores
376 781 485 812 erimus,
494 788 581 815 neque
588 788 619 808 ex
628 781 746 808 adversis
754 788 802 809 cun
807 780 969 808 tristabimnr
978 789 984 806 :

198 826 246 854 sed
261 826 384 854 omnibus
406 826 546 861 pra-teritis
560 826 593 854 ad
617 826 756 854 amabilem
781 826 920 853 Dominum
937 833 986 852 no-

199 878 283 900 strum
299 873 360 900 hinc
374 871 567 904 festinabimus,
591 880 678 907 neque
690 872 842 899 dilatiOnem
855 871 985 906 gravatim

199 919 327 951 feremus,
341 918 388 945 sed
404 926 474 946 nunc
486 922 514 946 et
528 925 576 946 nos
588 918 657 945 sicut
673 918 764 945 beatus
787 917 831 945 ille
846 918 965 945 dicemus
976 938 984 949 ,

200 965 274 998 Quod
284 973 350 992 nunc
363 965 467 992 vivimus
481 965 507 992 in
521 972 606 997 carne,
623 964 648 991 in
662 964 714 998 fide
732 963 836 990 vivimus
848 962 910 990 Filii
928 963 984 996 Dei,

197 1012 240 1045 qui
253 1011 340 1038 dilexit
363 1019 418 1045 nos,
433 1015 456 1038 et
469 1011 629 1045 semetipsum
643 1010 747 1037 tradidit
762 1018 807 1045 pro
824 1009 895 1037 nobis
913 1009 984 1046 (Gal.

197 1057 224 1083 ἓ.
246 1057 312 1093 20);
328 1061 356 1085 ιιι
369 1061 397 1085 et
409 1062 567 1092 prasentem
582 1057 662 1084 vitam
676 1057 776 1091 absque
795 1063 909 1084 maerore
923 1063 984 1090 pcr-

199 1103 329 1136 ticiamus,
353 1107 381 1130 et
403 1102 498 1130 futuris
513 1102 590 1130 bonis
610 1101 660 1129 frui
675 1108 841 1134 mereamur,
862 1101 945 1136 gratia
959 1104 986 1128 et

197 1148 381 1176 misericordia
401 1148 505 1176 Domini
525 1148 609 1175 nostri
628 1148 692 1175 Jesu
713 1147 830 1181 Christi,
851 1154 912 1174 cum
932 1154 985 1182 quo

199 1195 269 1222 I’alri
286 1199 314 1222 et
328 1195 438 1230 Spiritui
452 1199 546 1222 sancto
559 1195 596 1222 sit
604 1194 696 1230 gloria,
713 1193 864 1229 imperium,
888 1192 982 1226 honor,

199 1249 270 1269 nunc
279 1245 306 1268 et
320 1248 435 1276 semper,
452 1241 514 1269 etin
527 1241 624 1269 smcula
634 1240 804 1268 saeculorum.
818 1240 912 1267 Amen.

458 1306 597 1334 HOMILIA
615 1305 724 1334 XXXV.

199 1362 305 1390 Factum
319 1367 355 1390 est
375 1366 458 1390 autem
472 1363 499 1390 in
512 1371 590 1398 regno
602 1361 759 1398 Amarphath
779 1362 844 1396 regis
857 1361 984 1395 Sermaar,

233 1409 326 1435 Arioclt
348 1416 393 1435 rea:
406 1408 514 1442 Alasar,
535 1413 558 1436 et
570 1407 772 1444 Cltodologomor
791 1415 836 1434 rea;
855 1406 946 1439 Elam,
961 1411 985 1433 et

235 1453 362 1481 Tharthac
375 1462 420 1481 rex
431 1455 541 1490 gentium
554 1458 682 1490 gesserunt
694 1453 786 1481 bellum
798 1461 855 1480 cum
869 1461 925 1488 rege
936 1452 986 1480 So-

231 1499 364 1526 domorum
379 1499 459 1535 (Gen.
474 1500 517 1527 14.
532 1499 556 1527 ι.
572 1498 617 1535 2).

234 1554 258 1582 Ι.
274 1553 359 1581 Lectio
372 1553 513 1589 Scriptum
526 1553 724 1582 commendatur.
737 1553 872 1588 —ingens
886 1553 984 1581 bonum

197 1604 249 1632 est,
263 1600 439 1632 dilectissimi,
452 1600 601 1627 divinamm
613 1599 808 1634 Scripturarum
822 1600 910 1628 lectio.
923 1600 984 1627 “me

196 1646 268 1674 enim
291 1647 407 1673 animam
431 1653 494 1674 vera
517 1645 685 1681 philosophia
709 1646 864 1674 instructam
885 1646 982 1680 reddit,

197 1693 254 1720 hmc
268 1693 294 1720 in
309 1692 403 1720 cadum
415 1697 535 1720 ruentem
549 1692 689 1725 transfert,
706 1691 763 1719 haec
776 1699 922 1720 memorem
936 1692 984 1720 be-

196 1738 283 1766 neficii
307 1738 396 1767 reddit
409 1738 564 1771 hominem,
581 1738 639 1766 haec
660 1737 722 1765 facit
743 1746 776 1766 ne
796 1738 937 1774 quidquam
951 1746 984 1765 ex

195 1785 276 1812 rebus
292 1784 468 1820 praesentibus
491 1783 670 1817 admiremur,
691 1784 738 1811 sed
761 1788 790 1811 ut
809 1788 936 1819 perpetuo
957 1784 983 1811 in

194 1831 246 1858 alia
262 1831 314 1858 vita
330 1835 420 1858 mente
434 1833 524 1859 nostra
539 1837 693 1862 versemur,
707 1834 734 1857 et
746 1830 780 1857 ad
794 1830 896 1857 Domini
911 1838 983 1858 mer-

194 1876 288 1904 cedem
307 1877 482 1912 respicientes
502 1876 590 1904 omnia
610 1884 771 1911 operemur,
796 1877 984 1913 alacritateque

195 1929 290 1956 magna
303 1922 429 1950 virtutum
443 1922 547 1950 labores
559 1922 754 1958 aggrediamur.
768 1923 805 1950 Ex
822 1923 886 1958 ipsis
899 1923 984 1951 disce-

195 1975 224 1995 rc
237 1968 301 1996 licet
315 1968 360 1996 Dei
374 1968 498 1996 celeriter
517 1968 696 1996 succurrentis
714 1968 920 2004 providentiam,
937 1968 983 2004 ju-

194 2018 296 2041 storum
311 2013 504 2047 fortitudinem,
521 2013 625 2041 Domini
641 2013 796 2047 bonitatem,
812 2013 982 2048 praemiorum

194 2060 415 2095 magnitudinem.
435 2059 503 2088 Hinc
523 2067 665 2094 possumus
686 2059 719 2087 ad
741 2059 937 2087 aemulationem
956 2064 983 2088 et

193 2106 370 2134 imitationem
393 2105 567 2141 philosophiae
590 2112 780 2140 generosorum
795 2105 912 2132 virorum
934 2112 983 2132 ex-

193 2151 288 2184 citari,
302 2155 333 2178 ut
347 2158 400 2178 non
417 2155 600 2185 torpescamus
614 2151 640 2178 in
655 2150 759 2178 virtutis
773 2150 961 2178 certaminibus
973 2158 981 2183 ;

192 2197 240 2225 sed
253 2196 420 2224 confidamus
434 2196 531 2224 divinis
545 2195 782 2231 promissionibus,
806 2195 885 2223 etiam
905 2200 979 2223 ante-

192 2249 272 2276 quam
294 2242 428 2269 eveniant.
451 2240 565 2268 Proinde
586 2247 679 2275 magna
702 2240 837 2276 diligentia
850 2260 857 2272 ,
880 2247 981 2275 quaeso,

193 2287 343 2314 divinarum
364 2286 560 2321 Scripturarum
580 2285 686 2313 lectioni
700 2293 834 2313 vacemus.
854 2286 891 2313 ita
910 2286 981 2314 enim

192 2337 220 2360 et
231 2333 371 2361 scientiam
389 2340 573 2367 assequemur,
595 2332 618 2360 si
640 2331 673 2359 ad
695 2339 736 2364 ea,
760 2339 819 2367 qtue
840 2332 876 2359 ibi
897 2333 982 2368 posita

192 2382 265 2411 sunt,
279 2377 434 2412 frequenter
448 2377 614 2405 accedamus.
628 2376 719 2412 Neque
729 2377 800 2404 enim
815 2377 871 2404 fieri
885 2382 979 2412 potest,

193 2429 221 2451 ut
233 2424 256 2451 is
271 2423 316 2458 qui
332 2423 429 2450 divinis
443 2423 586 2458 Scripturis
605 2430 700 2458 magno
714 2422 802 2450 studio
817 2423 982 2458 ferventique

192 2469 326 2496 desiderio
338 2472 430 2501 vacat,
445 2474 570 2502 umquam
586 2467 750 2502 negligatur;
773 2467 820 2495 sed
835 2468 897 2495 licet
911 2468 979 2496 desit

192 2514 269 2542 nobis
291 2513 407 2541 hominis
421 2512 619 2548 magisterium,
645 2513 702 2548 ipse
721 2513 848 2541 Dominus
867 2520 981 2548 superne

191 2563 283 2587 nostra
297 2559 323 2586 in
337 2558 418 2586 corda
431 2558 533 2586 intrans
551 2558 664 2586 illustrat
678 2563 794 2586 mentem
806 2580 813 2590 ,
827 2559 926 2586 rationi
935 2559 980 2594 ju-

191 2604 241 2632 bar
262 2612 341 2632 suum
365 2603 495 2638 infundit,
518 2604 618 2640 detegit
641 2604 760 2637 occulta,
784 2604 929 2640 ductorque
953 2605 981 2632 lit

191 2657 284 2678 eorum
299 2657 359 2685 qua:
381 2649 550 2685 ignoramus;
573 2655 673 2678 tantum
696 2651 718 2678 si
739 2658 788 2678 nos
809 2659 868 2687 qua:
890 2657 980 2679 nostra

192 2699 254 2723 sunt
272 2694 368 2722 afferre
383 2695 506 2723 velimus.
522 2695 564 2722 Ne
577 2696 668 2723 vocetis
682 2697 752 2723 enim
763 2717 770 2730 ,
786 2697 886 2732 inquit,
900 2698 980 2733 magi-

191 2745 270 2768 strum
284 2749 361 2776 super
376 2745 468 2768 terram
483 2740 592 2776 (Matth.
609 2741 654 2769 23.
668 2741 685 2770 8
696 2741 715 2776 ).
732 2742 845 2776 Quando
859 2743 937 2778 igitur
952 2746 979 2771 ln

191 2795 286 2815 manus
304 2787 469 2821 spiritualem
490 2787 587 2815 librum
605 2788 735 2822 capimus,
758 2788 859 2816 intenta
879 2794 977 2822 mente,

189 2831 309 2861 collectis
326 2830 495 2867 reductisque
514 2831 734 2868 cogitationibus,
750 2834 874 2869 omnique
893 2842 976 2864 saccu-

1775 132 1827 159 ΕΞ

1043 184 1091 211 lari
1106 191 1169 212 cura
1182 183 1291 220 depulsa
1302 207 1310 219 ,
1331 187 1437 215 lectioni
1459 188 1642 218 incumbamus
1655 198 1713 218 cum
1733 199 1826 227 magna

1042 229 1138 263 pietate
1152 234 1181 257 et
1195 231 1358 265 attentione,
1380 237 1409 260 ut
1431 234 1564 268 possimus
1585 243 1600 263 a
1621 241 1713 264 sancto
1728 237 1827 272 Spiritu

1040 275 1073 301 ad
1089 276 1247 310 scriptorum
1270 277 1469 313 intelligentiam
1492 281 1572 314 duci,
1591 287 1619 309 et
1641 283 1750 310 multum
1767 285 1828 312 inde

1040 319 1157 348 fructum
1172 323 1318 358 percipere.
1334 324 1398 352 Nam
1415 326 1544 354 barbarus
1556 327 1600 354 ille
1614 329 1711 363 regina:
1722 328 1826 357 .Ethio-

1041 373 1103 400 pum
1130 369 1285 402 eunuchus,
1302 371 1346 405 qui
1369 372 1395 398 in
1412 376 1483 399 tanta
1505 378 1563 401 erat
1585 374 1678 408 gloria,
1700 381 1728 403 et
1748 384 1826 404 curru

1040 412 1185 441 vehebatur
1196 414 1263 450 (Act.
1278 415 1316 451 8),
1329 424 1363 444 ne
1374 417 1421 444 illo
1431 418 1537 452 quidem
1553 423 1673 454 tempore
1686 421 1827 450 lectionem

1040 459 1210 494 negligebat;
1226 462 1271 490 sed
1288 463 1444 497 prophetam
1459 464 1485 491 in
1500 465 1622 493 manibus
1637 467 1735 494 habens
1746 489 1753 501 ,
1772 476 1828 496 tua-

1039 511 1120 538 gnum
1136 505 1242 533 lectioni
1256 507 1398 535 adhibebat
1410 509 1539 543 studium,
1556 511 1634 546 idque
1648 513 1752 540 nescius
1765 514 1825 547 quid

1041 549 1066 576 in
1082 549 1156 577 libris
1175 551 1376 580 contineretur:
1391 558 1507 582 attamen
1528 556 1588 590 quia
1609 556 1736 585 afferebat
1752 559 1828 593 quid~

1040 594 1101 629 quid
1118 595 1143 621 in
1160 603 1191 623 se
1203 601 1271 630 erat,
1289 606 1384 633 nempe
1397 600 1512 626 studium
1523 621 1529 632 ,
1544 601 1722 636 alacritatem,
1737 609 1826 630 atten-

1040 640 1137 667 tionem
1147 662 1155 674 ,
1172 641 1307 670 doctorem
1322 650 1414 672 nactus
1428 650 1477 672 est.
1492 647 1584 681 Cogita
1598 648 1670 675 enim
1681 669 1689 682 ,
1703 649 1825 682 obsecro,

1039 689 1165 719 quantum
1180 693 1235 714 erat
1250 696 1336 723 neque
1358 689 1383 716 in
1405 690 1497 718 itinere
1519 691 1660 720 lectionem
1681 688 1825 730 negligere,

1038 733 1066 775 et
1078 732 1225 764 prmsertim
1244 733 1380 761 sedentem
1396 735 1422 762 in
1436 743 1524 763 curru.
1546 738 1661 766 Audiant
1676 741 1824 775 exemplum

1039 774 1057 801 ii
1071 775 1115 810 qui
1129 784 1214 811 neque
1225 777 1296 806 domi
1311 784 1339 806 ut
1351 779 1401 807 hoc
1414 780 1520 814 faciant,
1535 784 1687 817 persuaderi
1704 774 1823 820 possunt,

1037 820 1085 848 sed
1111 826 1233 856 putantes
1255 831 1446 858 supervacuam
1469 834 1528 855 esse
1551 828 1646 856 homin
1672 830 1823 862 lectionem.

1039 867 1098 902 quia
1113 869 1153 895 vel
1166 876 1226 896 cum
1245 870 1356 899 muliere
1371 871 1507 906 habitant,
1525 874 1564 901 vel
1586 876 1686 903 militia:
1699 877 1825 912 adscripti

1038 918 1098 958 sunt
1111 934 1119 946 ,
1141 914 1184 941 vel
1199 922 1343 949 puerorum
1359 922 1386 944 et
1405 925 1542 946 servorum
1562 920 1727 956 aliorumque
1741 930 1824 958 nego-

1038 957 1134 985 tiorum
1147 964 1228 994 agunt
1240 968 1331 988 curam
1342 981 1350 994 ,
1372 970 1425 990 non
1443 964 1587 992 convenire
1606 965 1656 992 sibi
1672 967 1822 1001 opinantur,

1038 1007 1066 1030 ut
1078 1003 1174 1031 divinm
1189 1005 1333 1040 Scripturae
1352 1007 1460 1035 lectioni
1481 1009 1643 1039 incumbant.
1667 1011 1735 1039 Ecce
1753 1014 1824 1040 enim

1038 1049 1081 1077 hic
1090 1051 1228 1079 eunuchus
1240 1057 1266 1079 et
1277 1053 1414 1086 barbarus,
1427 1062 1485 1089 qua:
1495 1060 1607 1091 utraque
1617 1057 1649 1084 ad
1662 1059 1823 1088 reddendum

1038 1095 1258 1131 negligentiorem
1276 1097 1451 1132 sufﬁciebant,
1465 1105 1492 1128 et
1506 1101 1539 1128 ad
1553 1102 1608 1130 haec
1619 1103 1752 1138 dignitatis
1766 1114 1823 1132 am-

1038 1141 1138 1176 plitudo
1150 1147 1177 1170 et
1190 1149 1269 1178 opum
1282 1143 1443 1172 abundantia
1457 1154 1463 1172 :
1481 1146 1548 1174 adde
1560 1147 1630 1182 quod
1645 1153 1672 1175 et
1686 1149 1711 1175 in
1729 1150 1823 1178 itinere

1037 1191 1094 1214 erat
1105 1192 1132 1215 et
1146 1195 1225 1215 curru
1240 1188 1375 1216 ferebatur
1389 1199 1394 1216 :
1412 1190 1463 1217 hoc
1476 1191 1547 1218 enim
1563 1192 1641 1219 modo
1655 1193 1705 1220 iter
1718 1194 1822 1222 facienti

1037 1240 1090 1259 non
1103 1237 1144 1260 est
1157 1232 1234 1261 facile
1249 1233 1358 1262 lectioni
1373 1242 1432 1263 esse
1445 1240 1574 1264 attentum
1585 1257 1593 1270 ,
1608 1237 1661 1265 imo
1673 1239 1750 1266 valde
1765 1248 1824 1268 mo-

1037 1277 1132 1305 lestum
1148 1287 1155 1304 :
1171 1283 1288 1307 attamen
1301 1279 1461 1308 desiderium
1477 1286 1505 1309 et
1526 1282 1641 1310 studium
1662 1285 1750 1311 omnia
1772 1285 1824 1312 im-

1038 1323 1190 1358 pedimenta
1205 1332 1219 1352 e
1234 1325 1323 1353 medio
1338 1326 1489 1360 auferebat,
1505 1332 1531 1354 et
1545 1328 1651 1356 lectioni
1666 1329 1709 1357 ille
1724 1330 1825 1358 incum-

1039 1370 1132 1403 bebat,
1157 1379 1207 1398 nec
1221 1371 1326 1399 dicebat
1349 1380 1380 1400 ea
1396 1381 1454 1407 quae
1476 1381 1546 1402 nunc
1569 1374 1689 1411 plerique
1709 1377 1799 1404 dicunt
1816 1388 1822 1405 ι

1036 1415 1094 1443 Non
1109 1416 1227 1450 intelligo
1241 1423 1272 1444 ea
1287 1425 1346 1452 qua:
1359 1418 1456 1453 scripta
1472 1423 1544 1452 sunt,
1560 1427 1612 1447 non
1628 1428 1734 1455 possum
1749 1423 1824 1450 intel-

1038 1461 1119 1495 ligere
1133 1461 1339 1496 profunditatem
1354 1463 1571 1498 Scripturarum:
1586 1473 1668 1501 quare
1687 1466 1782 1494 frustra
1798 1474 1828 1496 et.

1037 1506 1169 1534 incassum
1183 1507 1302 1535 laborem
1316 1509 1476 1536 sustinerem
1496 1510 1619 1545 legendo,
1632 1512 1694 1539 dum
1708 1521 1760 1540 non
1776 1513 1824 1540 ha-

1037 1551 1088 1579 beo
1107 1553 1151 1588 qui
1176 1552 1384 1588 interpretetur?
1405 1554 1475 1582 Nihil
1500 1556 1593 1583 bornm
1617 1558 1748 1592 cogitabat
1769 1559 1823 1593 ille,

1037 1597 1125 1633 lingua
1140 1598 1246 1633 quidem
1266 1599 1394 1627 barbarus
1404 1620 1411 1632 ,
1428 1607 1517 1629 mente
1531 1606 1619 1629 autent
1634 1603 1823 1638 philosophus;

1036 1643 1084 1670 sed
1097 1643 1216 1678 cogitans
1231 1644 1319 1679 potius
1333 1652 1363 1672 se
1383 1653 1434 1673 non
1449 1651 1629 1682 contemptum
1651 1649 1700 1682 iri,
1717 1650 1762 1677 sed
1777 1658 1823 1677 su-

1036 1695 1118 1724 perna
1131 1689 1215 1724 gratia
1229 1690 1421 1725 adjuvandum,
1438 1692 1517 1719 modo
1529 1694 1598 1728 quod
1614 1702 1689 1721 suum
1704 1700 1761 1722 erat
1777 1704 1824 1731 pro

1037 1734 1136 1762 viribus
1148 1735 1282 1769 adferret,
1299 1736 1406 1764 lectioni
1422 1737 1600 1766 incumbebal.
1618 1739 1760 1775 Propterea
1776 1742 1824 1769 be—

1037 1780 1134 1815 nignus
1148 1781 1276 1809 Dominus
1290 1782 1372 1817 ipsius
1384 1783 1476 1811 videns
1489 1784 1660 1820 desiderium,
1674 1795 1733 1814 eum
1745 1788 1824 1816 mini-

1037 1833 1080 1853 me
1093 1827 1224 1861 neglexit,
1241 1835 1326 1862 neque
1340 1836 1387 1856 sua
1405 1836 1470 1856 cura
1491 1829 1626 1863 destituit,
1641 1831 1688 1859 sed
1705 1834 1823 1867 protinus

1036 1871 1086 1907 ipsi
1098 1872 1235 1900 doctorem
1249 1873 1330 1900 misit.
1346 1874 1384 1901 Tu
1397 1879 1484 1902 autem
1500 1877 1620 1910 expende
1630 1879 1764 1912 quomodo
1777 1887 1824 1907 ex-

1035 1919 1193 1953 spectaverit
1202 1939 1210 1952 ,
1226 1924 1254 1946 ιιι
1268 1919 1325 1954 ipse
1338 1927 1398 1955 quse
1418 1920 1501 1955 ipsius
1520 1926 1596 1949 erant
1610 1923 1682 1957 prius
1694 1923 1820 1958 adferret,

1034 1969 1062 1992 et
1078 1969 1141 1992 tunc
1155 1972 1231 1992 suum
1253 1964 1378 1999 patefecit
1391 1965 1531 1993 auxilium.
1549 1966 1615 1994 Cum
1636 1967 1715 2002 igitur
1733 1970 1821 1997 omnia

1036 2009 1152 2044 perfecta
1167 2013 1195 2037 et
1208 2009 1328 2037 absoluta
1343 2015 1433 2037 essent
1445 2018 1504 2045 qua:
1517 2012 1551 2038 ah
1566 2012 1612 2039 illo
1632 2013 1733 2041 fuerant
1745 2015 1822 2042 exhi-

1035 2055 1120 2082 benda
1132 2076 1140 2088 ,
1156 2055 1283 2090 deinceps
1297 2055 1406 2091 angelus
1425 2056 1529 2084 Domini
1551 2057 1671 2093 Philippo
1690 2061 1822 2094 apparuit,

1035 2101 1127 2128 dicens
1142 2110 1148 2128 :
1164 2100 1246 2136 Surge
1260 2106 1283 2128 et
1294 2101 1356 2129 vade
1369 2102 1403 2128 ad
1417 2102 1482 2128 viam
1495 2110 1552 2136 quae
1563 2103 1689 2130 descendit
1701 2105 1732 2131 ab
1743 2105 1823 2132 Jeru-

1034 2148 1112 2174 salem
1126 2147 1153 2174 in
1168 2146 1282 2180 Gazam;
1297 2147 1350 2175 Isaac
1363 2152 1399 2175 est
1413 2148 1519 2175 deserta.
1538 2149 1571 2175 Et
1585 2157 1656 2183 ecce,
1671 2150 1771 2186 inquit,
1786 2153 1823 2178 air

1034 2193 1166 2229 .Etltiops,
1182 2195 1317 2230 prtefectus
1330 2195 1458 2221 eunuchus
1472 2195 1600 2223 Candaces
1615 2197 1707 2232 regina:
1718 2197 1823 2225 [Ellth-

1035 2248 1096 2275 pum
1105 2261 1113 2274 ,
1127 2240 1171 2276 qui
1184 2245 1283 2268 venerat
1295 2241 1448 2268 adoraturus
1460 2242 1487 2268 in
1499 2242 1660 2276 Jerusalem;
1680 2249 1702 2270 et
1715 2245 1767 2279 ipse
1781 2253 1822 2271 re-

1035 2286 1174 2312 vertebatur
1201 2286 1292 2313 sedens
1318 2294 1394 2320 super
1422 2295 1524 2314 currum
1555 2296 1645 2321 suum,
1680 2289 1823 2324 legebalqu

1033 2331 1131 2358 Isaiam
1143 2331 1289 2368 prophetam
1300 2332 1366 2368 (Art.
1378 2332 1405 2360 8.
1420 2332 1596 2367 26-28).Vide
1609 2341 1688 2368 quam
1699 2339 1822 2362 accurate

1035 2377 1111 2404 nobis
1125 2377 1239 2405 narrarit
1252 2378 1295 2413 qui
1311 2377 1406 2405 librum
1425 2378 1549 2413 scripsit,
1564 2378 1656 2406 dicens
1666 2399 1673 2411 ,
1688 2379 1820 2415 (Et/tiam,

1034 2427 1063 2450 ut
1077 2422 1149 2449 illum
1166 2422 1306 2450 barbarum
1328 2430 1389 2450 esse
1402 2430 1622 2458 cognosceremus
1636 2433 1642 2451 :
1659 2425 1755 2452 deinde
1772 2426 1820 2459 ait,

1035 2468 1192 2503 Praefectus,
1207 2477 1259 2504 quo
1273 2469 1380 2496 nomine
1395 2470 1525 2496 maximus
1539 2470 1673 2504 dignitatis
1686 2470 1772 2499 honor
1786 2473 1822 2500 si-

1033 2513 1191 2548 gnificatur;
1209 2513 1258 2547 Qui
1271 2519 1381 2546 venerat,
1396 2514 1499 2548 inquit,
1512 2514 1664 2542 adoraturus
1678 2515 1704 2542 in
1716 2515 1821 2544 Jerusa-

1033 2559 1091 2586 lem.
1115 2558 1182 2586 Vide
1204 2559 1284 2586 etiam
1306 2559 1525 2594 peregrinationis
1548 2567 1675 2594 causam,
1698 2561 1819 2589 idoneam

1033 2613 1093 2640 qu;e
1108 2605 1188 2632 animi
1211 2604 1293 2639 ipsius
1308 2604 1432 2639 pietatem
1451 2604 1568 2633 declaret
1584 2615 1590 2631 :
1607 2607 1729 2641 expende
1749 2608 1820 2635 enim

1032 2654 1158 2685 quantum
1183 2650 1286 2677 itineris
1306 2650 1454 2684 susceperit
1475 2654 1505 2677 ut
1526 2650 1664 2678 Dominum
1685 2652 1819 2680 adoraret.

1032 2697 1108 2725 Tunc
1120 2697 1191 2724 enim
1208 2695 1295 2723 adhuc
1307 2695 1424 2723 divinum
1439 2697 1538 2723 cultum
1558 2696 1756 2725 arbitrabantur
1769 2706 1821 2725 uno

1033 2743 1092 2770 loco
1111 2741 1252 2775 concludi,
1275 2741 1388 2775 ideoque
1410 2740 1488 2776 longo
1507 2746 1615 2776 peracto
1637 2742 1752 2776 itinere,
1769 2743 1822 2770 illic

1032 2795 1094 2816 suas
1106 2795 1199 2824 preces
1212 2787 1358 2815 fundebant
1372 2795 1378 2814 :
1394 2793 1533 2822 propterea
1549 2792 1576 2815 et
1591 2788 1640 2816 iste
1654 2797 1687 2816 eo
1702 2794 1826 2821 venerat,

1036 2834 1080 2862 ubi
1096 2835 1221 2869 templum
1236 2838 1292 2861 erat
1306 2837 1332 2861 et
1347 2833 1431 2861 cultus
1445 2832 1578 2868 Judaicus,
1596 2839 1625 2862 ut
1637 2834 1828 2864 adoratioucna
