2055 3123
231 145 283 174 325

232 202 346 230 Domino
367 200 539 236 persolveret.
560 199 592 227 Et
612 204 783 234 posteaquam
804 199 874 234 quod
895 199 1018 235 cupiebat

233 247 397 283 implevisset
408 266 416 278 ,
428 245 563 273 Revertens
573 265 580 278 ,
597 245 691 279 inquit,
705 249 728 272 et
742 245 769 271 in
784 253 860 271 curru
874 252 920 271 suo
934 244 1022 271 sedens

231 293 338 329 legebat.

265 339 293 366 2.
315 338 417 366 Deinde
431 345 492 365 cum
506 336 664 365 accessisset
682 337 821 372 Philippus
835 337 891 373 (τι),
907 336 974 364 dixit
987 336 1020 363 ad

233 385 306 412 illum
321 393 329 412 :
342 383 456 411 Putasne
470 383 589 419 intelligis
604 390 662 418 qua!
674 382 735 418 legis
749 381 816 416 (Act.
828 382 855 410 8.
867 382 931 417 50)?
943 381 1023 409 Vides

232 430 351 458 animum
366 430 522 465 diligentem
535 436 566 456 ac
579 429 721 456 sollicitum
731 448 739 461 ,
757 427 863 455 lectioni
877 428 957 455 etiam
973 427 1021 459 illi,

233 484 313 511 quam
334 483 386 502 non
410 475 583 510 intelligeret,
600 474 814 506 incumbentem,
837 477 865 500 et
885 472 1023 500 doctorem

234 523 278 558 qui
295 523 380 557 ipsum
396 522 539 548 instrueret
552 520 732 555 requirentem
741 519 754 546 ἲ
770 518 874 546 Etenim
887 517 1024 552 apostolus

232 569 323 597 statim
343 576 391 603 per
412 567 646 602 interrogationem
671 566 742 593 illius
762 565 860 594 excitat
880 563 1022 597 affectum;

233 615 303 650 quod
315 615 385 642 enim
397 613 492 649 dignus
505 618 587 646 esset,
599 613 644 648 qui
654 612 770 640 doctoris
781 619 860 646 opera
872 611 899 638 in
909 611 1024 638 lectione

235 660 434 688 reconditorum
450 659 652 693 intelligentiam
665 662 874 692 consequeretur
884 677 891 687 ,
906 656 961 690 ipsa
975 656 1024 683 viri

237 706 375 741 responsio
388 705 515 733 declarat.
531 704 597 732 Cum
608 704 678 731 enim
692 704 827 738 apostolus
837 703 956 734 dixisset,
969 702 1024 729 Pn-

235 757 305 779 tame
314 751 434 785 intelligis
444 751 458 778 .9
469 755 596 785 vesteque
605 749 651 778 vili
666 750 773 777 indutus
785 749 941 776 accessisset
952 757 959 773 :
972 756 1024 774 non

235 805 307 833 :cgre
320 798 378 824 tulit
392 804 441 825 nec
463 796 616 832 indignatus
627 800 687 828 est,
708 802 795 830 neque
815 802 844 822 se
866 793 1025 822 contumelia

234 842 304 870 allici
319 841 490 875 existimavit,
505 841 575 876 quod
591 841 725 876 plerisque
739 840 846 868 insulsis
861 839 969 872 accidit,
981 839 1025 874 qui

236 896 308 924 stupe
321 889 422 916 malunt
437 889 463 915 in
476 893 604 923 perpetua
615 887 715 914 versari
730 886 889 922 ignorantia,
903 886 964 920 quia
980 893 1027 919 pu-

235 934 281 961 det
291 933 351 961 illos
365 933 540 969 ignorantiam
556 939 632 960 suam
646 931 780 964 confiteri,
793 936 820 959 et
832 931 909 958 abiis
923 930 1028 958 discere

236 979 281 1014 qui
295 979 392 1007 docere
409 979 524 1006 valeant.
548 979 583 1005 At
604 978 666 1005 huic
687 977 753 1004 nihil
778 977 830 1004 tale
850 977 954 1007 evenit:
979 974 1026 1002 sed

236 1032 298 1052 eum
314 1024 516 1051 mansuetudine
538 1028 566 1051 et
588 1024 686 1058 pietate
709 1022 867 1057 respondet,
890 1020 971 1048 animi
986 1019 1027 1047 sui

237 1075 334 1099 statum
349 1070 498 1100 declarans.
511 1070 599 1104 aitque
616 1078 622 1096 2
638 1069 770 1102 Quomodo
785 1069 893 1103 passim,
912 1067 960 1094 nisi
972 1067 1028 1102 quis

237 1117 299 1144 mihi
316 1116 450 1144 ostenderit
464 1115 551 1149 (Ibid.
566 1123 589 1142 υ.
603 1116 633 1142 5t
648 1115 681 1150 )?
704 1122 754 1142 nec
774 1118 875 1141 tantum
891 1117 1028 1141 mansuete

238 1161 387 1197 respondit,
401 1169 433 1189 ac
449 1166 540 1196 postea
555 1161 668 1194 transiit,
684 1161 730 1188 sed
746 1168 837 1188 rursus
851 1167 954 1187 morum
967 1166 1030 1187 suo-

238 1215 296 1234 rum
310 1208 435 1234 virtutem
450 1207 527 1234 nobis
540 1206 736 1236 demonstrans,
756 1206 805 1232 ista
820 1205 945 1239 loquutus
959 1212 1028 1239 prat—

239 1252 323 1280 fcctus
338 1251 400 1284 ille,
424 1251 569 1284 barbarus,
591 1258 671 1278 curru
695 1254 804 1283 vectus,
820 1257 880 1277 cum
904 1249 948 1285 qui
970 1249 1030 1277 vilis

238 1297 394 1328 videbatur,
416 1301 444 1324 et
465 1304 497 1323 ex
521 1296 617 1324 reetitu
631 1295 863 1328 contemnendus,
885 1294 986 1330 rogavit
1000 1299 1030 1322 ut

238 1343 410 1376 ascenderet,
432 1350 464 1370 ac
482 1349 573 1370 secum
595 1342 711 1370 sederet.
732 1341 812 1369 Vides
827 1342 907 1369 animi
923 1341 1029 1369 fervens

239 1389 379 1416 studium?
400 1388 475 1416 vides
506 1388 577 1423 pium
606 1387 711 1414 barbari
736 1387 875 1420 animum,
896 1386 1030 1422 quomodo

239 1435 367 1470 sapientis
381 1434 518 1469 cujusdam
533 1433 634 1461 dictum
651 1432 714 1460 illud
732 1433 881 1468 impleverit
898 1442 904 1459 :
919 1432 949 1460 Si
964 1433 1031 1459 tnde‘

239 1482 275 1507 ris
294 1481 375 1508 virum
394 1481 540 1516 prudentem
551 1501 559 1514 ,
575 1488 649 1506 mane
665 1487 742 1514 surge
761 1479 796 1505 ad
809 1487 866 1506 eum
878 1499 885 1511 ,
900 1483 923 1506 et
937 1479 1032 1514 gradus

242 1531 362 1554 ostiorum
375 1527 443 1553 illius
457 1527 553 1553 deterat
568 1534 612 1561 pes
627 1531 686 1552 tuus
702 1524 801 1561 (Ea-li.
815 1525 842 1552 6.
857 1524 908 1560 36)
921 1525 932 1550 τ
954 1524 1032 1551 Vides

243 1572 288 1606 qui
303 1572 397 1598 merito
410 1579 462 1599 non
476 1572 510 1598 sit
521 1570 676 1606 neglectus?
690 1570 764 1597 Vides
775 1570 820 1605 qui
832 1572 928 1597 merito
940 1576 1032 1604 supcr-

241 1624 302 1644 nam
323 1617 358 1644 sit
381 1620 561 1651 consequutus
584 1616 800 1652 providentiam?
821 1615 896 1642 vides
917 1619 945 1641 nt
967 1614 1032 1641 nihil

241 1662 363 1691 omiserit
386 1670 480 1690 eorum
504 1670 563 1698 quae
585 1662 620 1689 ab
643 1662 702 1697 ipso
725 1661 813 1688 afferri
838 1659 1033 1688 conveniebat?

243 1708 386 1743 Propterea
397 1708 525 1743 deinceps
535 1707 672 1736 doctorem
685 1711 789 1741 nactus,
800 1714 893 1735 eorum
907 1706 960 1734 vim
974 1713 1034 1741 qute

242 1755 379 1789 proposita
392 1759 469 1782 erant
481 1758 605 1781 accurate
618 1753 759 1787 discebat,
783 1757 810 1781 et
824 1753 914 1781 animo
933 1753 1033 1781 illumi-

242 1801 364 1827 nubatur.

281 1845 364 1878 Quam
384 1845 446 1872 utile
459 1845 622 1880 Scripturant
645 1844 745 1880 legere;
769 1844 867 1871 nullum
887 1849 982 1878 tempus
1001 1844 1035 1871 ad

243 1890 384 1925 Scriptura
395 1890 526 1917 lectionem
538 1890 736 1917 incommodum.
747 1905 783 1910 —
793 1889 894 1918 Videtis
907 1894 1034 1925 quantutn

242 1936 279 1963 sit
300 1936 433 1963 commodi
455 1940 556 1963 attente
576 1940 605 1963 et
619 1936 738 1963 studiose
759 1935 862 1963 divinas
883 1935 1035 1971 Scripturas

243 1982 351 2017 legere?
367 1982 511 2016 Propterea
525 1982 635 2009 enimet
646 1981 713 2009 hanc
723 1981 757 2009 de
768 1981 881 2009 barbaro
898 1982 1035 2009 historiam

244 2027 271 2054 in
286 2027 403 2054 medium
418 2027 492 2054 vobis
506 2026 633 2061 produxi,
648 2031 677 2053 ut
690 2034 725 2053 nc
738 2033 899 2062 quemquam
915 2031 1035 2053 nostrum

245 2071 342 2107 pudeat
360 2072 520 2099 imitatorem
535 2072 592 2099 fieri
606 2071 739 2106 (Ethiopis
750 2093 757 2105 ,
773 2072 888 2099 eunuchi
898 2093 904 2104 ,
920 2072 977 2106 ejus
991 2072 1036 2106 qui

245 2124 280 2144 ne
294 2117 319 2143 in
343 2117 437 2144 itinere
451 2116 557 2151 quidem
581 2117 721 2144 lectionem
745 2117 900 2151 neglexerit.
925 2117 1037 2144 ldoneus

246 2162 318 2190 enim
331 2167 372 2189 est
386 2162 515 2189 barbarus
529 2163 577 2189 iste
591 2163 636 2197 qui
651 2163 727 2190 nobis
738 2163 861 2190 omnibus
874 2163 968 2190 doctor
980 2163 1036 2196 fiat,

248 2212 303 2234 tum
317 2208 446 2242 privatam
461 2208 541 2235 vitam
555 2208 732 2240 sectantibus,
747 2213 800 2235 tum
819 2209 920 2236 militia:
934 2209 1036 2237 adscri-

249 2255 310 2289 ptis,
325 2258 381 2282 tum
394 2253 523 2289 dignitate
535 2259 562 2282 et
575 2254 677 2282 honore
692 2254 827 2289 praeditis,
841 2259 869 2282 et
883 2260 911 2282 ut
923 2255 948 2282 in
962 2262 1037 2282 sum-

248 2309 291 2329 ma
305 2301 389 2329 dicam
400 2322 408 2334 ,
424 2301 548 2328 omnibus
567 2309 619 2328 non
633 2301 696 2328 viris
708 2301 805 2333 solum,
819 2301 867 2328 sed
879 2305 906 2328 et
918 2302 1038 2329 mulieri-

249 2347 314 2379 bus,
329 2351 357 2373 ut
370 2354 429 2381 qua:
449 2345 557 2374 assidue
569 2346 642 2373 domi
656 2351 798 2372 versentur
812 2354 819 2373 :
835 2347 897 2380 quin
911 2347 990 2374 etiam
1005 2346 1038 2375 iis

248 2393 343 2420 doctor
362 2392 441 2421 fuerit
461 2393 505 2427 qui
520 2392 600 2419 vitam
623 2391 795 2419 monasticam
814 2392 988 2427 delegerunt,
1009 2396 1039 2419 ut

248 2439 352 2467 discant
362 2446 456 2466 omnes
469 2438 570 2465 nullum
585 2445 644 2465 esse
659 2442 763 2473 tempus
778 2438 810 2465 ad
823 2438 972 2466 divinorum
987 2438 1039 2466 elo-

248 2485 371 2521 quiorum
384 2484 526 2511 lectionem
542 2484 738 2511 incommodum
751 2504 759 2516 ,
773 2483 820 2511 sed
834 2484 889 2511 lieri
906 2491 993 2519 posse,
1010 2488 1039 2512 ut

249 2538 302 2558 non
317 2530 405 2558 solum
417 2529 489 2556 dumi
500 2549 508 2562 ,
524 2530 698 2556 veruntetiam
717 2529 744 2556 in
766 2529 825 2556 foro
839 2534 992 2563 versantes,
1011 2534 1039 2558 et

248 2578 299 2604 iter
313 2575 451 2608 facientes,
464 2579 492 2602 et
504 2575 531 2602 in
544 2574 690 2602 ntultorum
702 2579 772 2602 coetu
783 2580 902 2610 agentes,
917 2582 948 2603 ac
959 2575 1038 2603 variis

249 2621 363 2656 negotiis
378 2620 496 2655 impliciti
519 2619 614 2647 horum
629 2619 717 2647 studio
739 2624 876 2647 teneamur
886 2640 893 2653 ,
909 2624 938 2646 ut
950 2627 1009 2654 qua:
1023 2627 1038 2646 a

249 2667 327 2695 nobis
349 2667 499 2701 praestanda
521 2671 584 2694 sum
602 2666 788 2700 conferentes,
809 2667 862 2693 cito
884 2666 1038 2700 magistrum

247 2712 436 2747 adipiscamur.
461 2711 587 2739 Dominus
601 2713 672 2739 enim
691 2711 785 2738 videns
803 2715 924 2738 nostrum
945 2711 979 2737 ad
994 2718 1039 2738 res

246 2757 400 2794 spirituales
411 2756 546 2791 allectum,
559 2765 611 2784 non
625 2757 747 2792 negliget,
764 2757 810 2785 sed
822 2764 964 2792 supernam
979 2756 1039 2784 illu-

277 2835 316 2870 (αδ
331 2836 440 2870 Nonnulli
458 2840 542 2870 putant
561 2837 625 2861 hunc
634 2836 775 2870 yhilippum
792 2836 926 2866 apostolum
945 2835 1036 2867 fuisse;

240 2867 283 2892 alii
295 2873 396 2893 numero
404 2867 487 2899 plures
495 2868 620 2892 diaconum
632 2867 706 2892 fuisse
715 2870 864 2891 asseverant.

593 141 620 170 S.
641 140 778 169 JOANNIS
796 139 1031 168 CIIRYSOSTOHI
1051 140 1209 169 ARCHIEP.
1229 140 1495 171 CONSTANTIXOP.

1809 147 1859 176 διδ

1076 200 1231 228 strationem
1242 202 1380 236 prtebehit,
1391 211 1423 231 ac
1434 208 1553 232 nostrum
1565 204 1722 232 illuminahit
1733 206 1859 234 animum.

1075 245 1113 273 Ne
1128 246 1207 280 igitur
1216 267 1222 278 ,
1236 247 1365 280 obsecro,
1380 247 1575 283 Seripturarum
1589 249 1730 277 lectionem
1742 249 1860 284 negliga-

1076 298 1135 318 mns
1148 299 1155 318 :
1171 299 1263 319 verum
1277 293 1332 320 sive
1351 300 1445 320 eorum
1455 315 1461 325 ,
1477 301 1537 329 quae
1553 294 1593 321 his
1607 295 1778 322 continentur
1788 314 1797 327 ,
1811 295 1862 321 vim

1076 336 1263 371 intelligamus,
1284 338 1340 366 sive
1360 339 1525 374 ignoremus,
1546 339 1589 366 illa
1609 338 1764 374 frequenter
1782 339 1862 366 adea-

1076 389 1145 408 mus.
1160 383 1271 409 Assidua
1286 384 1357 410 enim
1370 384 1507 411 meditatio
1528 385 1682 411 memoriam
1696 384 1776 411 efficit
1792 384 1864 410 indc-

1076 427 1182 455 lehilcm
1197 437 1203 443 ·
1219 433 1246 455 et
1260 437 1312 456 non
1327 437 1388 457 raro
1403 430 1506 462 evenit,
1521 434 1549 456 ut
1563 430 1633 464 quod
1648 430 1727 457 hodie
1748 430 1865 456 invenite

1076 480 1130 501 non
1142 474 1274 508 potuimus
1285 475 1412 509 lugentes,
1425 475 1475 502 hoc
1486 483 1592 502 rursum
1604 480 1711 510 postero
1724 475 1766 502 die
1778 482 1865 509 aggre-

1076 519 1196 553 dicntes,
1220 526 1329 555 repente
1349 521 1533 554 invoniamus,
1550 521 1604 548 Deo
1617 521 1738 548 videlicet
1759 529 1807 555 pro
1818 527 1867 548 sua

1077 565 1218 593 clementia
1234 566 1337 594 occulte
1349 572 1465 594 mentem
1479 573 1598 594 nostram
1611 567 1767 594 illustrante.
1781 566 1866 594 Caele-

1078 618 1137 637 rum
1150 611 1198 637 ista
1212 611 1245 638 ad
1261 612 1395 639 assiduam
1406 611 1556 639 divinarum
1568 612 1765 647 Scripturarnm
1778 612 1866 639 lectio-

1077 663 1138 683 nem
1152 656 1348 691 suscipiendam
1361 657 1476 684 diximus
1490 666 1496 684 :
1511 661 1539 684 ut
1549 662 1638 685 autem
1647 657 1757 684 discatis
1770 657 1796 684 in
1808 657 1867 684 aliis

1077 705 1158 731 etiam
1173 705 1296 732 omnibus
1309 704 1359 731 hoc
1375 705 1515 732 Dominum
1533 705 1619 732 facere
1638 704 1824 736 cortsuevisse,
1840 708 1867 730 ut

1078 758 1138 777 cum
1151 758 1209 784 qua!
1224 758 1238 776 ιι
1254 751 1330 778 nobis
1343 755 1405 777 sunt
1418 751 1620 782 contulerimus,
1635 750 1692 785 ipse
1705 757 1751 777 sua
1764 749 1868 777 abunde

1078 795 1246 831 suppeditet,
1268 797 1379 831 etquod
1401 797 1426 823 in
1442 796 1639 831 Scripturarum
1661 796 1777 823 lectione
1796 795 1866 828 fecit,

1078 841 1160 868 multa
1182 849 1243 869 cum
1264 841 1401 869 celeritate
1423 842 1506 869 misso
1527 841 1561 869 ad
1584 841 1727 868 barbarum
1749 841 1867 873 doctore,

1080 886 1130 914 hoc
1148 892 1176 914 et
1196 887 1221 913 in
1244 886 1277 914 iis
1295 887 1340 921 qui
1363 887 1489 913 virtutem
1508 893 1634 913 exercere
1649 886 1741 913 volunt
1762 886 1867 918 efliciat,

1080 932 1140 959 andi
1154 940 1214 967 qua:
1227 932 1362 959 dicuntur.
1379 932 1477 960 Verum
1491 937 1520 959 ut
1538 931 1706 960 manifestior
1726 932 1803 959 nobis
1821 932 1870 960 iste

1080 987 1169 1007 sermo
1180 979 1317 1011 reddatur,
1329 984 1540 1006 consentaneum
1554 978 1634 1006 fuerit
1647 985 1753 1005 rursum
1766 985 1825 1011 quae
1837 978 1869 1005 ad

1080 1024 1259 1059 patriarcham
1277 1024 1390 1051 attinent
1412 1024 1438 1051 in
1461 1024 1580 1051 medium
1601 1023 1752 1055 adducere,
1772 1027 1799 1049 et
1813 1030 1871 1058 qua:

1080 1069 1138 1097 heri
1153 1069 1225 1096 dicta
1240 1069 1438 1104 subsequuntur
1451 1076 1522 1096 nunc
1543 1076 1690 1096 assumere.
1705 1068 1872 1103 Cognovistis

1080 1115 1153 1144 enim
1165 1123 1197 1143 ex
1211 1116 1267 1150 jam
1280 1115 1359 1142 dictis
1368 1136 1376 1147 ,
1395 1115 1530 1150 quomodo
1543 1115 1666 1142 maxime
1680 1115 1752 1142 illius
1765 1114 1872 1141 humili-

1081 1162 1143 1189 tatis
1157 1168 1220 1196 erga
1239 1161 1289 1188 Lot
1303 1160 1429 1188 exhibita:
1439 1180 1447 1193 ,
1463 1167 1515 1195 qua
1535 1160 1572 1187 illi
1588 1159 1736 1195 potioribus
1755 1159 1873 1194 partibus

1081 1207 1179 1240 cessit,
1193 1214 1317 1241 magnam
1329 1214 1345 1233 ιι
1361 1206 1416 1233 Deo
1429 1205 1580 1233 mercedem
1593 1206 1628 1232 sit
1642 1209 1832 1239 consequutus,
1847 1210 1874 1232 et

1082 1254 1289 1290 promissionem
1308 1253 1442 1288 acceperit
1464 1253 1542 1288 longe
1558 1252 1641 1286 ipsius
1662 1252 1728 1279 facta
1744 1259 1873 1287 superan-

1083 1305 1148 1328 tem.
1159 1299 1303 1328 Videamus
1315 1304 1404 1327 antem
1421 1299 1548 1334 deinceps
1561 1299 1641 1326 etiam
1660 1306 1692 1326 ex
1709 1298 1788 1325 hodie
1801 1299 1874 1325 lectis

1082 1354 1190 1375 rursum
1202 1346 1286 1382 ipsius
1296 1345 1359 1382 justi
1373 1346 1508 1379 virtutem,
1521 1349 1550 1372 ut
1560 1345 1595 1372 ita
1607 1344 1782 1380 procedentes
1794 1344 1874 1371 disca-

1083 1399 1143 1420 mus
1163 1392 1324 1419 ineffabilem
1348 1391 1395 1418 Dei
1417 1398 1481 1426 erga
1504 1390 1576 1417 illum
1599 1389 1802 1425 providentiam.
1824 1389 1875 1416 Nn-s

1083 1438 1154 1465 enim
1178 1445 1272 1465 omnes
1297 1445 1344 1472 per
1365 1436 1524 1472 patriarchre
1547 1435 1743 1470 philosophiam
1765 1434 1873 1466 docens,

1084 1483 1148 1510 sinit
1171 1483 1256 1517 ipsum
1271 1490 1317 1517 per
1333 1482 1436 1518 singula
1460 1486 1580 1516 tempora
1600 1481 1673 1515 prius
1692 1479 1875 1507 demonstrare

1084 1530 1166 1556 animi
1181 1530 1318 1564 pietatem,
1330 1534 1358 1556 et
1369 1533 1432 1555 tunc
1444 1535 1519 1556 suam
1534 1527 1611 1554 aﬂ'ert
1623 1526 1875 1558 remunerationem,

1085 1581 1154 1604 utet
1176 1583 1226 1603 nos
1246 1575 1424 1610 patriarcham
1445 1574 1579 1602 imitantes
1594 1573 1714 1601 studiose
1728 1572 1877 1600 adnitamur

1085 1622 1159 1657 prius
1179 1621 1283 1649 virtutis
1303 1621 1409 1648 labores
1430 1627 1587 1654 capessere,
1608 1623 1689 1655 atque
1710 1619 1747 1646 ita
1767 1618 1801 1645 ab
1822 1617 1878 1653 ipso

1087 1668 1309 1696 remunerationis
1327 1668 1410 1694 vicem
1427 1669 1594 1701 exspectare.

1111 1717 1138 1744 3.
1147 1714 1238 1743 Clades
1245 1714 1310 1750 regis
1319 1714 1498 1746 Sodomorum,
1508 1721 1523 1738 a
1534 1710 1646 1747 pluribus
1654 1711 1752 1746 regibus
1760 1709 1863 1745 impetiti
1869 1730 1877 1742 ,

1086 1762 1218 1797 captivitas
1230 1766 1253 1788 et
1266 1760 1384 1795 spoliatio
1396 1759 1463 1791 Lat;
1478 1758 1612 1785 concordia
1620 1758 1751 1791 laudatur,
1764 1765 1813 1792 qua
1827 1764 1878 1783 ser-

1086 1813 1143 1836 uata
1157 1807 1221 1835 nihil
1235 1807 1281 1834 Lot
1294 1807 1380 1842 fuisse!
1390 1813 1527 1840 passus.——
1537 1804 1588 1832 Sed
1601 1810 1706 1838 tempus
1718 1807 1770 1836 est,
1783 1807 1810 1829 ut
1822 1810 1878 1838 qua:

1087 1854 1168 1881 hodie
1183 1853 1250 1881 lecta
1268 1856 1340 1883 sunt,
1357 1851 1434 1878 vobis
1458 1857 1603 1885 proponam
1620 1857 1626 1876 :
1642 1856 1674 1876 ea
1690 1848 1761 1876 enim
1775 1848 1817 1875 vix
1839 1849 1878 1874 in-

1087 1899 1278 1935 terpretatione
1288 1905 1355 1933 opus
1368 1897 1475 1925 habent.
1489 1896 1556 1924 Nam
1570 1896 1610 1923 vel
1623 1896 1680 1930 ipsa
1695 1895 1775 1922 lectio
1789 1895 1877 1921 excel-

1088 1946 1184 1974 lentem
1192 1946 1256 1980 justi
1266 1944 1390 1972 virtutem
1399 1943 1462 1971 satis
1470 1943 1654 1971 demonstrare
1661 1946 1759 1978 potest.
1770 1942 1795 1968 i.
1805 1941 1881 1975 (Cap.

1089 1992 1134 2027 H)
1143 1991 1251 2018 Factum
1259 1995 1396 2023 extantem,
1412 1990 1507 2025 inquit,
1524 1989 1549 2016 in
1561 1996 1638 2024 regno
1651 1987 1808 2020 Amm-pltat]:
1818 1987 1880 2022 regis

1089 2037 1224 2069 Scnnaar,
1242 2037 1334 2063 Arioch
1356 2043 1401 2062 res:
1430 2034 1541 2068 Elusar,
1563 2039 1587 2061 et
1611 2033 1814 2069 Ckodologomor
1839 2040 1882 2058 res

1089 2083 1176 2116 Elnm,
1193 2087 1215 2109 et
1230 2081 1356 2109 Timrthae
1369 2089 1413 2108 rea:
1426 2080 1547 2116 gentium,
1557 2078 1585 2106 2.
1600 2080 1711 2115 fecerunt
1724 2077 1815 2104 bellum
1827 2085 1882 2103 cum

1088 2129 1168 2156 Bolae
1189 2137 1246 2164 rege
1270 2128 1453 2160 Sodomorum,
1478 2132 1501 2153 et
1522 2134 1578 2153 cum
1591 2125 1688 2152 Barsac
1703 2132 1760 2159 rege
1774 2124 1881 2150 (iomor-

1089 2177 1152 2208 rltte,
1173 2181 1196 2203 et
1218 2183 1275 2202 runt
1299 2174 1416 2202 Sennaar
1440 2181 1497 2208 rege
1512 2172 1620 2205 Adamn,
1647 2176 1669 2198 et
1684 2179 1742 2197 cum
1759 2169 1883 2205 Symobur

1089 2229 1146 2256 rege
1165 2221 1277 2252 Seboim,
1299 2224 1322 2246 et
1346 2227 1403 2255 rege
1415 2218 1510 2250 Bolae;
1523 2218 1579 2253 ipsa
1589 2222 1624 2244 est
1636 2217 1726 2252 Segor.
1746 2216 1763 2243 5
1792 2215 1884 2242 Omnes

1090 2267 1109 2294 ii
1133 2267 1176 2302 qui
1197 2267 1402 2301 conspirauerunt
1428 2265 1455 2291 in
1481 2264 1553 2291 Valle
1578 2264 1657 2297 salsa,
1679 2270 1736 2298 quae
1760 2270 1828 2289 nunc
1850 2266 1885 2288 est

1090 2321 1160 2340 mare
1186 2313 1257 2339 satis.
1282 2311 1348 2339 Vide
1373 2311 1517 2346 Scriptum
1544 2309 1727 2346 diligentiam,
1749 2305 1884 2343 quomodo

1090 2359 1198 2386 nomina
1223 2359 1302 2386 etiam
1326 2365 1417 2393 regum
1444 2361 1471 2384 et
1489 2357 1623 2383 nationum
1648 2362 1881 2385 commemorave-

1092 2404 1138 2437 rit;
1157 2413 1209 2432 non
1232 2405 1290 2432 sine
1310 2411 1401 2437 causa,
1424 2403 1471 2431 sed
1491 2407 1520 2430 ut
1538 2410 1571 2430 ex
1594 2402 1689 2429 horum
1710 2400 1886 2436 appellatione

1090 2451 1178 2479 discas
1193 2451 1334 2478 barbarum
1348 2449 1460 2477 istorum
1480 2448 1608 2476 animum.
1625 2447 1670 2475 Isti
1690 2447 1772 2479 enim,
1789 2445 1886 2480 inquit,

1091 2498 1190 2526 bellum
1205 2501 1346 2532 gesserunt
1366 2495 1494 2523 adversus
1506 2494 1684 2523 Sodomorum
1699 2500 1791 2528 regem
1806 2497 1834 2519 et
1846 2500 1883 2519 re-

1092 2545 1189 2579 liquos.
1204 2543 1304 2571 Deinde
1324 2542 1387 2570 belli
1406 2549 1514 2569 causam
1526 2540 1606 2568 etiam
1621 2539 1709 2572 docet,
1727 2538 1798 2566 unde
1814 2538 1886 2573 prin-

1091 2590 1189 2624 cipium
1203 2588 1335 2622 habuerit,
1348 2587 1440 2615 dicens
1453 2596 1460 2615 :
1471 2587 1498 2614 4.
1512 2586 1654 2613 Duodecim
1665 2585 1740 2612 annis
1751 2585 1886 2611 servierant

1091 2634 1303 2670 Chodologomor.
1329 2634 1400 2661 tertio
1423 2637 1509 2660 autem
1532 2631 1629 2658 decimo
1642 2639 1709 2658 anno
1719 2630 1886 2661 desciverunt,

1092 2681 1119 2709 5.
1134 2680 1231 2714 Quarto
1244 2685 1328 2707 autem
1350 2684 1373 2706 et
1397 2679 1493 2706 decimo
1507 2687 1575 2705 anno
1596 2677 1661 2704 venit
1673 2676 1886 2711 Cliodologomor,

1092 2731 1116 2753 et
1132 2734 1201 2761 reges
1222 2727 1264 2760 qui
1285 2734 1343 2752 cum
1364 2733 1393 2752 eo
1414 2729 1495 2757 erant,
1510 2729 1534 2751 ct
1547 2723 1706 2751 trucidarunt
1729 2723 1844 2758 gigantes
1863 2721 1887 2747 in

1093 2771 1211 2797 Astarotlt
1233 2775 1255 2797 et
1269 2770 1398 2802 Carnaim,
1415 2774 1438 2797 et
1450 2775 1538 2806 gentes
1552 2770 1629 2803 fortes
1642 2777 1692 2796 una
1706 2777 1764 2795 cum
1778 2769 1851 2802 ipsis,
1867 2770 1886 2793 et

1095 2816 1231 2848 Ummwos,
1253 2816 1296 2849 qui
1309 2820 1380 2842 erant
1403 2816 1428 2842 in
1452 2815 1518 2842 Save
1538 2815 1649 2846 civitate,
1665 2813 1691 2841 6.
1707 2818 1731 2840 et
1744 2813 1887 2844 Chorrwos,

1093 2861 1137 2894 Ipsi
1149 2866 1219 2888 erant
1231 2862 1256 2888 in
1271 2861 1395 2889 utentibus
1411 2861 1478 2894 Scir,
1495 2868 1573 2896 usque
1583 2861 1616 2886 ad
1627 2858 1807 2887 Terebint/tum
1819 2858 1886 2886 I’Itav
