2055 3123
162 134 214 164 3‘25

161 201 218 223 run.
231 199 290 228 qua
303 195 340 218 est
354 191 382 219 in
395 196 487 218 ιταηιο.
501 189 526 216 7.
542 187 576 215 Et
594 187 685 214 reuersi
698 190 818 214 uerierunt
833 185 868 213 ad
882 183 952 211 Fon-

161 245 209 265 lrm
225 237 320 273 judicii
329 245 340 269 ,'
349 238 405 272 ipsa
418 241 455 264 est
475 235 574 267 Gades;
587 239 610 262 et
624 234 766 262 occiderunt
781 241 867 260 omnes
881 231 954 266 prin-

159 284 229 317 cipes
249 283 363 316 Amalec,
390 286 414 309 et
438 281 599 308 Amorrllteos
613 286 637 308 et
650 280 790 308 habitantes
803 281 830 307 in
844 281 955 307 Asason-

161 329 272 356 tliamar.
297 327 336 356 Ne
357 332 547 362 praetereamus
570 326 666 359 obiter,
691 325 790 357 dilecti,
814 333 874 361 qua:
886 325 956 353 dicta

161 380 240 407 sunt,
264 381 352 409 neque
383 377 506 408 putemus
538 372 657 400 inutilem
681 379 741 399 esse
765 371 955 398 narrationem.

163 420 256 447 Dedita
280 420 352 447 enim
374 426 454 454 opera
467 418 556 446 divina
570 418 704 453 Scriptum
717 417 856 452 diligenter
868 418 956 443 omnia

162 467 241 494 nobis
251 466 380 498 narravit,
393 470 421 492 ut
434 465 567 492 discamus
581 468 706 500 quantum
723 464 800 491 fuerit
821 463 911 495 robur,
930 468 958 490 et

163 517 263 547 quinta
286 512 402 548 polentia
428 511 612 544 bal-baronlm,
635 515 662 538 et
683 515 782 545 quanto
806 510 904 544 impetu
932 511 957 537 ill

162 555 265 588 bellum
276 558 407 588 venerint.
421 562 448 584 ut
461 557 541 584 etiam
555 557 685 592 gigantes,
704 556 755 583 hoc
769 561 819 588 est,
835 562 959 590 proceros

163 608 192 631 et
214 606 297 631 torles
320 610 443 638 corpore,
468 602 644 634 debellarint,
672 608 818 636 omnesque
844 600 959 635 regionis

163 653 259 684 gentes
288 649 315 675 in
337 648 425 683 fugam
450 647 587 675 verterint.
610 647 676 675 Nam
690 647 758 675 sicut
784 652 898 678 torrens,
914 646 958 681 qui

164 694 243 722 valde
255 694 372 722 excurrit
385 699 411 722 et
425 694 546 727 inundat,
560 693 650 721 omnia
664 700 755 721 secum
778 693 847 727 rapit
859 697 885 720 et
900 700 960 728 pcr—

164 741 226 768 dit:
250 741 285 768 ita
307 746 335 769 et
359 740 464 768 barbari
487 740 524 768 illi
543 740 697 768 invaserunt
708 747 802 767 omnes
816 744 916 774 gentes,
933 743 961 766 et

164 794 260 815 Olllllei
276 794 386 822 prorsus
399 786 581 822 perdiderunt,
594 785 629 812 ita
645 790 673 812 ut
686 789 713 813 et
728 784 860 820 principes
879 785 960 811 Ama-

165 833 315 864 lecilarum,
339 837 366 860 et
388 833 455 860 alios
478 840 572 860 omnes
596 832 622 859 ill
647 831 735 867 fugam
750 831 886 859 verterint.
908 829 961 858 Sed

166 879 238 907 forte
253 879 350 906 dixerit
373 879 503 914 quispiam
521 887 528 905 :
549 878 582 905 Et
597 886 656 913 qua:
679 877 743 904 milli
758 877 867 908 utilitas,
892 876 962 903 scire

166 926 340 953 barbarorum
354 925 455 953 robur?
480 925 536 953 Non
550 930 650 952 temere
676 931 763 959 neque
789 922 884 950 frustra
901 929 961 949 nar-

167 972 265 999 rationi
290 972 351 999 talia
376 971 519 998 immiscuit
544 970 681 1005 Scriptura
702 969 808 1002 divina,
831 975 881 996 nec
904 968 963 996 sine

166 1026 247 1046 causa
262 1026 310 1046 nos
320 1026 334 1045 a
351 1018 480 1053 principio
493 1022 615 1045 auctores
629 1016 705 1044 vobis
725 1023 817 1044 sumus
830 1021 858 1043 ut
870 1022 962 1042 eorum

168 1065 352 1092 fortitudinem
382 1064 511 1092 memoria
533 1064 667 1092 teneatis:
684 1063 730 1092 sed
750 1067 778 1091 ut
803 1063 964 1098 procedente

169 1111 291 1138 doctrina
306 1111 415 1138 discatis
436 1115 462 1138 et
483 1110 617 1146 ingentem
634 1109 681 1138 Dei
704 1110 859 1144 potentiam,
875 1113 901 1136 et
917 1117 964 1143 pa-

170 1157 296 1184 ιιίιιτειιίυ
317 1156 451 1183 virtutem.
477 1156 576 1184 Contra
601 1155 660 1183 illos
675 1156 754 1190 igitur
776 1155 820 1190 qui
835 1159 907 1182 tanto
922 1162 965 1182 ro-

170 1201 236 1228 bore
249 1201 350 1236 przediti
366 1206 452 1234 erant,
466 1206 492 1229 et
504 1205 542 1228 tot
556 1205 650 1236 gentes
672 1201 698 1228 in
713 1200 800 1235 fugam
819 1204 963 1233 verterant,

170 1248 199 1274 8.
217 1247 341 1282 Egressus
354 1252 401 1280 est,
415 1247 510 1282 inquit,
522 1247 548 1273 in
562 1246 678 1282 pretium
691 1254 736 1273 rea:
747 1245 926 1277 Sodomorum,
942 1250 965 1271 et

171 1293 332 1326 Gomorrlue,
347 1298 371 1320 et
384 1301 429 1320 rex
441 1293 551 1326 Adamn,
565 1298 589 1320 et
602 1300 646 1320 rex
659 1291 771 1325 Seboim,
783 1296 806 1318 et
818 1299 862 1318 rex
874 1290 966 1329 Bolae,

170 1340 228 1374 ipsa
239 1345 276 1367 est
287 1338 368 1375 Segor
378 1347 387 1366 :
399 1344 423 1367 et
435 1339 579 1367 direxerant
592 1338 670 1366 aciem
682 1338 709 1365 in
723 1338 838 1372 pra'lium
852 1337 878 1364 in
895 1335 968 1364 Valle

171 1386 252 1417 salsa,
274 1385 301 1412 9.
319 1389 407 1412 contra
425 1384 629 1420 Cllodologomor
649 1389 672 1411 et
689 1383 826 1417 Tharthac,
838 1389 863 1411 et
876 1384 966 1410 Amar-

172 1431 264 1465 plmth,
286 1435 311 1458 et
329 1431 433 1458 Arioeh.
460 1430 575 1463 Quatuor
595 1438 665 1466 reges
679 1436 766 1457 contra
787 1431 905 1465 quinque.
922 1430 965 1457 l0.

178 1476 260 1504 Vallis
281 1481 364 1504 autem
385 1476 464 1509 salsa,
488 1477 556 1511 putei
567 1476 706 1503 bituminis.
723 1475 822 1503 Deinde
835 1479 863 1502 ut
879 1474 969 1503 disca-

174 1531 235 1550 mus
253 1523 387 1558 quomodo
408 1529 500 1550 eorum
523 1522 614 1554 robur,
637 1526 664 1549 et
683 1522 828 1557 potentiam
840 1521 968 1557 obstupe-

173 1572 292 1602 stantes,
305 1568 331 1594 in
344 1567 432 1603 l'ngam
445 1568 513 1594 Vt‘l‘Si
522 1570 594 1600 sunt,
609 1566 691 1602 inquit
701 1566 744 1597 ,Et
754 1567 819 1602 fugit
830 1575 875 1593 rex
885 1566 970 1594 Sodo-

174 1621 285 1646 morum,
308 1618 331 1640 et
353 1613 512 1647 Gomorrae,
536 1617 560 1640 et
578 1612 722 1640 ceciderunt
746 1613 798 1639 illic
820 1612 863 1639 ubi
887 1614 969 1647 fontes

175 1664 248 1686 erant
261 1667 271 1687 :
285 1660 327 1696 qui
337 1665 420 1686 autem
439 1660 539 1695 reliqui,
555 1662 674 1695 fugerunt
692 1660 719 1686 in
734 1664 863 1686 montana.
875 1658 969 1686 Vidisti

174 1708 277 1739 quanto
299 1704 395 1732 robore
416 1705 551 1733 bellabant
573 1705 615 1732 isti
638 1704 707 1732 viri?
729 1704 864 1740 quomodo
879 1704 970 1731 hostes

176 1757 241 1778 suos
253 1750 336 1777 etiam
349 1755 457 1785 aspectu
470 1757 519 1778 suo
533 1754 695 1784 terruerunt,
705 1754 732 1777 et
744 1750 770 1777 in
784 1749 871 1784 fugam
884 1754 971 1778 verte-

177 1798 259 1824 runt?
274 1797 338 1824 Vide
351 1797 477 1832 deinceps
490 1796 624 1832 quomodo
637 1796 689 1824 illis
702 1796 790 1830 fugam
808 1797 969 1830 ineuntibus,

179 1843 225 1870 isti
239 1843 337 1871 ablatis
348 1843 472 1870 omnibus
482 1851 541 1878 qua:
552 1843 656 1870 illorum
668 1847 754 1873 erant.
767 1842 913 1870 redierunt.
927 1843 970 1870 Η.

179 1889 334 1923 Acceperunt
352 1893 446 1921 autem,
469 1888 562 1923 inquit,
579 1893 709 1920 montana,
724 1893 747 1915 et
760 1896 859 1915 onmem
874 1889 971 1923 equita-

179 1940 234 1961 tum
257 1934 428 1962 Sodomorum
449 1939 472 1961 et
497 1933 654 1967 Gomorrae,
670 1938 694 1961 et
720 1942 805 1961 omnes
820 1939 972 1961 commeatus

179 1988 277 2013 eorum,
291 1985 316 2007 et
328 1980 450 2007 abierunt.
464 1979 506 2007 l2.
521 1979 677 2015 Acceperunt
687 1988 783 2015 quoque
793 1984 816 2007 et
830 1979 878 2007 Lot
890 1980 971 2014 filium

180 2027 267 2062 fratris
277 2026 361 2057 Abrae,
375 2031 399 2053 et
408 2026 589 2061 supellectilem
598 2027 662 2062 ejus,
672 2031 696 2054 et
702 2026 825 2053 abierunt.
838 2026 974 2053 Habitabat

180 2073 246 2099 enim
261 2072 287 2099 in
302 2072 429 2100 Sodomis.
442 2073 511 2100 Ecce
521 2072 546 2099 id
560 2072 631 2106 quod
647 2072 703 2099 beri
718 2071 848 2104 dicebam,
865 2072 890 2099 id
904 2080 974 2100 nunc

181 2118 287 2150 evenit;
310 2118 373 2145 nihil
393 2118 465 2146 enim
478 2117 577 2153 profuit
589 2118 667 2150 Loto.
680 2117 752 2153 quod
766 2118 868 2153 potiora
883 2117 972 2153 elege-

182 2165 227 2198 rit,
247 2164 295 2192 sed
319 2172 348 2192 re
372 2165 427 2200 ipsa
450 2164 542 2192 didicit
555 2165 657 2200 priores
667 2169 757 2200 partes
770 2172 822 2192 non
836 2169 971 2200 appetere.

182 2211 248 2239 Nam
269 2218 301 2238 ex
322 2211 372 2238 hoc
393 2219 446 2238 non
467 2210 554 2238 solum
576 2211 643 2238 nihil
668 2210 788 2239 utilitatis
808 2211 832 2238 ei
847 2211 974 2244 accrevit,

182 2256 229 2284 sed
253 2264 317 2284 ecce
339 2257 460 2291 captivus
482 2256 561 2284 etiam
582 2256 712 2284 abductus
731 2261 782 2288 est,
797 2261 824 2284 et
841 2256 933 2284 didicit
945 2264 976 2284 re

184 2303 250 2338 ipsa,
274 2303 358 2330 multo
383 2303 467 2330 satius
487 2303 510 2330 ei
531 2303 613 2330 fuisse
634 2303 670 2330 uti
692 2303 884 2330 consuetudine
899 2302 974 2337 justi,

183 2356 263 2383 quam
288 2353 452 2383 separatum,
476 2353 504 2376 et
530 2349 556 2376 iu
581 2349 704 2376 libertate
727 2349 862 2376 viventem
881 2349 905 2375 in
921 2353 975 2376 tam

184 2394 282 2422 multas
296 2394 461 2422 calamitates
475 2394 601 2422 incidere.
616 2395 686 2422 Ecce
700 2395 770 2422 enim
785 2399 813 2422 ut
825 2394 926 2422 divisus
936 2398 978 2422 est

184 2449 198 2468 a
212 2441 374 2476 patriarcha,
389 2449 450 2468 cum
464 2445 566 2475 putaret
578 2449 607 2469 se
620 2441 646 2468 in
661 2442 753 2477 majori
766 2449 826 2469 esse
843 2442 975 2476 libertate,

184 2492 211 2515 et
226 2488 327 2522 potiora
343 2495 373 2515 se
383 2492 564 2522 assequutum,
575 2492 602 2515 el
613 2487 759 2518 abundare,
770 2492 880 2522 repente
893 2488 978 2515 factus

184 2537 226 2560 est
247 2540 352 2564 servus.
378 2540 473 2560 carens
496 2532 586 2563 domo.
603 2540 697 2560 carens
711 2538 736 2559 et
753 2533 811 2560 fuco
826 2542 832 2559 :
850 2538 878 2560 ιιι
890 2533 978 2560 discas

184 2583 314 2613 quantum
335 2577 434 2604 malum
458 2577 599 2609 dissensio,
621 2583 649 2605 et
661 2582 788 2613 quantum
803 2579 900 2606 bonum
915 2586 979 2606 con-

187 2624 276 2651 rordia
291 2631 299 2651 :
320 2627 348 2649 et
365 2623 435 2650 scias
456 2628 664 2651 consentaneum
685 2632 745 2651 esse
759 2631 811 2651 no"
827 2624 926 2659 majora
940 2629 979 2652 te-

189 2678 262 2698 mere
286 2676 441 2705 capessere,
466 2669 513 2696 sed
534 2670 623 2704 potius
651 2669 799 2697 minoribus
825 2675 979 2697 contentum

189 2723 259 2743 esse.
283 2716 448 2749 Act-cperunt,
472 2714 567 2749 inquit,
591 2713 638 2741 Lot
662 2719 685 2741 et
708 2715 887 2749 supellectilem
912 2716 978 2750 ejus.

189 2765 294 2795 υνυςηό
317 2761 412 2788 melius
431 2765 489 2788 erat
508 2768 568 2788 eum
590 2767 651 2788 cum
675 2761 822 2796 patriarcha
837 2761 938 2794 vivere,
954 2765 981 2788 et

191 2806 278 2836 Omnia
291 2807 372 2840 ferre,
389 2811 417 2834 ut
431 2814 465 2833 ne
475 2806 616 2834 concordia
630 2806 788 2837 solveretur,
803 2815 882 2841 quam
902 2814 980 2842 sepa-

191 2860 278 2882 ratqu
304 2857 330 2881 et
344 2853 434 2881 electis
448 2852 604 2888 potioribus,
616 2852 642 2879 iu
658 2856 730 2879 tanta
741 2858 850 2888 repente
865 2851 978 2889 pericula

644 127 676 155 IN
695 126 771 156 CAP.
792 125 860 155 XIV.
883 123 1007 153 GENES.
1030 121 1143 150 HOMIL.
1165 121 1273 150 XXXV.

1747 121 1800 150 3‘25

1008 181 1137 214 incidere,
1162 185 1189 208 ct
1212 180 1238 208 in
1262 179 1437 208 barbarorum
1451 179 1545 208 venire
1564 180 1741 216 potestatem?
1756 182 1801 209 15.

1008 227 1148 253 Advenit-ns
1175 230 1258 253 autem
1286 225 1400 261 quidam,
1426 225 1524 261 inquit,
1541 234 1572 254 ex
1590 226 1621 254 iis
1645 227 1689 260 qui
1712 229 1801 256 servati

1007 277 1091 305 erant,
1112 272 1234 298 nuntiauit
1253 271 1327 298 Alme
1340 271 1478 299 transitori.
1497 271 1558 307 Ipse
1575 277 1658 300 autem
1674 272 1802 301 Ιιαόίιιώιιι

1007 318 1081 352 juxta
1103 325 1220 353 quercum
1236 315 1351 344 Mambre
1365 317 1462 349 Omori,
1478 319 1566 352 fratris
1587 318 1692 353 Escllol,
1711 325 1732 347 et
1745 322 1802 356 {ra—

1009 364 1054 391 tris
1076 364 1182 395 Aunan.
1202 364 1245 399 qui
1269 369 1341 391 erant
1365 364 1530 400 confanlerali
1554 365 1638 392 Alme.
1663 365 1803 399 Quomodo

1010 415 1113 437 tantum
1135 410 1235 437 bellum
1256 409 1398 437 conﬂatum
1413 410 1542 445 ignoravit
1557 410 1724 445 patriarcha?
1739 411 1804 439 Fort-

1011 456 1090 484 lassis
1104 463 1198 491 magna
1213 456 1338 484 distantia
1351 455 1452 489 aberat,
1469 460 1497 483 et
1516 456 1576 483 ideo
1594 456 1733 490 ignoravit.
1748 457 1802 484 Ad-

1010 503 1111 530 veniens
1122 507 1206 529 autem
1224 501 1328 537 quidam
1345 502 1503 528 annuntilm't
1517 502 1591 528 Abrw
1612 502 1741 529 transituri
1752 509 1762 529 .'
1775 507 1803 530 ut

1012 548 1089 576 nobis
1099 553 1289 576 commemoret
1302 548 1326 575 ei
1340 548 1524 575 annuntiatnm
1538 555 1608 581 esse,
1622 549 1666 582 qui
1678 556 1710 575 ex
1723 548 1804 575 Chal-

1011 594 1068 621 d:ea
1084 594 1209 621 ri-dieral.
1227 593 1293 621 Nam
1307 594 1368 628 quia
1380 597 1454 621 trans
1473 593 1525 630 (α)
1542 593 1704 628 Euphratem
1719 593 1805 621 donli-

1011 639 1101 666 Ciiilllll
1121 639 1260 671 habuerat,
1273 637 1358 666 dirius
1382 643 1423 666 est
1445 638 1640 671 transiinvizllis,
1658 639 1700 666 vel
1715 643 1803 666 trans-

1013 685 1073 711 itor.
1096 685 1128 712 Et
1145 689 1222 712 antea
1237 686 1317 712 etiam
1329 684 1447 712 abinitio
1463 689 1587 719 parentes
1601 685 1624 712 ei
1639 685 1688 712 hoc
1707 693 1804 712 nomen

1014 729 1172 761 indiderant,
1192 729 1248 764 jam
1270 734 1348 756 antea
1364 729 1543 764 significantes
1556 737 1618 756 eum
1633 729 1694 756 inde
1710 730 1806 765 migra—

1014 780 1112 801 turum.
1136 775 1252 802 Vocatus
1277 775 1348 802 enim
1373 779 1414 802 est
1436 774 1546 807 Abram,
1571 775 1631 810 quia
1645 775 1805 810 migraturus

1013 825 1071 848 erat
1083 825 1158 848 lrnns
1173 820 1346 856 Euphratem,
1363 826 1389 848 et
1402 820 1428 848 in
1443 821 1611 848 Palmstinam
1625 827 1762 849 venturus.

1049 868 1076 895 4.
1092 867 1205 894 Attende
1218 867 1351 902 quomodo
1362 872 1389 894 et
1402 871 1525 902 parentes
1537 867 1595 902 ejus
1608 868 1671 896 licet
1685 868 1805 896 inﬁdeles

1014 917 1114 946 essent,
1124 913 1204 940 ductu
1216 912 1406 948 potentissimae
1416 913 1553 948 sapientia:
1561 913 1607 940 Dei
1617 921 1713 942 nomen
1725 922 1806 949 puero

1015 959 1216 993 imposuerunt,
1234 959 1302 986 sicut
1314 963 1342 986 et
1357 958 1472 986 Lamech
1490 965 1538 986 suo
1557 958 1621 987 Noe.
1638 959 1684 986 Est
1697 960 1767 986 enim
1781 964 1807 987 et

1015 1004 1067 1032 hoc
1084 1004 1180 1031 divina:
1200 1004 1387 1039 benignitatis,
1402 1008 1461 1039 post
1479 1003 1591 1031 multum
1611 1008 1715 1039 tempus
1727 1012 1807 1032 even-

1016 1053 1074 1077 tura
1089 1057 1138 1084 per
1150 1049 1272 1076 infideles
1283 1049 1474 1084 prtununtiarc.
1489 1049 1639 1076 Adveniens
1653 1049 1740 1084 itaque
1751 1050 1808 1085 qui-

1016 1095 1089 1129 dam,
1103 1095 1197 1130 inquit,
1212 1095 1341 1122 nuntiavit
1358 1095 1493 1122 transitori
1511 1103 1571 1130 qua:
1590 1095 1750 1128 acciderant,
1764 1103 1808 1123 ca-

1018 1141 1165 1175 ptivitatem
1189 1140 1311 1168 videlicet
1335 1140 1380 1168 lilii
1404 1141 1511 1173 fratris,
1535 1145 1562 1169 et
1586 1149 1677 1176 regum
1703 1142 1808 1169 illorum

1019 1193 1141 1220 magnam
1162 1186 1306 1220 potentiam
1319 1207 1327 1219 ,
1342 1186 1572 1220 Sodomorumque
1592 1187 1788 1221 populationem
1799 1208 1808 1219 ,

1017 1237 1044 1259 ct
1059 1231 1155 1259 fcedam
1170 1231 1267 1266 fugam.
1284 1230 1344 1266 Ipse
1359 1236 1460 1261 auum.
1475 1231 1577 1266 inquit,
1596 1231 1725 1259 habitabat
1733 1233 1809 1267 juxla

1017 1284 1135 1312 quercum
1151 1275 1267 1303 Mambre
1280 1275 1368 1303 Omori
1377 1297 1385 1309 ,
1399 1276 1486 1311 fratris
1500 1275 1604 1308 Escllol,
1618 1281 1642 1303 et
1654 1276 1755 1310 Aunau,
1767 1277 1810 1311 qui

1018 1328 1090 1350 erant
1103 1322 1266 1358 confqtderali
1281 1322 1364 1350 Alme.
1380 1322 1438 1350 Jam
1453 1321 1520 1350 forte
1535 1322 1577 1350 llic
1590 1323 1685 1357 aliquis
1698 1323 1811 1350 interm-

1019 1369 1120 1404 garerit
1137 1368 1245 1402 :Quare
1263 1376 1356 1395 eorum
1375 1368 1419 1403 qui
1441 1368 1466 1396 in
1487 1368 1611 1396 Sodomis
1629 1373 1721 1402 erant,
1737 1370 1811 1397 solus

1016 1415 1104 1449 justus
1117 1414 1167 1441 Lot
1181 1415 1207 1441 in
1222 1414 1399 1449 captivitatem
1414 1414 1575 1441 abducitur?
1587 1414 1643 1441 Non
1661 1415 1719 1441 sine
1731 1422 1809 1442 causa

1020 1461 1088 1494 hoc,
1102 1468 1189 1496 neque
1203 1460 1299 1488 frustra
1316 1469 1323 1488 :
1339 1460 1385 1488 sed
1401 1465 1428 1488 ut
1442 1461 1526 1488 discat
1547 1460 1589 1489 his
1605 1461 1744 1489 eventibus
1763 1461 1811 1489 int

1021 1507 1178 1543 patriarchae
1197 1507 1319 1534 virtutem
1331 1526 1339 1539 ,
1354 1512 1384 1534 et
1402 1511 1430 1534 ut
1449 1511 1557 1542 propter
1574 1506 1659 1541 ipsum
1674 1511 1812 1534 serventur

1020 1558 1047 1581 et
1060 1553 1122 1585 alii,
1135 1558 1216 1588 utque
1227 1553 1356 1581 doceatur
1376 1553 1518 1588 primatum
1535 1560 1588 1580 non
1607 1557 1749 1588 appetere,
1765 1554 1812 1582 sed

1022 1599 1166 1634 majoribus
1181 1599 1286 1626 cedere.
1304 1598 1449 1626 Audiamus
1463 1604 1552 1626 autem
1569 1599 1694 1635 deinceps
1708 1607 1738 1628 ea
1754 1608 1813 1635 qua:

1021 1649 1178 1680 sequuntur.
1195 1649 1223 1671 ut
1237 1645 1370 1672 discamus
1384 1649 1411 1672 et
1427 1645 1491 1679 justi
1507 1646 1645 1678 virtutem,
1660 1650 1686 1673 et
1701 1646 1813 1674 immen-

1022 1699 1080 1720 sum
1099 1692 1144 1720 Dei
1165 1692 1322 1720 subsidium.
1343 1692 1440 1719 Verum
1460 1692 1602 1727 diligenter
1614 1692 1691 1720 dictis
1708 1693 1812 1721 auscul-

1022 1741 1086 1770 tate,
1099 1742 1268 1772 mentemque
1281 1737 1437 1772 recolligile.
1448 1737 1558 1764 Mullum
1569 1738 1639 1764 enim
1651 1737 1715 1765 lucri
1729 1737 1815 1765 facere

1024 1782 1067 1810 hic
1086 1781 1247 1817 poterimus,
1263 1786 1291 1810 et
1302 1790 1335 1810 ex
1351 1782 1383 1809 iis
1395 1790 1454 1817 quae
1473 1782 1523 1810 Lot
1537 1788 1682 1810 evenerunt
1693 1783 1790 1810 disccrl
1807 1792 1814 1812 ε

1024 1835 1168 1863 numquam
1184 1835 1254 1863 aegre
1269 1827 1417 1860 ferendum,
1432 1828 1454 1855 si
1466 1827 1573 1863 quando
1582 1827 1646 1862 justi
1661 1828 1777 1856 incidant
1787 1827 1814 1854 ill

1025 1874 1193 1905 lentationcs,
1206 1874 1317 1908 improbi
1330 1881 1394 1901 vero
1405 1878 1431 1901 et
1444 1874 1504 1901 mali
1518 1873 1633 1901 evadant
1645 1882 1651 1901 :
1667 1883 1751 1909 neque
1762 1876 1817 1903 ullo

1025 1919 1105 1947 modo
1120 1919 1204 1954 prima
1220 1918 1362 1954 qumrenda
1377 1926 1437 1946 esse
1447 1939 1454 1951 ,
1470 1926 1556 1954 neque
1569 1918 1667 1954 aliquid
1684 1919 1816 1954 jnstorum

1025 1964 1196 1992 familiaritati
1214 1969 1241 1992 et
1254 1964 1388 1992 conviclui
1410 1964 1619 1999 prmierendum;
1633 1965 1680 1992 sed
1695 1965 1744 1992 etsi
1762 1973 1818 1992 ser-

1024 2011 1151 2039 viendum
1166 2010 1201 2038 sit
1216 2010 1359 2038 habitando
1370 2017 1431 2038 cum
1449 2010 1512 2037 viris
1526 2010 1622 2038 virtute
1643 2011 1776 2045 prteditis,
1792 2011 1817 2038 id

1027 2061 1082 2092 ipsa
1099 2056 1220 2084 libertate
1239 2056 1330 2083 utilius
1348 2063 1418 2083 esse.
1440 2055 1474 2082 Et
1495 2055 1604 2090 insuper
1623 2055 1756 2083 discamus
1773 2063 1820 2091 pa-

1027 2102 1149 2130 triarcha:
1172 2101 1302 2136 insignem
1325 2101 1492 2128 tolerantiam
1507 2121 1514 2133 .
1539 2108 1699 2136 propensum
1720 2101 1745 2128 in
1770 2101 1820 2129 Lot

1026 2155 1145 2175 amorem
1157 2151 1183 2174 et
1194 2147 1416 2178 benevolentiam,
1430 2145 1590 2174 fortitudinis
1601 2146 1819 2181 magnitudinem.

1027 2201 1106 2228 opum
1121 2197 1318 2227 contemptum,
1334 2191 1492 2219 ineﬂ‘abilem
1506 2191 1590 2218 divini
1606 2199 1668 2226 erga
1686 2191 1758 2218 illum
1775 2191 1822 2219 ad-

1025 2238 1118 2274 jutorii
1132 2238 1266 2265 virtutem.
1283 2237 1327 2265 H.
1346 2236 1380 2264 Ut
1394 2241 1477 2263 autem
1490 2236 1598 2268 audirit,
1615 2235 1715 2271 inquit,
1729 2236 1823 2264 Abram

1027 2285 1094 2320 quod
1107 2289 1196 2319 captus
1209 2288 1271 2310 esset
1286 2282 1333 2310 Lot
1347 2282 1435 2317 fratris
1453 2282 1491 2308 sui
1510 2282 1578 2316 [ilius
1587 2302 1594 2313 ,
1609 2283 1749 2309 numeravit
1764 2291 1823 2318 pro-

1029 2330 1098 2365 prias
1112 2328 1259 2356 vernaculos
1273 2335 1332 2355 suos
1345 2331 1467 2355 trecentos
1479 2326 1563 2353 decem
1575 2331 1599 2354 et
1611 2332 1667 2354 octo
1677 2347 1685 2360 ,
1700 2332 1723 2354 et
1739 2336 1825 2362 perse—

1029 2379 1122 2410 quutus
1135 2378 1171 2401 est
1184 2374 1242 2400 illos
1254 2381 1332 2408 usque
1345 2372 1413 2406 Dan,
1428 2372 1471 2400 15.
1485 2376 1509 2399 et
1521 2371 1596 2399 irruit
1610 2380 1686 2407 super
1698 2381 1740 2399 eos
1756 2379 1828 2400 noue

1030 2421 1084 2455 ipse
1096 2425 1118 2447 et
1132 2419 1202 2454 pueri
1213 2420 1279 2454 ejus,
1290 2423 1313 2445 et
1326 2418 1446 2453 percussit
1457 2425 1509 2450 eos,
1523 2422 1546 2443 et
1562 2422 1723 2452 persequutus
1739 2422 1775 2445 est
1786 2426 1828 2446 eos

1031 2474 1110 2501 usque
1119 2464 1225 2496 Cllabal,
1236 2471 1292 2499 quae
1305 2463 1378 2490 estin
1390 2463 1492 2490 sinistra
1504 2462 1632 2489 Damasci.
1647 2463 1690 2490 16.
1705 2462 1739 2490 Et
1752 2464 1827 2491 redu-

1030 2513 1068 2539 xit
1081 2519 1180 2538 omnem
1193 2510 1329 2546 equitatum
1343 2509 1523 2536 Sodomorum.
1535 2507 1569 2534 Et
1583 2507 1631 2535 Lat
1644 2509 1726 2544 ﬁlium
1742 2510 1829 2544 fratris

1032 2558 1071 2585 sui
1083 2557 1201 2589 reduxit,
1213 2561 1236 2582 et
1248 2554 1412 2582 substantiam
1426 2554 1495 2589 ejus,
1511 2558 1534 2580 et
1546 2553 1683 2589 populum,
1696 2559 1720 2581 et
1737 2554 1827 2582 mulie-

1065 2636 1101 2667 (a)
1117 2639 1167 2660 Vox
1179 2635 1295 2659 Hebraica
1307 2639 1354 2665 est,
1365 2635 1429 2663 ⁷·Βῖ
1442 2644 1448 2661 :
1461 2643 1533 2668 quam
1555 2637 1595 2662 alii
1610 2637 1773 2668 transitorem,
1788 2642 1827 2663 vel

1033 2670 1433 2706 trans/limialent,_interpretantur
1447 2671 1518 2706 ;'_B'J
1530 2673 1594 2698 enim
1614 2676 1681 2698 trans
1698 2673 1825 2705 significat.

1034 2703 1076 2727 Alii
1089 2701 1267 2734 Hebraeumghic
1277 2701 1401 2732 appellant
1410 2701 1575 2734 Abrahamum.
1596 2707 1622 2728 et.
1633 2701 1826 2734 putant'nomen

1034 2733 1127 2768 desumi
1140 2733 1171 2757 ah
1182 2732 1282 2768 θρωπε.
1292 2736 1361 2768 patre
1378 2733 1472 2763 Phalec,
1485 2741 1516 2768 εξ
1529 2741 1578 2768 quo
1592 2732 1711 2766 originem
1722 2735 1828 2760 ducebat

1035 2764 1168 2796 Abrabani._
1180 2763 1253 2796 circa,
1265 2762 1422 2796 Hebrzeorum
1436 2762 1623 2796 appellationem
1629 2762 1681 2796 'par
1692 2769 1827 2790 sentimus-

1035 2801 1091 2827 rumr
1099 2794 1227 2827 discrimen
1233 2794 1374 2818 observatur
1387 2802 1397 2827 ί
1403 2794 1457 2820 aliis
1465 2794 1496 2819 ab
1508 2796 1594 2825 IIeber,
1603 2794 1677 2825 trans,
1687 2796 1743 2827 quia
1752 2799 1828 2820 trans

1036 2825 1147 2850 ﬂuviales
1163 2825 1257 2854 origine
1274 2828 1357 2850 erant.
1376 2824 1430 2851 aliis
1449 2826 1479 2850 ab
1501 2827 1598 2852 llebero
1618 2824 1740 2852 Abrahanli
1756 2830 1826 2852 atavo

1038 2862 1127 2881 nomen
1138 2855 1309 2880 dcrivautibus.
