2055 3123
243 89 295 116 32⁸1

241 155 292 173 res.
311 143 458 173 Considera
474 143 532 175 hic,
546 142 718 171 dilectissime
728 163 736 176 ,
750 142 991 177 magnanimitatem
1007 145 1034 169 et

243 191 424 219 fortitudinem
435 189 499 224 justi
510 210 517 222 ,
530 189 664 224 quomodo
678 189 747 217 bene
766 187 831 215 ﬁsus
847 187 1036 215 misericordia:

244 236 290 264 Dei
300 257 307 268 ,
324 243 376 263 non
390 234 526 270 perculsus
538 238 580 262 est
593 233 683 261 animo
693 255 700 266 ,
714 241 773 261 cum
788 232 906 260 audisset
920 233 1035 260 virorum

242 281 423 309 fortitudinem
434 301 442 313 ,
457 285 484 306 et
498 284 611 314 stragem
631 287 710 314 quam
730 279 845 306 fecerant
857 299 864 310 ,
879 278 992 313 primunt
1009 277 1036 305 in

241 334 335 355 omnes
348 332 442 362 gentes
459 325 604 360 irruptione
618 325 685 353 tincta
699 345 706 357 ,
721 324 912 359 debellatisque
928 323 1036 351 Amale-

241 373 302 401 citis
320 378 346 400 et
365 373 469 400 caeteris
488 372 610 399 omttibus
626 381 633 399 :
647 370 794 405 deindeque
813 377 873 398 cum
892 369 1036 398 Sodomitis

242 426 337 446 manus
351 421 522 446 conserentes
534 437 541 449 ,
555 421 581 444 et
594 417 618 444 in
633 416 720 452 fugam
736 416 807 450 ipsos
822 415 965 448 verterint,
979 423 1036 442 om-

243 471 357 499 nemque
370 471 461 491 eorum
474 463 630 498 diripuerint
649 462 832 490 substantiam.
849 460 949 488 Idcirco
964 460 1034 488 enitn

242 511 363 545 superius
374 509 430 537 hac
440 509 527 536 omnia
539 509 653 536 narravit
663 508 739 536 nobis
748 507 893 541 Scriptura,
903 509 930 534 et
937 511 1034 541 quanta

242 564 289 584 sua
304 556 399 583 virtute
414 560 522 583 strenue
534 558 692 589 gesserunt,
709 557 738 580 ut
751 552 821 580 scias
835 559 887 579 non
903 551 1035 586 corporali

241 603 337 630 rolmre
356 610 403 629 eos
422 601 552 629 devicisse
575 600 750 636 patriarcham
763 621 769 632 ,
785 599 832 627 sed
847 606 893 626 sua
909 599 934 626 in
952 598 1034 626 Deum

243 648 304 681 ﬁde,
319 652 346 675 et
357 655 474 682 snpcrno
488 647 611 682 pra-sidio
621 646 738 681 adjutum
751 646 837 673 omnia
849 645 891 672 illa
903 645 1033 679 gessisse;

241 703 294 722 non
310 702 382 721 artna
398 694 489 727 movit,
505 700 555 720 nec
568 693 629 726 tela,
646 700 696 719 nec
709 692 824 723 lanceas,
840 698 890 718 nec
904 696 981 718 arcus
996 689 1036 716 itt-

241 739 337 773 tendit,
354 746 402 767 nec
414 743 488 766 senta
502 738 608 772 ohjecit,
624 737 670 765 Sed
683 737 769 765 solum
783 745 842 764 cutn
856 735 1015 763 vernaculis.

276 785 328 812 Cur
341 790 462 811 trecentos
477 783 622 811 vernaculos
641 783 775 818 sumpserit
790 782 927 809 Abraham.
941 796 976 802 —
992 781 1035 808 Di-

241 833 310 860 xerit
321 831 416 867 aliquis
431 840 437 858 :
453 831 484 858 Et
498 838 579 865 quare
593 830 741 858 nttmcratit
755 834 888 857 trecentos
901 829 993 856 decem
1008 833 1036 855 et

241 883 302 905 octo
314 877 489 905 vernaculos?
501 876 535 904 Ut
549 876 616 904 scias
631 883 691 903 eum
712 882 765 902 non
781 875 919 902 universos
932 882 1035 902 assum-

241 924 336 959 psisse,
351 923 399 951 scd
414 921 581 955 vernaculos,
596 926 623 949 et
635 922 678 956 qui
692 929 751 948 cttm
768 921 817 948 Lot
831 921 934 948 educati
948 925 1034 952 erant,

240 975 269 998 ut
284 971 411 997 ultionem
425 974 520 1004 sponte
530 973 559 996 et
571 968 700 996 benevole
714 969 846 995 facerent.
863 971 954 1002 utpote
966 967 1035 994 servi

240 1024 290 1051 pro
308 1023 357 1043 suo
375 1015 484 1043 domino
498 1019 641 1042 certantes.
657 1014 690 1041 Et
703 1014 762 1041 vide
774 1035 782 1047 ,
798 1014 926 1046 obsecro,
942 1014 1034 1040 miram

243 1061 290 1089 Dei
306 1061 462 1096 potentiam,
476 1065 573 1095 quanta
586 1060 726 1087 velocitate
739 1060 848 1094 contigit
862 1059 980 1087 victoria.
994 1059 1036 1086 Ir-

238 1107 290 1134 ruit
305 1106 387 1138 enim,
403 1106 497 1141 inquit,
513 1114 590 1141 super
603 1106 661 1132 illos
673 1110 754 1138 nocte,
769 1105 831 1140 ipse.
846 1109 872 1132 et
889 1106 953 1132 servi
966 1106 1032 1140 ejus,

239 1157 262 1179 et
275 1153 396 1188 percussit
411 1160 467 1185 eos,
483 1157 506 1179 et
522 1156 684 1187 persequutus
697 1156 733 1178 est
745 1159 797 1178 eos.
816 1151 878 1178 Erat
890 1152 961 1179 enim
980 1159 1035 1178 tua-

241 1205 290 1225 Itus
303 1205 427 1233 superna.
441 1206 500 1233 qua:
514 1197 656 1232 adjuvabat
669 1202 695 1224 et
709 1197 910 1224 comtnilitabat.
928 1197 961 1225 Et
975 1197 1034 1225 ideo

240 1252 326 1279 neque
348 1244 447 1278 armis,
469 1251 554 1279 neque
575 1243 706 1271 machinis
727 1252 794 1279 optts
816 1243 950 1271 habebant
965 1252 972 1270 :
987 1244 1035 1271 sed

241 1295 342 1318 tantum
358 1296 385 1317 ut
401 1290 550 1324 comparuit
563 1297 624 1318 cum
645 1289 760 1323 famulis,
773 1290 840 1317 alios
854 1290 960 1325 quidem
976 1297 1035 1324 per-

240 1336 339 1369 cussit,
353 1336 420 1363 alios
434 1339 522 1363 autem
538 1335 564 1363 in
578 1335 665 1371 fugam
680 1336 758 1363 vertit
768 1356 774 1366 .
787 1339 814 1362 et
827 1340 969 1370 utrumque
984 1335 1035 1362 iut-

241 1383 345 1418 pavide,
357 1390 417 1410 cunt
431 1382 519 1409 nullus
531 1386 602 1410 esset
614 1382 658 1417 qui
671 1382 834 1413 obturbaret,
849 1386 876 1408 et
886 1386 939 1408 tam
952 1389 1036 1416 equos

241 1428 311 1464 regis
322 1427 500 1455 Sodomorum
512 1427 626 1459 reduxit.
639 1435 717 1462 qttam
728 1427 777 1454 Lot
788 1426 876 1454 fratris
886 1427 926 1454 sui
941 1427 1034 1461 lilium,

240 1477 267 1500 et
283 1481 388 1500 omnem
402 1474 458 1507 t‘jus
472 1473 647 1500 substantiam
661 1476 687 1500 ct
707 1473 842 1500 mulieres.
860 1473 938 1500 Vides
953 1481 1036 1508 quare

240 1519 300 1547 aliis
316 1519 374 1554 fuga
390 1519 566 1552 elabcntibus,
581 1518 725 1553 permissus
740 1518 774 1545 sit
789 1518 838 1545 Lot
853 1519 878 1545 in
893 1519 1035 1553 captivita-

243 1569 296 1592 tem
310 1564 421 1592 venire?
434 1564 535 1599 Nempe
548 1568 614 1592 utet
633 1563 788 1598 patriarchte
807 1563 890 1591 virtus
907 1565 1036 1592 claresce-

242 1617 299 1644 ret,
315 1614 341 1637 ct
355 1615 463 1645 propter
481 1610 567 1645 ipsum
584 1610 629 1637 alii
644 1610 718 1636 multi
734 1610 847 1637 salutem
861 1617 1036 1645 assequeren-

242 1661 293 1685 tu“.
308 1657 396 1685 Rediit
408 1662 495 1684 autem
507 1664 603 1692 magno
617 1661 644 1683 et
658 1656 787 1691 praeclaro
801 1661 901 1691 "‘0me
914 1656 1033 1691 insignis,

241 1711 302 1731 cum
317 1702 367 1730 Lot
380 1710 480 1738 equos,
495 1707 522 1730 et
542 1702 687 1734 mulieres,
701 1706 728 1729 et
746 1706 855 1729 caeteras
874 1701 1035 1729 substantias

242 1749 371 1778 reducens
381 1771 389 1783 ,
405 1754 432 1777 et
445 1749 516 1777 clara
529 1757 561 1776 ac
574 1749 650 1784 plena
665 1756 730 1776 voce
745 1748 905 1784 prtedicans,
920 1749 1035 1783 tubaque

241 1795 360 1823 vocalius
373 1796 500 1828 ciamus,
517 1802 546 1823 se
560 1802 612 1822 nott
626 1794 740 1822 humana
754 1795 863 1829 virtute,
876 1802 961 1830 neque
975 1802 1035 1821 cor-

242 1841 326 1877 porali
340 1842 436 1870 robore
446 1846 472 1869 et
483 1841 542 1869 illos
553 1841 717 1876 proﬂigasse.
729 1845 755 1868 et
769 1841 896 1868 victorem
905 1841 1033 1873 evasisse,

241 1887 288 1915 sed
302 1895 417 1922 superna
431 1895 511 1914 manu
525 1886 638 1915 faciente
652 1887 751 1914 omnia.
771 1886 864 1914 Vidisti
885 1894 932 1921 per
946 1887 1033 1914 omnia

242 1934 340 1967 justum
349 1934 491 1961 clariorem
502 1933 569 1966 ﬁeri,
582 1938 609 1961 et
621 1933 740 1968 quotidie
753 1933 837 1968 magis
846 1933 975 1960 declarari
988 1933 1033 1960 Dei

241 1988 302 2016 erga
325 1988 387 2008 eum
411 1976 622 2016 providentiam?
640 1979 707 2008 Vide
728 1985 786 2014 post
806 1979 879 2012 inec,
901 1980 1034 2014 quomodo

241 2027 329 2055 studet
341 2033 369 2054 ut
380 2027 526 2054 Sodomitis
538 2026 619 2054 divini
633 2026 721 2053 cultus
731 2025 825 2053 doctor
839 2025 893 2053 flat.
908 2026 950 2053 Ait
962 2026 1034 2053 enim

242 2073 377 2107 Scriptura
394 2081 400 2099 :
413 2073 456 2099 17.
472 2071 595 2107 Egressus
613 2077 648 2099 est
663 2080 708 2099 rex
722 2072 890 2098 Sodomorum
902 2072 928 2098 in
942 2080 1031 2099 occur-

241 2126 296 2144 sum
310 2117 348 2148 ei,
363 2122 495 2153 postquam
514 2126 626 2145 reversus
645 2123 679 2144 est
692 2127 707 2143 a
722 2123 805 2153 strage
818 2117 1031 2153 Cltodologomor,

241 2167 263 2190 et
281 2171 368 2198 regum
385 2163 427 2198 qui
441 2171 499 2190 cum
516 2164 572 2190 illo.
593 2163 708 2190 Attende
726 2163 816 2197 quattli
839 2163 874 2190 sit
894 2163 992 2195 virtus,
1006 2168 1034 2191 et

241 2209 323 2236 divini
345 2209 433 2236 auxilii
451 2209 646 2236 commilitium.
662 2209 717 2236 Rex
737 2209 876 2244 peregrino
890 2215 917 2237 et
933 2210 990 2237 seni
1006 2210 1032 2237 in

240 2262 382 2281 occursum
401 2253 535 2289 egreditur
546 2275 554 2287 ,
569 2258 596 2281 et
614 2261 721 2281 omnem
744 2254 872 2282 honorem
894 2255 1030 2289 impendit.

241 2299 300 2328 lam
314 2300 386 2328 enim
399 2299 537 2330 didicerat,
550 2298 615 2326 nihil
631 2298 758 2334 prodesse
772 2307 880 2334 regnum
892 2301 915 2327 ei
929 2301 973 2336 qui
986 2308 1031 2328 su-

242 2353 327 2382 perno
338 2345 437 2374 auxilio
449 2349 491 2373 est
503 2345 654 2378 destitutus,
668 2349 695 2372 et
709 2345 773 2371 nihil
786 2345 918 2379 potentius
930 2354 990 2374 esse
1000 2354 1033 2374 eo

242 2392 286 2428 qui
302 2399 381 2420 manu
396 2392 442 2420 Dei
457 2391 608 2426 adiuvatur.
622 2390 667 2418 18.
682 2389 716 2417 Et
736 2389 914 2424 Helcltisedec,
929 2391 1032 2427 inquit,

241 2445 287 2466 rea:
311 2437 400 2466 Solent
414 2437 520 2472 protulit
534 2445 612 2472 panes
626 2441 649 2464 et
663 2437 757 2464 vinum.
775 2436 838 2464 Erat
850 2442 933 2466 autent
945 2446 1032 2466 sacer-

240 2484 288 2512 dos
303 2483 350 2511 Dei
363 2483 490 2511 altissimi.
617 2498 619 2501 τ

277 2529 303 2557 5.
318 2528 387 2563 Quid
406 2528 456 2556 sibi
474 2527 529 2556 vult
548 2527 605 2556 hsce
619 2528 785 2563 observatio,
800 2528 856 2557 Rex
881 2529 982 2562 Solem.
1005 2535 1033 2559 et

241 2574 368 2602 Sacerdos
380 2573 429 2601 Dei
440 2574 579 2601 altissimi?
589 2574 645 2602 Rex
657 2575 765 2610 quidem
777 2580 833 2603 erat
844 2576 943 2604 Salem.
957 2576 1032 2604 Illum

240 2622 313 2650 enim
326 2622 403 2649 nobis
419 2626 447 2650 et
465 2621 558 2650 beatus
575 2622 672 2651 Paulus
693 2622 812 2651 scribens
827 2622 860 2650 ad
881 2631 928 2651 eos
941 2623 985 2659 qui
999 2631 1033 2652 ex

242 2667 362 2696 Hebraeis
375 2667 559 2702 crediderant,
573 2676 633 2696 cum
647 2669 673 2696 in
688 2669 803 2697 medium
818 2669 970 2697 adduxisset
982 2690 989 2702 ,
1005 2675 1032 2698 et

241 2720 338 2741 nomen
351 2714 412 2749 ejus
424 2718 550 2742 tractaret
563 2719 642 2751 atque
653 2716 797 2747 civitatem,
812 2715 888 2743 simul
901 2716 1034 2753 signiﬁca-

241 2759 341 2788 tionem
353 2759 468 2788 nominis
477 2760 535 2795 ejus
547 2760 746 2796 interpretatur,
761 2766 788 2789 et
800 2768 862 2788 usus
872 2762 1030 2797 etymologia

239 2805 354 2841 quadam
372 2805 410 2835 ait
423 2815 431 2835 :
447 2804 475 2834 Μ
479 2806 630 2841 clcltisedec,
644 2815 688 2834 ηπ
704 2807 812 2842 justitia:
825 2806 835 2844 (
848 2807 925 2835 Hebr.
940 2807 966 2835 1.
981 2807 1028 2844 2).

597 84 626 114 S.
646 83 784 114 JOANNIS
802 83 1039 112 CllliYSOS'l'Olll
1060 83 1218 112 ARCIIIEP.
1238 83 1502 112 CONSTANTINOP.

1826 87 1876 114 5‘2‘4

1090 140 1156 167 Nam
1175 140 1321 167 secundum
1341 140 1496 168 Hchraicam
1518 141 1634 175 linguam
1656 140 1748 168 Mclchi
1771 149 1880 177 regnum

1088 185 1218 220 signiﬁcat
1233 194 1240 211 :
1254 189 1280 213 et
1294 185 1378 213 Sedec
1388 207 1394 217 ,
1408 185 1548 220 justitiam.
1566 185 1598 212 Et
1610 193 1670 212 cum
1682 185 1716 212 ad
1730 194 1826 214 nomen
1841 188 1879 214 ci-

1088 231 1176 258 vitatis
1187 232 1267 263 vcnit,
1281 231 1336 259 Rex
1346 232 1426 266 paris,
1435 232 1520 266 inquit
1532 241 1538 258 :
1550 232 1637 258 Salcm
1649 233 1718 259 ettim
1730 233 1799 260 idem
1811 233 1880 267 quod

1089 285 1139 312 pax
1151 282 1200 305 est.
1215 278 1345 306 Sacerdos
1357 282 1446 305 autem
1461 283 1527 311 crat,
1543 278 1611 305 forte
1625 287 1639 305 a
1654 279 1798 313 semetipso
1811 279 1882 306 ordi-

1089 329 1168 351 natus
1182 333 1189 351 :
1204 325 1242 351 sic
1253 325 1323 352 cnim
1338 329 1399 351 tunc
1411 330 1486 351 erant
1498 325 1667 352 sacerdotes:
1679 326 1719 352 vel
1731 326 1791 359 quia
1805 330 1881 353 aetate

1089 371 1238 405 provectior
1250 375 1317 403 erat,
1329 379 1343 398 a
1355 371 1409 397 suis
1423 370 1492 397 hunc
1504 370 1630 398 honorem
1644 372 1760 405 accepit;
1775 372 1815 399 vel
1827 371 1882 406 ipse

1088 416 1240 443 sacriﬁcare
1258 416 1367 448 studuit,
1381 417 1450 443 sicut
1464 420 1490 443 et
1504 415 1569 449 Noo,
1586 416 1660 450 Abel,
1674 417 1783 448 Abram,
1796 425 1880 452 quan-

1087 461 1122 489 do
1135 461 1263 489 sacrilicia
1279 462 1441 489 obtulerunt.
1458 462 1580 497 Alioquin
1594 467 1620 490 et
1634 467 1711 498 typus
1725 463 1822 490 Christi
1841 463 1878 491 fu-

1089 512 1163 535 turus
1183 514 1250 535 erat.
1267 508 1342 536 Unde
1357 513 1383 535 et
1403 509 1498 536 Paulus
1520 509 1558 536 sic
1577 516 1637 536 cum
1657 510 1753 545 accipit
1767 510 1877 538 dicens:

1090 554 1152 582 Siue
1166 560 1237 589 putre
1246 575 1253 587 ,
1266 555 1320 581 sine
1332 559 1428 588 ntatre,
1442 555 1496 582 siue
1513 554 1659 590 genealogia
1669 575 1676 587 ,
1691 563 1770 591 neque
1784 556 1882 583 initium

1087 601 1196 633 dierum,
1213 609 1291 637 neque
1302 601 1357 628 vita:
1369 601 1444 635 ﬁnem
1457 601 1560 634 ltabens,
1575 602 1728 630 asainrilatus
1740 607 1823 630 autem
1838 602 1879 631 Fi-

1088 647 1121 674 lio
1136 647 1194 679 Dei,
1209 652 1290 674 manet
1305 648 1422 674 sacerdos
1437 648 1463 674 iu
1485 653 1630 682 perpetuum
1645 648 1735 684 (Hebr.
1752 651 1778 677 7.
1795 651 1835 685 5).
1851 651 1881 678 Et

1087 693 1231 727 quomodo,
1246 692 1327 724 dices,
1345 693 1469 727 possibile
1482 698 1522 720 est
1536 693 1670 721 hominem
1684 695 1783 730 alt-que
1796 700 1880 730 patre,

1087 742 1114 765 et
1129 743 1212 764 matre
1222 759 1228 769 ,
1242 743 1268 765 el
1284 738 1341 765 sine
1355 738 1509 773 genealogia
1530 746 1589 766 esse
1600 760 1607 771 ,
1620 743 1647 766 et
1661 747 1712 767 non
1729 740 1826 768 habere
1840 741 1880 768 vel

1088 784 1201 814 initium.
1217 785 1256 810 vel
1272 785 1350 812 linem
1364 785 1445 811 vitaz?
1460 785 1561 812 Audiin
1574 793 1635 813 etim
1652 787 1761 821 ﬁguram
1777 787 1876 816 fuisse:

1087 837 1120 856 nc
1133 837 1196 864 ergo
1211 829 1342 857 admirare
1354 851 1361 861 ,
1377 838 1461 865 neque
1477 831 1565 858 omnia
1585 832 1690 867 require
1705 833 1730 859 in
1745 838 1815 868 typo.
1831 834 1882 862 Nc-

1087 883 1139 910 que
1154 875 1225 902 cnitn
1242 881 1318 911 typus
1332 881 1418 908 esset,
1434 876 1454 903 si
1470 877 1557 903 munia
1572 885 1630 912 quas
1647 878 1672 904 in
1688 879 1797 906 veritate
1815 887 1879 906 eon-

1087 921 1191 956 tingnnt
1204 942 1210 953 ,
1229 922 1350 950 haberet.
1370 922 1439 955 Quid
1462 923 1541 958 igitur
1559 928 1600 950 est
1619 923 1689 959 quod
1711 925 1744 951 ibi
1765 925 1881 953 dicitur?

1086 967 1160 995 Sient
1179 968 1222 995 ille
1234 988 1242 1001 ,
1259 968 1341 1003 inquit
1354 989 1361 1001 ,
1376 976 1409 996 eo
1424 969 1494 1003 quod
1510 969 1582 996 nulla
1597 970 1633 997 sit
1646 971 1773 997 memoria
1789 979 1880 998 corttm

1088 1014 1132 1050 qui
1148 1019 1316 1049 genuerunt,
1332 1014 1429 1042 dicitur
1446 1016 1504 1043 sine
1525 1020 1598 1051 patre
1615 1020 1643 1043 et
1661 1016 1719 1043 sine
1739 1022 1822 1044 matre
1833 1038 1840 1049 ,
1855 1022 1883 1044 et

1087 1059 1147 1095 quia
1161 1067 1214 1087 non
1231 1065 1386 1088 reccnsetur
1400 1060 1457 1095 ejus
1470 1062 1622 1096 genealogia
1632 1083 1640 1094 ,
1656 1062 1752 1090 dicitur
1765 1063 1823 1090 sine
1835 1071 1882 1098 ge-

1088 1105 1206 1140 nealogia
1222 1113 1228 1132 :
1243 1105 1278 1132 ita
1292 1110 1319 1132 et
1331 1104 1469 1138 Christus,
1486 1107 1545 1141 quia
1562 1115 1613 1133 tton
1629 1107 1706 1134 habet
1721 1108 1759 1133 vel
1777 1109 1801 1134 itt
1814 1109 1880 1135 ctrlo

1088 1156 1210 1183 matrem,
1227 1151 1266 1178 vel
1281 1151 1306 1178 in
1323 1155 1390 1178 terra
1406 1156 1517 1185 patrem,
1531 1152 1632 1187 absque
1648 1153 1801 1188 genea'ogia
1815 1153 1882 1180 dici-

1088 1201 1130 1224 tur
1142 1202 1169 1225 et
1181 1203 1230 1225 est.
1244 1197 1310 1225 Vide
1321 1198 1454 1233 quomodo
1467 1206 1514 1233 per
1528 1199 1655 1226 honorem
1667 1199 1693 1226 in
1707 1199 1882 1233 patriarcham

1087 1243 1212 1271 collatum
1225 1263 1233 1276 ,
1254 1244 1410 1279 mysterium
1432 1243 1539 1279 aliquod
1555 1244 1632 1272 nobis
1646 1245 1803 1272 insinuatur.
1819 1245 1883 1272 Pro-

1091 1290 1151 1317 tulit
1164 1291 1234 1318 enim
1252 1299 1346 1326 panetn
1360 1296 1387 1319 et
1403 1292 1504 1318 vinum.
1523 1291 1621 1319 Videns
1635 1296 1724 1327 typum
1735 1314 1742 1325 ,
1758 1293 1844 1328 cogita
1858 1299 1884 1321 et

1087 1335 1226 1363 veritatem
1237 1356 1245 1369 ,
1264 1342 1289 1364 et
1310 1336 1442 1364 admirare
1456 1337 1554 1364 divina:
1571 1336 1716 1372 Scriptura:
1730 1337 1783 1365 vim
1797 1360 1803 1369 .
1818 1346 1884 1373 quo-

1088 1381 1168 1408 modo
1187 1382 1370 1417 superioribus
1390 1383 1493 1410 sarculis
1506 1382 1579 1409 etab
1592 1383 1666 1410 initio
1687 1382 1773 1410 futura
1793 1384 1884 1418 praesi-

1087 1427 1230 1462 gniﬁcavit.
1246 1427 1290 1454 l9.
1304 1427 1335 1453 Et
1349 1427 1484 1460 benedixit,
1500 1427 1593 1462 inquit,
1606 1427 1751 1460 Abramum,
1764 1434 1786 1455 et
1799 1429 1863 1456 dixit
1873 1438 1882 1456 :

1089 1472 1237 1500 Benedictus
1257 1473 1350 1500 Abram
1372 1473 1424 1500 Deo
1443 1474 1566 1500 altissimo
1578 1493 1586 1507 ,
1599 1475 1642 1508 qui
1654 1475 1745 1502 creauit
1757 1475 1846 1502 calum
1859 1480 1883 1502 et

1088 1523 1189 1544 terram.
1204 1517 1249 1546 20.
1268 1518 1299 1545 Et
1313 1518 1457 1546 benedictus
1470 1519 1538 1546 Deus
1551 1520 1688 1547 altissimus
1700 1541 1707 1552 ,
1720 1521 1765 1555 qui
1780 1521 1882 1548 tradidit

1087 1563 1201 1590 inimicos
1213 1568 1269 1590 tuos
1288 1564 1313 1590 in
1328 1573 1418 1591 manus
1433 1569 1499 1591 tuas.
1518 1565 1575 1591 Non
1589 1565 1675 1592 solum
1696 1565 1781 1600 ipsum
1803 1566 1882 1594 bene-

1086 1608 1175 1641 dixit,
1191 1609 1238 1636 sed
1252 1614 1278 1636 et
1294 1609 1377 1637 Deum
1393 1610 1558 1645 glonlicavit.
1574 1610 1607 1638 Ut
1619 1611 1685 1638 dixit
1699 1612 1769 1638 enim
1780 1633 1787 1645 ,
1805 1611 1883 1638 Bene-

1086 1653 1168 1680 dictus
1187 1654 1280 1681 Abram
1300 1654 1354 1682 Deo
1372 1655 1495 1682 altissimo
1507 1677 1514 1689 ,
1530 1656 1572 1691 qui
1588 1657 1679 1683 creavit
1694 1658 1782 1683 aulum
1796 1663 1817 1684 et
1832 1662 1882 1684 ter-

1086 1708 1151 1732 ram,
1163 1708 1178 1727 a
1189 1702 1317 1728 creaturis
1328 1701 1450 1729 virtutem
1463 1701 1508 1729 Dei
1522 1702 1597 1729 nobis
1609 1702 1761 1730 declaravit.
1774 1702 1801 1730 Si
1812 1703 1882 1730 cnim

1088 1746 1159 1773 Deus
1171 1751 1212 1773 est
1225 1746 1269 1773 ille
1282 1747 1325 1781 qui
1341 1747 1465 1781 produxit
1479 1748 1571 1775 ca-Ium
1586 1752 1613 1775 et
1627 1752 1735 1781 terram,
1751 1756 1803 1775 non
1819 1754 1880 1776 sunt

1085 1792 1140 1827 jatn
1156 1792 1191 1820 dii
1205 1793 1250 1827 qui
1263 1793 1296 1820 ab
1310 1793 1461 1821 hominibus
1475 1794 1598 1821 coluntttr
1611 1803 1617 1820 :
1635 1794 1677 1821 Dii
1691 1795 1770 1826 ιιιιὶηι,
1786 1795 1880 1830 inquit,

1086 1838 1129 1873 qui
1140 1838 1230 1865 ca'luut
1240 1844 1264 1865 et
1274 1843 1365 1866 terram
1376 1847 1425 1866 non
1438 1841 1560 1876 fecerunt,
1574 1846 1674 1875 pereunt
1686 1840 1751 1875 (Jt'r.
1768 1841 1810 1868 10.
1826 1842 1879 1874 ll).

1088 1883 1254 1917 Benedictus,
1269 1884 1370 1919 inquit,
1385 1884 1468 1917 Deus,
1484 1885 1527 1920 qui
1541 1885 1644 1912 tradidit
1657 1886 1771 1913 inimicos
1787 1892 1841 1912 tuos
1856 1888 1880 1913 in

1087 1935 1178 1956 ntanus
1196 1934 1262 1956 tuas.
1278 1929 1343 1957 Vide
1355 1951 1362 1963 ,
1377 1937 1424 1957 oro
1436 1951 1443 1963 ,
1456 1931 1589 1966 quomodo
1610 1939 1662 1958 non
1683 1931 1768 1958 solum
1780 1933 1879 1966 justum

1087 1975 1222 2009 pra-dicat,
1238 1975 1286 2003 sed
1300 1980 1327 2002 et
1342 1976 1387 2003 Dei
1400 1976 1548 2004 subsidium
1562 1977 1692 2012 agnOscit.
1706 1977 1796 2012 Neque
1810 1979 1879 2005 enim

1086 2021 1186 2056 alisque
1207 2021 1278 2050 illius
1292 2022 1375 2058 gratia
1400 2023 1529 2057 potuiSset
1547 2027 1618 2050 tanta
1635 2024 1750 2058 potentia
1766 2025 1880 2052 munitos

1086 2067 1204 2095 vincere.
1222 2067 1272 2101 Qui
1291 2067 1413 2101 tradidit,
1430 2068 1530 2103 inquit.
1546 2069 1663 2096 inimicos
1676 2075 1731 2096 (nos
1747 2078 1756 2096 :
1771 2071 1827 2104 ipse
1841 2075 1880 2096 ost

1086 2113 1129 2147 qui
1144 2117 1226 2140 totttm
1241 2119 1366 2148 operatus
1379 2118 1420 2141 est
1432 2135 1439 2147 ,
1454 2114 1510 2148 ipse
1524 2118 1565 2141 est
1576 2114 1622 2149 qui
1638 2114 1720 2141 forlcs
1734 2114 1795 2141 fecit
1808 2115 1879 2141 inﬁr-

1086 2167 1154 2192 mos,
1170 2160 1226 2194 ipse
1239 2165 1280 2187 est
1294 2160 1337 2195 qui
1352 2167 1398 2195 per
1413 2160 1529 2188 inermes
1543 2165 1660 2187 armatos
1672 2160 1768 2196 dt-jecit
1782 2169 1789 2187 :
1803 2161 1836 2188 ab
1849 2169 1880 2188 co

1085 2211 1125 2233 est
1147 2206 1292 2240 auxilium,
1310 2206 1382 2242 quod
1405 2212 1504 2234 tantam
1528 2207 1564 2234 ibi
1587 2207 1711 2234 \irtutcm
1736 2208 1877 2234 conceSsit.

1086 2252 1136 2285 Qui
1148 2253 1261 2286 tradidit,
1276 2253 1369 2288 inquit,
1383 2253 1498 2280 inimicos
1509 2258 1564 2280 tuos
1576 2254 1603 2280 in
1616 2261 1706 2280 manus
1719 2258 1784 2280 tuas.
1801 2253 1878 2280 Vides

1084 2296 1218 2335 quomodo
1232 2300 1349 2327 ostendit
1370 2300 1453 2335 ipsius
1469 2299 1639 2327 concordiam
1652 2320 1659 2333 ,
1676 2305 1703 2327 et
1718 2307 1878 2335 propensutn

1084 2355 1203 2375 amorem
1219 2348 1245 2375 itt
1264 2347 1314 2375 Lot
1330 2357 1337 2375 :
1352 2347 1520 2382 declaratque
1539 2355 1600 2375 cum
1618 2353 1667 2383 pro
1687 2346 1801 2374 inimicis
1815 2347 1878 2374 istos

1084 2391 1209 2422 habuisse
1222 2413 1230 2426 ,
1250 2397 1359 2429 propter
1377 2401 1407 2421 ea
1426 2401 1485 2428 quae
1501 2394 1526 2420 iu
1541 2392 1629 2420 hatris
1642 2393 1725 2420 ﬂliutn
1739 2391 1877 2419 fecerant?

1085 2441 1119 2469 Et
1131 2442 1199 2469 dedit
1211 2442 1244 2474 ei,
1259 2442 1352 2477 inquit,
1367 2441 1477 2468 decimas
1489 2441 1521 2468 de
1532 2441 1657 2468 omnibus.
1671 2440 1727 2468 lloc
1739 2444 1767 2468 et
1780 2439 1878 2466 Paulus

1084 2487 1148 2515 dicit
1158 2496 1165 2515 :
1175 2486 1337 2514 Considerate
1347 2492 1430 2514 autem
1437 2491 1545 2522 quantus
1554 2486 1608 2519 ille,
1616 2486 1655 2513 cui
1665 2486 1776 2513 decimas
1784 2485 1878 2512 Abram

1085 2533 1228 2569 patriarcha
1241 2533 1309 2560 dedit
1321 2533 1352 2560 de
1364 2533 1481 2568 primitiis
1494 2532 1503 2568 (
1514 2531 1591 2559 Hebr.
1605 2533 1631 2559 7.
1645 2532 1696 2566 4);
1710 2531 1833 2559 videlicet
1845 2539 1876 2560 ex

1084 2579 1177 2614 spoliis
1190 2587 1249 2614 qua:
1262 2579 1370 2606 adduxit
1389 2583 1574 2606 remuneratus
1587 2582 1630 2606 est
1642 2577 1876 2608 Meldtisedceem,

1084 2631 1111 2654 et
1123 2625 1241 2654 decimas
1253 2625 1277 2653 ei
1291 2626 1439 2661 segregavit
1454 2625 1487 2653 de
1499 2625 1624 2652 omnibus
1637 2631 1696 2659 quae
1708 2623 1792 2650 attulit
1809 2631 1816 2649 :
1831 2630 1877 2657 per

1083 2671 1135 2699 hoc
1156 2672 1249 2699 doctor
1270 2671 1354 2699 factus
1377 2671 1518 2703 omnibtts,
1540 2676 1569 2698 ut
1588 2675 1691 2705 gratum
1711 2669 1877 2696 declarantcs

1084 2717 1200 2744 animum
1213 2737 1220 2748 ,
1235 2717 1364 2751 primitias
1383 2725 1475 2744 eorum
1489 2725 1549 2751 qua:
1561 2716 1611 2743 sibi
1626 2723 1641 2743 a
1657 2716 1712 2743 Deo
1725 2715 1877 2743 concedun-

1084 2768 1138 2796 tur,
1152 2762 1274 2790 otl'erant.
1291 2762 1354 2790 Post
1376 2761 1433 2789 haec
1455 2762 1631 2790 Sodomorum
1652 2769 1699 2790 rex
1719 2760 1875 2798 patriarcha:

1083 2806 1327 2842 magnanimitatem
1342 2807 1534 2843 obstupesceus
1546 2807 1610 2835 dicit
1629 2808 1654 2836 ei
1669 2817 1675 2834 :
1690 2806 1735 2835 2|.
1758 2805 1798 2834 Ita
1816 2805 1874 2832 nti/ti
