2055 3123
143 124 193 152 327

140 183 190 217 τὴς
208 181 256 208 τοῦ
281 182 387 209 δικαίου
411 182 535 216 ἀνδρείας
554 183 603 218 τὴν
624 183 835 218 μεγαλοψυχίαν,
858 182 933 213 ὅπως

141 224 282 260 θαρρήσας
296 225 328 259 τῇ
343 223 390 250 τοῦ
403 224 470 251 Θεοῦ
486 224 599 260 δυνάμει
611 225 641 250 οὐ
653 225 813 259 κατεπλάγη
823 224 877 251 τῶν
885 224 932 250 ἀν-

140 265 212 299 δρῶν
233 267 284 301 τὴν
305 266 392 301 ἰσχὺν,
411 266 504 301 μαθὼν
521 266 570 302 τὴν
589 266 691 302 τροπὴν
708 266 742 301 ἣν
758 267 932 301 ἐποιήσαντο,

142 305 275 342 πρότερον
291 307 341 342 μὲν
354 307 425 334 κατά
439 307 494 334 τῶν
506 307 590 335 ἐθνῶν
604 308 731 335 ἁπάντων
750 307 931 342 ὁρμήσαντες.

142 349 188 375 καὶ
204 349 269 381 τοὺς
279 348 465 384 Ἀμαληκίτας
479 350 526 377 καὶ
537 351 600 382 τοὺς
611 350 722 381 λοιποὺς
733 349 855 380 ἅπαντας
868 358 932 376 κατ-

141 390 353 426 αγωνισάμενοι,
368 391 463 418 ἔπειτα
482 391 510 418 δέ
525 391 592 427 πρὸς
605 392 667 423 τοὺς
681 392 710 417 ἐν
725 390 853 425 Σοδόμοις
863 398 932 425 συμ-

142 431 280 463 ϐαλόντες,
293 433 341 459 καὶ
353 433 393 464 είς
406 433 494 468 φυγὴν
506 432 604 464 αὐτοὺς
613 431 773 467 τρέψαντες,
787 433 834 458 καὶ
843 433 932 458 πᾶσαν

141 473 230 499 αὐτῶν
245 473 404 509 ἀφελόμενοι
423 474 472 509 τὴν
486 473 613 509 ὕπαρξιν.
630 473 680 500 Διὰ
696 473 751 509 γὰρ
767 472 846 499 τοῦτο
866 481 933 507 προ-

141 513 262 541 λαόοῦσα
274 515 290 550 ὴ
305 514 366 541 θεία
378 515 474 550 Γραφὴ
486 515 575 542 πάντα
590 514 676 541 ταῦτα
694 515 759 549 ἡμῖν
773 514 930 550 διηγήσατο,

141 557 189 582 καὶ
198 557 247 583 ὃσα
255 556 300 584 διὰ
312 557 362 592 τῆς
373 557 461 584 αὐτῶν
477 556 602 592 ἀνδρείας
618 556 811 592 κατώρθωσαν,
824 556 866 582 ἵνα
882 556 933 591 μά-

142 597 191 634 θῃς
201 598 238 630 ὡς
247 599 278 625 οὐ
297 600 438 634 σωματικῇ
455 598 528 634 ἰσχύϊ
536 599 550 625 ό
561 599 731 634 πατριάρχης
742 597 853 629 τούτους
867 606 932 624 κατ-

139 639 305 673 ηγωνίσατο,
319 640 386 667 ἀλλά
401 641 433 676 τῇ
451 640 541 667 πίστει
558 641 592 675 τῇ
611 640 651 671 εἰς
672 639 717 665 τὸν
732 638 810 671 Θεὸν,
834 640 882 666 καὶ
898 640 930 675 τῇ

141 680 245 708 ἄνωθεν
265 681 375 717 βοηθείᾳ
387 681 570 717 τειχιζόμενος
583 681 671 708 πάντα
684 680 772 707 ταῦτα
784 680 931 716 κατώρθω-

142 730 199 754 σεν,
211 723 260 757 οὐχ
271 723 342 750 ὅπλα
354 723 477 758 κινήσας,
490 723 537 750 καὶ
549 722 623 758 βέλη,
633 723 680 749 καὶ
689 722 799 758 δόρατα,
813 722 860 748 καὶ
868 722 932 755 τόξα

140 763 242 796 τείνας,
262 765 309 790 καὶ
329 765 446 797 ἀσπίδας
473 764 684 800 προϐαλόμενος,
706 763 774 790 ἀλλά
790 763 859 800 μετὰ
877 763 931 790 τῶν

139 814 298 839 οικογενων.

175 848 231 874 Καὶ
242 847 312 880 τίνος
323 847 424 880 ἕνεκεν,
437 848 528 884 φησὶν,
537 847 673 883 ἠρίθμησε
683 846 854 883 τριακοσίους
866 846 932 872 δέκα

141 890 190 915 καὶ
211 888 284 916 όκτὼ
305 890 466 924 οἰκογενεῖς;
492 890 552 916 ’Ὶνα
571 889 670 925 μάθῃς,
697 889 738 915 ὃτι
763 889 813 923 οὺχ
839 887 932 919 ἀπλῶς

141 931 265 962 ἅπαντας
280 930 385 962 ἐλαϐεν,
401 931 468 958 ἀλλὰ
484 931 548 962 τοὺς
559 930 718 965 οἰκογενεῖς,
737 929 800 961 τοὺς
816 937 932 956 συνανα-

139 972 294 1007 τραφέντεις
311 971 384 1008 [556]
401 972 440 1008 τῷ
460 972 532 1004 Λὼτ,
555 973 599 999 ἵνα
621 972 690 1007 μετὰ
707 972 808 1008 πολλῆς
827 971 933 1004 εὐνοίας

139 1013 189 1049 τὴν
203 1014 342 1049 ἐκδίκησιν
362 1016 538 1050 ποιήσωνται,
555 1014 592 1046 ὡς
605 1014 674 1050 ὑπὲρ
687 1015 786 1041 οἰκείου
802 1013 932 1040 δεσπότου

140 1055 234 1081 λοιπὸν
247 1055 453 1090 ἀγωνιζόμενοι.
472 1056 525 1082 Καὶ
539 1055 588 1082 θέα
607 1064 653 1091 μοι
665 1055 714 1090 τῆς
725 1055 867 1090 δυνάμεως
885 1054 932 1081 τοῦ

140 1096 208 1123 Θεοῦ
223 1096 271 1132 τὴν
286 1097 449 1132 ὑπερϐολὴν,
466 1097 526 1132 μεθ’
539 1097 605 1132 ὅσης
614 1096 764 1131 ταχύτητος
783 1096 816 1122 τά
831 1096 881 1131 τῆς
893 1095 933 1122 νί-

140 1147 193 1174 κης
216 1139 371 1174 γεγένηται,
396 1139 540 1165 Ἐπέπεσε
563 1139 616 1174 γὰρ
640 1138 751 1171 αὐτοῖς,
776 1137 852 1172 φησὶ.
876 1137 934 1171 τὴν

140 1181 237 1207 νύκτα
251 1181 351 1214 αὐτὸς,
364 1181 413 1207 καὶ
429 1183 456 1208 οι
476 1180 582 1214 παῖδες
596 1179 700 1212 αὺτοῦ,
718 1180 766 1207 καὶ
784 1179 934 1212 ἐπάταξεν

141 1223 263 1256 αὐτοὺς,
278 1223 327 1250 καὶ
346 1223 469 1255 ἐδίωξεν
484 1223 604 1255 αὐτούς.
624 1223 656 1249 'H
674 1221 729 1257 γὰρ
747 1222 851 1248 ἀνωθεν
873 1222 933 1257 χεὶρ

141 1263 174 1300 ἧν
199 1265 423 1300 συνεφαπτομένη
439 1266 487 1292 καὶ
504 1263 731 1299 συστρατηγοῦσα
751 1265 808 1295 τοῖς
825 1263 934 1298 γινομέ-

141 1316 206 1339 νοις.
223 1307 262 1332 Δι’
274 1306 288 1332 ὃ
302 1307 361 1333 οὐδὲ
377 1307 466 1333 ὃπλων
483 1306 574 1337 αὐτοῖς
593 1306 713 1341 ἐδέησεν,
728 1305 789 1331 οὐδὲ
811 1313 934 1340 μηχανη-

142 1349 247 1383 μάτων,
261 1348 328 1374 ἀλλὰ
341 1349 420 1383 μόνον
431 1349 525 1380 φανεὶς
540 1347 608 1382 μετὰ
617 1347 672 1374 τῶν
684 1346 797 1373 οίκετῶν
811 1346 873 1377 τοὺς
885 1346 933 1381 μὲν

142 1389 271 1422 ἐπάταξε,
293 1389 356 1421 τοὺς
375 1389 403 1415 δὲ
422 1390 462 1420 εἰς
478 1389 567 1424 φυγὴν
585 1389 705 1424 όρμῆσαι
730 1387 931 1423 παρεσκεύασε,

142 1432 188 1457 καὶ
214 1431 344 1466 ἑκάτερον
366 1430 477 1466 ἐποίησε
501 1429 570 1465 μετά
585 1430 676 1461 ἀδείας
692 1430 812 1465 ἀπάσης,
827 1429 935 1461 οὐδενὸς

140 1473 216 1503 δντος
236 1471 283 1498 τοῦ
304 1471 486 1507 ἐνοχλοῦντος,
508 1471 558 1507 τήν
573 1480 602 1498 τε
626 1471 710 1498 ἵππον
732 1471 781 1498 τοῦ
802 1470 934 1505 βασιλέως

142 1514 266 1549 Σοδόμων
283 1513 447 1549 ἀπέστρεψε.
465 1514 511 1540 καὶ
525 1514 570 1540 τὸν
585 1513 646 1539 Λὼτ
662 1513 706 1540 τὸν
721 1511 877 1547 ἀδελφιδοῦν
890 1512 935 1539 αὺ-

141 1555 201 1588 τοῦ,
215 1556 263 1583 καὶ
274 1557 362 1583 πάντα
371 1555 406 1582 τὰ.
416 1555 572 1592 ὑπάρχοντα
584 1555 688 1586 καὶτὰς
697 1555 838 1588 γυναῖκας.
851 1553 934 1589 Ὀρᾷς

141 1597 186 1625 διά
200 1598 226 1624 τί
241 1597 418 1634 συνεχωρήθη
431 1597 484 1624 τῶν
498 1597 585 1625 ἀλλων
599 1597 774 1631 πεφευγότων
785 1597 799 1622 ὁ
811 1595 872 1623 Λὼτ
888 1595 935 1631 μό-

142 1647 187 1670 νος
205 1639 376 1674 αἰχμάλωτος
393 1638 535 1674 γενέσθαι;
551 1638 610 1665 ’Ἱνα
627 1638 675 1665 καὶ
699 1637 746 1665 τοῦ
766 1637 935 1673 πατριάρχου

143 1680 294 1716 κατάδηλος
307 1682 420 1717 γένηται
435 1681 452 1716 η
465 1680 559 1716 ἀρετὴ.
575 1680 622 1706 καὶ
639 1679 672 1706 δι’
687 1679 768 1705 αὑτὸν
783 1679 830 1706 καὶ
846 1678 935 1714 ἕτεροι

144 1721 236 1748 πολλοὶ
250 1723 300 1758 τῆς
314 1722 452 1758 σωτηρίας
466 1722 626 1756 ἐπιτύχωσι.
645 1721 699 1748 Καὶ
715 1720 827 1756 ἐπανῄει
844 1719 935 1747 λοιπὸν

146 1764 217 1798 μέγα
240 1765 288 1790 καὶ¹
309 1764 434 1800 λαμπρὸν
454 1764 582 1800 τρόπαιον
601 1763 782 1798 ἐπαγόμενος,
803 1762 872 1798 μετά
888 1761 935 1789 τοῦ

144 1805 205 1832 Λὼτ
224 1805 272 1832 καὶ
291 1806 340 1840 τὴν
359 1806 451 1839 ἵππον,
470 1806 516 1833 καὶ
534 1805 582 1837 τὰς
603 1807 745 1840 γυναῖκας,
763 1805 811 1832 καὶ
829 1804 863 1831 τὰ
884 1805 937 1831 ὐπ-

145 1847 262 1882 ἀρχοντα
279 1847 487 1883 ἐπιφερόμενος.
513 1848 560 1874 καὶ
584 1847 652 1873 πᾶσι
677 1847 793 1882 λαμπρᾷ
809 1847 842 1881 τῇ
859 1848 935 1883 φωνῇ

146 1888 298 1924 κηρύττων,
311 1891 358 1915 καὶ
372 1889 521 1923 σάλπιγγος
538 1888 742 1924 μεγαλοφωνότε
748 1896 793 1923 ρον
805 1887 884 1922 βοῶν,
895 1888 935 1914 δτι

145 1931 194 1957 οὐκ
208 1929 365 1966 ἀνθρωπίνῃ
378 1929 501 1965 δυνάμει,
513 1929 573 1956 οὐδὲ
587 1929 659 1964 ἰσχύϊ
671 1929 804 1964 σωμάτων
816 1928 866 1964 τὴν
876 1937 937 1964 τρο-

147 1971 200 2007 πὴν
215 1971 369 2007 εἰργάσατο.
388 1972 435 1998 καὶ
449 1971 499 2007 τὴν
518 1971 596 2006 νίκην
613 1971 707 2006 ἤρατο,
724 1969 793 1997 ἀλλά
805 1970 855 2005 τῆς
867 1969 937 1997 ἄνω-

147 2014 192 2040 θεν
207 2014 299 2049 χειρὸς
316 2014 402 2041 πάντα
416 2014 612 2050 ἐργαζομένης.
629 2011 703 2044 Εἶδες
714 2012 758 2040 διὰ
773 2013 881 2039 πάντων
891 2012 936 2039 τὸν

146 2056 249 2084 δίκαιον
266 2055 496 2091 περιφανέστερον
514 2055 666 2090 γινόμενον,
683 2055 731 2081 καὶ
747 2054 807 2081 καθ’
821 2055 937 2081 ἕκαστον

147 2099 242 2134 καιρὸν
260 2100 325 2125 πᾶσι
338 2098 480 2125 δεικνύντα
498 2098 546 2134 τὴν
559 2097 623 2132 περὶ
638 2097 718 2124 αὑτὸν
731 2096 779 2124 τοῦ
793 2096 860 2122 Θεοῦ
875 2096 938 2132 πρό-

148 2149 221 2168 νοιαν
232 2141 321 2175 ςὊρα
337 2141 417 2166 αὑτὸν
430 2139 523 2166 λοιπὸν
539 2139 586 2166 καὶ
602 2138 763 2165 διδάσκαλον
782 2137 938 2170 θεοσεϐείας

147 2182 272 2216 γενέσθαι
300 2181 483 2210 σπουδάζοντα
506 2181 562 2212 τοῖς
585 2181 615 2207 ἐν
641 2179 779 2215 Σοδόμοις.
815 2178 938 2213 Ἐξῆλθε

148 2224 211 2259 γὰρ,
233 2224 326 2258 φησὶν,
344 2225 360 2250 o’
376 2222 526 2255 ,βασιλεὺς
537 2221 677 2256 Σοδόμων
688 2223 732 2254 εἰς
747 2220 938 2254 συνάντησιν

148 2265 227 2298 αὐτῷ
244 2265 320 2300 μετὰ
337 2265 369 2291 τὸ
383 2264 570 2298 ἀναστρέψαι
585 2263 678 2290 αὑτὸν
693 2263 752 2289 ἀπὸ
768 2261 821 2296 τῆς
841 2261 938 2296 κοπῆς

148 2308 201 2336 τοῦ
212 2308 430 2342 Χοδολογομδρ,
446 2307 494 2333 καί
508 2306 730 2339 τῶν-,ϐασιλέων
743 2305 802 2333 τῶν
812 2306 876 2340 μετ’
886 2307 939 2333 αὺ-

149 2350 212 2378 τοῦ.
234 2350 335 2376 Σκόπει
350 2350 432 2375 πόσον
450 2350 523 2375 ἐστὶν
538 2350 554 2383 ἡ
571 2347 666 2383 ἁρετὴ,
686 2348 732 2374 καὶ
748 2347 779 2374 τὸ
796 2347 846 2382 τῆς
865 2347 940 2383 παρά

149 2391 195 2418 τοῦ
210 2391 279 2418 Θεοῦ
298 2391 457 2426 συμμαχίας
473 2390 629 2417 ἀπολαύειν.
651 2389 679 2415 '0
696 2389 820 2424 βασιλεὺς
841 2389 880 2424 τῷ
897 2389 940 2422 ξέ-

149 2443 197 2468 νῳ,
211 2433 250 2468 τῷ
272 2433 414 2469 πρεσϐύτῃ
431 2434 469 2465 εἰς
488 2433 648 2467 συνάντησιν
666 2431 761 2463 ἔξεισι,
784 2431 830 2457 καὶ
850 2431 939 2457 πᾶσαν

149 2475 281 2510 ἀπονέμει
294 2477 386 2510 τιμὴν.
411 2474 559 2509 Ἐμάνθανε
584 2473 637 2509 γὰρ
656 2473 693 2505 ὼς
712 2472 787 2505 οὐδὲν
800 2472 873 2507 αὐτῷ
891 2473 940 2508 τῆς

151 2517 289 2553 βασιλείας
302 2516 397 2552 ὄφελος
411 2517 460 2552 τῆς
471 2516 573 2544 ἀνωθεν
586 2515 742 2551 συμμαχίας
753 2515 938 2550 ἠρημωμένῳ,

149 2561 195 2587 καὶ
205 2559 243 2591 ὠς
258 2559 335 2586 οὐδὲν
348 2559 383 2586 ἀν
397 2558 501 2592 γένοιτο
513 2558 697 2593 δυνατώτερον
710 2557 757 2584 τοῦ
769 2557 821 2584 ὑπὸ
834 2559 882 2592 τῆς
891 2557 937 2584 τοῦ

149 2601 216 2628 Θεοῦ
239 2601 331 2636 χειρὸς
354 2599 546 2636 βοηθουμένου.
568 2599 622 2628 Καί
641 2599 837 2634 Μελχισεδὲκ,
862 2600 939 2634 φησί,

147 2642 299 2675 ,ϐασιλεὺς
311 2642 416 2676 Σαιλὴμ
428 2641 590 2675 ἐξήνεγκεν
602 2641 710 2675 ἄρτους
726 2641 775 2667 καί
789 2639 881 2668 οἶνον·
902 2638 941 2675 ἦν

149 2684 183 2711 δὲ
202 2684 299 2718 ἱερεὺς
315 2684 370 2711 τοῦ
391 2683 465 2711 Θεοῦ
476 2683 528 2710 τοῦ
552 2683 694 2717 ὑψίστου.

185 2729 218 2752 ε’.
227 2726 249 2752 Τ
252 2726 260 2752 ί
271 2725 396 2761 βούλεται
404 2726 469 2760 ἡμῖν
478 2724 546 2760 αὕτη
560 2725 575 2760 ἡ
583 2726 783 2760 παρατήρησις,
792 2725 942 2757 Βασιλεὺς

150 2767 267 2802 Σαλὴμ,
283 2768 330 2794 καὶ
345 2767 450 2801 ἰερεὺς
465 2767 518 2794 τοῦ
530 2767 604 2793 Θεοῦ
619 2767 671 2794 τοῦ
690 2768 844 2801 ὑψι’στου;
860 2767 940 2794 Βασι-

149 2809 213 2841 λεὺς
229 2809 279 2844 μὲν
289 2807 334 2844 ἦν,
349 2809 424 2844 φησί,
440 2810 489 2845 τῆς
501 2808 596 2844 Σαλήμ
625 2808 723 2835 Τοῦτον
737 2809 790 2845 γὰρ
802 2809 847 2835 καὶ
860 2810 874 2835 ό
888 2817 941 2844 μα-

149 2851 245 2885 κάριος
260 2850 367 2882 Παῦλος
378 2851 445 2885 πρὸς
460 2851 522 2882 τοὺς
533 2850 562 2883 ἐξ
579 2849 711 2885 Ἐϐραίων
726 2851 941 2884 πεπιστευκότας

150 2892 317 2920 ἐπιστέλλων
339 2894 378 2924 εἰς
397 2893 477 2926 μέσον
492 2893 633 2928 παράγων,
648 2893 694 2919 καὶ
708 2893 738 2919 τὸ
754 2893 838 2928 δνομα
857 2894 939 2920 αὐτοῦ

152 2933 344 2970 περιστρέφων
357 2934 404 2961 καὶ
416 2934 501 2968 πόλιν,
514 2934 580 2970 ὁμοῦ
595 2934 738 2971 έρμηνεύει
750 2934 796 2962 τοῦ
810 2936 939 2971 ὀνόματος

649 124 682 151 ΙΝ
701 124 777 152 CAP.
797 124 854 152 XIV
875 120 999 151 GENES.
1021 121 1136 150 IIOMIL.
1157 123 1267 152 XXXV.

984 180 1032 216 τὴν
1047 182 1195 217 σημασίαν,
1211 182 1258 209 καὶ
1272 182 1436 218 ὲτυμολογίᾳ
1453 182 1506 210 τινὶ
1525 182 1658 219 κέχρηται
1675 182 1774 218 λέγων,

983 223 1181 258 Μελχισεδὲκ,
1191 224 1342 258 ,βασιλεὺς
1352 224 1557 259 δικαιοσύνης.
1569 225 1623 252 Καὶ
1637 225 1691 259 γὰρ
1704 225 1775 252 κατὰ

982 265 1031 299 τὴν
1046 264 1195 301 Ἐὁραῖκὴν
1210 265 1334 300 γλῶτταν
1357 266 1387 293 τὸ
1411 267 1459 301 μὲν
1472 266 1557 301 Μελχὶ
1575 266 1711 302 βασιλείαν
1724 276 1775 302 ση-

985 306 1084 340 μαίνει,
1100 307 1130 333 τδ
1141 306 1169 334 δέ
1182 307 1275 338 Σεδέκ,
1290 307 1472 343 δικαιοσύνην.
1488 305 1554 334 Εἶτα
1569 308 1616 334 καὶ
1630 308 1668 339 εἰς
1679 307 1708 334 τὸ
1718 307 1775 334 δνο-

984 355 1023 382 μα
1033 349 1084 384 τῆς
1096 348 1201 381 πόλεως
1216 348 1300 376 ἐλθών
1311 357 1388 385 φησι,
1405 349 1534 380 Βασιλεὺς
1545 349 1666 384 εἰρήνης’
1679 349 1709 375 τδ
1719 349 1774 385 γὰρ

983 388 1078 424 Σαλὴμ
1092 390 1204 426 εἰρήνην
1217 391 1353 426 ἐμφαίνει.
1370 391 1472 426 Ίερεὺς
1487 390 1515 417 δέ
1525 388 1558 425 ἦν
1573 390 1638 420 ἴσως
1653 390 1775 424 αὐτοχει-

984 430 1135 466 ροτόνητος·
1150 431 1221 458 οὕτω
1231 433 1286 468 γὰρ
1300 430 1370 468 ἦσαν
1379 432 1439 459 τότε
1454 433 1477 459 οἱ
1495 432 1588 468 ἰερεῖς·
1602 431 1661 466 ἦτοι
1676 429 1721 458 οὖν
1731 430 1774 458 διὰ

981 473 1012 499 τὸ
1026 474 1058 508 τῇ
1074 473 1167 509 ἡλικίᾳ
1186 475 1319 510 προόἤναι
1340 476 1365 502 οἱ
1384 474 1568 510 προσήκοντες
1588 472 1663 508 αὑτῷ
1677 473 1775 500 ἀπονε-

983 515 1118 550 νεμήκασι
1134 516 1182 552 τὴν
1198 518 1291 552 τιμήν·
1308 516 1325 551 ἢ
1342 517 1391 544 καὶ
1407 516 1488 548 αὐτὸς
1509 515 1661 551 ίερατεύειν
1676 515 1775 550 ἐπετή-

982 555 1071 588 δευσε,
1087 556 1213 592 καθάπερ
1226 558 1240 584 ό
1257 557 1329 590 Νῶε,
1343 559 1468 594 καθάπερ
1483 559 1497 584 ό
1511 557 1604 590 Ἅϐελ,
1618 556 1744 591 καθάπερ
1759 556 1776 582 ὁ

989 597 1125 633 Ἀϐραὰμ,
1135 599 1218 634 ἡνίκα
1231 599 1281 631 τὰς
1294 600 1389 632 θυσίας
1405 600 1552 636 προσῆγον.
1569 599 1674 630 ’Λλλως
1684 598 1712 624 δὲ
1727 597 1775 625 καὶ

982 639 1066 671 τύπος
1079 640 1190 675 ἔμελλεν
1201 638 1270 668 εἶναι
1282 641 1328 668 τοῦ
1344 640 1474 677 Χριστοῦ.
1489 641 1537 668 Διά
1550 640 1624 677 [5'07]
1636 640 1714 667 τοῦτο
1727 640 1775 666 καὶ

984 681 1087 713 Παῦλος
1092 681 1179 713 οὕτως
1187 682 1267 709 αὐτὸν
1274 683 1440 718 ἐκλαμϐάνει
1446 683 1544 717 λέγων·
1553 682 1696 716 Ἀπάτωρ,
1703 681 1776 715 ἀμή-

983 730 1050 756 τωρ,
1070 723 1320 758 ἀγενεαλόγητος,
1336 724 1413 758 μήτε
1435 723 1534 759 ἀρχὴν
1552 724 1631 758 ἔχων
1646 722 1773 758 ἡμερῶν,

980 764 1056 799 μήτε
1077 764 1151 799 ζωῆς
1165 766 1262 798 τέλος,
1276 766 1504 801 ἀφωμοιωμένος
1523 765 1557 792 δὲ
1582 764 1622 798 τῷ
1644 765 1698 797 Υὶῴ
1721 764 1774 791 τοῦ

985 805 1069 838 Θεοῦ,
1081 806 1164 840 μένει
1183 808 1279 840 ἱερεὺς
1293 809 1338 840 εἰς
1355 809 1387 834 τὸ
1401 807 1547 840 διηνεκές.
1567 807 1621 833 Καὶ
1637 806 1705 838 πῶς,
1720 814 1773 841 φη⁴

984 847 1037 879 σὶν,
1053 844 1107 874 οἷόν
1122 856 1150 874 τε
1166 847 1308 883 ἄνθρωπον
1320 849 1384 875 δντα
1399 848 1524 884 ἀπάτορα
1537 846 1664 874 εἶναικαὶ
1676 848 1775 883 ἀμήτο-

985 899 1029 925 ρα,
1043 890 1091 916 καὶ
1106 891 1175 926 μήτε
1190 890 1277 926 ἀρχὴν
1289 890 1401 926 ἡμερῶν
1414 890 1495 926 ἔχειν,
1514 891 1582 926 μήτε
1597 890 1669 925 ζωῆς
1682 889 1773 921 τέλοςς

985 932 1124 963 Ἤκουσας
1133 931 1264 964 δτιτύπος
1272 930 1316 968 ἦν’
1329 932 1367 968 μὴ
1377 932 1466 959 τοίνυν
1479 932 1593 964 ξενίζου,
1607 931 1674 967 μηδέ
1687 931 1774 958 πάντα

983 973 1093 1000 ἀπαίτει
1111 974 1139 1000 ἐν
1152 974 1191 1009 τῷ
1205 973 1294 1009 τύπῳ.
1313 974 1381 1001 Οὐδὲ
1393 974 1448 1009 γὰρ
1460 974 1493 1001 ἃν
1511 974 1552 1008 εἴη
1567 974 1661 1004 τύπος,
1673 973 1696 1000 εἰ
1711 972 1775 1008 μέλ-

983 1014 1024 1042 λοι
1041 1015 1129 1042 πάντα
1147 1015 1218 1051 ἔχειν
1238 1015 1274 1042 τὰ
1286 1017 1320 1051 τῇ
1336 1015 1451 1052 ἀληθείᾳ
1467 1015 1658 1051 ωμὸαίνοντα.
1677 1015 1710 1041 Τί
1729 1012 1776 1041 οὖν

983 1057 1042 1083 ἐστι
1064 1056 1095 1083 τὸ
1115 1057 1279 1092 εἰρημένονς
1293 1057 1388 1093 ὥσπερ
1416 1053 1504 1091 οὗτος,
1531 1057 1607 1092 φησὶ,
1629 1056 1673 1084 διὰ
1691 1056 1723 1082 τὸ
1736 1057 1775 1092 μὴ

984 1099 1204 1134 μνημονευθῆναι
1217 1100 1280 1131 τοὺς
1291 1099 1489 1134 γεγεννηκότας
1499 1099 1591 1132 αὑτὸν,
1604 1098 1718 1133 ἀπάτωρ
1732 1098 1772 1124 λέ-

983 1149 1061 1175 γεται
1085 1141 1133 1167 καὶ
1153 1141 1279 1176 ἀμήτωρ,
1301 1141 1349 1167 καὶ
1366 1140 1412 1167 διὰ
1433 1140 1464 1166 τὸ
1481 1140 1517 1175 μὴ
1536 1138 1774 1174 γενεαλογηθῆναι,

984 1182 1205 1217 ἀγενεαλόγητος·
1219 1182 1290 1210 οὕτω
1302 1183 1349 1209 καὶ
1364 1184 1378 1209 ό
1392 1182 1521 1218 Χριστὸς,
1539 1181 1583 1208 διὰ
1598 1181 1628 1208 τὸ
1644 1181 1681 1216 μὴ
1695 1182 1776 1216 ἐσχη-

984 1223 1061 1250 κέναι
1073 1224 1141 1259 μήτε
1155 1224 1183 1250 ἐν
1196 1224 1320 1259 οὐρανοῖς
1336 1224 1450 1260 μητέρα,
1465 1223 1534 1258 μήτε
1546 1222 1592 1249 ἐπὶ
1601 1223 1650 1258 τῆς
1661 1223 1713 1257 γῆς
1723 1230 1776 1249 πα-

984 1265 1060 1301 τέρα,
1078 1265 1292 1301 ἀγενεαλόγητος
1310 1265 1419 1300 λέγεται
1439 1266 1486 1292 καὶ
1502 1265 1569 1292 ἔστι.
1593 1265 1648 1292 Καὶ
1666 1266 1717 1299 ὅρα
1733 1264 1777 1291 διὰ

983 1309 1033 1342 τῆς
1053 1308 1094 1339 εἰς
1117 1307 1163 1334 τὸν
1177 1307 1349 1343 πατριάρχην
1370 1307 1462 1343 τιμῆς,
1485 1307 1559 1339 ὅπως
1581 1306 1728 1343 μυστήριόν
1749 1314 1777 1332 τι

984 1350 1049 1385 ἡμῖν
1062 1349 1095 1376 δι’
1105 1349 1191 1384 αὐτῆς
1202 1349 1361 1376 αἰνίττεται.
1380 1348 1525 1384 Ἐξήνεγκε
1543 1349 1597 1384 γὰρ
1611 1349 1710 1383 ἄρτους
1729 1347 1777 1374 κα)⁸

984 1388 1064 1418 οἶνον.
1088 1390 1175 1426 Ὁρῶν
1191 1391 1236 1417 τὸν
1257 1391 1352 1422 τύπον,
1367 1391 1423 1417 νόει
1443 1399 1488 1425 μοι
1507 1390 1556 1426 τὴν
1572 1390 1712 1425 ἀλήθειαν,
1729 1389 1777 1416 καὶ

985 1432 1107 1468 θαύμαζε
1121 1433 1170 1468 τῆς
1183 1432 1259 1465 θείας
1270 1433 1382 1468 Γραφῆς
1398 1433 1448 1468 τὴν
1461 1432 1586 1467 δύναμιν,
1605 1431 1663 1463 πῶς
1674 1431 1777 1458 ἄνωθεν

985 1476 1032 1502 καὶ
1053 1476 1084 1502 ἐκ
1103 1475 1253 1510 προοιμίων
1271 1475 1305 1501 τὰ
1327 1474 1457 1510 μέλλοντα
1479 1474 1587 1501 ἔσεσθαι
1608 1474 1774 1509 προεμήνυε.

986 1517 1040 1544 Καὶ
1057 1517 1218 1552 εὐλόγησε,
1231 1517 1308 1551 φησὶ.
1323 1516 1376 1542 τὸν
1395 1515 1529 1550 Ἀϐραὰμ.
1546 1515 1594 1542 καὶ
1608 1513 1701 1542 εἶπεν·
1717 1515 1776 1541 Εὐ-

985 1558 1114 1593 λογητὸς
1144 1559 1271 1593 Ἀϐραὰμ
1291 1557 1331 1590 τῷ
1351 1557 1412 1590 Θεῷ
1428 1557 1467 1590 τῷ
1482 1558 1612 1592 ὑψίστῳ,
1630 1557 1664 1591 ὃς
1676 1557 1778 1585 ἔκτισε

985 1600 1038 1627 τὸν
1051 1600 1182 1634 οἰφανὸν
1194 1599 1243 1626 καί
1259 1599 1317 1633 τὴν
1327 1599 1397 1634 γῆν.
1409 1599 1465 1627 Kal
1476 1599 1641 1634 εὐλογητὸς
1652 1600 1668 1626 ὁ
1681 1598 1753 1631 Θεὸς
1761 1599 1778 1626 ό

985 1642 1125 1676 ὕψιστος,
1142 1641 1176 1674 ὃς
1190 1641 1342 1676 παρέδωκε
1354 1640 1425 1674 τοὺς
1440 1641 1568 1675 ἐχθρούς
1582 1648 1640 1667 σου
1657 1641 1778 1673 ὑποχει-

982 1684 1069 1717 ρίους
1084 1690 1143 1710 σοι.
1161 1683 1198 1709 Οὐ
1218 1682 1297 1718 μόνον
1316 1682 1397 1709 αὑτὸν
1411 1682 1569 1717 εὐλόγησεν,
1589 1681 1656 1709 ἀλλά
1673 1682 1719 1708 καὶ
1732 1680 1778 1706 τὸν

985 1725 1051 1752 Θεὸν
1070 1724 1204 1758 ἐδόξασεν.
1225 1723 1318 1750 Εἰπὼν
1334 1723 1399 1760 γὰρ,
1418 1723 1591 1758 Εὐλογητὸς
1609 1723 1717 1756 Ἀϐραμ
1738 1721 1779 1754 τῷ

987 1767 1048 1800 Θεῷ
1060 1765 1100 1798 τῷ
1114 1766 1245 1800 ὑψίστῳ,
1266 1765 1300 1799 ὃς
1322 1765 1423 1792 ἔκτισε
1441 1765 1494 1792 τὸν
1506 1765 1638 1799 οὐρανὸν
1654 1764 1702 1791 καὶ
1721 1763 1778 1798 τὴν

986 1808 1055 1844 γῆν,
1068 1809 1115 1834 καὶ
1128 1808 1182 1834 ἀπὸ
1198 1807 1253 1834 τῶν
1266 1807 1519 1844 δημιουργημάτων
1529 1807 1576 1834 τοῦ
1593 1806 1660 1833 Θεοῦ
1673 1806 1722 1841 τὴν
1733 1805 1779 1832 δύ-

987 1860 1068 1886 ναμιν
1081 1851 1147 1885 ἡμῖν
1165 1849 1308 1885 ἀνέφηνεν.
1326 1850 1358 1876 El
1372 1848 1427 1885 γὰρ
1439 1848 1521 1880 αὑτός
1537 1849 1595 1875 ἐστι
1609 1848 1685 1880 Θεὸς,
1703 1848 1717 1874 ό
1732 1847 1779 1874 τὸν

986 1891 1099 1927 οὐρανὸν
1114 1890 1162 1918 καὶ
1177 1891 1227 1926 τὴν
1243 1891 1294 1927 γῆν
1309 1889 1488 1926 παραγαγὼν,
1503 1890 1528 1917 οι
1544 1890 1596 1916 ὑπὸ
1609 1890 1663 1916 τῶν
1673 1887 1778 1925 ἀνθρώ-

987 1942 1046 1959 πων
1065 1931 1278 1968 θεραπευόμενοι
1295 1932 1345 1959 οὐκ
1364 1932 1398 1959 ἂν
1417 1932 1472 1959 εῐεν
1484 1931 1550 1958 θεοί·
1565 1931 1630 1958 Θεοί
1643 1931 1708 1966 γὰρ,
1724 1938 1779 1966 «pq--

988 1975 1040 2006 σὶν,
1061 1974 1089 2001 οἳ
1111 1974 1165 2001 τὸν
1178 1974 1308 2008 οὐρανὸν
1327 1974 1376 2001 καί
1393 1974 1451 2008 τὴν
1471 1973 1530 2009 γῆν
1546 1974 1602 2000 οὐκ
1618 1973 1776 2009 ἐποίησαν,

987 2016 1216 2044 ὀπολέσθωσαν.
1226 2015 1409 2050 Εὐλογητὸς,
1422 2016 1514 2051 φησὶν,
1526 2017 1542 2042 ὁ
1553 2016 1634 2048 Θεὸς,
1650 2014 1685 2048 ὃς
1704 2022 1779 2048 παρ-

987 2058 1078 2085 έδωκε
1088 2057 1160 2090 τοὺς
1173 2057 1300 2091 ἐχθρούς
1310 2064 1369 2083 σου
1385 2057 1575 2092 ὑποχειρίους
1590 2064 1650 2084 σοι.
1662 2055 1718 2083 Θέα
1733 2065 1778 2091 μοι

989 2099 1047 2132 πῶς
1061 2099 1092 2126 οὑ
1111 2099 1191 2135 μόνον
1203 2099 1249 2125 τὸν
1265 2099 1368 2126 δίκαιον
1381 2098 1573 2135 ἀνακηρύττει,
1590 2098 1658 2125 ἀλλά
1670 2098 1715 2126 καὶ
1729 2097 1778 2124 τοῦ

988 2141 1054 2168 Θεοῦ
1068 2142 1117 2176 τὴν
1132 2140 1289 2176 συμμαχίαν
1301 2139 1487 2175 ἐπιγινώσκει.
1503 2140 1569 2167 Οὒδέ
1584 2139 1638 2176 γὰρ
1651 2140 1715 2167 ἄνευ
1729 2139 1779 2175 τῆς

989 2182 1092 2209 ἐκεῖθεν
1115 2182 1201 2218 ῥοπῆς
1228 2182 1348 2217 ἠδυνήθη
1379 2182 1434 2209 τῶν
1461 2181 1594 2217 τοσαύτην
1621 2181 1780 2208 δυναστείαν

989 2223 1230 2259 περιδεδλημένων
1243 2223 1444 2259 περιγενέσθαι.
1463 2224 1514 2256 ’ος
1527 2222 1688 2257 παρέδωκε,
1702 2223 1780 2257 φησὶ,

990 2266 1060 2299 τοὺς
1077 2265 1203 2299 ἐχθρούς
1220 2273 1289 2292 σοιν
1310 2265 1391 2297 αὐτός
1406 2266 1480 2291 ἐστιν
1496 2265 1509 2291 ό
1523 2265 1553 2291 τὸ
1565 2265 1617 2291 πᾶν
1629 2265 1780 2300 ἐργασάμε-

989 2316 1044 2338 νος,
1065 2307 1145 2338 αὑτός
1161 2307 1234 2333 ἐστιν
1250 2307 1264 2332 ό
1281 2307 1344 2339 τοὺς
1361 2307 1489 2342 ίσχυροὺς
1503 2306 1624 2338 ἀσθενεῖς
1644 2306 1781 2341 καταστή-

991 2357 1049 2380 σας,
1063 2348 1143 2379 αύτός
1159 2349 1232 2374 ἐστιν
1246 2349 1260 2374 ό
1274 2347 1318 2374 διὰ
1331 2347 1385 2375 τῶν
1399 2348 1507 2375 ἀόπλων
1519 2347 1581 2379 τοὺς
1593 2347 1781 2381 ὡπλισμένους

990 2390 1172 2425 κατενεγκών
1189 2390 1293 2416 ἐκεῖθέν
1305 2390 1378 2416 ἐστιν
1392 2390 1409 2424 ὴ
1422 2389 1492 2425 ῥοπὴ
1507 2390 1523 2425 ή
1537 2389 1669 2424 τοσαύτην
1683 2397 1723 2415 σοι
1732 2389 1780 2423 τὴν

989 2433 1103 2468 δύναμιν
1124 2432 1331 2469 παρασχομένη.
1351 2433 1403 2465 Ὃς
1424 2431 1585 2466 παρέδωκε.
1609 2432 1685 2466 φησὶ,
1709 2431 1781 2464 τοὺς

991 2473 1115 2509 ἐχθρούς
1126 2482 1184 2502 σου
1195 2474 1386 2509 ὑποχειρίους
1402 2481 1462 2500 σοι.
1481 2474 1561 2508 Ὁρᾷς
1574 2473 1632 2504 πῶς
1645 2473 1781 2500 δείκνυσιν

990 2517 1134 2555 αὑτοῦῙὴν
1145 2518 1270 2552 ὁμόνοιαν
1283 2516 1330 2543 καὶ
1341 2515 1389 2551 τὴν
1401 2515 1591 2550 φιλοστοργίαν
1601 2514 1649 2550 τὴν
1662 2515 1726 2549 ἰτερί¹
1735 2514 1782 2542 τὸν

991 2560 1064 2592 Λὼτ,
1083 2559 1130 2586 καὶ
1145 2558 1203 2590 πῶς
1220 2558 1356 2594 ἐμφαίνει,
1370 2557 1411 2584 δτι
1427 2557 1473 2583 καὶ
1489 2557 1504 2583 ό
1521 2556 1645 2592 Ἀϐραὰμ
1665 2556 1782 2588 οἰκείους

991 2602 1090 2633 αὐτοὺς
1103 2600 1217 2636 ἐχθροὺς
1232 2601 1324 2635 ἡγεῖτο
1339 2598 1384 2625 διὰ
1395 2599 1430 2625 τὰ
1449 2600 1489 2630 εἰς
1501 2597 1545 2625 τὸν
1559 2597 1717 2632 ἀδελφιδοῦν
1733 2606 1782 2632 γε-

992 2642 1145 2678 γενημένας
1170 2641 1224 2668 Καὶ
1242 2640 1353 2668 ἔδωκεν
1372 2638 1461 2672 αὐτῷ,
1479 2639 1557 2675 φησὶ,
1575 2639 1705 2672 δεκάτην
1721 2638 1782 2666 ἀπὸ

992 2685 1123 2712 πάντων.
1140 2682 1225 2709 Τοῦτο
1240 2682 1286 2709 καὶ
1298 2681 1402 2712 Παῦλός
1423 2689 1498 2717 φησι·
1518 2680 1655 2715 Θεωρεῖτε
1669 2679 1713 2712 δὲ,
1725 2688 1782 2714 πη-

991 2727 1079 2758 λίκος
1097 2722 1196 2756 οὗτος.
1217 2720 1242 2756 ᾧ
1260 2723 1308 2750 καί
1325 2722 1453 2756 δεκάτην
1479 2723 1600 2757 Ἀϐραὰμ
1620 2721 1730 2749 ἔδωκεν
1747 2722 1781 2749 ἐκ

992 2767 1051 2794 τῶν
1075 2766 1260 2801 ἀκροθινίων,
1279 2766 1295 2791 ὀ
1318 2763 1512 2798 πατριάρχης·
1534 2763 1655 2800 δηλονότι
1678 2765 1710 2790 ἐκ
1728 2763 1782 2791 τῶν

992 2809 1132 2844 λαφύρων,
1144 2806 1182 2834 ὢν
1197 2808 1323 2842 ἐπήγετο,
1338 2807 1472 2842 ἠμείψατο
1483 2806 1530 2832 τὸν
1544 2806 1719 2841 Μελχισεδὲκ,
1735 2805 1783 2833 καὶ

993 2851 1110 2886 δεκάτην
1130 2849 1203 2886 αύτῷ
1222 2850 1359 2885 ἀφώρισεν
1376 2848 1429 2875 ἀπὸ
1448 2849 1556 2875 πάντων
1572 2845 1609 2875 ὧν
1623 2848 1779 2884 ἐπεφέρετο-

994 2892 1118 2919 ἐντεῦθεν
1143 2892 1193 2927 ἤδη
1216 2890 1373 2922 διδάσκαλος
1394 2890 1480 2916 ἅπασι
1503 2890 1657 2925 γενόμενος,
1681 2888 1782 2923 πολλὴν

994 2932 1194 2961 ἐπιδείκνυσθαι
1207 2931 1425 2968 εὐγνωμοσύνην,
1443 2932 1488 2959 καὶ
1501 2931 1548 2963 τὰς
1560 2931 1685 2965 ἀπαρχὰς
1699 2938 1782 2965 προσ-
