2055 3123
157 135 209 162 3‘29

158 192 232 223 t'iros,
249 192 384 228 equitatum
398 197 480 220 autent
495 193 552 220 tolle
566 193 618 219 tibi.
640 192 754 219 llonesta
768 192 837 226 regis
849 192 941 226 gratia,

157 237 203 264 sed
226 238 286 264 vide
304 238 367 271 justi
391 238 593 272 philosophiam.
608 237 653 264 2‘2.
672 238 741 264 Dixit
761 242 842 264 autent
856 237 947 263 Abram

155 283 208 317 regi
229 281 397 309 Sodomorum
412 290 422 310 :
438 282 579 310 Extendunt
598 291 698 310 manum
720 291 799 310 meam
813 282 846 308 ad
866 282 946 308 Deum

155 328 316 359 altissimum,
329 328 374 362 qui
386 329 444 363 fecit
457 328 546 355 uelum
560 333 584 356 et
597 334 699 361 terram,
712 328 757 355 23.
773 328 793 355 si
805 336 821 354 α
834 328 946 363 funiculo

155 381 234 407 usque
246 374 281 400 ad
295 374 473 408 sphwrotereut
485 374 645 401 calceamenti
655 374 777 408 accipiam
790 375 820 400 de
832 373 946 400 omnibus

156 419 207 445 tuis
219 426 229 444 :
241 424 269 445 ut
281 427 312 445 ne
321 419 400 452 dicas,
412 418 468 454 Ego
480 419 557 445 ditavt‘
569 420 671 445 Abram.
686 419 776 454 Magna
790 418 945 453 patriarcha;

157 463 182 490 in
199 464 400 491 contemnendis
411 464 509 492 divitiis
527 464 620 491 virtus.
642 464 674 491 Et
692 464 767 499 cujus
781 463 864 499 gratia
883 472 944 491 cum

155 505 309 540 jurauiento
323 514 425 537 recusat
446 514 473 537 et
490 509 555 537 dicit
570 519 576 536 :
590 509 733 536 Extendunt
747 517 849 535 manum
864 517 945 535 nteant

157 554 191 581 ad
208 554 286 582 Deum
298 556 467 588 altissimum,
481 555 523 589 qui
537 556 629 581 creavit
641 555 730 582 rwlum
742 559 764 581 et
777 560 870 581 terram
879 555 893 581 7

192 601 218 628 6.
235 600 291 628 Duo
313 601 390 627 simul
411 600 508 628 docere
528 601 582 627 Vult
601 600 776 628 Sodomorum
800 607 898 634 regem,
914 607 944 627 se

158 645 266 673 minime
285 645 342 681 capi
357 645 434 673 donis
447 653 506 680 qua:
519 645 551 673 ab
566 645 623 680 ipso
634 645 812 673 offerebantur
823 665 831 678 ,
845 650 870 672 et
885 651 943 671 ma-

156 699 235 726 gnam
252 692 427 727 philosophim
445 692 558 719 formam
579 692 695 719 indicare
707 692 786 723 velle,
798 699 829 718 ac
840 691 944 726 pietatis

157 739 292 766 doctorem
302 739 325 766 ci
341 739 396 765 ﬁeri
411 738 526 770 studere.
536 745 567 767 ac
581 738 602 765 si
617 738 737 765 instituat
747 738 820 765 illum
835 737 875 764 his
882 745 943 764 ver-

157 784 198 811 bis
212 793 218 810 :
235 784 309 811 Illum
333 784 377 811 libi
399 788 492 812 testem
511 783 634 817 adhibeo,
648 791 691 810 me
706 783 770 810 nihil
784 787 887 810 tuarum
902 791 944 810 re-

155 838 215 857 rum
226 836 405 865 acorplurum,
417 830 501 863 illum,
512 838 629 865 inquam,
637 830 752 857 otnnium
761 829 941 863 Conditorem,

157 880 186 902 ut
211 883 290 903 nosse
309 876 395 911 possis
417 875 499 902 Detttn
523 876 652 907 omnium,
667 880 694 903 et
715 884 748 902 ne
768 875 862 903 credas
884 883 943 903 esse

155 921 221 948 deos
235 929 265 948 ea
279 929 337 955 quzc
351 921 385 948 ab
400 921 535 948 hominum
557 921 678 948 manibus
701 921 872 948 fabricantur.
897 921 943 949 Ille

156 967 227 993 enim
242 967 299 994 caeli
310 972 336 994 et
350 970 427 994 terra:
442 967 578 998 Conditor,
593 966 636 994 ille
645 971 672 994 et
686 966 760 994 nobis
772 966 797 992 in
810 966 859 993 hoc
874 966 943 993 bello

155 1012 273 1043 victoria:
288 1017 314 1039 et
334 1012 458 1047 triumphi
480 1017 581 1039 auctor.
604 1011 641 1039 Nc
655 1011 734 1046 igitur
746 1016 885 1046 exspectes
900 1019 943 1039 me

155 1057 289 1092 quidpiam
300 1065 331 1085 ex
343 1058 418 1084 donis
431 1058 481 1084 tuis
492 1062 671 1092 accepturum.
684 1057 774 1092 Neque
788 1058 858 1084 enim
873 1065 942 1084 nzer-

155 1102 228 1130 cedis
246 1103 329 1138 gratia
344 1103 484 1130 vindictam
508 1103 567 1135 feci,
588 1103 633 1130 sed
657 1103 769 1137 primum
790 1103 825 1130 ob
845 1104 943 1131 amoris

155 1148 288 1182 affectum,
304 1157 382 1184 quem
398 1157 459 1184 erga
477 1149 564 1176 fratris
581 1150 631 1176 mei
646 1150 728 1176 ﬁlium
739 1157 803 1184 gero
823 1157 831 1177 :
848 1150 943 1177 deinde

154 1198 180 1221 et
199 1199 309 1228 propter
323 1195 405 1229 ipsius
422 1194 531 1229 justitia:
549 1194 674 1227 officium,
688 1199 717 1222 ut
735 1203 750 1222 e
770 1194 942 1222 barbarorum

156 1239 278 1266 manibus
291 1240 419 1275 eriperent
432 1240 528 1274 injuste
542 1240 679 1267 abductos.
693 1240 722 1267 Si
738 1249 753 1266 a
765 1240 887 1274 funiculo,
902 1241 942 1266 in-

154 1284 220 1320 quit,
233 1294 313 1320 usquc
326 1286 360 1312 ad
372 1287 548 1320 sphin-olerent
558 1286 635 1313 calcei
648 1286 768 1320 accipiant
781 1286 812 1312 de
823 1286 871 1312 tuis
886 1294 941 1312 oin-

156 1330 227 1357 nibus
239 1329 307 1357 :ltoc
319 1335 369 1362 est,
383 1330 447 1357 nihil
464 1335 515 1357 tam
529 1331 589 1366 vile,
604 1338 653 1358 nec
668 1335 719 1357 tam
735 1330 807 1357 nihili
824 1330 941 1357 habitum

154 1379 195 1402 est
205 1375 276 1410 quod
287 1380 443 1409 accepturus
451 1375 512 1402 sim.
525 1375 588 1402 Natu
600 1375 788 1409 spbtcrotercm
804 1375 840 1411 (a)
856 1375 942 1402 solent

154 1427 250 1447 vocare
271 1420 372 1454 apicem
395 1420 492 1453 calcei,
514 1421 558 1455 qtti
581 1421 606 1447 in
624 1428 733 1448 acutncn
757 1420 853 1448 desiuit
867 1430 873 1448 :
889 1428 942 1456 quo

153 1465 303 1492 calceorum
323 1473 422 1500 genere
444 1466 548 1493 barbari
568 1471 728 1493 consuerunt
751 1467 797 1494 uti.
828 1467 894 1494 Exin
916 1473 943 1495 et

154 1518 272 1542 causam,
284 1518 366 1545 quare
387 1511 506 1545 accipere
533 1511 669 1544 detrectet,
686 1512 769 1539 dicit:
787 1511 822 1539 Ut
846 1520 877 1539 ne
901 1513 942 1540 di—

153 1564 195 1583 cas
208 1564 218 1583 :
230 1555 285 1591 Ego
298 1557 444 1592 [οι-πριιιιαυὶ
457 1557 559 1583 Abram.
582 1557 671 1585 Habeo
690 1558 783 1589 Deum,
798 1558 841 1593 qui
865 1559 942 1586 innu-

153 1610 226 1630 mera
238 1603 303 1630 mihi
316 1603 465 1638 suppeditet
479 1603 546 1631 bona
559 1624 567 1636 ,
581 1611 696 1638 superno
710 1604 808 1631 innitor
820 1605 918 1632 auxilio
933 1614 940 1633 :

154 1655 207 1675 non
227 1655 296 1683 opus
314 1649 377 1675 mihi
393 1648 491 1676 divitiis
504 1648 565 1681 tuis,
580 1656 631 1675 non
646 1649 751 1684 indigeo
764 1649 884 1677 humanis
899 1649 940 1677 fa-

152 1693 306 1727 cultatibus,
317 1698 455 1721 contentus
464 1701 522 1721 sum
534 1694 577 1721 Dei
590 1695 615 1720 in
627 1702 669 1722 me
680 1693 852 1722 beneficentia
865 1703 872 1722 :
886 1695 942 1722 scio

154 1738 225 1765 illius
239 1738 396 1773 largitatem.
411 1738 504 1766 Paucis
516 1743 542 1765 et
554 1739 647 1766 vilibus
661 1739 729 1766 cessi
742 1746 801 1766 meo
811 1738 871 1772 Lot,
886 1747 942 1767 ma-

154 1791 220 1818 gnas
237 1787 265 1810 et
284 1783 429 1811 ineffabiles
442 1784 632 1818 promissiones
650 1789 808 1819 assequutus
826 1793 899 1817 sunt,
913 1789 942 1813 et

155 1838 225 1857 nunc
238 1830 368 1865 majorum
381 1830 530 1858 divitiarum
545 1831 688 1865 negotiatio
700 1831 765 1858 mihi
779 1835 830 1864 cst,
845 1835 872 1858 et
886 1838 942 1858 ma-

151 1877 239 1911 jorem
253 1876 310 1910 ejus
322 1876 431 1911 gratiam
443 1875 505 1903 mihi
516 1875 638 1908 concilio,
649 1883 731 1911 quare
741 1883 807 1911 opes
818 1881 875 1903 tuas
888 1884 940 1904 non

155 1921 266 1956 accipio.
282 1921 342 1949 Ideo
355 1926 453 1954 autem,
466 1923 570 1957 opinor,
583 1922 795 1957 etjuramcntum
810 1922 939 1956 adhibuit,

155 1972 182 1995 et
194 1967 261 1995 dixit
272 1977 278 1994 :
288 1967 428 1994 Extendunt
442 1976 543 1994 manum
553 1976 633 1995 nteant
644 1969 677 1995 ad
687 1968 767 1995 Deum
781 1969 940 2001 altissimum,

154 2018 184 2041 ut
203 2021 237 2041 ne
259 2018 332 2048 putet
345 2021 405 2041 eum
419 2014 452 2041 ita
468 2014 602 2047 simulare,
616 2019 645 2041 ut
663 2014 799 2049 probabile
811 2019 852 2042 cst
869 2022 941 2050 sape

154 2059 310 2094 contingere
326 2068 333 2086 :
346 2060 431 2089 sedul
444 2060 509 2087 sciat
522 2060 572 2087 hoc
587 2060 620 2087 ita
633 2061 712 2095 plane
724 2060 859 2088 decretum
872 2061 941 2096 apud

155 2105 271 2135 Abram,
287 2110 317 2132 ut
336 2112 370 2132 ne
384 2103 424 2133 vel
445 2106 581 2133 minintum
594 2106 655 2141 quid
669 2106 730 2134 inde
744 2106 793 2134 sibi
807 2107 939 2142 seligeret.

154 2150 242 2183 Atque
265 2150 298 2177 ita
323 2149 447 2185 implebat
467 2151 617 2178 mandatum
638 2151 700 2178 illud
723 2151 792 2186 quod
805 2159 820 2178 a
835 2152 942 2180 Christo

154 2195 289 2229 discipulis
313 2201 354 2223 est
378 2197 467 2223 datum
486 2206 492 2225 :
509 2197 593 2225 Gratis
613 2198 759 2233 accepistis,
783 2200 862 2234 gratis
884 2199 942 2226 date

155 2241 261 2275 (illailla.
282 2241 324 2268 10.
340 2242 379 2276 8).
391 2242 457 2269 Nutn
473 2250 532 2277 ego,
548 2243 642 2278 inquit,
658 2243 728 2270 aliud
742 2243 805 2278 quid
824 2244 856 2271 ad
879 2244 940 2272 belli

155 2293 211 2312 rem
233 2286 320 2317 attuli,
341 2292 514 2321 prmtcrquam
531 2288 692 2315 voluntatem
714 2292 742 2315 et
759 2289 941 2316 alacritatem?

156 2331 299 2359 Victoriam
313 2338 400 2359 autem
411 2353 418 2365 ,
434 2338 460 2360 et
474 2333 646 2367 triumphum,
659 2341 688 2361 ac
705 2338 800 2361 caetera
816 2339 941 2369 operatus

153 2383 195 2406 est
209 2379 255 2406 ille
269 2378 392 2406 invisibili
405 2380 509 2406 virtute.
535 2379 635 2407 Deinde
655 2384 683 2406 ut
706 2387 740 2407 ne
760 2384 863 2414 putat-rt
882 2388 940 2414 rex,

154 2424 240 2458 ipsum
256 2431 289 2450 ex
303 2424 425 2458 superbia
438 2429 463 2451 et
476 2429 628 2459 contemptu
647 2432 707 2459 qua:
721 2424 754 2451 ab
766 2432 798 2451 co
811 2425 941 2452 dabantur

153 2477 206 2495 non
218 2469 349 2504 accipere,
360 2469 499 2496 declarans
512 2477 586 2496 suam
599 2474 626 2497 ct
638 2469 664 2496 in
678 2468 728 2497 hoc
739 2469 938 2503 humanitatem,

151 2518 178 2541 et
192 2512 402 2548 philosophicam
415 2519 541 2546 mentem,
555 2514 640 2548 inquit
653 2523 661 2541 :
675 2514 718 2542 24.
730 2514 787 2542 Non
799 2514 938 2549 accipiam,

152 2558 263 2594 exceptis
281 2559 313 2585 iis
332 2566 388 2593 quae
408 2559 565 2586 comederunt
577 2560 692 2595 juvenes,
707 2565 731 2586 et
745 2560 859 2593 partione
872 2559 940 2586 viro—

154 2610 208 2630 rum
223 2603 268 2638 qui
283 2611 378 2630 Mecum
393 2608 520 2635 venerunt,
537 2603 640 2637 Eschal,
654 2604 756 2637 Aunan,
770 2603 900 2636 Humbre;
921 2604 941 2630 ii

153 2648 277 2683 accipient
297 2649 445 2682 portionem.
469 2648 532 2680 Hos,
551 2649 643 2683 inquit,
658 2649 806 2682 permittam
820 2649 941 2683 accipere

183 2712 221 2743 (a)
238 2716 263 2737 In
274 2716 365 2746 graeco,
377 2721 498 2745 παρη-ιρι.
519 2717 590 2738 Porro
605 2720 704 2746 ομιρυιτίρ
714 2713 777 2745 globi
787 2714 890 2745 formam
899 2721 941 2745 po-

152 2743 201 2767 tius
213 2743 374 2775 exprimeret.
384 2743 455 2774 quam
465 2743 574 2768 acumen.
584 2743 671 2768 vei-uin
682 2743 744 2775 apud
756 2743 812 2769 LXX
820 2743 942 2775 interpre-

153 2778 199 2802 tes,
211 2773 326 2805 ,μμ-ιη..
339 2773 438 2805 legitur,
457 2780 529 2805 quam
540 2780 625 2799 vocem
646 2773 842 2806 interpretantur,
862 2773 941 2800 corri-

152 2815 224 2839 qtmn.
238 2812 287 2833 Vox
298 2809 413 2834 liebraiea
422 2812 468 2839 est,
477 2807 557 2844 ΊῚἾἮ,
569 2810 774 2842 corriqia.0mnes
781 2810 840 2835 Editi
849 2814 875 2835 et
885 2812 939 2834 Mss.

151 2850 319 2881 cbryaoswmi,
332 2859 451 2882 σμφυτῆμ,
465 2851 564 2877 habent.

639 154 646 157 ς
665 133 697 161 IN
711 132 786 162 CAP.
808 132 876 160 XIV.
893 130 1016 160 GENES.
1039 130 1153 159 lIOMlL.
1174 132 1282 160 XXXV.

1734 137 1788 166 330

1002 189 1150 224 portionem
1164 191 1288 225 aliquant,
1304 191 1428 225 quoniam
1442 191 1556 227 ingentis
1567 192 1691 221 amicitiae
1702 196 1788 227 speci-

1000 243 1060 261 men
1081 235 1256 262 declararunt.
1282 235 1317 262 Hi
1335 237 1404 263 enim
1420 242 1500 271 ertutt,
1516 238 1610 273 inquit,
1626 240 1788 274 confrrderuti

1000 280 1074 307 Abra:
1084 287 1095 307 :
1108 281 1157 308 hoc
1170 285 1221 314 est,
1236 281 1350 308 amicitia
1363 281 1496 316 conjuncti
1512 291 1519 308 :
1535 283 1605 318 quod
1621 283 1681 311 hinc
1695 289 1787 312 osten-

999 324 1071 352 ditur
1084 326 1145 360 quia
1167 326 1192 354 in
1213 332 1314 361 partem
1334 327 1510 362 periculorum
1523 335 1584 356 cum
1598 336 1630 355 eo
1645 335 1785 357 venerunt.

999 369 1073 398 Unde
1087 378 1256 399 renumerare
1272 372 1363 400 volens
1374 379 1430 405 eos,
1445 371 1506 400 facit
1518 378 1547 400 ut
1560 378 1659 408 partem
1670 374 1784 409 aliquant

997 415 1144 449 accipiant,
1160 417 1331 450 apostolicam
1346 417 1430 452 legem
1445 418 1525 445 etiam
1545 419 1572 445 in
1588 418 1638 446 hoc
1653 419 1765 454 impleas
1776 441 1783 452 ,

996 468 1057 495 qua:
1068 461 1132 488 dicit
1147 470 1153 488 :
1168 462 1265 497 Dignutt
1277 468 1314 489 est
1326 463 1455 498 operarius
1467 463 1587 490 alimento
1603 471 1650 491 suo
1670 463 1680 500 (
1693 464 1783 492 Matth.

997 505 1040 532 10.
1056 506 1105 537 10;
1120 506 1182 533 Luc.
1199 507 1240 535 l0.
1254 508 1291 542 7).
1306 507 1374 534 Nihil
1387 509 1457 535 enim
1472 516 1519 536 eos
1532 509 1600 536 ultra
1615 517 1691 536 usum
1706 517 1785 537 suum

997 551 1117 586 accipere
1128 553 1271 586 permittit;
1289 553 1353 580 dicit
1365 554 1435 581 enim
1452 562 1459 580 :
1474 554 1593 588 Exceptis
1605 555 1636 581 iis
1646 562 1704 589 quin
1717 563 1786 582 rom-

996 596 1100 624 ederunt
1106 599 1220 633 juvenes,
1234 604 1256 626 et
1271 599 1384 634 portione
1396 608 1482 627 eorum
1493 600 1536 635 qui
1549 608 1644 627 mecum
1654 607 1785 634 uenerunt,

997 640 1100 675 Escltol,
1117 644 1218 678 Aurum,
1235 644 1366 676 Humbre;
1380 645 1399 671 ii
1408 645 1530 680 accipient
1544 647 1693 680 partionem.
1710 646 1783 674 Vidi-

996 688 1044 714 stis
1064 689 1221 724 exquisitam
1248 690 1405 724 patriarchae
1426 691 1561 724 virtutem,
1577 691 1710 726 quomodo
1723 701 1783 720 eattt

995 734 1191 769 philosophiam
1210 737 1351 769 exhibeat,
1375 745 1433 772 quae
1453 745 1532 772 oputn
1555 742 1734 773 contemptum
1757 743 1785 766 et

997 779 1152 806 modestiam
1169 782 1286 816 respicit,
1301 781 1418 817 nihilque
1432 790 1484 809 non
1497 787 1574 818 agat,
1589 787 1617 810 nt
1629 791 1662 812 ne
1678 791 1724 818 per
1737 791 1782 810 ar-

996 825 1144 858 rogantiam
1157 831 1183 853 et
1198 832 1378 862 contemptum
1395 827 1420 855 id
1432 828 1518 856 facere
1529 829 1657 863 videatur,
1670 837 1757 865 neque
1766 837 1783 857 e

995 869 1104 897 victoria
1118 872 1270 906 superbiat?

1031 915 1056 942 7.
1073 915 1180 944 Muralis
1194 918 1389 945 ezltortatio.—
1403 919 1494 948 Talem
1509 921 1594 948 virum
1611 922 1743 950 imitemur
1756 927 1782 950 et

996 969 1054 993 nos,
1069 962 1189 994 obsecro,
1200 969 1226 990 ct
1236 971 1343 998 operam
1356 965 1459 998 demus,
1473 970 1501 993 ut
1514 966 1624 994 invictos
1635 975 1683 995 nos
1693 972 1782 995 eustoo

995 1005 1108 1040 diumus,
1127 1013 1155 1034 et
1176 1016 1261 1043 neque
1283 1009 1388 1037 virtutis
1406 1010 1516 1038 obtentu
1535 1012 1665 1045 superbire
1686 1013 1782 1039 mtuam

995 1052 1177 1087 acquiramus,
1189 1062 1275 1090 neque
1290 1056 1425 1083 modestiae
1439 1057 1547 1084 obtentu
1560 1057 1682 1085 virtutem
1697 1059 1780 1093 negli-

994 1105 1087 1132 gamus
1104 1107 1111 1126 :
1128 1099 1176 1127 sed
1191 1100 1287 1135 ubique
1301 1101 1408 1128 modum
1421 1108 1556 1129 servemus
1566 1123 1574 1135 ,
1589 1107 1615 1129 et
1629 1102 1705 1130 bonis
1715 1111 1781 1138 ope-

995 1143 1069 1171 ribus
1084 1145 1182 1172 nostris
1196 1145 1383 1179 butnilitatem,
1396 1147 1470 1182 quasi
1486 1147 1684 1176 fundamentum
1698 1154 1726 1176 et
1739 1150 1782 1177 ba-

994 1188 1044 1216 sim
1058 1188 1244 1224 subjiciamus,
1264 1195 1294 1218 ut
1307 1198 1400 1219 secure
1411 1199 1470 1226 qua:
1483 1192 1517 1219 ad
1528 1193 1650 1220 virtutum
1661 1199 1782 1228 spectant

994 1239 1148 1262 construere
1159 1236 1302 1263 valeamus.
1323 1236 1385 1265 Haec
1402 1237 1473 1265 enim
1485 1245 1547 1265 vere
1557 1238 1638 1265 virtus
1654 1243 1704 1271 θαι,
1722 1247 1781 1274 qua:

993 1280 1160 1314 conjunctam
1176 1281 1255 1309 habet
1265 1281 1449 1309 humilitatem.
1461 1283 1511 1316 Qui
1523 1283 1572 1310 hoc
1582 1282 1781 1312 fundamentum

995 1329 1051 1351 tttto
1061 1325 1165 1360 jeccrit.
1181 1327 1277 1361 poterit
1296 1328 1323 1355 in
1343 1332 1468 1363 quantam
1482 1328 1595 1356 voluerit
1613 1329 1780 1358 altitudinem

993 1375 1151 1399 structuram
1165 1373 1289 1400 excitare.
1314 1374 1376 1401 llaec
1395 1375 1509 1402 maxima
1527 1380 1568 1402 est
1589 1377 1709 1410 munitio,
1725 1376 1782 1404 htcc

994 1423 1085 1443 murus
1103 1417 1285 1451 inconcussus,
1309 1419 1366 1447 luce
1386 1419 1595 1455 inexpugnabilis
1616 1421 1705 1453 turris,
1723 1421 1781 1449 btet:

993 1468 1073 1489 omne
1086 1463 1203 1491 continet
1213 1464 1365 1498 aidilicium,
1380 1473 1432 1492 non
1443 1465 1532 1492 sinetis
1545 1466 1630 1501 ipsum
1642 1467 1707 1494 vela
1717 1475 1781 1495 ven-

994 1513 1079 1534 torum
1089 1508 1220 1542 violentia,
1231 1509 1271 1537 vel
1284 1509 1318 1538 ab
1329 1510 1454 1539 imbrium
1466 1510 1576 1546 impetu,
1587 1512 1627 1538 vel
1641 1519 1657 1539 a
1671 1511 1780 1540 ﬂatuum

992 1554 1018 1581 vi
1032 1554 1109 1589 dejici
1126 1564 1132 1582 :
1147 1555 1193 1582 sed
1215 1556 1339 1583 omnibus
1358 1556 1461 1584 insidiis
1483 1557 1646 1585 inaccessum
1661 1557 1739 1590 facit,
1754 1563 1781 1586 et

993 1600 1129 1634 invictum,
1146 1601 1219 1636 quasi
1233 1609 1264 1629 ex
1278 1602 1416 1629 adamante
1429 1606 1610 1630 constructum
1625 1607 1705 1636 esset,
1722 1611 1781 1630 ma—

992 1653 1110 1680 gnasque
1127 1646 1205 1674 nobis
1218 1646 1314 1675 divina
1334 1647 1461 1682 largitatis
1478 1648 1615 1676 mercedes
1628 1648 1713 1677 affert.
1729 1649 1780 1677 Per

993 1690 1062 1719 hanc
1074 1695 1101 1718 et
1114 1692 1262 1727 patriarcha
1279 1696 1410 1720 tantarum
1424 1693 1469 1720 Dei
1483 1694 1687 1728 promissionum
1701 1701 1781 1721 acce-

993 1736 1031 1771 pit
1048 1737 1265 1772 magnitudinem.
1287 1737 1366 1765 Scitis
1385 1738 1467 1770 enim,
1482 1739 1650 1773 permittente
1667 1739 1732 1771 Deo,
1746 1747 1778 1767 ex

993 1781 1026 1809 iis
1039 1789 1098 1816 quae
1118 1782 1144 1809 in
1165 1782 1336 1817 sequentibus
1357 1783 1494 1816 dicentur,
1510 1783 1644 1818 quomodo
1658 1792 1735 1817 nunc,
1751 1790 1781 1812 ut

992 1827 1151 1862 contempsit
1169 1834 1199 1855 ea
1218 1835 1278 1862 qua:
1298 1828 1409 1855 daturus
1430 1832 1487 1856 erat
1511 1828 1686 1856 Sodomorum
1709 1837 1756 1857 rex
1771 1850 1779 1864 ,

992 1880 1087 1908 magna
1105 1877 1133 1901 et
1151 1873 1290 1901 ineffabilia
1310 1873 1357 1901 Dei
1375 1873 1444 1901 dona
1464 1879 1642 1909 consequutus
1660 1879 1710 1903 est.
1730 1876 1781 1905 Per

993 1917 1062 1945 hanc
1074 1926 1126 1946 non
1142 1919 1186 1947 ille
1200 1919 1286 1946 solum
1299 1939 1307 1952 ,
1325 1919 1371 1947 sed
1391 1925 1418 1947 et
1434 1920 1498 1954 justi
1515 1927 1607 1948 omnes
1620 1921 1739 1949 celebres
1752 1927 1780 1950 et

991 1963 1056 1990 clari
1068 1963 1183 1990 fuerunt.
1201 1963 1238 1997 ld,
1253 1968 1381 1998 quotquot
1393 1960 1457 1991 estis
1467 1964 1614 1992 divinarutn
1630 1965 1778 2001 Scriptura-

992 2017 1051 2036 rum
1073 2009 1195 2037 lectionis
1214 2010 1335 2043 studiosi,
1350 2010 1487 2038 addiscere
1501 2011 1630 2046 poteritis.
1646 2012 1779 2047 Bcnignns

992 2054 1063 2083 enim
1078 2055 1203 2082 Dominus
1212 2055 1318 2090 quando
1330 2063 1379 2083 nos
1391 2056 1463 2084 videt
1476 2056 1613 2091 despicere
1627 2057 1777 2091 praesentia,

992 2102 1071 2129 etiam
1096 2102 1151 2137 ipsa
1173 2102 1272 2137 largius
1293 2102 1461 2137 suppeditat,
1479 2102 1609 2138 nobisque
1629 2102 1778 2132 futurorum

993 2147 1122 2174 bonorum
1138 2147 1251 2174 fructum
1266 2147 1395 2175 recondit.
1411 2147 1506 2175 Videre
1520 2148 1571 2175 hoc
1582 2152 1657 2183 potes
1670 2149 1695 2176 in
1709 2149 1779 2177 divi-

994 2192 1052 2224 tiis,
1071 2193 1097 2219 in
1115 2192 1197 2227 gloria
1213 2192 1290 2228 hujus
1303 2193 1373 2225 vitae,
1388 2197 1417 2220 et
1431 2193 1457 2220 in
1470 2193 1593 2221 omnibus
1606 2194 1666 2222 aliis
1677 2198 1778 2231 tempo-

993 2238 1092 2265 ralibus
1105 2238 1194 2266 rebus.

1029 2283 1069 2309 Ad
1077 2287 1244 2316 contemptum
1259 2283 1379 2310 bonorum
1392 2284 1469 2319 hujus
1479 2284 1535 2311 vitae
1544 2284 1668 2312 hortatur.
1677 2300 1713 2306 -—
1727 2286 1780 2315 De-

993 2328 1136 2362 spiciamus
1156 2328 1235 2363 igitur
1253 2333 1397 2363 prmsentes
1410 2329 1526 2363 divitias,
1540 2334 1569 2356 ut
1585 2337 1660 2358 veras
1674 2331 1780 2360 divitias

994 2373 1113 2400 invenire
1123 2373 1274 2406 valeamus;
1289 2374 1465 2408 despicianius
1473 2381 1567 2401 vanam
1579 2373 1647 2401 hanc
1657 2375 1777 2410 gloriam,

993 2424 1021 2445 ut
1033 2426 1094 2444 vera
1108 2419 1150 2445 illa
1166 2424 1192 2446 et
1202 2419 1284 2446 solida
1298 2419 1433 2450 fruamur;
1444 2418 1611 2446 derideamus
1621 2425 1778 2453 prtesetttem

994 2464 1213 2498 prosperitatem.
1239 2469 1267 2491 nt
1291 2471 1387 2491 arcana
1416 2465 1458 2491 illa
1481 2464 1548 2491 bona
1568 2471 1777 2500 consequamur;

993 2509 1068 2536 nihili
1085 2509 1210 2536 faciamus
1224 2509 1378 2544 praesentia,
1392 2513 1421 2536 ut
1433 2509 1466 2536 ad
1482 2509 1568 2537 futura
1580 2510 1687 2544 pnemia
1704 2511 1776 2537 exci-

993 2554 1041 2581 tari
1055 2554 1200 2582 valeamus.
1214 2553 1304 2589 Neque
1314 2555 1384 2581 enim
1401 2554 1526 2589 possibile
1540 2559 1597 2588 est,
1611 2560 1639 2582 ut
1653 2556 1697 2590 qui
1711 2563 1776 2591 przc-

993 2600 1112 2627 scntibus
1128 2605 1168 2627 est
1186 2600 1322 2633 addictus,
1344 2600 1512 2628 ineil‘abilium
1533 2601 1661 2630 bonorutn
1675 2602 1782 2630 deside-

994 2647 1061 2673 rium
1074 2646 1206 2680 coneipiat
1222 2653 1346 2680 umquam
1359 2646 1408 2681 (a),
1421 2647 1489 2674 sicut
1500 2646 1655 2681 lippitudine
1664 2647 1775 2682 quadam

994 2688 1087 2718 oculos
1106 2690 1256 2725 obtegenle.
1271 2691 1306 2717 ita
1327 2691 1497 2725 praesentium
1511 2691 1655 2726 cupiditate
1673 2692 1780 2720 intelle-

1024 2757 1062 2789 (a)
1080 2761 1144 2782 Mens
1154 2756 1312 2789 chrysostomi
1324 2759 1428 2789 est._non
1433 2762 1509 2789 posse
1520 2762 1578 2789 eum
1587 2757 1629 2789 qui
1635 2757 1711 2789 rebus
1718 2763 1781 2788 pnt-

993 2787 1104 2814 setitihus
1113 2789 1145 2820 sit
1159 2787 1276 2820 addictus.
1288 2787 1422 2820 caelestium
1433 2787 1550 2820 bonorum
1560 2787 1631 2820 simul
1643 2787 1781 2820 eodenujue

994 2822 1104 2849 tempore
1116 2818 1239 2843 desiderio
1250 2818 1329 2843 teneri
1342 2825 1349 2842 :
1360 2818 1515 2851 posseuenitn
1533 2819 1576 2844 Dei
1595 2824 1642 2851 ope
1653 2817 1781 2845 fultum'ah

996 2855 1026 2874 eo
1037 2848 1101 2873 statu
1111 2854 1251 2880 emergere,
1263 2848 1402 2875 sexcenties
1410 2848 1466 2874 alibi
1475 2849 1541 2874 dicit.
