2055 3123
263 139 311 165 531
608 134 638 162 S.
656 134 794 162 JOANNIS
812 134 1048 164 CIlﬂYSOSTOMl
1067 135 1228 165 AﬂClllEP.
1248 136 1515 168 CONSTANTINOP.

256 197 327 220 ctum
341 193 500 220 olncurante
511 211 519 224 .
540 198 590 219 nec
610 192 779 225 permittente
792 191 882 219 videre
899 192 961 227 quid
977 192 1048 220 facto

255 247 323 273 opus
337 239 382 266 sit.
397 238 488 272 Neque
501 245 606 265 rursum
621 238 676 265 fieri
692 242 794 272 potest,
807 243 835 265 ut
847 239 892 273 qui
903 239 1048 266 solidorum

256 289 282 311 et
302 284 478 312 immobilium
504 284 635 311 bonorum
656 291 747 311 amore
769 288 884 318 tenetur,
899 284 969 312 litua
989 285 1048 316 ista,

254 336 279 358 et
292 339 352 366 qua:
361 335 503 366 antequam
526 334 672 365 apparrant
692 331 799 357 avolant
816 335 844 358 et
864 335 1048 362 marcescunt,

254 377 434 412 concupiscat.
462 375 527 403 Nam
555 375 599 411 qui
628 375 735 402 saucius
761 380 802 402 est
827 383 918 403 amore
938 376 1047 408 divino,

254 428 282 450 et
295 423 339 458 qui
355 422 503 449 futurorum
521 420 652 449 desiderio
667 425 786 453 tenetur,
806 421 866 448 aliis
879 421 963 447 oculis
977 421 1049 448 videt

256 468 426 503 pra-sentiam
446 473 562 500 statum,
581 467 683 501 scitque
697 471 779 494 totam
795 473 874 492 vitam
889 470 1047 501 put-sentem

255 519 363 552 ﬁguram
378 524 438 544 esse
454 521 535 551 atque
550 515 679 543 fallaciam
690 536 698 548 ,
713 518 740 542 et
753 522 768 541 a
781 514 893 541 somniis
910 513 974 540 nihil
995 513 1048 541 dif-

255 561 334 590 ferre.
346 561 446 590 idcirco
454 562 546 588 beatus
561 560 658 588 Paulus
673 560 722 588 hoc
735 559 833 595 scripto
843 559 949 586 tradidit
959 558 1048 586 :l’rw-

257 608 313 635 terit
336 608 420 643 ﬁgura
444 608 532 634 mundi
555 607 632 640 huius
652 607 690 641 (l.
706 605 765 633 Cor.
780 606 806 633 7.
820 606 867 640 5|)
883 614 889 631 :
903 605 1049 634 ostendens

255 653 368 681 humana
379 653 467 681 omnia
481 653 506 680 in
521 652 603 688 ﬂgura
617 657 718 679 tantum
729 659 804 684 esse,
819 659 851 678 ac
870 651 939 678 sicut
954 652 1046 679 umbra

254 703 282 726 et
296 699 427 726 somnium
440 699 570 730 transire,
590 698 655 725 nihil
675 698 800 729 solidum,
816 698 880 724 nihil
894 705 985 725 verum
998 698 1047 725 ha-

255 745 352 772 bentia.
373 746 470 772 Annon
488 745 567 779 igitur
582 744 663 771 animi
678 743 789 778 puerilis
802 743 852 770 hoc
865 748 920 776 est,
939 744 1048 770 umbras

254 791 399 825 suspicere,
411 791 445 818 de
459 791 570 818 somniis
580 790 729 825 superbire,
740 794 768 816 et
780 790 813 817 iis
827 797 887 824 qua:
899 790 976 824 paulo
988 794 1048 824 post

255 836 425 870 praeteribunt
445 835 601 862 adha-rere?
624 835 741 862 I’rtvterit
755 835 837 866 enim,
854 835 949 870 inquit,
963 835 1047 870 ﬁgura

254 881 329 917 hujus
341 880 437 907 ntundi.
450 880 539 915 Itaque
552 888 612 907 cum
625 880 751 911 audieris,
761 879 887 909 Prteterit.
897 880 959 915 quid
973 885 1046 914 post-

253 927 301 954 hac
314 927 427 961 amplius
436 927 549 962 quaeris?
564 927 670 961 quando
679 926 755 954 audis
766 926 875 962 ﬁgurata
885 926 970 953 solum
987 933 1048 954 esse

255 973 369 999 humana
383 972 472 999 omnia
485 973 649 1007 veritatequc
661 972 798 1005 destituta,
814 979 896 1007 quare
917 977 943 999 te
960 971 1046 1007 decipi

252 1022 347 1052 sponte
363 1016 478 1051 pateris?
497 1024 545 1044 cur
563 1016 683 1052 cogitans
703 1024 782 1051 quam
803 1018 855 1044 sint
872 1016 1006 1044 mutabilia
1019 1022 1045 1044 et

252 1062 333 1094 ﬂuxa,
349 1071 402 1089 non
414 1070 445 1090 ea
458 1063 589 1097 prteteris,
605 1067 633 1089 ut
648 1062 681 1089 ad
695 1063 736 1090 illa
747 1070 806 1097 qua:
819 1069 926 1097 semper
937 1062 1044 1096 durant,

252 1116 284 1136 ac
303 1117 409 1143 semper
427 1109 531 1136 stabilia
543 1129 551 1143 ,
573 1109 723 1144 nulliusque
735 1109 926 1137 Vicissitudinis
939 1109 1046 1144 capacia

252 1158 323 1186 sunt,
338 1153 498 1181 desiderium
513 1152 675 1180 transferas?

286 1201 313 1227 8.
337 1200 402 1227 Nam
424 1204 453 1226 ut
475 1199 544 1227 scias
565 1199 731 1234 prudentiam
745 1199 862 1227 doctoris
875 1199 965 1232 orbis,
982 1199 1042 1227 vide

251 1246 323 1274 illum
334 1246 387 1273 alio
397 1246 455 1274 loco
465 1245 554 1272 omnia
566 1244 695 1280 praeclara
705 1244 783 1280 hujus
798 1246 858 1272 vitae
871 1245 969 1272 nullius
983 1253 1042 1273 esse

252 1293 378 1319 momenti
391 1291 574 1318 demonstrare
585 1291 730 1324 volentem,
741 1291 812 1326 quali
821 1296 909 1319 utatur
917 1291 1040 1326 loquendi

251 1337 331 1364 modo
345 1347 351 1363 :
365 1337 428 1369 Quae
436 1337 502 1364 enim
513 1337 628 1364 videntur
636 1341 810 1363 momentum
819 1341 878 1364 sunt
892 1336 929 1372 (2.
943 1335 1002 1364 Car.
1015 1337 1041 1364 ι.

252 1383 308 1418 18),
330 1383 434 1410 etiamsi
454 1382 606 1410 divitiarum
629 1382 817 1409 abundantiam
839 1382 922 1414 dicas,
941 1382 1044 1409 etiamsi

250 1429 362 1464 gloriam
375 1449 382 1461 ,
403 1428 508 1456 etiamsi
528 1428 693 1461 claritatem,
717 1427 822 1455 etiamsi
848 1428 1042 1463 principatum,

250 1475 353 1502 etiamsi
365 1474 520 1509 potentiam,
531 1473 634 1500 etiamsi
646 1481 767 1507 regnum,
778 1474 881 1500 etiamsi
894 1473 1044 1501 diademate

251 1521 401 1548 redimitqu
431 1520 524 1552 illurn,
549 1519 652 1546 ctiatnsi
673 1518 768 1546 solium
791 1527 945 1553 supremum
963 1528 970 1546 :
987 1519 1044 1546 haec

249 1566 339 1592 omnia
354 1573 413 1600 qua:
428 1565 550 1592 videntur
561 1564 634 1592 brevi
649 1568 769 1599 tempore
779 1564 922 1595 manentia.
937 1572 990 1591 non
1001 1564 1042 1591 ad-

250 1612 357 1638 modum
370 1611 523 1638 diuturnum
543 1611 582 1637 sui
601 1609 714 1637 fructum
735 1609 811 1637 nobis
829 1609 955 1644 praebent.
977 1610 1042 1644 Quze

250 1658 329 1692 igitur
348 1664 397 1684 nos
416 1657 549 1692 inqmrcre
568 1657 619 1689 vis,
633 1655 657 1683 si
676 1656 764 1683 omnia
779 1661 948 1691 temporanea
959 1656 1043 1683 sunt?

250 1702 306 1733 Illa,
320 1702 414 1736 inquit,
430 1710 490 1737 qua:
504 1709 557 1729 non
571 1700 703 1733 videntur.
713 1701 829 1728 nouhtec
841 1709 901 1736 qua:
910 1701 1041 1733 videntur,

247 1747 294 1775 sed
310 1747 350 1774 illa
367 1747 422 1782 ipsa
440 1755 500 1782 qua:
515 1747 587 1774 hisce
601 1747 687 1774 oculis
707 1747 890 1781 corporalibus
910 1755 962 1774 nou
981 1755 1041 1782 spec

247 1798 361 1820 ctantur.
377 1793 409 1820 Et
419 1793 477 1827 quis
488 1793 539 1819 hoc
548 1792 709 1825 consuleret,
726 1796 754 1819 ut
767 1799 828 1827 qua:
838 1791 961 1819 videntur
975 1799 1042 1827 prte-

249 1844 394 1873 ti-reantur,
409 1844 435 1866 et
447 1846 506 1874 qum
521 1846 573 1865 non
587 1838 721 1871 vitentur,
733 1837 915 1872 inquiruntur?
930 1837 987 1872 Ipsa
999 1845 1042 1865 re

248 1893 318 1919 rum,
330 1885 423 1920 inquit,
436 1890 528 1914 natura
537 1885 632 1911 doceat
641 1891 699 1911 vos.
715 1883 780 1911 Nam
794 1883 851 1910 huic
860 1883 968 1918 quidem
980 1883 1042 1910 licet

247 1932 396 1964 videamur,
409 1931 496 1958 statim
509 1937 595 1958 tamen
611 1929 792 1966 praeterﬂuunt
804 1939 812 1956 :
824 1930 869 1957 illa
880 1935 968 1957 autem
981 1929 1042 1957 licet

248 1985 318 2005 nunc
332 1985 363 2005 ca
377 1977 466 2005 videre
479 1985 532 2004 non
548 1977 681 2012 possimus
690 1996 698 2010 ,
712 1981 773 2003 sunt
787 1981 876 2004 tamen
892 1981 1019 2011 perpetua
1030 1997 1038 2009 ,

247 2031 353 2059 semper
366 2023 472 2056 durant,
490 2023 631 2050 terminum
647 2022 779 2054 nesciunt,
796 2022 875 2049 linem
896 2029 949 2048 non
970 2021 1042 2049 acci-

248 2071 337 2106 piunt,
354 2069 562 2097 vicissitudinem
582 2069 719 2104 ignorant,
734 2068 839 2095 stabilia
853 2072 881 2095 et
895 2067 1039 2095 itmnobilia

246 2121 318 2143 sunt.
342 2115 473 2142 Fortassis
493 2114 599 2141 tandem
619 2115 747 2141 molestus
761 2120 822 2141 esse
833 2113 935 2144 videar,
949 2113 1039 2147 quoti-

245 2162 289 2188 die
305 2161 400 2188 frustra
413 2160 556 2187 consulens
568 2168 575 2186 :
589 2159 636 2187 sed
647 2159 710 2194 quid
725 2159 837 2186 faciam?
849 2158 970 2193 Magnum
985 2166 1041 2185 ina-

247 2208 309 2234 litiai
322 2207 449 2232 «ieiunum
464 2211 520 2236 est,
535 2212 630 2238 magna
644 2204 813 2238 pecuniarum
829 2204 947 2238 tyrannis
957 2224 965 2235 ,
981 2211 1038 2231 ma-

246 2260 297 2288 gna
318 2253 442 2279 virtutqu
469 2252 574 2278 raritas.
603 2250 665 2277 ldco
687 2250 766 2285 cupio
786 2250 827 2277 vel
849 2249 1040 2278 admonitioais

249 2299 402 2326 assiduitate
416 2298 537 2325 morlmm
552 2297 658 2324 vincere
669 2317 677 2328 ,
694 2301 723 2323 et
742 2296 915 2323 incolumitati
930 2297 1039 2332 integra:

248 2346 298 2371 huc
313 2344 502 2371 convenientes
516 2342 666 2370 restituere.
682 2342 746 2369 Eam
760 2342 831 2369 enim
844 2342 879 2369 ob
893 2350 949 2370 rem
964 2342 1037 2370 Scri-

246 2395 338 2426 pturas
352 2389 492 2416 enarrandi
511 2393 612 2414 tantum
627 2386 705 2414 nobis
718 2391 758 2414 est
771 2387 887 2414 studium
908 2392 936 2414 et
953 2387 1038 2422 justo-

247 2444 304 2463 rutn
323 2436 433 2462 virtutes
449 2434 474 2461 in
490 2433 606 2461 medium
620 2432 754 2460 aﬂ'erimus
769 2441 776 2460 :
796 2441 844 2460 nec
859 2433 929 2468 piget
944 2434 1038 2461 eadem

246 2482 344 2516 sa-pius
358 2485 489 2516 repetere,
504 2485 530 2506 ut
550 2487 597 2514 per
610 2479 698 2506 omnia
712 2487 757 2506 vos
772 2479 897 2507 inducere
909 2479 941 2506 ad
956 2487 1039 2507 temu-

246 2529 371 2556 lationem
385 2526 518 2560 justorum
533 2525 676 2551 \aleamus.

283 2574 447 2606 lt‘lecmosyuo
461 2570 622 2606 pradirntur.
638 2585 673 2590 —
686 2570 733 2598 Vel
748 2578 810 2598 sero
825 2571 931 2598 tandem
945 2571 1038 2598 salutis

247 2624 345 2646 nostrae
364 2626 454 2645 curam
479 2617 615 2649 faciamus,
631 2622 656 2644 et
673 2617 740 2644 bene
753 2621 859 2645 utamur
872 2617 905 2644 ad
918 2617 1038 2645 inducias

246 2665 322 2692 nobis
337 2663 399 2691 dato
414 2664 492 2698 hujus
506 2665 565 2690 vitae
578 2663 702 2696 deCursu,
714 2667 741 2690 et
754 2663 816 2690 dum
831 2662 918 2690 adhuc
933 2667 1038 2697 tempus

245 2716 297 2743 est,
313 2709 346 2738 ad
362 2710 543 2746 pmnitentiam
555 2713 582 2737 et
594 2708 715 2744 lapsuum
726 2709 918 2736 correctionem
930 2709 1037 2736 festine-

246 2765 305 2784 mus
317 2777 325 2790 ,
342 2757 566 2792 pecuniarumque
580 2755 770 2783 abundantiam
786 2755 811 2781 iu
825 2755 972 2781 animarum
987 2762 1036 2781 no-

244 2809 359 2831 strarum
377 2805 488 2832 salutem
501 2801 682 2837 expendamus
692 2821 699 2834 ,
713 2800 901 2835 superﬂuaque
915 2801 1036 2836 indigen-

245 2852 315 2879 tibus
329 2852 500 2878 insumamus.
524 2849 611 2882 Quare
631 2848 713 2881 enim,
726 2847 768 2875 dic
785 2846 860 2880 mihi,
877 2846 1007 2882 permittis
1019 2853 1034 2874 a

1104 193 1226 228 rubigine
1237 201 1330 220 aurum
1339 199 1368 222 et
1376 201 1514 230 argentum
1525 197 1658 230 consumi,
1681 205 1740 233 qua
1759 201 1898 235 oportebat

1105 238 1129 264 iu
1145 245 1290 273 pauperum
1303 244 1409 267 ventres
1421 239 1574 274 etl'undere,
1591 246 1620 269 ut
1634 242 1659 269 iu
1676 248 1731 272 tuto
1744 251 1891 280 promptua-

1104 282 1145 308 rio
1158 283 1279 318 deposita
1290 304 1298 318 ,
1315 288 1435 319 tempore
1447 293 1499 320 quo
1514 286 1627 314 maxime
1638 295 1704 322 opus
1714 297 1805 316 eorum
1819 291 1895 326 adju‘

1104 327 1172 355 torio
1184 327 1304 362 habebis,
1321 328 1383 356 hinc
1396 330 1608 358 consolationem
1623 332 1762 366 invenias;
1775 340 1803 361 et
1821 335 1866 370 qui
1884 344 1898 362 a

1104 377 1130 400 te
1143 373 1185 401 hic
1197 375 1265 409 pasti
1280 379 1361 407 sunt,
1377 375 1423 402 illo
1435 375 1480 403 die
1496 376 1601 404 fiducia:
1614 378 1686 406 fores
1699 378 1746 406 tibi
1758 380 1879 415 aperiant
1893 403 1900 412 .

1102 423 1130 445 et
1142 419 1272 454 accipiant
1282 424 1309 448 te
1320 421 1345 447 iu
1356 425 1456 449 :eterna
1467 430 1514 448 sua
1527 422 1696 451 tabeniacula
1709 424 1781 460 (Luc.
1793 426 1835 453 lii.
1848 426 1878 461 9)
1890 425 1900 452 1

1104 464 1196 493 Vestes
1205 473 1309 500 quoque
1318 475 1370 494 non
1382 467 1500 494 sinamus
1511 476 1527 495 a
1538 469 1672 497 Vermibus
1682 471 1749 503 rodi,
1759 476 1787 498 et
1796 473 1896 507 absque

1103 518 1151 537 usu
1164 512 1188 538 iu
1201 513 1298 539 arcolis
1313 518 1477 548 putrescere,
1491 522 1551 542 cum
1566 519 1605 542 tot
1616 516 1670 543 sint
1683 518 1728 552 qui
1742 518 1893 554 indigeant,

1102 563 1129 584 et
1156 558 1327 586 obambuleut
1353 560 1416 587 nudi
1437 561 1507 588 :sed
1532 562 1615 596 pluris
1639 562 1766 591 faciamus
1793 565 1892 594 nudum

1101 604 1248 636 Christum,
1263 613 1342 640 quam
1359 606 1454 640 tineas,
1467 612 1495 635 et
1508 608 1648 635 induamus
1659 617 1720 636 eum
1730 611 1775 645 qui
1786 617 1895 645 propter

1101 654 1220 677 nostram
1235 651 1346 678 salutem
1363 652 1448 680 nudus
1458 653 1620 687 obambulat,
1633 660 1663 682 ut
1674 662 1733 682 cum
1753 656 1837 691 ipsum
1853 657 1895 684 in-

1101 695 1248 729 ducrimus,
1260 697 1399 725 audiamus
1411 698 1436 724 in
1449 699 1491 725 die
1506 699 1551 726 illo
1564 708 1570 726 :
1586 699 1679 728 Nudus
1689 710 1757 728 orum
1770 707 1794 728 et
1805 711 1844 729 me
1855 704 1895 730 in-

1101 742 1190 769 duislia
1205 742 1309 777 (Matth.
1324 743 1368 770 23.
1383 744 1430 779 36)
1460 744 1528 772 Num
1541 754 1652 774 onerosa
1666 753 1726 774 sum
1742 750 1895 783 praecepta?

1101 795 1164 814 nutn
1179 789 1309 817 molesm?
1326 789 1362 817 Ea
1374 798 1433 825 qum
1445 796 1570 825 percutit,
1587 792 1681 827 inquit,
1696 801 1754 828 qua:
1768 802 1783 820 a
1797 796 1894 822 vermi-

1101 833 1149 859 bus
1161 834 1333 868 arrodunlur,
1344 843 1403 870 qum
1417 836 1517 870 absque
1532 845 1579 863 llSII
1589 841 1617 864 et
1628 837 1723 864 frustra
1734 846 1891 867 consu'uuu-

1101 884 1153 909 tur.
1171 879 1228 906 lucc
1243 881 1343 907 utiliter
1357 881 1511 916 dispensare
1523 887 1630 918 satagc,
1645 889 1674 910 ιιι
1691 889 1720 910 et
1739 884 1892 913 detrimenti

1100 923 1226 951 damnum
1241 925 1366 960 cﬂ‘ugias,
1389 932 1415 953 et
1434 935 1466 954 ex
1488 927 1551 962 ipsis
1571 929 1672 956 lucrum
1689 931 1830 957 maximum
1847 931 1892 959 tibi

1101 976 1189 1003 pares.
1206 970 1322 1004 Ingent’s
1332 972 1402 998 ellilll
1416 977 1441 998 et
1456 981 1558 1008 magna!
1574 973 1772 1002 inhmnanitatis
1783 981 1822 1003 est
1834 982 1892 1010 post

1101 1018 1138 1040 tot
1153 1014 1282 1042 bonorum
1297 1020 1323 1043 et
1335 1015 1487 1044 faettltatum
1503 1026 1589 1050 llslllll,
1601 1019 1699 1046 arcolis
1713 1024 1740 1047 et
1752 1022 1835 1047 muris
1850 1029 1890 1048 m-

1100 1059 1210 1087 cludere
1225 1061 1356 1096 superﬂua
1367 1083 1375 1094 ,
1389 1067 1416 1089 et
1428 1070 1480 1090 non
1494 1063 1546 1090 illis
1559 1064 1700 1091 sublevare
1713 1067 1891 1100 proximorum

1099 1104 1230 1140 inopiam,
1252 1106 1298 1134 scd
1321 1107 1409 1134 sinere
1431 1115 1445 1133 a
1465 1108 1585 1144 rubigine
1605 1114 1632 1137 et
1652 1109 1720 1137 tinea
1736 1112 1823 1146 potius
1834 1120 1892 1140 cor-

1099 1151 1184 1185 rumpi
1204 1158 1235 1178 ac
1257 1152 1411 1185 pracdonum
1423 1153 1545 1180 manibus
1555 1155 1674 1188 exposita
1690 1155 1849 1190 relinquere,
1865 1161 1892 1184 et

1099 1200 1207 1229 propter
1227 1195 1272 1228 illa
1295 1197 1431 1232 suppliciis
1452 1198 1539 1232 potius
1560 1199 1648 1233 plecti,
1665 1208 1743 1234 quam
1760 1201 1802 1227 ubi
1819 1207 1891 1229 recte

1097 1241 1305 1277 diSpensaveris,
1321 1251 1370 1278 pro
1389 1245 1429 1272 eis
1450 1246 1587 1279 pnemium
1611 1248 1733 1282 arcipere
1761 1248 1889 1280 Obsecro,

1097 1295 1131 1314 ne.
1145 1296 1228 1323 usque
1240 1289 1307 1317 adeo
1322 1290 1434 1318 salutem
1450 1297 1567 1318 nostram
1583 1293 1747 1328 negligamus
1759 1315 1766 1327 ,
1782 1294 1829 1321 sed
1842 1302 1890 1321 ex-

1098 1334 1187 1367 pensis
1200 1334 1226 1360 in
1239 1342 1369 1369 pauperes
1380 1336 1531 1371 superﬂuis.
1545 1346 1665 1372 magnam
1679 1339 1754 1366 nobis
1768 1339 1890 1366 ﬁduciam

1096 1384 1174 1406 antea
1184 1387 1352 1415 reponamus,
1363 1385 1391 1408 ut
1402 1381 1578 1411 ineﬂabilibus
1587 1385 1661 1412 bonis
1671 1385 1720 1412 frui
1731 1393 1890 1420 mereamur,

1096 1425 1180 1459 gratia
1204 1430 1230 1452 et
1254 1426 1437 1455 misericordia
1459 1428 1563 1456 Domini
1587 1430 1670 1457 uestri
1689 1430 1752 1458 Jesu
1772 1431 1886 1465 Christi,

1096 1477 1156 1496 cum
1171 1478 1224 1505 quo
1239 1471 1309 1499 Patri
1330 1477 1358 1500 et
1377 1478 1470 1501 sancto
1487 1473 1596 1509 Spiritui
1611 1476 1693 1511 gloria
1705 1497 1712 1509 ,
1732 1477 1870 1512 imperium
1880 1498 1890 1511 ,

1097 1514 1200 1550 honor,
1221 1524 1292 1544 nunc
1313 1522 1341 1545 ct
1361 1525 1486 1554 semper,
1507 1525 1534 1547 et
1554 1521 1580 1548 in
1602 1522 1700 1549 sucula
1719 1523 1889 1551 saeculorum.

1095 1559 1191 1588 Amen.

1351 1630 1488 1659 IIOMILIA
1510 1631 1629 1661 XXXVI.

1095 1682 1158 1711 Post
1168 1685 1221 1711 lucc
1235 1690 1316 1713 autem
1326 1687 1397 1714 verba
1408 1689 1490 1723 factus
1502 1694 1538 1716 est
1550 1697 1631 1716 sermo
1639 1689 1743 1718 Domini
1751 1692 1786 1718 ad
1796 1693 1889 1720 Abram

1130 1739 1174 1765 per
1189 1731 1306 1758 visionem
1322 1733 1411 1767 noctis,
1426 1734 1531 1762 dicens:
1549 1734 1591 1762 Ne
1612 1735 1699 1763 linteas
1720 1737 1824 1771 Abram,
1845 1747 1890 1774 ego

1129 1780 1254 1811 protector
1269 1783 1325 1804 tuus
1335 1786 1391 1805 sum
1404 1787 1414 1806 :
1428 1787 1521 1807 merces
1535 1784 1577 1807 tua
1585 1780 1665 1808 multa
1675 1782 1720 1809 erit
1729 1783 1802 1810 valde
1812 1783 1890 1819 (Gen,

1132 1822 1172 1849 ιε.
1191 1822 1229 1857 ι).

1131 1879 1156 1906 1.
1172 1878 1311 1907 Thesauro
1323 1881 1437 1916 cuipiam
1451 1882 1546 1910 similis
1558 1887 1599 1911 est
1607 1883 1738 1918 iustorum
1749 1885 1843 1918 virtus,
1862 1887 1888 1914 in

1093 1933 1146 1961 quo
1162 1927 1282 1960 plurima:
1296 1932 1323 1956 et
1337 1928 1485 1956 ineﬂ‘abiles
1499 1929 1598 1958 divitiae
1612 1931 1804 1960 reconduntur.
1822 1933 1887 1961 Nam

1093 1972 1160 1999 sicut
1174 1973 1217 2007 qui
1229 1981 1260 2001 ex
1275 1974 1320 2001 illo
1333 1975 1373 2002 vel
1387 1982 1494 2010 parvam
1515 1976 1656 2010 quamdam
1673 1983 1775 2013 partem
1793 1986 1888 2014 capere

1093 2022 1190 2052 potest,
1202 2019 1298 2047 multas
1325 2020 1375 2047 sibi
1401 2021 1463 2049 inde
1484 2026 1559 2056 parat
1577 2030 1642 2058 opes
1658 2032 1665 2050 :
1680 2023 1715 2051 ita
1730 2026 1838 2053 evenire
1861 2026 1886 2054 in

1093 2063 1233 2092 virtutibus
1244 2065 1402 2100 patriarcha:
1412 2066 1612 2102 deprehendere
1624 2069 1683 2104 quis
1696 2074 1791 2104 potest.
1818 2071 1887 2100 Ecce

1093 2108 1149 2136 fere
1163 2111 1282 2144 quotidie
1295 2119 1327 2139 ex
1342 2112 1452 2140 historia
1465 2114 1523 2149 ejus
1538 2114 1613 2142 vobis
1623 2115 1769 2143 doctrinam
1789 2124 1886 2153 propu-

1093 2160 1197 2188 nentes,
1216 2164 1308 2191 magna
1322 2156 1442 2192 largitate
1451 2159 1600 2186 convivium
1609 2160 1769 2194 praebemus,
1783 2168 1811 2190 et
1823 2163 1887 2190 huc-

1092 2208 1176 2236 usque
1192 2203 1307 2230 nondum
1323 2210 1431 2238 parvam
1454 2205 1584 2233 bonorum
1599 2206 1669 2233 illius
1683 2215 1794 2242 operqu
1823 2217 1884 2243 par-

1093 2251 1145 2274 tem
1157 2255 1284 2275 enarrare
1298 2249 1434 2283 potuimus
1448 2259 1454 2276 :
1468 2251 1548 2277 tantis
1561 2251 1662 2278 scilicet
1675 2253 1792 2280 abundat
1803 2254 1887 2280 virtu-

1092 2293 1171 2320 libus.
1195 2294 1229 2320 Et
1242 2294 1310 2322 sicut
1329 2302 1344 2322 a
1359 2295 1431 2323 fonte
1447 2296 1526 2331 largis
1540 2296 1637 2325 ﬂuente
1661 2299 1734 2330 rivis.
1759 2300 1839 2327 etiam
1863 2301 1884 2327 si

1092 2345 1184 2366 omnes
1198 2339 1332 2374 hauriant,
1349 2349 1400 2368 non
1416 2343 1500 2369 solum
1513 2350 1565 2370 non
1578 2343 1769 2372 imminuantur
1787 2345 1885 2373 ﬂuenta

1092 2391 1108 2411 e
1123 2384 1194 2412 fonte
1209 2387 1354 2419 manantia,
1369 2387 1414 2415 sed
1435 2392 1534 2422 quanto
1560 2389 1649 2423 plores
1672 2395 1733 2417 sunt
1755 2391 1800 2426 qui
1825 2392 1886 2419 inde

1091 2429 1224 2464 hauriant,
1239 2436 1313 2458 tanto
1326 2433 1410 2465 major
1424 2441 1551 2468 aquarum
1564 2434 1602 2461 vis
1616 2436 1727 2462 scaturit
1739 2445 1745 2462 :
1757 2436 1793 2463 ita
1804 2437 1884 2464 etiam

1092 2476 1118 2503 in
1129 2476 1284 2504 admirando
1298 2479 1445 2513 patriarcha
1460 2479 1515 2506 licri
1530 2480 1658 2507 videmus.
1671 2482 1741 2514 Quot
1765 2482 1836 2509 enim
1852 2491 1884 2510 vx

1091 2521 1162 2549 illius
1180 2530 1237 2549 tevo
1257 2523 1289 2550 ad
1304 2523 1355 2550 hoc
1376 2532 1459 2559 usque
1478 2529 1581 2559 tempus
1602 2534 1636 2553 ex
1662 2526 1735 2554 fonte
1754 2527 1883 2555 bonorum

1091 2568 1162 2596 illius
1172 2576 1283 2604 operum
1292 2569 1427 2604 hauriunt,
1442 2575 1469 2597 et
1484 2579 1536 2598 non
1548 2571 1633 2598 solum
1649 2572 1746 2601 ﬂuenta
1761 2580 1870 2601 uoueva

1090 2618 1212 2647 enarunt,
1228 2615 1274 2640 sed
1289 2615 1372 2642 tuulto
1385 2614 1561 2643 abundantior
1574 2620 1703 2644 bonorum
1717 2624 1829 2652 operum
1837 2626 1883 2646 co-

1090 2660 1131 2694 pia
1147 2665 1235 2686 manat
1245 2660 1257 2686 ἲ
1269 2660 1342 2688 Sicut
1352 2661 1422 2687 enim
1433 2662 1701 2696 catenamquamdam
1715 2670 1835 2695 auream,
1847 2664 1886 2690 sic

1089 2705 1148 2738 ejus
1161 2705 1296 2732 historiam
1308 2706 1333 2732 in
1351 2705 1486 2740 Scriptura
1498 2707 1584 2734 divina
1595 2708 1753 2735 recensitam
1767 2708 1886 2735 invenie-

1090 2759 1166 2783 mus;
1180 2758 1211 2778 ac
1225 2751 1334 2786 singulis
1350 2753 1511 2787 temporibus
1525 2753 1611 2788 prituo
1624 2753 1697 2780 illum
1710 2754 1885 2782 observamus

1089 2805 1160 2824 vera:
1173 2797 1348 2833 philosophia:
1362 2799 1508 2834 specimina
1530 2799 1712 2834 exhibentem,
1739 2802 1883 2836 statimque

1089 2848 1245 2880 sequentem
1260 2843 1306 2871 Dei
1320 2846 1573 2872 remunerationem.
1590 2845 1622 2873 Et
1637 2850 1665 2873 ut
1675 2846 1784 2874 discatis
1806 2847 1840 2874 ita
1853 2855 1883 2875 se
