2055 3123
215 121 266 149 555

215 177 366 210 tllgltﬂfltrm.
379 188 425 203 sua
442 176 467 203 in
484 184 573 211 regem
586 182 613 204 et
628 177 654 204 iu
668 178 774 206 domum
787 179 844 214 ejus
859 179 977 208 immissa
994 199 1001 211 ,

215 224 259 250 sed
272 229 298 251 et
311 225 486 258 patriarcham
507 233 568 252 cum
589 233 682 260 magna
699 226 780 260 gloria
793 227 818 253 in
836 227 1003 254 Palmstinam

214 278 244 296 ex
257 269 372 305 [Egypto
386 269 473 297 redire
487 271 597 297 curavit.
612 270 756 297 Considera
780 271 914 305 quomodo
930 270 1004 296 beni-

214 324 282 350 gnus
295 316 421 343 [)tnuinus
434 317 458 343 in
476 317 570 343 mediis
584 316 709 344 auxilium
726 316 840 343 alTereus
852 315 1006 342 tentalinni-

215 362 283 392 hus'.
297 362 423 389 athletam
438 370 514 389 suum
529 362 560 389 ad
577 362 685 390 ferenda
700 362 839 397 sequentia
860 362 1005 389 certamina

217 406 353 433 fortiorem
369 407 469 434 reddit:
487 414 535 434 nec
546 415 670 442 umquam
686 415 746 434 eum
758 414 806 434 suo
825 406 944 434 destituit
958 406 1006 432 ad-

216 453 336 486 jntncnto
348 474 354 484 ,
369 453 417 480 sed
433 455 458 480 in
475 454 597 480 outnibus
611 461 665 481 rem
680 454 714 480 ita
727 457 857 487 tetnpcrat
868 473 876 486 ,
891 456 917 479 ut
931 451 1008 486 plane

218 499 307 525 videat.
321 498 377 532 ille,
393 507 422 526 se
436 507 513 533 parva
530 499 687 534 proferendo
699 519 705 531 ,
719 500 821 533 magnis
831 503 857 526 et
873 498 968 525 mirum
983 499 1008 524 in

219 544 326 571 modum
342 545 453 578 magnis,
469 544 665 580 humanamque
681 548 801 571 naturam
819 543 1010 570 transcenden-

220 589 290 616 tibus
302 590 476 616 remunerari.
495 589 589 616 Vidisti
603 590 666 624 justi
680 589 854 624 patientiam?
868 588 933 615 Vide
947 589 1010 615 item

221 639 280 669 post
294 635 406 662 reditum
423 643 455 662 ex
470 634 587 670 {Egypto
600 635 755 662 humilitatis
767 634 973 669 magnitudinem
984 638 1012 661 et

221 680 353 714 insignem
379 680 620 707 mansuetudinem.
648 680 714 707 Nam
744 687 805 707 eum
834 679 957 706 rediisset
979 680 1012 707 ab

223 724 340 759 (Egypto
355 745 362 755 ,
387 725 549 759 lltltltamqllc
570 725 719 759 possideret
738 725 913 751 substantiam
937 727 946 758 (
965 732 1013 751 nec

222 769 280 804 ipse
294 769 367 796 solus
380 790 386 801 ,
409 770 456 796 sed
471 770 558 797 fratris
573 771 642 797 lilius
655 771 845 805 sequebatur),
861 770 920 797 Non
931 771 1014 805 capie-

222 814 273 844 bat,
286 815 379 848 inquit,
394 823 435 841 eos
449 819 515 841 terra
528 821 553 841 ut
569 815 709 842 habitarent
721 815 795 842 simul
810 815 884 850 (Gen.
902 816 945 842 l5.
960 815 988 850 ϐ)
1006 835 1012 848 ,

222 859 282 893 quia
302 860 398 886 multas
422 860 559 886 facultates
580 860 712 887 habebant
728 869 734 886 :
751 861 820 887 unde
842 866 866 887 et
883 861 938 887 rixa
957 865 1014 887 orta

225 910 266 933 est
280 906 348 932 inter
360 910 480 939 pastores
495 906 544 932 Lot
565 911 592 933 et
607 906 716 933 Abram.
731 906 805 933 Tunc
817 907 904 940 justus
919 906 1015 933 anima:

224 959 280 978 sua:
296 952 527 978 mansuetudinem
547 956 573 978 et
597 952 750 986 pr'arclaram
767 951 919 985 patientiam
936 959 1015 978 mou-

224 1001 322 1027 strans,
337 1000 430 1023 vocato
443 995 493 1022 Lot
505 996 571 1022 dixit
590 1005 596 1022 :
623 995 664 1022 Ne
677 997 707 1023 sit
721 997 776 1022 rixa
789 997 855 1022 inter
868 1004 907 1023 me
925 1001 949 1022 et
969 1000 992 1022 te
1008 1016 1015 1028 ,

224 1046 247 1068 et
262 1042 325 1068 inter
339 1047 452 1076 pastores
467 1050 535 1068 meo:
556 1046 580 1068 et
603 1047 718 1075 pastores
734 1047 790 1068 tuo:
806 1061 814 1074 ,
829 1042 888 1076 quia
904 1041 1017 1068 homines

225 1088 318 1121 fratres
335 1094 422 1112 sumus
437 1094 483 1113 nos
501 1085 510 1121 (
525 1085 590 1112 Ibid.
607 1095 629 1112 υ.
642 1087 658 1113 8
675 1087 701 1118 l;
716 1087 793 1121 quasi
807 1086 908 1113 diceret
924 1095 930 1113 :
947 1085 1017 1113 Nihil

227 1139 292 1166 pace
319 1133 509 1166 praestantius;
526 1132 592 1159 nihil
616 1129 787 1159 etﬁuenlione
811 1133 966 1159 damnosins
991 1137 1019 1160 et

227 1177 342 1212 gravius.
369 1177 401 1205 Ut
422 1177 501 1212 igitur
523 1186 538 1204 e
553 1177 642 1204 medio
654 1178 780 1204 tollamus
795 1185 901 1205 omnem
915 1177 1018 1205 rixandi

227 1224 376 1255 materiam,
387 1223 455 1258 elige
468 1232 546 1257 quam
563 1224 678 1250 volueris
694 1224 839 1258 regionem,
850 1229 875 1250 et
889 1224 1018 1257 reliquam

227 1269 291 1296 mihi
307 1269 441 1303 relinque,
468 1274 496 1296 ut
510 1276 524 1295 a
540 1269 623 1295 litium
637 1272 664 1295 et
676 1268 877 1295 contentionum
899 1269 1019 1295 molestia

229 1313 312 1341 simus
326 1313 416 1341 alieni.
435 1313 526 1341 Vidisti
540 1314 589 1341 viri
606 1314 750 1341 virtutem?
764 1314 849 1342 CeSSit
860 1314 960 1349 juniori
972 1322 1020 1350 po-

227 1358 326 1386 tiorum
342 1358 472 1386 electione
484 1378 492 1392 ,
506 1359 564 1393 ipse
586 1363 728 1386 canteutns
749 1359 842 1386 viliore
867 1363 948 1386 terra.
967 1359 1020 1386 Sed

228 1403 288 1431 vide
303 1403 347 1431 ltie
360 1405 439 1432 etiam
452 1408 579 1439 quantam
593 1404 744 1432 mercedem
759 1409 850 1431 nactus
866 1406 900 1432 sit
921 1411 969 1439 pro
988 1405 1020 1432 iis

228 1449 285 1477 suis
297 1449 402 1477 ofﬁciis.
419 1449 514 1477 Statim
530 1450 601 1476 enim
613 1450 780 1484 separatione
794 1458 807 1475 a
824 1450 872 1476 Lot
885 1450 951 1477 facta
962 1471 969 1483 ,
983 1451 1021 1478 ait

229 1494 267 1522 illi
291 1495 377 1523 Deus:
394 1494 506 1522 Elevatit
529 1496 610 1522 oculis
624 1496 673 1522 tuis
692 1496 748 1522 vide
767 1503 864 1522 onnmn
885 1501 977 1522 terram
990 1496 1022 1523 ab

230 1541 300 1567 omni
310 1545 382 1576 parte
392 1549 401 1568 .'
413 1541 473 1576 quia
492 1549 591 1568 omnem
605 1546 697 1568 terram
711 1562 718 1574 ,
735 1550 810 1574 quam
826 1547 851 1568 tu
866 1542 934 1568 vides
950 1563 958 1575 ,
978 1541 1023 1569 tibi

230 1585 297 1612 dabo
311 1590 333 1611 et
347 1585 437 1612 stantini
457 1590 499 1612 tuo
523 1594 602 1619 usque
620 1586 647 1612 in
665 1586 783 1613 meatum
806 1586 815 1621 (
830 1585 900 1613 Ibid.
915 1595 940 1614 ιι.
957 1587 990 1613 14
1002 1587 1021 1621 ).

231 1629 376 1657 Considera
395 1632 501 1665 quantis
517 1631 653 1658 beneficiis
670 1631 766 1658 merito
781 1630 897 1658 afficitur
914 1631 948 1659 ob
962 1639 1022 1659 mo-

231 1675 343 1703 destiam
357 1695 365 1707 .
379 1683 458 1709 quam
471 1683 534 1710 erga
548 1675 636 1702 fratris
649 1676 731 1702 [ilium
742 1676 888 1703 declaravit
903 1685 910 1703 :
924 1682 951 1703 et
967 1677 1024 1711 ipse

231 1719 338 1754 quidem
353 1725 382 1746 ιιι
394 1721 481 1754 parvis
501 1721 580 1747 cessit
595 1740 603 1752 ,
618 1720 701 1747 multo
722 1720 822 1754 majora
843 1726 1024 1755 consequutus

232 1771 275 1792 est
292 1774 298 1791 :
315 1765 359 1792 ille
371 1770 459 1793 autem
476 1766 519 1800 qui
535 1766 664 1800 potiorem
682 1770 782 1800 partem
797 1766 953 1801 delegerat,
970 1773 1023 1794 non

234 1811 319 1838 multo
342 1817 402 1846 post
420 1812 445 1839 in
469 1812 586 1846 pericula
608 1812 756 1839 inciditch
781 1820 832 1839 non
856 1813 942 1839 solum
958 1812 1024 1841 nihil

233 1858 366 1885 commodi
382 1858 415 1885 ab
429 1858 560 1886 electione
571 1859 689 1893 accepit,
704 1859 751 1886 sed
763 1865 789 1886 et
804 1859 924 1893 captivus
934 1864 961 1887 et
974 1859 1024 1887 do-

235 1911 279 1930 mo
294 1907 373 1937 atque
386 1903 444 1930 foco
459 1907 569 1938 repente
582 1904 661 1931 simul
685 1904 803 1939 privatus
814 1909 854 1932 est
871 1913 877 1937 ;
893 1905 1025 1940 rebusque

223 1949 298 1983 'ipsis
313 1948 404 1976 didicit
420 1956 498 1984 quam
514 1949 704 1989 exitnia‘virtus
718 1950 791 1983 justi,
807 1954 834 1977 et
850 1951 906 1985 ipse
916 1951 1026 1978 edortus

233 1999 275 2021 est
297 2002 330 2022 ne
354 1999 443 2029 postea
466 1994 529 2029 quid
553 2003 676 2030 umquam
700 1996 751 2022 tale
780 2000 932 2023 attentaret.
959 1996 1025 2023 Nam

236 2044 374 2074 postquam
387 2040 510 2068 Sodomis
530 2040 650 2079 habitare
666 2042 745 2075 coepit
761 2063 767 2073 ,
780 2042 868 2070 statim
882 2042 1026 2069 excitatum

235 2089 276 2112 est
288 2093 369 2120 grave
384 2086 482 2113 bellum
498 2106 504 2118 ,
517 2091 544 2113 et
557 2087 704 2114 vicinarum
715 2088 832 2121 gentium
849 2095 924 2121 reges
941 2088 1027 2114 insur-

236 2135 362 2158 rexerunt
374 2136 401 2158 et
411 2139 517 2158 omnem
533 2132 669 2166 regionem
684 2132 761 2159 simul
777 2132 929 2166 depopulati
946 2137 1024 2164 sunt;

236 2176 436 2210 gigantibusque
450 2176 545 2203 occisis
562 2197 569 2209 ,
583 2181 609 2203 et
629 2177 781 2204 Antalecitis
794 2177 911 2211 expulsis
921 2197 928 2210 ,
946 2177 1028 2204 etiam

236 2221 414 2248 Sodomorum
428 2229 517 2255 regem
528 2226 555 2249 et
565 2222 721 2250 Gomorrlne
734 2222 759 2249 in
771 2221 859 2256 fugam
874 2227 1027 2256 verterunt,

240 2266 373 2292 tuontauis
387 2267 511 2293 onmibns
524 2267 670 2301 occupatis,
686 2271 714 2294 et
726 2267 845 2301 equitatu
857 2267 927 2302 regis
940 2266 1028 2295 Sodo-

239 2317 341 2337 morum
357 2315 450 2338 aveeto
463 2318 514 2337 una
530 2318 589 2338 cum
604 2311 653 2337 Lot
663 2311 777 2346 captivo,
790 2311 956 2344 mulieribus,
973 2320 1030 2340 om-

239 2356 370 2390 nibusque
384 2357 506 2387 sarcinis,
518 2356 650 2384 abierunt.

274 2402 301 2429 5.
317 2402 370 2430 Sed
395 2402 455 2430 vide
479 2403 574 2431 iterum
601 2403 734 2437 ingentem
757 2403 802 2430 Dei
826 2403 1028 2438 providentiam.

241 2448 339 2475 Volens
353 2448 422 2475 enim
436 2448 514 2475 simul
528 2453 555 2475 et
570 2448 619 2475 Lot
636 2455 651 2474 a
666 2448 819 2482 captivitate
839 2448 951 2475 liberum
967 2449 1030 2476 red-

239 2497 304 2524 dere
317 2517 324 2528 ,
339 2500 366 2524 et
378 2495 536 2531 patriarchae
547 2495 657 2530 gloriam
672 2495 754 2529 magis
768 2495 910 2527 illustrare,
932 2495 1032 2522 excitat

239 2543 339 2577 justum
353 2546 381 2569 ut
397 2540 484 2568 fratris
498 2541 552 2567 tilio
567 2545 713 2568 succurrat.
737 2539 802 2567 Nam
819 2545 848 2566 ut
866 2539 957 2567 didicit
972 2547 1032 2574 qum

242 2588 309 2614 facta
320 2591 407 2619 erant,
417 2593 476 2614 eum
492 2586 640 2614 vernaculis
653 2585 708 2613 suis
724 2585 823 2620 impetu
835 2585 905 2612 facto
919 2585 944 2613 in
955 2591 1032 2619 reges

243 2633 303 2659 illos
315 2653 322 2666 ,
337 2632 396 2659 illos
411 2631 486 2659 facile
502 2631 646 2667 proﬂigavit
657 2652 665 2666 ,
681 2635 708 2658 et
727 2631 778 2658 Lot
794 2635 874 2666 atque
895 2631 1030 2662 mulieres,

242 2683 269 2706 et
283 2685 389 2705 omnem
408 2678 553 2712 equitatum
570 2678 639 2713 regis
654 2677 758 2705 reduxit
773 2685 779 2704 :
800 2677 894 2712 quibus
910 2680 962 2703 tam
977 2675 1033 2703 cla-

243 2725 281 2752 ris
294 2724 444 2758 triumphis,
460 2724 582 2751 omnibus
599 2723 726 2758 patefacta
742 2728 782 2751 est
798 2723 891 2757 ingens
907 2722 953 2749 Dei
969 2728 1032 2755 erga

246 2771 319 2796 illum
331 2768 514 2796 benevolentia
525 2790 533 2802 ,
547 2774 571 2795 et
586 2769 672 2803 ipsum
686 2776 738 2795 non
761 2776 808 2795 sua
822 2768 920 2794 virtute
933 2771 1032 2793 tantam

244 2821 358 2851 stragem
380 2815 491 2848 iecisse,
518 2814 564 2842 sed
587 2821 700 2849 superna
716 2814 811 2845 virtute
833 2813 973 2840 munitmn.
1001 2810 1034 2838 Et

573 123 601 149 S.
621 123 760 150 J0.\t\t\lS
780 119 808 148 Cl
814 119 820 146 l
826 114 1016 145 liYSOS'l'UMl

1073 115 1194 142 ltillll-LP.
1213 113 1478 147 CONSTANTINOP.
1795 118 1843 143 7.3!;

1059 177 1115 212 ipse
1129 183 1234 212 quoque
1246 175 1393 212 patriarcha
1406 175 1470 209 ipsis
1483 173 1560 201 rebus
1573 172 1722 200 enitehalttr
1734 193 1740 204 ,
1757 177 1785 199 ut
1798 173 1845 200 So.

1057 223 1164 249 domitis
1178 222 1302 249 omnibus
1315 220 1409 248 doctor
1427 219 1507 247 divini
1522 219 1609 246 cultus
1627 219 1702 245 Iieret
1714 238 1720 248 ,
1743 225 1845 244 necnon

1060 267 1150 294 verbis
1163 267 1215 294 illis
1225 266 1299 301 queis
1313 273 1401 301 regem
1415 265 1608 299 alloquebatur.
1635 263 1699 290 Nam
1714 270 1774 297 quia
1787 270 1846 288 ctnn

1059 313 1219 339 occurrisset
1241 319 1288 338 rex
1299 332 1306 344 ,
1327 316 1354 338 et
1373 318 1420 345 pro
1435 309 1514 337 rebus
1527 309 1609 344 gestis
1626 309 1724 342 gratias
1739 307 1846 342 egisset.

1060 365 1090 384 ac
1103 364 1209 384 omnem
1220 357 1366 392 equitatum
1379 355 1403 382 ei
1417 363 1445 382 se
1457 355 1616 382 denaturum
1629 354 1749 386 diceret,
1765 352 1848 379 homi-

1061 409 1160 436 nesque
1173 402 1308 429 dumtaxat
1321 405 1490 436 accepturum
1505 409 1512 427 :
1529 400 1588 426 vide
1603 400 1699 426 iterum
1711 399 1776 433 justi
1789 406 1847 424 ma-

1060 447 1259 482 gnanimitatem
1271 467 1279 480 ,
1298 445 1431 480 quomodo
1453 445 1628 479 pbi!osoplti.e
1647 451 1702 471 suae
1715 443 1848 478 specimen

1061 494 1169 521 exhibet
1181 514 1188 525 ,
1211 493 1354 520 ostendens
1374 499 1404 519 se
1422 491 1502 518 donis
1516 490 1667 525 huiusmodi
1686 490 1850 525 superiorem

1063 547 1140 572 esse.
1165 547 1279 574 eumque
1298 538 1331 565 ad
1347 545 1416 565 verae
1441 537 1576 570 religionis
1599 536 1719 563 notitiam
1741 534 1848 562 inducit.

1063 586 1121 614 Non
1147 585 1218 613 enim
1241 584 1396 619 simpliciter
1417 583 1481 610 dicit
1497 591 1504 609 :
1519 582 1576 609 Non
1596 582 1682 617 patiar
1703 586 1732 608 ut
1755 579 1851 615 aliquid

1064 636 1167 659 tuorum
1182 637 1320 657 munerum
1331 628 1363 655 ad
1374 635 1416 655 me
1426 628 1525 660 redeat,
1540 635 1592 654 non
1607 626 1721 653 mibitali
1732 626 1853 652 mercede

1064 685 1131 712 opus
1141 682 1181 704 est
1195 685 1202 704 :
1217 675 1263 703 sed
1274 675 1358 710 quid?
1372 673 1514 701 Extendunt
1525 681 1626 699 manum
1640 680 1720 698 nteant
1731 672 1764 697 ad
1775 670 1853 696 Deum

1066 723 1216 749 altissimum
1226 742 1234 754 ,
1249 720 1324 756 quasi
1339 720 1438 747 docens
1451 726 1511 746 eum
1527 727 1534 744 :
1547 718 1603 744 Non
1618 721 1681 744 sunt
1695 716 1730 743 dii
1744 717 1788 750 qui
1801 724 1815 741 a
1830 721 1854 742 te

1066 768 1208 799 colttutur,
1233 766 1279 793 sed
1306 766 1373 800 ligna
1394 769 1420 791 et
1442 763 1543 798 lapides
1560 771 1566 788 :
1581 762 1628 789 sed
1650 769 1717 788 unus
1731 765 1773 788 est
1789 760 1855 786 Deus

1067 820 1147 847 super
1163 812 1266 843 omnia,
1287 810 1336 843 Qui
1351 810 1443 836 creavit
1456 808 1543 835 aetum
1560 812 1582 834 et
1602 812 1693 834 terram
1708 813 1716 832 :
1730 805 1797 840 quod
1808 813 1856 831 non

1067 857 1189 892 accipiant
1202 865 1217 882 a
1233 861 1256 882 te
1277 855 1308 881 de
1328 853 1441 888 {anicula
1461 860 1539 887 usque
1560 852 1594 878 ad
1614 851 1791 886 spltwroterem
1806 857 1815 876 :
1831 855 1856 876 ut

1069 911 1102 931 ne
1117 903 1252 930 exis-times
1275 909 1318 928 tne
1340 900 1446 927 illorum
1465 899 1548 934 gratia
1561 899 1689 925 ultionem
1702 897 1856 931 sumpsisse,

1068 955 1095 977 et
1108 957 1142 977 ne
1155 949 1242 975 dicere
1257 946 1342 983 possis
1356 952 1382 974 te
1395 946 1459 973 mihi
1481 944 1648 972 abundantia:
1664 943 1747 970 fuisse
1767 946 1856 968 aucto-

1070 1004 1136 1024 rem.
1151 995 1215 1023 Nam
1227 995 1270 1029 qui
1282 1002 1324 1020 me
1334 992 1496 1027 triumphare
1509 996 1536 1018 et
1546 991 1652 1017 vincere
1662 989 1773 1020 curavit,
1790 987 1858 1014 idem

1069 1045 1098 1069 et
1112 1041 1216 1068 divitias
1240 1038 1343 1066 abunde
1366 1038 1431 1064 mihi
1455 1036 1615 1071 suppeditat.
1636 1034 1700 1061 Vide
1714 1033 1858 1068 quomodo,

1070 1088 1092 1114 si
1118 1085 1224 1121 quidem
1251 1084 1353 1111 lucrum
1376 1082 1464 1110 facere
1486 1081 1613 1107 voluisset
1634 1087 1700 1111 rex,
1724 1083 1859 1105 auctorem

1071 1139 1215 1167 agnoscere
1234 1130 1351 1158 victoria:
1374 1137 1407 1156 ex
1429 1127 1587 1163 patriarcha:
1611 1126 1699 1153 verbis
1722 1124 1860 1160 potuis~et.

1072 1177 1222 1204 Daci-batur
1243 1175 1314 1203 enim
1339 1175 1450 1209 posthac
1463 1179 1515 1200 n0u
1531 1171 1664 1199 fldendum
1679 1171 1794 1205 propria:
1808 1176 1862 1195 sua:

1072 1222 1172 1254 virtuti,
1180 1221 1225 1248 sed
1234 1219 1428 1255 agnoscendum
1439 1222 1575 1245 auctorem
1587 1216 1717 1249 omnium,
1727 1214 1863 1241 ridendos-

1071 1275 1123 1302 quc
1137 1266 1251 1294 manufa.
1263 1270 1302 1292 tos
1316 1265 1397 1295 deos,
1413 1268 1440 1290 ct
1452 1262 1592 1290 colendum
1608 1262 1690 1288 Dcum
1703 1260 1747 1295 qni
1762 1264 1803 1286 e-t
1817 1266 1863 1285 su-

1074 1317 1120 1343 per
1143 1307 1231 1334 omnia
1245 1327 1252 1340 ,
1279 1307 1322 1341 qui
1347 1306 1434 1332 omnia
1457 1304 1593 1336 condi-Iit,
1621 1303 1665 1337 qui
1686 1307 1713 1329 et
1735 1302 1863 1328 honorum

1072 1355 1190 1382 omnium
1207 1353 1267 1380 fons
1281 1357 1332 1379 est.
1358 1351 1392 1378 Et
1409 1351 1435 1377 in
1450 1357 1553 1377 summa
1566 1349 1684 1376 dis‘Cebat
1698 1355 1730 1374 ex
1742 1346 1865 1373 omuilnts

1073 1399 1231 1434 patriarcha:
1244 1398 1379 1424 virtutem.
1405 1395 1471 1422 Nam
1489 1402 1523 1422 ne
1540 1394 1705 1421 existimaret
1719 1399 1803 1426 ipsum
1820 1397 1865 1425 per

1073 1444 1251 1478 arrogantiam
1268 1447 1294 1470 et
1313 1442 1407 1469 fastum
1422 1441 1483 1468 data
1499 1444 1669 1468 contemnere
1681 1459 1688 1471 ,
1712 1438 1810 1464 idcirco
1824 1437 1865 1463 di-

1074 1490 1132 1517 cit:
1149 1489 1205 1524 Ego
1227 1487 1333 1523 quidem
1358 1487 1423 1514 nihil
1445 1493 1548 1513 sumam
1568 1491 1677 1518 :ncque
1701 1483 1773 1510 enim
1798 1488 1866 1516 opus

1075 1535 1177 1567 habeo,
1200 1540 1285 1568 neque
1308 1532 1413 1566 indigeo
1436 1535 1465 1557 ut
1479 1537 1545 1557 mem
1560 1529 1699 1556 facultates
1722 1530 1866 1561 augeantur

1075 1580 1108 1607 ab
1120 1580 1178 1607 aliis
1193 1588 1199 1605 ε
1215 1579 1255 1606 eis
1275 1582 1363 1605 autem
1376 1577 1420 1611 qui
1434 1575 1613 1611 periculorum
1626 1580 1745 1600 meorum
1760 1571 1867 1599 fuerunt

1075 1626 1150 1656 socii,
1167 1625 1316 1660 permittam
1331 1628 1359 1650 ut
1373 1630 1434 1650 suas
1447 1622 1582 1656 portiones
1591 1619 1731 1654 accipiant,
1743 1625 1796 1652 quo
1808 1624 1868 1651 par-

1077 1679 1134 1698 vam
1162 1671 1276 1705 aliquam
1299 1669 1421 1696 laborum
1444 1665 1654 1694 consolatiOnem
1675 1663 1799 1690 habeant.
1831 1661 1868 1688 ita

1076 1717 1252 1744 Sodomorum
1267 1714 1323 1749 regi
1339 1712 1583 1748 responditjustus.

1113 1761 1274 1795 Sacri/icium
1293 1759 1459 1787 Melehisedec
1474 1759 1560 1793 refert,
1577 1761 1599 1784 et
1614 1761 1640 1782 ut
1653 1761 1741 1791 typum
1763 1754 1865 1781 Eur/ta-

1077 1808 1154 1835 ristia:
1169 1806 1297 1841 proponit.
1311 1820 1344 1824 —
1369 1804 1511 1838 Postquam
1527 1807 1616 1829 autem
1636 1805 1664 1828 et
1682 1799 1868 1830 Melchisedec,

1078 1861 1123 1880 rex
1137 1852 1225 1880 Salem
1239 1872 1246 1884 ,
1271 1857 1352 1886 panes
1366 1854 1393 1877 et
1407 1849 1498 1876 vinum
1517 1847 1651 1879 adferens,
1665 1853 1697 1873 ea
1713 1845 1761 1879 ipsi
1776 1844 1871 1872 obtulit

1079 1897 1161 1934 (Erat
1181 1897 1246 1924 enim
1260 1895 1392 1927 sacerdos,
1417 1894 1501 1928 inquit
1514 1913 1522 1926 ,
1537 1892 1584 1919 Dei
1601 1890 1718 1918 altissimi
1732 1888 1807 1925 [Gem
1825 1889 1870 1915 Η.

1080 1943 1163 1979 18]),
1187 1943 1220 1969 ab
1238 1942 1283 1969 illo
1306 1941 1408 1975 accepit
1430 1940 1528 1967 oblata.
1552 1937 1651 1966 Deinde
1666 1941 1695 1964 ut
1715 1935 1873 1971 rependeret

1080 1988 1294 2016 benedictionem
1306 2007 1313 2019 ,
1333 1993 1413 2021 quam
1425 1985 1459 2012 ab
1470 1992 1504 2012 eo
1522 1987 1680 2018 acceperat,
1697 1987 1723 2009 et
1737 1980 1873 2016 glorifica-

1080 2034 1178 2060 tionem
1191 2033 1216 2060 in
1232 2033 1313 2059 Deum
1329 2031 1447 2065 (dixerat
1461 2029 1542 2061 enim,
1552 2027 1701 2054 Benedictus
1714 2026 1808 2052 Abram
1818 2023 1873 2050 Deo

1080 2080 1203 2107 altissimo
1213 2099 1221 2112 ,
1242 2083 1265 2105 et
1279 2077 1421 2104 benedictus
1436 2075 1503 2103 Deut
1517 2073 1677 2109 qui-Jradidit
1689 2071 1804 2099 inimicos
1817 2075 1872 2096 tuo:

1080 2127 1106 2153 in
1119 2133 1209 2153 manus
1224 2123 1291 2157 tuas)
1303 2143 1310 2155 ,
1332 2123 1450 2150 decimas
1462 2121 1486 2148 ei
1501 2119 1574 2147 dedit
1587 2119 1622 2146 de
1641 2117 1767 2146 omnibus
1779 2115 1872 2150 spoliis

1081 2180 1140 2207 qua:
1152 2170 1285 2198 attulerat.
1298 2168 1391 2196 Vidisti
1403 2170 1528 2202 quantam
1540 2165 1665 2200 pietatem
1678 2167 1704 2190 et
1718 2161 1873 2196 religionem

1083 2219 1109 2245 in
1125 2217 1248 2244 omnibus
1270 2223 1326 2250 pra:
1340 2221 1369 2241 se
1385 2213 1450 2241 ferat
1465 2212 1569 2246 justus,
1594 2214 1622 2238 et
1635 2207 1769 2245 quomodo
1783 2214 1798 2233 a
1812 2213 1873 2240 rege

1082 2263 1258 2291 Sodomorum
1272 2268 1288 2287 a
1310 2259 1427 2287 funiculo
1442 2265 1526 2293 usque
1546 2256 1579 2283 ad
1599 2255 1789 2290 sphazrolerem
1803 2252 1873 2278 acci-

1084 2316 1148 2344 pere
1163 2307 1225 2335 nihil
1237 2307 1328 2339 voluil,
1340 2304 1442 2339 accepit
1455 2307 1543 2330 autem
1558 2309 1589 2330 ea
1600 2309 1658 2336 qua:
1673 2308 1687 2327 a
1699 2297 1875 2326 Melchisedce

1084 2360 1145 2382 sunt
1164 2354 1251 2380 oblata
1261 2374 1268 2385 ,
1283 2351 1433 2379 retribuens
1446 2354 1473 2377 et
1486 2356 1532 2376 sua
1544 2348 1556 2374 τ
1579 2347 1675 2382 quibus
1687 2345 1813 2372 nimirum
1827 2350 1876 2370 nos

1084 2400 1171 2428 dueuit
1185 2419 1192 2432 ,
1208 2397 1357 2425 habenduut
1370 2397 1484 2431 aliquem
1500 2394 1632 2422 delectum
1645 2413 1653 2424 ,
1669 2397 1696 2418 et
1710 2399 1764 2418 non
1776 2389 1874 2424 passim

1084 2443 1118 2471 ab
1131 2442 1254 2469 omnibus
1264 2441 1333 2468 dona
1347 2439 1511 2473 accipienda.
1527 2437 1593 2465 Nam
1607 2435 1728 2471 quamvis
1739 2432 1875 2462 Sodomita

1086 2489 1131 2515 ille
1145 2487 1234 2514 oblato
1251 2487 1322 2514 dono
1340 2485 1406 2519 grati
1420 2483 1501 2511 animi
1521 2483 1595 2517 signa
1608 2481 1701 2513 daret,
1716 2485 1775 2508 erat
1789 2484 1877 2506 tauten

1085 2534 1201 2568 alioquin
1220 2532 1370 2560 incredulus
1384 2551 1391 2562 .
1406 2535 1434 2558 et
1448 2529 1614 2557 institutione
1625 2527 1706 2555 nmlta
1721 2525 1855 2559 indigebat
1870 2533 1876 2550 :

1087 2579 1197 2615 proinde
1221 2576 1370 2614 patriarcha
1391 2576 1460 2603 dona
1483 2574 1590 2610 quidem
1610 2571 1749 2606 despexit,
1770 2576 1878 2597 omnem

1087 2631 1174 2653 autem
1190 2631 1279 2651 curam
1294 2622 1430 2655 adhibuit,
1445 2626 1471 2648 et
1485 2628 1533 2655 per
1547 2627 1577 2647 ea
1592 2626 1651 2654 qua:
1665 2617 1787 2652 accipere
1800 2621 1880 2642 recu-

1087 2671 1164 2703 sarit,
1185 2675 1212 2697 et
1236 2676 1282 2704 per
1303 2676 1334 2695 ca
1349 2675 1408 2703 qua:
1425 2665 1506 2698 dixit,
1523 2669 1552 2692 ut
1563 2665 1633 2691 illum
1649 2663 1681 2690 ad
1699 2663 1823 2697 pietatem
1839 2661 1880 2687 in—

1087 2717 1206 2744 duceret.
1231 2717 1251 2742 A
1278 2712 1454 2741 Melchisedec
1474 2716 1563 2738 autem
1581 2710 1641 2745 jure
1662 2716 1695 2736 ac
1718 2708 1814 2734 merito
1837 2712 1882 2732 ac-

1087 2763 1157 2797 copit
1174 2771 1180 2789 :
1198 2761 1246 2788 viri
1266 2761 1336 2787 enim
1350 2759 1473 2786 virtutem
1490 2756 1578 2784 divina
1592 2755 1728 2789 Scriptura
1743 2752 1880 2782 indicavit,

1089 2809 1198 2841 dicens;
1221 2807 1286 2836 Erat
1315 2811 1397 2832 autem
1429 2803 1545 2832 sacerdos
1575 2802 1620 2829 Dei
1650 2799 1779 2827 altissimi.
1809 2797 1882 2825 Alias
