2055 3123
218 165 268 193 357

219 223 298 250 etiam
321 229 379 256 qua:
403 221 500 247 fiebant
516 219 612 247 Christi
633 225 709 254 typus
731 224 817 251 erant,
834 223 860 245 et
882 219 936 253 ipsa
959 218 1006 245 ob-

218 269 268 294 lata
286 267 441 302 mysterium
459 266 591 300 quoddam
609 265 800 299 prmsiguabaut
812 274 817 290 ε
829 265 939 299 ideoque
956 272 1009 291 non

218 312 316 342 renuit.
330 317 408 346 atque
418 317 445 338 ut
455 311 566 346 aecepit,
584 311 698 338 vicissim
713 310 786 337 illum
803 309 1006 342 remunerando,

217 358 330 383 docebat
353 357 456 383 virtutis
475 365 530 383 sua:
552 355 768 391 magnitudinem.
797 355 916 382 Decimas
936 355 1006 381 enim

217 403 241 429 (-i
257 401 350 434 dedit,
373 402 452 428 etiam
476 401 526 428 hac
545 402 647 428 ratione
662 401 732 435 piatn
747 408 821 426 suam
840 405 954 426 tttentem
969 400 1006 426 si-

217 447 358 482 gniﬁcans.
382 447 506 474 Fortasse
529 447 630 481 longius
650 446 768 473 excurrit
787 446 873 472 oratio
895 437 1005 477 nostra;

219 492 291 526 atqui
306 500 358 518 non
370 492 427 518 sine
441 499 521 518 causa
535 499 620 526 neque
636 491 742 518 frustra.
770 491 862 517 Paucis
878 491 947 517 enim
965 491 1004 517 di-

217 538 331 563 dicimus
344 537 377 563 ab
391 537 464 563 initio
474 542 557 570 usque
571 536 602 562 ad
616 536 769 562 hodiernam
782 536 933 566 lectionem,
951 544 1008 568 qua:

218 581 297 608 foetit
310 582 374 615 justi
389 581 465 615 hujus
482 581 624 613 fortitudo,
642 580 857 615 magnanimitas,
875 581 1009 607 excellens

220 628 295 660 lides,
315 635 390 655 utens
404 627 511 661 optitnis
527 627 644 653 tnoribus
660 626 779 660 pra-dita,
797 626 905 660 insignis
916 627 1009 652 mode-

218 673 278 703 stia,
293 672 455 698 admirabilis
469 672 621 698 divitiarum
636 675 804 705 contemptus
817 691 823 702 ,
837 670 933 697 divina:
948 678 1008 704 erga

218 725 281 745 eum
293 717 484 744 benevolentim
498 721 624 751 perpetua
639 717 818 750 providentia;
833 721 923 750 etquo
935 721 1010 750 pacto

218 763 337 789 divinum
363 762 411 795 ipsi
437 761 547 796 singulis
575 761 737 795 temporibus
762 762 899 795 praebitum
919 767 1010 795 patro-

219 808 333 840 cinium,
358 807 475 841 quotidie
489 807 628 834 clariorem
646 814 706 833 cum
721 812 747 833 et
768 807 936 834 illustriorem
952 807 1011 833 red-

218 854 294 881 didit.
320 853 394 880 Nunc
409 858 494 880 autem
509 853 531 880 si
545 853 679 879 volueritis
690 873 697 884 ,
712 857 738 879 ct
752 861 803 879 non
819 852 1008 887 del‘atigemini,

219 900 252 926 ad
266 908 295 926 ea
312 907 370 934 qua:
386 907 477 926 recetts
497 899 562 926 lecta
583 904 644 925 sunt
665 899 822 925 accedamus
838 919 846 930 ,
872 904 898 924 ct
921 898 1011 932 paucis

220 946 377 980 quibusdam
393 945 548 979 propositis,
563 945 732 971 absolvamus
747 951 913 974 sermonem;
930 949 957 969 ut
971 943 1010 969 di-

219 990 299 1017 scatis
314 994 410 1023 quimta
428 989 516 1016 denuo
529 989 552 1016 ei
567 988 726 1022 rependatur
742 996 846 1015 merces
859 1009 864 1019 ,
887 996 919 1015 eo
941 988 1010 1023 quod

219 1035 410 1069 eonteuqm-rit
431 1034 499 1062 dona
526 1033 575 1061 sibi
597 1042 612 1060 a
631 1033 807 1061 Sodomorum
832 1041 893 1068 rege
913 1034 1010 1061 oblata.

220 1079 288 1113 Quid
312 1079 382 1106 enini
407 1079 513 1113 inquit?
541 1079 565 1105 l.
584 1078 644 1105 Post
664 1079 717 1105 Ita’c
731 1084 816 1104 autem
828 1078 901 1104 verba
916 1080 1012 1114 [artant

220 1131 257 1152 est
270 1126 369 1153 verbum
384 1125 485 1152 Domini
498 1125 531 1151 ad
547 1125 640 1151 Abram
658 1124 728 1159 (cap.
743 1123 797 1160 15).
824 1123 910 1158 Quare
921 1124 959 1150 sic
972 1125 1012 1150 itt-

220 1172 295 1206 cipit,
313 1171 373 1197 Post
388 1171 441 1198 Itazc
453 1176 536 1197 autent
550 1169 643 1197 verba?
654 1178 712 1203 qua:
724 1169 813 1201 verba,
823 1170 935 1203 quaeso?
950 1176 1012 1196 num

222 1218 322 1244 indicat
343 1217 423 1244 verba
445 1224 504 1251 qua:
529 1223 590 1242 eum
613 1215 791 1242 Sodomorum
812 1222 873 1249 rege
899 1215 1011 1241 habuit?

222 1264 286 1290 Post
308 1267 488 1296 contemptum
511 1262 601 1292 illum,
623 1262 721 1295 inquit,
744 1265 882 1294 postquam
901 1268 932 1286 ea
955 1267 1013 1294 qum

221 1308 257 1335 ab
273 1308 318 1334 illo
339 1308 424 1334 oblata
447 1312 508 1333 sunt
531 1307 646 1340 repulit,
676 1310 734 1339 past.
756 1305 904 1332 doctrinam
929 1304 1011 1337 illam,

222 1361 303 1387 quam
323 1353 426 1386 rejectis
442 1353 517 1378 donis
530 1352 709 1386 pronuntiavit
721 1371 727 1381 ,
746 1356 773 1377 ut
789 1351 877 1384 pietati
892 1356 918 1376 et
936 1350 1012 1384 agni-

223 1398 290 1425 tioni
311 1398 462 1425 Conditoris
482 1398 601 1424 omnium
622 1397 696 1424 illum
715 1397 849 1428 initiaret,
878 1396 937 1423 Post
960 1396 1014 1423 lucc

222 1448 306 1469 autent
320 1443 410 1474 verba,
433 1448 572 1477 postquam
588 1442 706 1469 decimas
719 1442 895 1469 Melchisedec
909 1442 1012 1474 obtulit,

223 1489 348 1523 quattdo,
372 1489 474 1522 inquit,
495 1488 584 1514 omnia
607 1496 665 1521 quae
688 1495 718 1514 ex
735 1495 764 1513 se
786 1492 862 1514 erant
884 1487 1012 1522 implevit,

225 1539 287 1560 tuttc
311 1533 373 1559 Post
397 1533 449 1559 lucc
473 1534 545 1558 verba
561 1532 655 1566 factum
678 1541 713 1559 cst
736 1531 834 1558 verbum
858 1531 960 1557 Domini
981 1531 1014 1557 ad

224 1578 318 1605 Abram
332 1578 356 1604 iu
370 1578 462 1604 visione
476 1578 553 1603 noctis
568 1577 615 1612 (ιι),
630 1577 714 1603 dicens
728 1584 737 1603 .'
753 1577 792 1602 Nc
803 1577 899 1608 timeas,
911 1575 1012 1610 Abram,

224 1633 270 1659 rga
284 1629 385 1658 protrgo
400 1628 423 1649 te
435 1631 443 1655 ;
461 1631 552 1649 merces
563 1629 606 1648 tua
621 1623 699 1649 multa
710 1622 781 1649 valde
795 1623 851 1648 erit.

262 1671 286 1696 4.
305 1669 370 1696 Vide
392 1669 580 1702 benignitatem
597 1668 698 1694 Domitii
711 1689 718 1700 ,
734 1667 867 1701 quomodo
881 1667 970 1694 statim
990 1672 1016 1694 et

226 1723 241 1741 e
255 1714 364 1748 vestigio
386 1721 500 1747 sequens
511 1734 517 1743 ,
543 1713 678 1740 beneﬂciis
693 1720 770 1739 suum
785 1712 912 1740 athletam
927 1720 1015 1740 remu-

226 1764 334 1786 neratur
347 1780 353 1791 ,
368 1764 395 1786 et
408 1759 440 1785 ad
457 1759 581 1785 ulteriora
599 1758 744 1785 certamina
760 1759 855 1785 iterum
869 1759 1014 1790 instruens,

228 1805 320 1839 vigore
342 1813 411 1832 novo
431 1805 548 1832 roborat.
575 1804 682 1831 Factum
699 1810 733 1831 est
753 1805 854 1831 verbum
867 1804 970 1831 Domini
989 1805 1016 1831 in

227 1851 321 1876 visione
336 1851 423 1876 noctis.
438 1850 524 1883 Quare
540 1850 565 1876 in
579 1850 678 1876 nocte?
693 1849 727 1877 Ut
738 1850 763 1876 in
778 1849 883 1876 silentio
893 1849 1017 1883 ctquicle

228 1896 323 1923 melius
336 1904 394 1930 qum
409 1896 532 1922 dicuntur
544 1895 665 1929 accipiat.
683 1895 715 1921 Et
728 1895 791 1921 dicit
802 1895 825 1921 ei
844 1903 849 1920 ε
863 1894 904 1921 Ne
917 1895 1016 1927 (intras,

229 1941 332 1967 Abram.
355 1941 469 1967 Attende
491 1940 647 1967 immensam
664 1940 708 1966 Dei
723 1948 823 1966 curam.
839 1939 926 1973 Quare
940 1940 1016 1972 dixit,

232 1984 271 2011 Ne
286 1985 391 2011 linteas?
402 1985 467 2018 Quia
484 1989 569 2011 tantas
580 1992 644 2018 opes
654 1989 859 2018 contempserat,
878 1991 929 2011 non
943 1991 1019 2011 enra-

231 2032 263 2057 tis
275 2031 354 2065 regiis
367 2030 444 2057 donis
457 2038 465 2057 :
479 2030 527 2057 hoc
541 2035 591 2062 est,
608 2029 645 2057 Nc
661 2030 764 2059 timeas,
781 2029 849 2064 quod
865 2029 1019 2063 deSpexeris

232 2083 303 2104 tanta
316 2078 384 2104 dona
397 2097 404 2108 ,
428 2084 512 2111 neqttc
525 2077 618 2103 anxius
629 2076 665 2103 sis
679 2076 752 2109 quasi
769 2075 884 2102 minores
899 2075 958 2102 itide
974 2075 1018 2102 tibi

231 2123 284 2149 sint
303 2122 451 2149 facultates.
468 2121 508 2148 Ne
522 2123 619 2148 linteas.
645 2121 744 2147 Deinde
759 2125 787 2147 ut
804 2120 921 2146 animum
936 2120 1020 2154 magis

231 2168 340 2199 excitet,
354 2166 450 2201 adjecit
461 2166 542 2193 verbo
555 2170 582 2192 cl.
596 2166 808 2201 appellationem,
822 2171 848 2191 et
860 2165 941 2199 inquit
959 2173 965 2190 :
980 2164 1021 2191 Ne

232 2214 332 2246 timeas,
345 2206 447 2238 Abram.
463 2211 519 2238 Non
532 2211 602 2238 enim
614 2218 704 2244 parum
715 2210 747 2236 ad
757 2210 1020 2245 expcrgel’aeicndum

232 2257 294 2284 facit
307 2278 313 2289 ,
330 2264 389 2283 cutn
403 2257 552 2291 quempiam
572 2257 679 2290 proprio
693 2257 798 2281 nomine
812 2254 1000 2288 compellamus
1013 2264 1019 2282 :

232 2303 329 2329 deinde
343 2303 379 2328 ait
393 2323 400 2335 ,
427 2301 480 2336 Ego
494 2306 621 2337 protegant
638 2305 670 2326 te.
697 2300 804 2326 Multam
829 2300 911 2327 habet
930 2305 956 2326 ct
972 2301 1022 2326 hoc

233 2348 344 2374 verbum
364 2347 521 2380 emphasim.
549 2346 604 2381 Ego
625 2346 696 2379 quia
711 2345 843 2372 Chaldmis
863 2350 887 2371 te
902 2346 1020 2377 evocavi,

236 2401 286 2427 ego
299 2393 343 2427 qui
365 2398 390 2419 te
404 2393 454 2419 huc
468 2391 549 2422 duxi,
573 2399 621 2425 ego
637 2391 681 2425 qui
701 2395 726 2417 te
741 2398 755 2416 a
777 2391 899 2424 periculis
914 2390 1022 2425 Egypti

235 2438 343 2465 liberavi
357 2458 364 2470 ,
379 2445 427 2471 ego
440 2437 484 2471 qni
499 2436 581 2463 setnel
596 2442 674 2470 atque
690 2436 786 2462 iterum
802 2436 908 2470 promisi
927 2436 970 2462 tibi
984 2440 1021 2462 at-

234 2491 284 2518 que
296 2483 389 2510 semini
406 2487 450 2509 tuo
462 2482 586 2508 daturum
602 2489 644 2508 tne
658 2486 754 2508 terram
770 2481 847 2512 hanc,
859 2488 909 2515 ego
923 2485 947 2507 te
961 2488 1022 2515 pro-

236 2535 294 2564 tego
315 2537 385 2563 :ego
405 2528 450 2563 qui
470 2529 496 2555 iu
517 2528 574 2554 dies
597 2527 680 2561 magis
703 2531 729 2553 ct
749 2528 833 2561 magis
855 2527 977 2553 omnibus
999 2532 1024 2554 te

234 2570 334 2601 clatum
344 2573 469 2604 ostendo,
492 2581 540 2607 ego
556 2578 666 2607 protego
682 2577 706 2598 te
723 2581 729 2598 :
744 2572 794 2598 hoc
813 2576 872 2604 est,
894 2579 943 2606 ego
957 2573 1024 2598 scuti

237 2621 291 2649 vice
304 2621 349 2648 tibi
365 2628 434 2653 sum,
450 2627 500 2654 ego
512 2627 559 2653 pro
570 2623 594 2645 te
607 2623 691 2650 certo,
703 2625 752 2653 ego
766 2623 944 2652 propugnator
954 2626 1024 2650 sum,

237 2675 284 2702 ego
296 2675 388 2694 coram
398 2674 472 2701 gero,
488 2673 537 2700 ego
550 2666 636 2693 omnia
648 2665 765 2692 difﬁcilia
775 2663 859 2691 facilia
872 2664 916 2691 tibi
930 2664 1024 2696 reddo,

272 2779 308 2809 (ul
321 2779 348 2803 In
362 2779 426 2802 iidt.
439 2778 597 2808 septuaginta
609 2777 772 2807 Interpretum
783 2775 877 2809 legitur
892 2776 1024 2809 tan_tutr_t_év

242 2805 354 2841 ὀρᾶμέιτι.
379 2816 401 2832 in
422 2805 592 2841 risiimcivo'x
605 2805 703 2841 γυπός,
724 2805 910 2841 ηοςιῂείίιερεμ
931 2807 955 2830 111
975 2806 1024 2830 He-

242 2837 323 2863 lt'raicn
336 2841 427 2869 pariter
441 2843 515 2868 alqnt'
529 2839 552 2861 itt
565 2837 668 2867 Vulgata
689 2843 737 2869 non
753 2837 864 2869 habetur.
885 2838 926 2861 Sic
942 2841 1024 2861 tamen

244 2871 303 2901 legit
314 2866 372 2900 t1hr_\
380 2866 511 2898 sostontus,
525 2872 551 2892 ut
563 2875 594 2892 cx
607 2866 632 2892 se
640 2866 769 2899 utentibus
781 2867 867 2898 liquet.

731 161 762 188 ΙΝ
783 161 858 188 CAP.
875 160 933 188 XV.
954 140 1065 188 (ΞΕΝΕὸ
1091 160 1203 188 ll0.\llL.
1223 161 1340 188 Χλχνι.

1796 167 1848 195 338

1065 225 1115 252 ego
1131 223 1239 254 protegu
1251 225 1285 246 te.
1313 219 1409 246 Murcus
1424 226 1465 247 tua
1481 223 1558 248 multo
1574 223 1618 249 crit
1633 223 1712 250 vit/tle.
1741 224 1850 251 Noluisti

1065 265 1215 292 mercedem
1235 266 1356 300 accipere
1381 274 1427 300 pro
1451 267 1584 295 laboribus
1605 277 1671 302 quos
1693 271 1850 298 sustinuisti.

1065 309 1145 336 tantis
1161 310 1283 344 periculis
1298 312 1408 345 teipsum
1425 312 1574 345 objiciendo
1587 334 1592 344 ,
1608 314 1653 339 sed
1668 315 1849 348 contmnpsisti

1063 359 1090 381 et
1104 362 1193 389 regem
1209 360 1234 382 et
1249 364 1357 382 tnnnera
1379 357 1446 390 ejus.
1472 357 1527 391 Ego
1546 357 1590 384 tibi
1607 359 1755 386 mercedem
1770 359 1849 391 dabo,

1063 407 1114 426 tton
1128 404 1227 426 tantatu
1243 406 1368 434 quantam
1383 407 1539 436 accepturus
1549 410 1606 429 eras
1618 424 1625 435 ,
1642 404 1688 430 scd
1701 405 1810 431 multam
1825 411 1850 431 et

1063 445 1138 471 valde
1151 445 1258 472 multant
1274 454 1281 472 :
1299 446 1394 473 Mortes
1407 447 1477 473 enittt
1494 452 1554 479 tua,
1580 448 1664 481 inquit
1675 468 1682 479 ,
1708 450 1787 475 multa
1804 450 1849 476 erit

1062 490 1143 517 valde.
1160 490 1252 517 Vidisti
1269 491 1451 518 liberalitatem
1469 492 1593 519 Domini?
1605 493 1693 520 vidisti
1709 494 1849 521 verborum

1063 535 1186 568 pondus?
1210 536 1295 562 vidisti
1317 537 1450 570 quomodo
1465 537 1620 564 excitaverit
1641 537 1745 572 pietatis
1766 538 1849 564 athle-

1064 581 1135 607 tam?
1162 582 1248 608 vidisti
1271 582 1405 616 quomodo
1420 583 1535 609 animam
1557 583 1613 618 ejus
1636 583 1849 610 continuaverit?

1064 627 1120 661 Ipse
1133 629 1202 654 enim
1216 628 1259 661 qui
1274 636 1369 655 arcana
1380 629 1500 655 cordiutn
1517 629 1598 661 novit,
1614 630 1713 656 sciebat
1726 629 1798 663 justo
1812 629 1849 656 illi

1063 680 1129 705 opus
1151 681 1209 699 esse
1231 672 1380 707 hnjusmodi
1404 673 1546 701 verborum
1571 675 1770 701 consolatione:
1790 682 1850 700 natu

1063 717 1123 744 vide
1136 718 1198 751 quid
1213 726 1244 744 ex
1267 718 1307 744 bis
1322 719 1409 745 verbis
1431 723 1559 753 concepta
1584 719 1676 747 fiducia
1703 720 1849 754 patriarcha

1063 761 1135 790 dicit.
1159 763 1187 789 9..
1202 762 1272 790 Dixit
1286 769 1366 790 autent
1381 764 1472 790 Abram
1487 772 1496 791 :
1513 765 1619 791 Domine
1629 786 1635 795 ,
1656 765 1717 799 quid
1731 765 1791 791 mihi
1802 765 1852 790 dri.

1064 808 1118 833 lris?
1132 816 1175 842 ego
1185 813 1267 834 utilem
1286 809 1339 835 sine
1353 809 1435 836 liberis
1450 809 1572 836 dimittor.
1589 809 1729 844 Postquam
1747 817 1849 835 merces

1065 853 1112 886 ipsi
1127 853 1201 880 valde
1215 853 1320 887 copiosa
1336 855 1463 888 promissa
1479 859 1535 886 est,
1556 856 1664 889 exponit
1683 855 1778 881 anima:
1797 862 1826 881 su
1837 864 1851 879 ιτ

1064 899 1182 925 dolorctu
1202 904 1228 925 ct
1251 899 1383 926 triSIitiam
1407 904 1513 934 propter
1533 900 1615 935 prolis
1640 901 1772 935 inopiam,
1799 907 1848 934 qua

1064 943 1187 970 diuturno
1215 949 1332 978 tempore
1358 945 1521 978 angebatur,
1551 944 1666 979 dicitque
1691 954 1697 970 :
1722 944 1849 975 Domino,

1063 988 1126 1023 quid
1140 989 1190 1016 tale
1203 989 1264 1015 mihi
1279 989 1374 1015 dabis?
1390 989 1457 1016 Ecce
1472 990 1541 1016 ettim
1558 997 1606 1022 ego
1620 997 1702 1023 ttSque
1713 989 1745 1016 ad
1761 995 1850 1016 extre-

1065 1041 1134 1059 mam
1148 1038 1281 1060 senectam
1294 1034 1410 1068 perveni.
1425 1038 1451 1060 et
1463 1034 1536 1068 prole
1549 1042 1642 1060 cari-ns
1656 1034 1785 1060 dimittor.

1103 1078 1168 1106 Vide
1179 1079 1312 1114 quomodo
1325 1079 1418 1113 priscis
1432 1079 1483 1106 illis
1493 1079 1598 1106 sarculis
1607 1079 1694 1113 justus
1708 1079 1751 1105 ille
1766 1078 1851 1112 philo-

1065 1124 1242 1159 sophabatur,
1258 1124 1439 1152 dimissionem
1452 1131 1550 1151 vocans
1564 1131 1596 1151 ex
1616 1124 1667 1151 hoc
1686 1123 1784 1150 mundo
1795 1123 1850 1150 dis-

1065 1179 1181 1199 cessum.
1196 1171 1261 1198 Nam
1277 1171 1322 1205 qui
1338 1171 1418 1197 vitam
1435 1170 1546 1197 honeste
1561 1175 1586 1197 et
1602 1170 1628 1197 in.
1641 1170 1781 1197 virtutibus
1792 1176 1853 1203 cge-

1066 1222 1138 1248 rnnt,
1153 1216 1258 1251 quando
1271 1224 1303 1243 ex
1319 1215 1368 1243 hac
1388 1216 1441 1242 vita
1456 1216 1597 1250 emigrant,
1613 1223 1674 1242 vere
1691 1215 1851 1245 liberantur,

1065 1267 1092 1288 et
1107 1262 1180 1296 quasi
1203 1261 1345 1288 solvuntur
1362 1269 1377 1288 a
1399 1256 1587 1288 certaminibus
1599 1265 1625 1287 et
1640 1268 1653 1286 a
1670 1260 1789 1286 vinculis.
1807 1259 1854 1287 Est

1066 1307 1136 1334 enim
1153 1315 1226 1333 tnors
1240 1307 1271 1334 iis
1285 1307 1328 1341 qtti
1344 1306 1411 1333 bene
1424 1306 1515 1332 vivunt
1527 1326 1533 1338 ,
1556 1306 1691 1332 translatio
1704 1305 1823 1339 quasdam
1837 1312 1853 1331 a

1067 1353 1200 1386 peioribus
1211 1352 1242 1378 ad
1256 1351 1376 1384 meliora,
1386 1358 1401 1378 a
1413 1356 1580 1385 temporanca
1594 1350 1646 1376 vita
1657 1350 1688 1375 ad
1703 1353 1853 1383 perpetuam

1066 1402 1092 1424 et
1107 1397 1282 1424 immortalem
1305 1397 1436 1430 finemque
1459 1404 1511 1423 non
1534 1396 1683 1422 habentem.
1702 1395 1756 1430 Ego
1771 1400 1854 1421 autent

1067 1443 1188 1476 dimittor,
1205 1443 1304 1477 inquit,
1320 1442 1374 1469 sine
1389 1441 1482 1468 liberis.
1498 1441 1532 1468 Et
1545 1446 1572 1467 ut
1587 1440 1784 1468 misericordem
1801 1440 1853 1466 Do-

1068 1490 1167 1515 minum
1181 1489 1230 1515 sibi
1243 1488 1407 1519 conciliaret,
1423 1495 1475 1514 non
1492 1487 1523 1514 iis
1536 1491 1675 1514 contentus
1690 1487 1736 1513 fuit
1750 1486 1853 1517 verbis;

1068 1535 1113 1561 sed
1136 1535 1196 1569 quid
1213 1534 1294 1561 dicit?
1314 1533 1397 1560 Filius
1412 1538 1494 1560 autent
1518 1532 1603 1559 Marce
1625 1541 1706 1559 rerum
1727 1539 1801 1563 metu,
1827 1531 1853 1558 5.

1067 1582 1184 1616 quoniam
1203 1589 1252 1607 non
1266 1579 1356 1606 dedisti
1367 1579 1426 1605 milii
1441 1587 1523 1605 semen
1537 1599 1543 1611 ,
1567 1578 1609 1605 ille
1624 1578 1694 1605 hcch
1713 1586 1782 1604 meus
1799 1577 1854 1603 crit.

1069 1626 1203 1660 lugentem
1217 1626 1337 1652 dolorem
1352 1625 1447 1651 anima:
1460 1624 1516 1659 ejus
1535 1624 1672 1650 declarant
1686 1623 1743 1649 harc
1759 1622 1837 1648 verba
1848 1642 1854 1653 ,

1069 1659 1142 1705 quasi
1168 1670 1268 1697 diceret
1291 1670 1344 1696 Deo
1359 1678 1366 1695 ε
1382 1669 1471 1703 Neque
1491 1676 1522 1695 ea
1542 1659 1779 1701 sunrassequntus
1798 1675 1857 1701 qua:

1069 1724 1161 1743 servus
1177 1723 1250 1742 meus
1265 1715 1422 1742 vernaculus
1433 1735 1440 1746 ,
1456 1714 1503 1741 sed
1523 1722 1571 1749 ego
1587 1714 1691 1748 quidem
1710 1713 1787 1739 abibo
1801 1713 1858 1739 sine

1071 1761 1196 1788 liliozhic
1217 1766 1304 1788 autem
1327 1759 1486 1787 vernaculus
1507 1767 1580 1786 meus
1601 1758 1771 1786 hereditatem
1787 1758 1856 1784 acci-

1071 1807 1141 1842 piet,
1159 1815 1218 1841 qua:
1237 1815 1252 1833 τι
1275 1812 1299 1834 te
1324 1806 1388 1833 mihi
1406 1806 1476 1837 data,
1499 1805 1578 1839 idque
1598 1812 1658 1831 cum
1676 1804 1759 1831 semel
1780 1807 1858 1836 atque

1072 1853 1168 1880 iterum
1185 1852 1388 1886 promissionem
1401 1858 1414 1877 a
1429 1855 1454 1878 te
1467 1850 1614 1884 acceperim
1628 1849 1731 1876 dicente
1745 1858 1750 1875 :
1763 1847 1859 1875 Semini

1072 1903 1114 1924 tuo
1126 1898 1190 1924 dabo
1203 1902 1295 1924 terram
1309 1897 1383 1922 hanc.
1394 1895 1549 1926 Considera,
1564 1894 1683 1924 obsecro,
1698 1898 1724 1920 ct
1739 1893 1788 1920 hoc
1801 1893 1859 1919 loco

1069 1943 1133 1978 justi
1148 1943 1288 1974 virtutem,
1311 1940 1444 1976 quomodo
1458 1941 1630 1974 cogitationes
1655 1939 1702 1966 has
1723 1939 1747 1965 iu
1771 1939 1860 1965 animo

1072 1996 1191 2020 versans,
1213 1995 1355 2022 numquam
1381 1987 1541 2020 indignatus,
1566 1993 1652 2019 neqtte
1672 1984 1742 2011 aliud
1764 1983 1858 2010 durum

1072 2038 1198 2070 loquutus
1219 2034 1329 2061 sitzscd
1350 2032 1375 2061 et
1396 2041 1464 2060 nunc
1488 2033 1625 2065 inligatus
1641 2029 1727 2056 verbis
1745 2037 1802 2063 qum
1823 2029 1860 2054 lo-

1073 2086 1170 2116 quutus
1193 2084 1233 2106 est
1257 2079 1281 2106 ei
1308 2078 1454 2108 Dominus,
1479 2083 1572 2110 magna
1601 2075 1693 2101 fiducia
1721 2073 1859 2100 Doznitnnu

1074 2126 1224 2161 alloquitur,
1234 2124 1452 2158 manifestamque
1464 2123 1524 2149 facit
1535 2123 1662 2148 internam
1674 2120 1860 2155 cogitationum

1076 2172 1300 2208 perturbationem
1311 2191 1317 2203 ,
1341 2170 1485 2197 ostendens
1501 2169 1595 2194 anima:
1616 2174 1670 2194 sua:
1686 2166 1777 2198 ulcus;
1793 2165 1862 2192 unde

1075 2225 1102 2247 et
1124 2219 1298 2246 acceleratum
1321 2217 1423 2250 accrrpit
1443 2215 1673 2242 medicamentum.
1686 2213 1712 2239 4.
1730 2211 1762 2238 Et
1780 2211 1863 2238 statim

1075 2275 1122 2293 ron:
1136 2265 1183 2292 Dei
1202 2267 1271 2300 facta
1288 2267 1322 2290 est
1338 2262 1372 2288 ad
1391 2270 1456 2288 eum.
1472 2260 1537 2287 Vide
1555 2260 1697 2292 Scripturzu
1718 2256 1862 2283 accuratio-

1076 2321 1147 2339 nciu.
1163 2311 1266 2342 Statim,
1281 2308 1373 2343 inquit.
1383 2307 1440 2334 Non
1453 2306 1571 2340 permisit
1583 2305 1683 2339 justum
1699 2303 1740 2329 Vel
1756 2302 1862 2328 minimo

1077 2363 1195 2392 tempore
1209 2357 1278 2390 angi,
1294 2354 1341 2381 sed
1356 2353 1504 2381 festinatam
1519 2351 1542 2377 ci
1555 2349 1762 2377 consolationem
1776 2347 1863 2379 affert,

1077 2408 1102 2430 et
1122 2402 1278 2436 gravitati-nt
1298 2398 1420 2426 tumroris
1441 2396 1562 2424 emendat
1577 2394 1664 2420 verbis
1683 2401 1741 2427 qua:
1764 2397 1825 2418 tunc
1841 2391 1864 2417 ei

1077 2449 1201 2482 loquutus
1215 2449 1265 2473 cst.
1287 2444 1320 2470 Et
1334 2443 1432 2473 statim,
1454 2441 1553 2475 inquit,
1569 2447 1618 2465 non:
1638 2437 1684 2464 Dei
1699 2439 1766 2472 {otia
1783 2440 1817 2463 ut
1832 2438 1865 2461 ad

1078 2502 1145 2526 cum,
1160 2493 1243 2519 dicens
1256 2499 1264 2518 :
1276 2490 1334 2516 Non
1346 2489 1390 2515 erit
1404 2488 1443 2514 Itic
1456 2487 1525 2512 [terra
1539 2491 1604 2516 tuus,
1620 2484 1662 2510 scd
1674 2483 1716 2518 qui
1726 2482 1866 2517 egredietur

1078 2547 1108 2566 ex
1122 2543 1153 2567 te.
1179 2537 1219 2563 ln’c
1239 2536 1308 2562 lno-rs
1322 2539 1378 2559 tuus
1394 2533 1448 2558 rrit.
1472 2531 1605 2561 lloeciuc,
1627 2528 1718 2563 inquit,
1741 2526 1866 2553 timuisti?

1080 2583 1190 2610 hoccine
1211 2585 1327 2607 mentem
1349 2583 1419 2604 luant
1445 2574 1574 2602 turbavit?
1599 2573 1709 2600 hoccine
1733 2572 1865 2598 tristitiam

1081 2634 1151 2655 tuam
1163 2626 1256 2660 auget?
1266 2623 1339 2651 Scias
1349 2624 1428 2656 igitur
1436 2620 1507 2648 hunc
1518 2627 1569 2646 non
1582 2619 1636 2645 fore
1648 2617 1769 2644 heredem
1781 2621 1865 2647 tutnu,

1081 2675 1133 2702 Sed
1146 2674 1187 2708 qui
1206 2671 1343 2707 egredietur
1356 2676 1386 2695 ea:
1398 2673 1437 2700 te,
1459 2667 1499 2693 lu'c
1514 2666 1584 2692 lieres
1601 2670 1657 2691 (una
1669 2664 1724 2691 erit.
1739 2662 1776 2689 Ne
1790 2663 1867 2697 igitur-

1080 2721 1112 2748 ad
1131 2720 1272 2747 humanam
1294 2720 1396 2750 spectes
1417 2718 1552 2744 naturam,
1574 2719 1608 2738 ne
1628 2716 1697 2737 tuam
1716 2715 1866 2740 senectam,

1081 2767 1187 2793 Saracve
1206 2762 1371 2791 sterilitatem
1391 2759 1479 2786 animo
1499 2758 1589 2785 volvas
1601 2765 1607 2783 ί
1619 2755 1665 2783 Sed
1685 2755 1741 2789 cjus
1761 2754 1805 2788 qui
1822 2754 1867 2780 tibi

1083 2810 1202 2847 promisit
1223 2807 1345 2843 poteritne
1368 2806 1435 2832 bene
1454 2803 1522 2836 ﬁde,
1547 2806 1573 2829 et
1597 2802 1727 2828 tristitiam
1746 2807 1868 2847 ponens,

1084 2843 1258 2886 sufficientem
1272 2851 1479 2881 cottstilationem
1493 2848 1593 2883 accipe,
1605 2852 1810 2882 persuasumque
1823 2843 1868 2870 ha—
