  <div class='ocr_page' id='page_1' title='image "/cluster/home/n/w/nwhite01/storage/ocr_20150623/53-54/njp.32101077772638/341.png"; bbox 0 0 2055 3123; ppageno 0'>
   <div class='ocr_carea' id='block_1_1' title="bbox 197 118 245 144">
    <p class='ocr_par' dir='ltr' id='par_1_1' title="bbox 197 118 245 144">
     <span class='ocr_line' id='line_1_1' title="bbox 197 118 245 144; baseline 0 0"><span class='ocrx_word' id='word_1_1' title='bbox 197 118 245 144; x_wconf 73' lang='grc'><strong>559</strong></span> 
     </span>
    </p>
   </div>
   <div class='ocr_carea' id='block_1_2' title="bbox 193 175 987 211">
    <p class='ocr_par' dir='ltr' id='par_1_2' title="bbox 193 175 987 211">
     <span class='ocr_line' id='line_1_2' title="bbox 193 175 987 211; baseline 0.001 -9"><span class='ocrx_word' id='word_1_2' title='bbox 193 175 257 202; x_wconf 90' lang='lat' dir='ltr'><strong>beas</strong></span> <span class='ocrx_word' id='word_1_3' title='bbox 267 180 290 202; x_wconf 88' lang='lat' dir='ltr'><strong>te</strong></span> <span class='ocrx_word' id='word_1_4' title='bbox 300 175 424 202; x_wconf 88' lang='lat' dir='ltr'><strong>heredem</strong></span> <span class='ocrx_word' id='word_1_5' title='bbox 439 175 599 210; x_wconf 77' lang='lat' dir='ltr'><strong>habiturum,</strong></span> <span class='ocrx_word' id='word_1_6' title='bbox 608 176 652 211; x_wconf 85' lang='lat' dir='ltr'><strong>qui</strong></span> <span class='ocrx_word' id='word_1_7' title='bbox 663 184 695 203; x_wconf 87' lang='lat' dir='ltr'><strong>ex</strong></span> <span class='ocrx_word' id='word_1_8' title='bbox 707 180 732 204; x_wconf 89' lang='lat' dir='ltr'><strong>te</strong></span> <span class='ocrx_word' id='word_1_9' title='bbox 743 182 876 203; x_wconf 76' lang='lat' dir='ltr'><strong>nascatur.</strong></span> <span class='ocrx_word' id='word_1_10' title='bbox 887 175 987 203; x_wconf 85' lang='lat' dir='ltr'><strong>Deinde</strong></span> 
     </span>
    </p>
   </div>
   <div class='ocr_carea' id='block_1_3' title="bbox 194 221 988 256">
    <p class='ocr_par' dir='ltr' id='par_1_3' title="bbox 194 221 988 256">
     <span class='ocr_line' id='line_1_3' title="bbox 194 221 988 256; baseline 0.001 -9"><span class='ocrx_word' id='word_1_11' title='bbox 194 221 253 255; x_wconf 88' lang='lat' dir='ltr'><strong>quia</strong></span> <span class='ocrx_word' id='word_1_12' title='bbox 269 228 346 254; x_wconf 87' lang='lat' dir='ltr'><strong>supra</strong></span> <span class='ocrx_word' id='word_1_13' title='bbox 363 225 485 247; x_wconf 85' lang='lat' dir='ltr'><strong>naturam</strong></span> <span class='ocrx_word' id='word_1_14' title='bbox 500 225 558 248; x_wconf 85' lang='lat' dir='ltr'><strong>erat</strong></span> <span class='ocrx_word' id='word_1_15' title='bbox 573 221 714 256; x_wconf 77' lang='lat' dir='ltr'><strong>promissio</strong></span> <span class='ocrx_word' id='word_1_16' title='bbox 724 242 732 255; x_wconf 92' lang='lat'><strong>,</strong></span> <span class='ocrx_word' id='word_1_17' title='bbox 753 226 780 248; x_wconf 89' lang='lat' dir='ltr'><strong>et</strong></span> <span class='ocrx_word' id='word_1_18' title='bbox 799 221 922 249; x_wconf 78' lang='lat' dir='ltr'><strong>vincebat</strong></span> <span class='ocrx_word' id='word_1_19' title='bbox 937 221 988 248; x_wconf 90' lang='lat' dir='ltr'><strong>hu-</strong></span> 
     </span>
    </p>
   </div>
   <div class='ocr_carea' id='block_1_4' title="bbox 196 266 988 303">
    <p class='ocr_par' dir='ltr' id='par_1_4' title="bbox 196 266 988 303">
     <span class='ocr_line' id='line_1_4' title="bbox 196 266 988 303; baseline 0.001 -10"><span class='ocrx_word' id='word_1_20' title='bbox 196 267 302 294; x_wconf 84' lang='lat' dir='ltr'><strong>manam</strong></span> <span class='ocrx_word' id='word_1_21' title='bbox 322 266 452 293; x_wconf 87' lang='lat' dir='ltr'><strong>rationem</strong></span> <span class='ocrx_word' id='word_1_22' title='bbox 476 266 609 303; x_wconf 82' lang='lat' dir='ltr'><strong>(magnam</strong></span> <span class='ocrx_word' id='word_1_23' title='bbox 624 267 696 294; x_wconf 89' lang='lat' dir='ltr'><strong>enim</strong></span> <span class='ocrx_word' id='word_1_24' title='bbox 712 267 738 294; x_wconf 92' lang='lat' dir='ltr'><strong>in</strong></span> <span class='ocrx_word' id='word_1_25' title='bbox 759 275 792 295; x_wconf 88' lang='lat' dir='ltr'><strong>eo</strong></span> <span class='ocrx_word' id='word_1_26' title='bbox 811 267 988 295; x_wconf 88' lang='lat' dir='ltr'><strong>turbationem</strong></span> 
     </span>
    </p>
   </div>
   <div class='ocr_carea' id='block_1_5' title="bbox 195 311 990 347">
    <p class='ocr_par' dir='ltr' id='par_1_5' title="bbox 195 311 990 347">
     <span class='ocr_line' id='line_1_5' title="bbox 195 311 990 347; baseline 0.003 -10"><span class='ocrx_word' id='word_1_27' title='bbox 195 311 347 338; x_wconf 82' lang='lat' dir='ltr'><strong>excitabant</strong></span> <span class='ocrx_word' id='word_1_28' title='bbox 360 315 398 338; x_wconf 89' lang='lat' dir='ltr'><strong>tot</strong></span> <span class='ocrx_word' id='word_1_29' title='bbox 412 316 514 339; x_wconf 70' lang='lat' dir='ltr'><strong>natura:</strong></span> <span class='ocrx_word' id='word_1_30' title='bbox 529 311 867 346; x_wconf 34' lang='lat' dir='ltr'><strong>impedimentayscnecms</strong></span> <span class='ocrx_word' id='word_1_31' title='bbox 882 312 949 347; x_wconf 86' lang='lat' dir='ltr'><strong>ejus,</strong></span> <span class='ocrx_word' id='word_1_32' title='bbox 964 315 990 339; x_wconf 83' lang='lat' dir='ltr'><strong>et</strong></span> 
     </span>
    </p>
   </div>
   <div class='ocr_carea' id='block_1_6' title="bbox 197 355 991 391">
    <p class='ocr_par' dir='ltr' id='par_1_6' title="bbox 197 355 991 391">
     <span class='ocr_line' id='line_1_6' title="bbox 197 355 991 391; baseline 0.003 -9"><span class='ocrx_word' id='word_1_33' title='bbox 197 355 267 390; x_wconf 76' lang='lat' dir='ltr'><strong>quod</strong></span> <span class='ocrx_word' id='word_1_34' title='bbox 290 356 356 384; x_wconf 82' lang='lat' dir='ltr'><strong>Sara</strong></span> <span class='ocrx_word' id='word_1_35' title='bbox 375 356 473 384; x_wconf 77' lang='lat' dir='ltr'><strong>sterilis</strong></span> <span class='ocrx_word' id='word_1_36' title='bbox 495 364 526 384; x_wconf 90' lang='lat' dir='ltr'><strong>ac</strong></span> <span class='ocrx_word' id='word_1_37' title='bbox 548 361 624 383; x_wconf 92' lang='lat' dir='ltr'><strong>utero</strong></span> <span class='ocrx_word' id='word_1_38' title='bbox 644 361 767 384; x_wconf 89' lang='lat' dir='ltr'><strong>emortuo</strong></span> <span class='ocrx_word' id='word_1_39' title='bbox 789 356 891 391; x_wconf 90' lang='lat' dir='ltr'><strong>esset),</strong></span> <span class='ocrx_word' id='word_1_40' title='bbox 914 360 991 391; x_wconf 65' lang='lat' dir='ltr'><strong>auget</strong></span> 
     </span>
    </p>
   </div>
   <div class='ocr_carea' id='block_1_7' title="bbox 200 401 990 437">
    <p class='ocr_par' dir='ltr' id='par_1_7' title="bbox 200 401 990 437">
     <span class='ocr_line' id='line_1_7' title="bbox 200 401 990 437; baseline 0 -9"><span class='ocrx_word' id='word_1_41' title='bbox 200 401 328 428; x_wconf 85' lang='lat' dir='ltr'><strong>Dominus</strong></span> <span class='ocrx_word' id='word_1_42' title='bbox 345 402 536 435; x_wconf 74' lang='lat' dir='ltr'><strong>promissorum</strong></span> <span class='ocrx_word' id='word_1_43' title='bbox 560 403 784 437; x_wconf 76' lang='lat' dir='ltr'><strong>magnitudinem,</strong></span> <span class='ocrx_word' id='word_1_44' title='bbox 807 407 835 428; x_wconf 91' lang='lat' dir='ltr'><strong>ut</strong></span> <span class='ocrx_word' id='word_1_45' title='bbox 856 402 944 436; x_wconf 77' lang='lat' dir='ltr'><strong>justus</strong></span> <span class='ocrx_word' id='word_1_46' title='bbox 957 401 990 428; x_wconf 85' lang='lat' dir='ltr'><strong>ad</strong></span> 
     </span>
    </p>
   </div>
   <div class='ocr_carea' id='block_1_8' title="bbox 201 447 990 482">
    <p class='ocr_par' dir='ltr' id='par_1_8' title="bbox 201 447 990 482">
     <span class='ocr_line' id='line_1_8' title="bbox 201 447 990 482; baseline 0 -9"><span class='ocrx_word' id='word_1_47' title='bbox 201 447 380 481; x_wconf 77' lang='lat' dir='ltr'><strong>prominentis</strong></span> <span class='ocrx_word' id='word_1_48' title='bbox 400 447 583 475; x_wconf 85' lang='lat' dir='ltr'><strong>liberalitatem</strong></span> <span class='ocrx_word' id='word_1_49' title='bbox 608 447 769 482; x_wconf 85' lang='lat' dir='ltr'><strong>respiciens.</strong></span> <span class='ocrx_word' id='word_1_50' title='bbox 796 447 863 474; x_wconf 84' lang='lat' dir='ltr'><strong>bene</strong></span> <span class='ocrx_word' id='word_1_51' title='bbox 884 451 990 481; x_wconf 88' lang='lat' dir='ltr'><strong>speret,</strong></span> 
     </span>
    </p>
   </div>
   <div class='ocr_carea' id='block_1_9' title="bbox 199 491 992 527">
    <p class='ocr_par' dir='ltr' id='par_1_9' title="bbox 199 491 992 527">
     <span class='ocr_line' id='line_1_9' title="bbox 199 491 992 527; baseline -0.001 -9"><span class='ocrx_word' id='word_1_52' title='bbox 199 491 368 527; x_wconf 82' lang='lat' dir='ltr'><strong>contidatque</strong></span> <span class='ocrx_word' id='word_1_53' title='bbox 399 493 438 520; x_wconf 91' lang='lat' dir='ltr'><strong>sic</strong></span> <span class='ocrx_word' id='word_1_54' title='bbox 469 498 636 520; x_wconf 87' lang='lat' dir='ltr'><strong>eventurum.</strong></span> <span class='ocrx_word' id='word_1_55' title='bbox 665 493 691 520; x_wconf 85' lang='lat'><strong>5.</strong></span> <span class='ocrx_word' id='word_1_56' title='bbox 713 492 809 520; x_wconf 74' lang='lat' dir='ltr'><strong>Edua&#39;it</strong></span> <span class='ocrx_word' id='word_1_57' title='bbox 831 496 913 518; x_wconf 84' lang='lat' dir='ltr'><strong>autem</strong></span> <span class='ocrx_word' id='word_1_58' title='bbox 937 499 992 518; x_wconf 84' lang='lat' dir='ltr'><strong>eum</strong></span> 
     </span>
    </p>
   </div>
   <div class='ocr_carea' id='block_1_10' title="bbox 201 535 992 572">
    <p class='ocr_par' dir='ltr' id='par_1_10' title="bbox 201 535 992 572">
     <span class='ocr_line' id='line_1_10' title="bbox 201 535 992 572; baseline 0 -10"><span class='ocrx_word' id='word_1_59' title='bbox 201 538 279 572; x_wconf 72' lang='lat' dir='ltr'><strong>farus,</strong></span> <span class='ocrx_word' id='word_1_60' title='bbox 295 542 318 563; x_wconf 81' lang='lat' dir='ltr'><strong>et</strong></span> <span class='ocrx_word' id='word_1_61' title='bbox 333 537 396 564; x_wconf 59' lang='lat' dir='ltr'><strong>dixit</strong></span> <span class='ocrx_word' id='word_1_62' title='bbox 409 538 432 564; x_wconf 85' lang='lat' dir='ltr'><strong>ei</strong></span> <span class='ocrx_word' id='word_1_63' title='bbox 445 545 453 564; x_wconf 95' lang='lat'><strong>:</strong></span> <span class='ocrx_word' id='word_1_64' title='bbox 466 537 573 572; x_wconf 80' lang='lat' dir='ltr'><strong>Suspice</strong></span> <span class='ocrx_word' id='word_1_65' title='bbox 586 538 611 563; x_wconf 88' lang='lat' dir='ltr'><strong>in</strong></span> <span class='ocrx_word' id='word_1_66' title='bbox 627 538 727 569; x_wconf 74' lang='lat' dir='ltr'><strong>ca&#39;lum,</strong></span> <span class='ocrx_word' id='word_1_67' title='bbox 743 543 765 564; x_wconf 86' lang='lat' dir='ltr'><strong>et</strong></span> <span class='ocrx_word' id='word_1_68' title='bbox 781 544 884 563; x_wconf 84' lang='lat' dir='ltr'><strong>nuntera</strong></span> <span class='ocrx_word' id='word_1_69' title='bbox 896 535 992 567; x_wconf 75' lang='lat' dir='ltr'><strong>stellas,</strong></span> 
     </span>
    </p>
   </div>
   <div class='ocr_carea' id='block_1_11' title="bbox 201 582 992 616">
    <p class='ocr_par' dir='ltr' id='par_1_11' title="bbox 201 582 992 616">
     <span class='ocr_line' id='line_1_11' title="bbox 201 582 992 616; baseline -0.001 -8"><span class='ocrx_word' id='word_1_70' title='bbox 201 582 223 609; x_wconf 88' lang='lat' dir='ltr'><strong>si</strong></span> <span class='ocrx_word' id='word_1_71' title='bbox 234 583 325 616; x_wconf 85' lang='lat' dir='ltr'><strong>poteris</strong></span> <span class='ocrx_word' id='word_1_72' title='bbox 337 591 468 609; x_wconf 82' lang='lat' dir='ltr'><strong>munerare</strong></span> <span class='ocrx_word' id='word_1_73' title='bbox 479 591 531 609; x_wconf 75' lang='lat' dir='ltr'><strong>eas.</strong></span> <span class='ocrx_word' id='word_1_74' title='bbox 546 582 578 609; x_wconf 79' lang='lat' dir='ltr'><strong>Et</strong></span> <span class='ocrx_word' id='word_1_75' title='bbox 586 583 649 609; x_wconf 66' lang='lat' dir='ltr'><strong>dixit</strong></span> <span class='ocrx_word' id='word_1_76' title='bbox 660 583 681 609; x_wconf 81' lang='lat' dir='ltr'><strong>ei</strong></span> <span class='ocrx_word' id='word_1_77' title='bbox 691 590 700 609; x_wconf 88' lang='lat'><strong><em>:</em></strong></span> <span class='ocrx_word' id='word_1_78' title='bbox 710 582 753 609; x_wconf 87' lang='lat' dir='ltr'><strong>Sic</strong></span> <span class='ocrx_word' id='word_1_79' title='bbox 764 582 810 608; x_wconf 85' lang='lat' dir='ltr'><strong>erit</strong></span> <span class='ocrx_word' id='word_1_80' title='bbox 819 589 902 608; x_wconf 81' lang='lat' dir='ltr'><strong>semen</strong></span> <span class='ocrx_word' id='word_1_81' title='bbox 913 587 992 608; x_wconf 88' lang='lat' dir='ltr'><strong>tuum.</strong></span> 
     </span>
    </p>
   </div>
   <div class='ocr_carea' id='block_1_12' title="bbox 200 627 994 660">
    <p class='ocr_par' dir='ltr' id='par_1_12' title="bbox 200 627 994 660">
     <span class='ocr_line' id='line_1_12' title="bbox 200 627 994 660; baseline 0 -7"><span class='ocrx_word' id='word_1_82' title='bbox 200 628 227 653; x_wconf 82' lang='lat'><strong>6.</strong></span> <span class='ocrx_word' id='word_1_83' title='bbox 246 627 280 654; x_wconf 82' lang='lat' dir='ltr'><strong>Et</strong></span> <span class='ocrx_word' id='word_1_84' title='bbox 302 628 406 655; x_wconf 79' lang='lat' dir='ltr'><strong>credidit</strong></span> <span class='ocrx_word' id='word_1_85' title='bbox 428 628 521 655; x_wconf 81' lang='lat' dir='ltr'><strong>Abram</strong></span> <span class='ocrx_word' id='word_1_86' title='bbox 545 628 616 660; x_wconf 84' lang='lat' dir='ltr'><strong>Deo,</strong></span> <span class='ocrx_word' id='word_1_87' title='bbox 648 633 672 654; x_wconf 80' lang='lat' dir='ltr'><strong>et</strong></span> <span class='ocrx_word' id='word_1_88' title='bbox 695 632 838 660; x_wconf 84' lang='lat' dir='ltr'><strong>reputatum</strong></span> <span class='ocrx_word' id='word_1_89' title='bbox 855 632 891 653; x_wconf 81' lang='lat' dir='ltr'><strong>est</strong></span> <span class='ocrx_word' id='word_1_90' title='bbox 909 627 948 654; x_wconf 89' lang='lat' dir='ltr'><strong>illi</strong></span> <span class='ocrx_word' id='word_1_91' title='bbox 968 628 994 653; x_wconf 89' lang='lat' dir='ltr'><strong>in</strong></span> 
     </span>
    </p>
   </div>
   <div class='ocr_carea' id='block_1_13' title="bbox 201 671 995 707">
    <p class='ocr_par' dir='ltr' id='par_1_13' title="bbox 201 671 995 707">
     <span class='ocr_line' id='line_1_13' title="bbox 201 671 995 707; baseline 0.001 -10"><span class='ocrx_word' id='word_1_92' title='bbox 201 673 333 706; x_wconf 72' lang='lat' dir='ltr'><strong>justitiam.</strong></span> <span class='ocrx_word' id='word_1_93' title='bbox 347 673 436 706; x_wconf 87' lang='lat' dir='ltr'><strong>Quare</strong></span> <span class='ocrx_word' id='word_1_94' title='bbox 456 672 581 699; x_wconf 70' lang='lat' dir='ltr'><strong>indicavit</strong></span> <span class='ocrx_word' id='word_1_95' title='bbox 593 693 600 705; x_wconf 95' lang='lat'><strong>,</strong></span> <span class='ocrx_word' id='word_1_96' title='bbox 621 672 691 707; x_wconf 88' lang='lat' dir='ltr'><strong>quod</strong></span> <span class='ocrx_word' id='word_1_97' title='bbox 711 671 817 699; x_wconf 82' lang='lat' dir='ltr'><strong>duxerit</strong></span> <span class='ocrx_word' id='word_1_98' title='bbox 831 679 890 699; x_wconf 91' lang='lat' dir='ltr'><strong>cum</strong></span> <span class='ocrx_word' id='word_1_99' title='bbox 906 671 995 698; x_wconf 69' lang='grc' dir='ltr'><strong>[ιιι-ςιδῖ</strong></span> 
     </span>
    </p>
   </div>
   <div class='ocr_carea' id='block_1_14' title="bbox 203 716 995 752">
    <p class='ocr_par' dir='ltr' id='par_1_14' title="bbox 203 716 995 752">
     <span class='ocr_line' id='line_1_14' title="bbox 203 716 995 752; baseline -0.001 -9"><span class='ocrx_word' id='word_1_100' title='bbox 203 717 268 750; x_wconf 88' lang='lat' dir='ltr'><strong>Quia</strong></span> <span class='ocrx_word' id='word_1_101' title='bbox 279 718 349 744; x_wconf 86' lang='lat' dir='ltr'><strong>enim</strong></span> <span class='ocrx_word' id='word_1_102' title='bbox 365 718 485 751; x_wconf 78' lang='lat' dir='ltr'><strong>superius</strong></span> <span class='ocrx_word' id='word_1_103' title='bbox 498 717 574 750; x_wconf 85' lang='lat' dir='ltr'><strong>dixit,</strong></span> <span class='ocrx_word' id='word_1_104' title='bbox 586 725 647 744; x_wconf 89' lang='lat' dir='ltr'><strong>curn</strong></span> <span class='ocrx_word' id='word_1_105' title='bbox 659 717 685 744; x_wconf 91' lang='lat' dir='ltr'><strong>in</strong></span> <span class='ocrx_word' id='word_1_106' title='bbox 698 716 799 743; x_wconf 78' lang='lat' dir='ltr'><strong>visione</strong></span> <span class='ocrx_word' id='word_1_107' title='bbox 813 716 899 743; x_wconf 79' lang='lat' dir='ltr'><strong>noctis</strong></span> <span class='ocrx_word' id='word_1_108' title='bbox 912 724 995 752; x_wconf 81' lang='lat' dir='ltr'><strong>appa—</strong></span> 
     </span>
    </p>
   </div>
   <div class='ocr_carea' id='block_1_15' title="bbox 205 763 995 798">
    <p class='ocr_par' dir='ltr' id='par_1_15' title="bbox 205 763 995 798">
     <span class='ocr_line' id='line_1_15' title="bbox 205 763 995 798; baseline -0.001 -8"><span class='ocrx_word' id='word_1_109' title='bbox 205 764 290 790; x_wconf 89' lang='lat' dir='ltr'><strong>ruisse</strong></span> <span class='ocrx_word' id='word_1_110' title='bbox 305 764 340 790; x_wconf 90' lang='lat' dir='ltr'><strong>illi</strong></span> <span class='ocrx_word' id='word_1_111' title='bbox 351 784 358 794; x_wconf 89' lang='lat'><strong>.</strong></span> <span class='ocrx_word' id='word_1_112' title='bbox 374 771 405 790; x_wconf 90' lang='lat' dir='ltr'><strong>ac</strong></span> <span class='ocrx_word' id='word_1_113' title='bbox 419 764 498 791; x_wconf 87' lang='lat' dir='ltr'><strong>verba</strong></span> <span class='ocrx_word' id='word_1_114' title='bbox 512 763 554 790; x_wconf 85' lang='lat' dir='ltr'><strong>illa</strong></span> <span class='ocrx_word' id='word_1_115' title='bbox 565 765 588 790; x_wconf 87' lang='lat' dir='ltr'><strong>ei</strong></span> <span class='ocrx_word' id='word_1_116' title='bbox 603 763 739 798; x_wconf 88' lang='lat' dir='ltr'><strong>loquutum</strong></span> <span class='ocrx_word' id='word_1_117' title='bbox 755 763 835 790; x_wconf 78' lang='lat' dir='ltr'><strong>fuisse</strong></span> <span class='ocrx_word' id='word_1_118' title='bbox 847 773 853 790; x_wconf 87' lang='lat'><strong>:</strong></span> <span class='ocrx_word' id='word_1_119' title='bbox 865 770 934 790; x_wconf 92' lang='lat' dir='ltr'><strong>nunc</strong></span> <span class='ocrx_word' id='word_1_120' title='bbox 946 770 995 789; x_wconf 89' lang='lat' dir='ltr'><strong>au-</strong></span> 
     </span>
    </p>
   </div>
   <div class='ocr_carea' id='block_1_16' title="bbox 203 807 995 842">
    <p class='ocr_par' dir='ltr' id='par_1_16' title="bbox 203 807 995 842">
     <span class='ocr_line' id='line_1_16' title="bbox 203 807 995 842; baseline -0.001 -8"><span class='ocrx_word' id='word_1_121' title='bbox 203 812 255 835; x_wconf 85' lang='lat' dir='ltr'><strong>tem</strong></span> <span class='ocrx_word' id='word_1_122' title='bbox 270 808 325 834; x_wconf 89' lang='lat' dir='ltr'><strong>vult</strong></span> <span class='ocrx_word' id='word_1_123' title='bbox 345 808 369 835; x_wconf 90' lang='lat' dir='ltr'><strong>ei</strong></span> <span class='ocrx_word' id='word_1_124' title='bbox 393 808 546 841; x_wconf 81' lang='lat' dir='ltr'><strong>ostendere,</strong></span> <span class='ocrx_word' id='word_1_125' title='bbox 564 816 643 842; x_wconf 84' lang='lat' dir='ltr'><strong>quant</strong></span> <span class='ocrx_word' id='word_1_126' title='bbox 669 807 875 835; x_wconf 87' lang='lat' dir='ltr'><strong>immmerabilcs</strong></span> <span class='ocrx_word' id='word_1_127' title='bbox 897 808 951 834; x_wconf 88' lang='lat' dir='ltr'><strong>siut</strong></span> <span class='ocrx_word' id='word_1_128' title='bbox 969 807 995 834; x_wconf 89' lang='lat' dir='ltr'><strong>in</strong></span> 
     </span>
    </p>
   </div>
   <div class='ocr_carea' id='block_1_17' title="bbox 202 853 997 890">
    <p class='ocr_par' dir='ltr' id='par_1_17' title="bbox 202 853 997 890">
     <span class='ocr_line' id='line_1_17' title="bbox 202 853 997 890; baseline -0.001 -9"><span class='ocrx_word' id='word_1_129' title='bbox 202 854 268 881; x_wconf 82' lang='lat' dir='ltr'><strong>ca-lo</strong></span> <span class='ocrx_word' id='word_1_130' title='bbox 281 853 375 886; x_wconf 64' lang='lat' dir='ltr'><strong>stellae,</strong></span> <span class='ocrx_word' id='word_1_131' title='bbox 387 854 492 888; x_wconf 88' lang='lat' dir='ltr'><strong>inquit:</strong></span> <span class='ocrx_word' id='word_1_132' title='bbox 504 853 599 881; x_wconf 71' lang='lat' dir='ltr'><strong>Eduxit</strong></span> <span class='ocrx_word' id='word_1_133' title='bbox 608 862 664 882; x_wconf 86' lang='lat' dir='ltr'><strong>eum</strong></span> <span class='ocrx_word' id='word_1_134' title='bbox 675 855 755 890; x_wconf 81' lang='lat' dir='ltr'><strong>foros,</strong></span> <span class='ocrx_word' id='word_1_135' title='bbox 765 859 788 880; x_wconf 89' lang='lat' dir='ltr'><strong>et</strong></span> <span class='ocrx_word' id='word_1_136' title='bbox 799 854 863 880; x_wconf 64' lang='lat' dir='ltr'><strong>dixit</strong></span> <span class='ocrx_word' id='word_1_137' title='bbox 873 862 882 881; x_wconf 92' lang='lat'><strong>:</strong></span> <span class='ocrx_word' id='word_1_138' title='bbox 891 853 997 888; x_wconf 76' lang='lat' dir='ltr'><strong>Suspire</strong></span> 
     </span>
    </p>
   </div>
   <div class='ocr_carea' id='block_1_18' title="bbox 205 899 996 934">
    <p class='ocr_par' dir='ltr' id='par_1_18' title="bbox 205 899 996 934">
     <span class='ocr_line' id='line_1_18' title="bbox 205 899 996 934; baseline 0.001 -10"><span class='ocrx_word' id='word_1_139' title='bbox 205 899 230 924; x_wconf 87' lang='lat' dir='ltr'><strong>in</strong></span> <span class='ocrx_word' id='word_1_140' title='bbox 245 899 342 930; x_wconf 65' lang='lat' dir='ltr'><strong>(telum,</strong></span> <span class='ocrx_word' id='word_1_141' title='bbox 359 904 381 925; x_wconf 85' lang='lat' dir='ltr'><strong>et</strong></span> <span class='ocrx_word' id='word_1_142' title='bbox 395 907 497 925; x_wconf 67' lang='lat' dir='ltr'><strong>numera</strong></span> <span class='ocrx_word' id='word_1_143' title='bbox 511 899 608 933; x_wconf 80' lang='lat' dir='ltr'><strong>stellas,</strong></span> <span class='ocrx_word' id='word_1_144' title='bbox 624 899 646 925; x_wconf 80' lang='lat' dir='ltr'><strong>si</strong></span> <span class='ocrx_word' id='word_1_145' title='bbox 662 899 755 934; x_wconf 76' lang='lat' dir='ltr'><strong>poteris</strong></span> <span class='ocrx_word' id='word_1_146' title='bbox 769 907 810 926; x_wconf 82' lang='lat' dir='ltr'><strong>eas</strong></span> <span class='ocrx_word' id='word_1_147' title='bbox 825 899 996 926; x_wconf 83' lang='lat' dir='ltr'><strong>dinumerare.</strong></span> 
     </span>
    </p>
   </div>
   <div class='ocr_carea' id='block_1_19' title="bbox 207 944 996 979">
    <p class='ocr_par' dir='ltr' id='par_1_19' title="bbox 207 944 996 979">
     <span class='ocr_line' id='line_1_19' title="bbox 207 944 996 979; baseline 0.003 -9"><span class='ocrx_word' id='word_1_148' title='bbox 207 944 239 970; x_wconf 74' lang='lat' dir='ltr'><strong>Et</strong></span> <span class='ocrx_word' id='word_1_149' title='bbox 253 944 315 971; x_wconf 69' lang='lat' dir='ltr'><strong>dixit</strong></span> <span class='ocrx_word' id='word_1_150' title='bbox 326 944 346 971; x_wconf 81' lang='lat' dir='ltr'><strong>ei</strong></span> <span class='ocrx_word' id='word_1_151' title='bbox 358 952 366 971; x_wconf 92' lang='lat'><strong>:</strong></span> <span class='ocrx_word' id='word_1_152' title='bbox 377 944 421 972; x_wconf 81' lang='lat' dir='ltr'><strong>Sic</strong></span> <span class='ocrx_word' id='word_1_153' title='bbox 433 945 480 971; x_wconf 87' lang='lat' dir='ltr'><strong>erit</strong></span> <span class='ocrx_word' id='word_1_154' title='bbox 494 953 577 971; x_wconf 82' lang='lat' dir='ltr'><strong>semen</strong></span> <span class='ocrx_word' id='word_1_155' title='bbox 593 949 673 971; x_wconf 87' lang='lat' dir='ltr'><strong>tuum.</strong></span> <span class='ocrx_word' id='word_1_156' title='bbox 690 944 812 979; x_wconf 78' lang='lat' dir='ltr'><strong>Magnum</strong></span> <span class='ocrx_word' id='word_1_157' title='bbox 825 945 996 979; x_wconf 91' lang='lat' dir='ltr'><strong>promissum,</strong></span> 
     </span>
    </p>
   </div>
   <div class='ocr_carea' id='block_1_20' title="bbox 208 989 999 1024">
    <p class='ocr_par' dir='ltr' id='par_1_20' title="bbox 208 989 999 1024">
     <span class='ocr_line' id='line_1_20' title="bbox 208 989 999 1024; baseline 0.001 -8"><span class='ocrx_word' id='word_1_158' title='bbox 208 989 301 1024; x_wconf 76' lang='lat' dir='ltr'><strong>ingens</strong></span> <span class='ocrx_word' id='word_1_159' title='bbox 313 990 496 1023; x_wconf 86' lang='lat' dir='ltr'><strong>promissionis</strong></span> <span class='ocrx_word' id='word_1_160' title='bbox 507 989 659 1024; x_wconf 78' lang='lat' dir='ltr'><strong>magnitudo</strong></span> <span class='ocrx_word' id='word_1_161' title='bbox 672 998 677 1016; x_wconf 93' lang='lat'><strong>:</strong></span> <span class='ocrx_word' id='word_1_162' title='bbox 690 990 737 1016; x_wconf 89' lang='lat' dir='ltr'><strong>sed</strong></span> <span class='ocrx_word' id='word_1_163' title='bbox 754 990 775 1016; x_wconf 91' lang='lat' dir='ltr'><strong>si</strong></span> <span class='ocrx_word' id='word_1_164' title='bbox 790 990 873 1023; x_wconf 90' lang='lat' dir='ltr'><strong>ipsam</strong></span> <span class='ocrx_word' id='word_1_165' title='bbox 888 990 999 1024; x_wconf 88' lang='lat' dir='ltr'><strong>promit-</strong></span> 
     </span>
    </p>
   </div>
   <div class='ocr_carea' id='block_1_21' title="bbox 207 1035 1000 1071">
    <p class='ocr_par' dir='ltr' id='par_1_21' title="bbox 207 1035 1000 1071">
     <span class='ocr_line' id='line_1_21' title="bbox 207 1035 1000 1071; baseline 0.003 -10"><span class='ocrx_word' id='word_1_166' title='bbox 207 1035 286 1061; x_wconf 85' lang='lat' dir='ltr'><strong>tentis</strong></span> <span class='ocrx_word' id='word_1_167' title='bbox 310 1035 433 1062; x_wconf 83' lang='lat' dir='ltr'><strong>virtutem</strong></span> <span class='ocrx_word' id='word_1_168' title='bbox 456 1035 649 1071; x_wconf 79' lang='lat' dir='ltr'><strong>cogitabitnns,</strong></span> <span class='ocrx_word' id='word_1_169' title='bbox 675 1035 738 1062; x_wconf 87' lang='lat' dir='ltr'><strong>nihil</strong></span> <span class='ocrx_word' id='word_1_170' title='bbox 761 1036 839 1063; x_wconf 91' lang='lat' dir='ltr'><strong>nobis</strong></span> <span class='ocrx_word' id='word_1_171' title='bbox 861 1036 1000 1070; x_wconf 85' lang='lat' dir='ltr'><strong>apparebit</strong></span> 
     </span>
    </p>
   </div>
   <div class='ocr_carea' id='block_1_22' title="bbox 209 1080 999 1115">
    <p class='ocr_par' dir='ltr' id='par_1_22' title="bbox 209 1080 999 1115">
     <span class='ocr_line' id='line_1_22' title="bbox 209 1080 999 1115; baseline 0.003 -8"><span class='ocrx_word' id='word_1_172' title='bbox 209 1088 344 1115; x_wconf 78' lang='lat' dir='ltr'><strong>magnum.</strong></span> <span class='ocrx_word' id='word_1_173' title='bbox 360 1081 408 1114; x_wconf 85' lang='lat' dir='ltr'><strong>Qui</strong></span> <span class='ocrx_word' id='word_1_174' title='bbox 424 1081 495 1108; x_wconf 92' lang='lat' dir='ltr'><strong>enim</strong></span> <span class='ocrx_word' id='word_1_175' title='bbox 510 1081 544 1108; x_wconf 89' lang='lat' dir='ltr'><strong>de</strong></span> <span class='ocrx_word' id='word_1_176' title='bbox 557 1086 627 1108; x_wconf 83' lang='lat' dir='ltr'><strong>terra</strong></span> <span class='ocrx_word' id='word_1_177' title='bbox 638 1088 736 1115; x_wconf 86' lang='lat' dir='ltr'><strong>corpus</strong></span> <span class='ocrx_word' id='word_1_178' title='bbox 749 1080 880 1113; x_wconf 78' lang='lat' dir='ltr'><strong>formavit,</strong></span> <span class='ocrx_word' id='word_1_179' title='bbox 893 1086 919 1109; x_wconf 89' lang='lat' dir='ltr'><strong>et</strong></span> <span class='ocrx_word' id='word_1_180' title='bbox 929 1081 999 1115; x_wconf 87' lang='lat' dir='ltr'><strong>quod</strong></span> 
     </span>
    </p>
   </div>
   <div class='ocr_carea' id='block_1_23' title="bbox 208 1125 1001 1160">
    <p class='ocr_par' dir='ltr' id='par_1_23' title="bbox 208 1125 1001 1160">
     <span class='ocr_line' id='line_1_23' title="bbox 208 1125 1001 1160; baseline -0.001 -7"><span class='ocrx_word' id='word_1_181' title='bbox 208 1134 261 1153; x_wconf 90' lang='lat' dir='ltr'><strong>non</strong></span> <span class='ocrx_word' id='word_1_182' title='bbox 271 1131 337 1158; x_wconf 85' lang='lat' dir='ltr'><strong>erat,</strong></span> <span class='ocrx_word' id='word_1_183' title='bbox 349 1126 374 1152; x_wconf 86' lang='lat' dir='ltr'><strong>id</strong></span> <span class='ocrx_word' id='word_1_184' title='bbox 382 1130 411 1153; x_wconf 92' lang='lat' dir='ltr'><strong>ut</strong></span> <span class='ocrx_word' id='word_1_185' title='bbox 421 1130 493 1153; x_wconf 84' lang='lat' dir='ltr'><strong>esset</strong></span> <span class='ocrx_word' id='word_1_186' title='bbox 503 1125 575 1159; x_wconf 79' lang='lat' dir='ltr'><strong>fecit,</strong></span> <span class='ocrx_word' id='word_1_187' title='bbox 585 1126 738 1153; x_wconf 88' lang='lat' dir='ltr'><strong>etcondidit</strong></span> <span class='ocrx_word' id='word_1_188' title='bbox 746 1126 833 1153; x_wconf 87' lang='lat' dir='ltr'><strong>omnia</strong></span> <span class='ocrx_word' id='word_1_189' title='bbox 842 1134 901 1160; x_wconf 77' lang='lat' dir='ltr'><strong>qua:</strong></span> <span class='ocrx_word' id='word_1_190' title='bbox 909 1126 1001 1153; x_wconf 91' lang='lat' dir='ltr'><strong>viden-</strong></span> 
     </span>
    </p>
   </div>
   <div class='ocr_carea' id='block_1_24' title="bbox 209 1172 999 1207">
    <p class='ocr_par' dir='ltr' id='par_1_24' title="bbox 209 1172 999 1207">
     <span class='ocr_line' id='line_1_24' title="bbox 209 1172 999 1207; baseline 0.001 -9"><span class='ocrx_word' id='word_1_191' title='bbox 209 1177 266 1206; x_wconf 86' lang='lat' dir='ltr'><strong>tur,</strong></span> <span class='ocrx_word' id='word_1_192' title='bbox 280 1172 324 1199; x_wconf 88' lang='lat' dir='ltr'><strong>illc</strong></span> <span class='ocrx_word' id='word_1_193' title='bbox 339 1172 418 1199; x_wconf 88' lang='lat' dir='ltr'><strong>etiam</strong></span> <span class='ocrx_word' id='word_1_194' title='bbox 436 1172 501 1199; x_wconf 83' lang='lat' dir='ltr'><strong>dare</strong></span> <span class='ocrx_word' id='word_1_195' title='bbox 515 1172 612 1207; x_wconf 82' lang='lat' dir='ltr'><strong>poterit</strong></span> <span class='ocrx_word' id='word_1_196' title='bbox 627 1180 687 1207; x_wconf 77' lang='lat' dir='ltr'><strong>qua:</strong></span> <span class='ocrx_word' id='word_1_197' title='bbox 699 1179 779 1206; x_wconf 88' lang='lat' dir='ltr'><strong>supra</strong></span> <span class='ocrx_word' id='word_1_198' title='bbox 794 1177 916 1199; x_wconf 89' lang='lat' dir='ltr'><strong>naturam</strong></span> <span class='ocrx_word' id='word_1_199' title='bbox 928 1176 999 1199; x_wconf 69' lang='lat' dir='ltr'><strong>sunt.</strong></span> 
     </span>
    </p>
   </div>
   <div class='ocr_carea' id='block_1_25' title="bbox 245 1216 1001 1251">
    <p class='ocr_par' dir='ltr' id='par_1_25' title="bbox 245 1216 1001 1251">
     <span class='ocr_line' id='line_1_25' title="bbox 245 1216 1001 1251; baseline -0.003 -6"><span class='ocrx_word' id='word_1_200' title='bbox 245 1218 272 1245; x_wconf 80' lang='lat'><strong>5.</strong></span> <span class='ocrx_word' id='word_1_201' title='bbox 291 1217 383 1244; x_wconf 82' lang='lat' dir='ltr'><strong>Vidisti</strong></span> <span class='ocrx_word' id='word_1_202' title='bbox 405 1217 509 1244; x_wconf 90' lang='lat' dir='ltr'><strong>Domini</strong></span> <span class='ocrx_word' id='word_1_203' title='bbox 533 1216 741 1244; x_wconf 72' lang='lat' dir='ltr'><strong>liberalitatem?</strong></span> <span class='ocrx_word' id='word_1_204' title='bbox 766 1216 909 1251; x_wconf 81' lang='lat' dir='ltr'><strong>Postquam</strong></span> <span class='ocrx_word' id='word_1_205' title='bbox 929 1217 1001 1243; x_wconf 91' lang='lat' dir='ltr'><strong>enim</strong></span> 
     </span>
    </p>
   </div>
   <div class='ocr_carea' id='block_1_26' title="bbox 209 1261 1002 1298">
    <p class='ocr_par' dir='ltr' id='par_1_26' title="bbox 209 1261 1002 1298">
     <span class='ocr_line' id='line_1_26' title="bbox 209 1261 1002 1298; baseline -0.003 -8"><span class='ocrx_word' id='word_1_206' title='bbox 209 1263 286 1295; x_wconf 81' lang='lat' dir='ltr'><strong>dixit,</strong></span> <span class='ocrx_word' id='word_1_207' title='bbox 304 1263 402 1298; x_wconf 80' lang='lat' dir='ltr'><strong>Absque</strong></span> <span class='ocrx_word' id='word_1_208' title='bbox 413 1262 485 1297; x_wconf 80' lang='lat' dir='ltr'><strong>prole</strong></span> <span class='ocrx_word' id='word_1_209' title='bbox 500 1262 624 1294; x_wconf 86' lang='lat' dir='ltr'><strong>dimittor,</strong></span> <span class='ocrx_word' id='word_1_210' title='bbox 638 1261 714 1297; x_wconf 88' lang='lat' dir='ltr'><strong>quasi</strong></span> <span class='ocrx_word' id='word_1_211' title='bbox 727 1261 795 1296; x_wconf 90' lang='lat' dir='ltr'><strong>apud</strong></span> <span class='ocrx_word' id='word_1_212' title='bbox 810 1266 898 1296; x_wconf 86' lang='lat' dir='ltr'><strong>portas</strong></span> <span class='ocrx_word' id='word_1_213' title='bbox 909 1261 1002 1288; x_wconf 90' lang='lat' dir='ltr'><strong>mortis</strong></span> 
     </span>
    </p>
   </div>
   <div class='ocr_carea' id='block_1_27' title="bbox 209 1307 1002 1343">
    <p class='ocr_par' dir='ltr' id='par_1_27' title="bbox 209 1307 1002 1343">
     <span class='ocr_line' id='line_1_27' title="bbox 209 1307 1002 1343; baseline -0.004 -6"><span class='ocrx_word' id='word_1_214' title='bbox 209 1309 352 1342; x_wconf 84' lang='lat' dir='ltr'><strong>exsistens,</strong></span> <span class='ocrx_word' id='word_1_215' title='bbox 361 1313 388 1336; x_wconf 91' lang='lat' dir='ltr'><strong>et</strong></span> <span class='ocrx_word' id='word_1_216' title='bbox 399 1308 463 1335; x_wconf 87' lang='lat' dir='ltr'><strong>nihil</strong></span> <span class='ocrx_word' id='word_1_217' title='bbox 475 1308 589 1343; x_wconf 81' lang='lat' dir='ltr'><strong>amplius</strong></span> <span class='ocrx_word' id='word_1_218' title='bbox 600 1307 705 1342; x_wconf 83' lang='lat' dir='ltr'><strong>operari</strong></span> <span class='ocrx_word' id='word_1_219' title='bbox 716 1307 806 1334; x_wconf 83' lang='lat' dir='ltr'><strong>valens</strong></span> <span class='ocrx_word' id='word_1_220' title='bbox 818 1311 846 1334; x_wconf 87' lang='lat' dir='ltr'><strong>ut</strong></span> <span class='ocrx_word' id='word_1_221' title='bbox 858 1314 1002 1341; x_wconf 84' lang='lat' dir='ltr'><strong>procreen-</strong></span> 
     </span>
    </p>
   </div>
   <div class='ocr_carea' id='block_1_28' title="bbox 211 1351 1002 1387">
    <p class='ocr_par' dir='ltr' id='par_1_28' title="bbox 211 1351 1002 1387">
     <span class='ocr_line' id='line_1_28' title="bbox 211 1351 1002 1387; baseline -0.006 -5"><span class='ocrx_word' id='word_1_222' title='bbox 211 1359 255 1382; x_wconf 88' lang='lat' dir='ltr'><strong>tur</strong></span> <span class='ocrx_word' id='word_1_223' title='bbox 269 1355 354 1385; x_wconf 85' lang='lat' dir='ltr'><strong>liberi,</strong></span> <span class='ocrx_word' id='word_1_224' title='bbox 371 1354 409 1381; x_wconf 89' lang='lat' dir='ltr'><strong>sic</strong></span> <span class='ocrx_word' id='word_1_225' title='bbox 423 1353 503 1380; x_wconf 89' lang='lat' dir='ltr'><strong>verba</strong></span> <span class='ocrx_word' id='word_1_226' title='bbox 524 1353 567 1380; x_wconf 87' lang='lat' dir='ltr'><strong>illa</strong></span> <span class='ocrx_word' id='word_1_227' title='bbox 583 1352 701 1387; x_wconf 87' lang='lat' dir='ltr'><strong>protulit,</strong></span> <span class='ocrx_word' id='word_1_228' title='bbox 723 1352 832 1380; x_wconf 88' lang='lat' dir='ltr'><strong>dicens:</strong></span> <span class='ocrx_word' id='word_1_229' title='bbox 845 1351 927 1379; x_wconf 83' lang='lat' dir='ltr'><strong>Filius</strong></span> <span class='ocrx_word' id='word_1_230' title='bbox 944 1351 1002 1378; x_wconf 84' lang='lat' dir='ltr'><strong>Ma-</strong></span> 
     </span>
    </p>
   </div>
   <div class='ocr_carea' id='block_1_29' title="bbox 211 1398 1004 1436">
    <p class='ocr_par' dir='ltr' id='par_1_29' title="bbox 211 1398 1004 1436">
     <span class='ocr_line' id='line_1_29' title="bbox 211 1398 1004 1436; baseline -0.003 -9"><span class='ocrx_word' id='word_1_231' title='bbox 211 1409 251 1428; x_wconf 83' lang='lat' dir='ltr'><strong>sec</strong></span> <span class='ocrx_word' id='word_1_232' title='bbox 264 1402 303 1436; x_wconf 79' lang='grc' dir='ltr'><strong>(η)</strong></span> <span class='ocrx_word' id='word_1_233' title='bbox 318 1400 459 1427; x_wconf 57' lang='lat' dir='ltr'><strong>vernacula:</strong></span> <span class='ocrx_word' id='word_1_234' title='bbox 482 1407 543 1426; x_wconf 69' lang='lat' dir='ltr'><strong>mete</strong></span> <span class='ocrx_word' id='word_1_235' title='bbox 566 1399 636 1426; x_wconf 80' lang='lat' dir='ltr'><strong>heres</strong></span> <span class='ocrx_word' id='word_1_236' title='bbox 657 1407 726 1426; x_wconf 85' lang='lat' dir='ltr'><strong>meus</strong></span> <span class='ocrx_word' id='word_1_237' title='bbox 747 1398 803 1425; x_wconf 74' lang='lat' dir='ltr'><strong>erit.</strong></span> <span class='ocrx_word' id='word_1_238' title='bbox 829 1398 891 1425; x_wconf 88' lang='lat' dir='ltr'><strong>Ideo</strong></span> <span class='ocrx_word' id='word_1_239' title='bbox 913 1398 1004 1425; x_wconf 65' lang='lat' dir='ltr'><strong>volt-ns</strong></span> 
     </span>
    </p>
   </div>
   <div class='ocr_carea' id='block_1_30' title="bbox 213 1443 1003 1481">
    <p class='ocr_par' dir='ltr' id='par_1_30' title="bbox 213 1443 1003 1481">
     <span class='ocr_line' id='line_1_30' title="bbox 213 1443 1003 1481; baseline -0.004 -8"><span class='ocrx_word' id='word_1_240' title='bbox 213 1447 334 1481; x_wconf 87' lang='lat' dir='ltr'><strong>spiritum</strong></span> <span class='ocrx_word' id='word_1_241' title='bbox 343 1448 400 1481; x_wconf 87' lang='lat' dir='ltr'><strong>ejus</strong></span> <span class='ocrx_word' id='word_1_242' title='bbox 408 1446 521 1480; x_wconf 77' lang='lat' dir='ltr'><strong>erigere,</strong></span> <span class='ocrx_word' id='word_1_243' title='bbox 534 1449 561 1472; x_wconf 90' lang='lat' dir='ltr'><strong>et</strong></span> <span class='ocrx_word' id='word_1_244' title='bbox 571 1451 669 1472; x_wconf 88' lang='lat' dir='ltr'><strong>novum</strong></span> <span class='ocrx_word' id='word_1_245' title='bbox 679 1446 795 1479; x_wconf 74' lang='lat' dir='ltr'><strong>vigorem</strong></span> <span class='ocrx_word' id='word_1_246' title='bbox 804 1444 885 1471; x_wconf 90' lang='lat' dir='ltr'><strong>menti</strong></span> <span class='ocrx_word' id='word_1_247' title='bbox 895 1443 1003 1475; x_wconf 86' lang='lat' dir='ltr'><strong>addere,</strong></span> 
     </span>
    </p>
   </div>
   <div class='ocr_carea' id='block_1_31' title="bbox 213 1489 1006 1524">
    <p class='ocr_par' dir='ltr' id='par_1_31' title="bbox 213 1489 1006 1524">
     <span class='ocr_line' id='line_1_31' title="bbox 213 1489 1006 1524; baseline -0.005 -6"><span class='ocrx_word' id='word_1_248' title='bbox 213 1493 247 1519; x_wconf 76' lang='lat' dir='ltr'><strong>ab</strong></span> <span class='ocrx_word' id='word_1_249' title='bbox 261 1491 416 1518; x_wconf 89' lang='lat' dir='ltr'><strong>imminente</strong></span> <span class='ocrx_word' id='word_1_250' title='bbox 431 1490 526 1517; x_wconf 90' lang='lat' dir='ltr'><strong>timore</strong></span> <span class='ocrx_word' id='word_1_251' title='bbox 538 1497 599 1517; x_wconf 90' lang='lat' dir='ltr'><strong>eum</strong></span> <span class='ocrx_word' id='word_1_252' title='bbox 613 1489 718 1522; x_wconf 78' lang='lat' dir='ltr'><strong>liberat,</strong></span> <span class='ocrx_word' id='word_1_253' title='bbox 733 1489 960 1524; x_wconf 75' lang='lat' dir='ltr'><strong>promissioneque</strong></span> <span class='ocrx_word' id='word_1_254' title='bbox 974 1495 1006 1515; x_wconf 90' lang='lat' dir='ltr'><strong>ac</strong></span> 
     </span>
    </p>
   </div>
   <div class='ocr_carea' id='block_1_32' title="bbox 215 1533 1006 1571">
    <p class='ocr_par' dir='ltr' id='par_1_32' title="bbox 215 1533 1006 1571">
     <span class='ocr_line' id='line_1_32' title="bbox 215 1533 1006 1571; baseline -0.005 -7"><span class='ocrx_word' id='word_1_255' title='bbox 215 1537 277 1564; x_wconf 91' lang='lat' dir='ltr'><strong>doni</strong></span> <span class='ocrx_word' id='word_1_256' title='bbox 302 1536 484 1571; x_wconf 81' lang='lat' dir='ltr'><strong>magnitudine</strong></span> <span class='ocrx_word' id='word_1_257' title='bbox 505 1540 622 1563; x_wconf 88' lang='lat' dir='ltr'><strong>mentem</strong></span> <span class='ocrx_word' id='word_1_258' title='bbox 645 1535 703 1569; x_wconf 80' lang='lat' dir='ltr'><strong>ejus</strong></span> <span class='ocrx_word' id='word_1_259' title='bbox 724 1534 818 1569; x_wconf 78' lang='lat' dir='ltr'><strong>erigit,</strong></span> <span class='ocrx_word' id='word_1_260' title='bbox 841 1533 1006 1560; x_wconf 90' lang='lat' dir='ltr'><strong>ostendendo</strong></span> 
     </span>
    </p>
   </div>
   <div class='ocr_carea' id='block_1_33' title="bbox 216 1579 1006 1614">
    <p class='ocr_par' dir='ltr' id='par_1_33' title="bbox 216 1579 1006 1614">
     <span class='ocr_line' id='line_1_33' title="bbox 216 1579 1006 1614; baseline -0.005 -5"><span class='ocrx_word' id='word_1_261' title='bbox 216 1582 354 1609; x_wconf 76' lang='lat' dir='ltr'><strong>stellarum</strong></span> <span class='ocrx_word' id='word_1_262' title='bbox 369 1580 612 1612; x_wconf 88' lang='lat' dir='ltr'><strong>multitudinem,ct</strong></span> <span class='ocrx_word' id='word_1_263' title='bbox 624 1579 801 1614; x_wconf 88' lang='lat' dir='ltr'><strong>promittendo</strong></span> <span class='ocrx_word' id='word_1_264' title='bbox 815 1579 963 1606; x_wconf 85' lang='lat' dir='ltr'><strong>nascituros</strong></span> <span class='ocrx_word' id='word_1_265' title='bbox 973 1585 1006 1605; x_wconf 76' lang='lat' dir='ltr'><strong>ex</strong></span> 
     </span>
    </p>
   </div>
   <div class='ocr_carea' id='block_1_34' title="bbox 215 1624 1007 1661">
    <p class='ocr_par' dir='ltr' id='par_1_34' title="bbox 215 1624 1007 1661">
     <span class='ocr_line' id='line_1_34' title="bbox 215 1624 1007 1661; baseline -0.004 -7"><span class='ocrx_word' id='word_1_266' title='bbox 215 1635 248 1654; x_wconf 91' lang='lat' dir='ltr'><strong>co</strong></span> <span class='ocrx_word' id='word_1_267' title='bbox 262 1627 314 1654; x_wconf 88' lang='lat' dir='ltr'><strong>illis</strong></span> <span class='ocrx_word' id='word_1_268' title='bbox 330 1633 406 1661; x_wconf 87' lang='lat' dir='ltr'><strong>pares</strong></span> <span class='ocrx_word' id='word_1_269' title='bbox 419 1625 531 1658; x_wconf 78' lang='lat' dir='ltr'><strong>futuros,</strong></span> <span class='ocrx_word' id='word_1_270' title='bbox 544 1626 568 1653; x_wconf 91' lang='lat' dir='ltr'><strong>in</strong></span> <span class='ocrx_word' id='word_1_271' title='bbox 583 1625 679 1652; x_wconf 84' lang='lat' dir='ltr'><strong>bonam</strong></span> <span class='ocrx_word' id='word_1_272' title='bbox 691 1632 765 1659; x_wconf 87' lang='lat' dir='ltr'><strong>spem</strong></span> <span class='ocrx_word' id='word_1_273' title='bbox 778 1624 894 1652; x_wconf 89' lang='lat' dir='ltr'><strong>adducit.</strong></span> <span class='ocrx_word' id='word_1_274' title='bbox 909 1624 1007 1651; x_wconf 79' lang='lat' dir='ltr'><strong>Vidcns</strong></span> 
     </span>
    </p>
   </div>
   <div class='ocr_carea' id='block_1_35' title="bbox 215 1670 1007 1707">
    <p class='ocr_par' dir='ltr' id='par_1_35' title="bbox 215 1670 1007 1707">
     <span class='ocr_line' id='line_1_35' title="bbox 215 1670 1007 1707; baseline -0.005 -7"><span class='ocrx_word' id='word_1_275' title='bbox 215 1673 286 1700; x_wconf 81' lang='lat' dir='ltr'><strong>enim</strong></span> <span class='ocrx_word' id='word_1_276' title='bbox 309 1673 411 1699; x_wconf 72' lang='lat' dir='ltr'><strong>Domini</strong></span> <span class='ocrx_word' id='word_1_277' title='bbox 435 1672 656 1707; x_wconf 86' lang='lat' dir='ltr'><strong>promissionem,</strong></span> <span class='ocrx_word' id='word_1_278' title='bbox 680 1670 777 1705; x_wconf 88' lang='lat' dir='ltr'><strong>rejecta</strong></span> <span class='ocrx_word' id='word_1_279' title='bbox 800 1671 871 1697; x_wconf 90' lang='lat' dir='ltr'><strong>omni</strong></span> <span class='ocrx_word' id='word_1_280' title='bbox 893 1670 1007 1697; x_wconf 88' lang='lat' dir='ltr'><strong>humana</strong></span> 
     </span>
    </p>
   </div>
   <div class='ocr_carea' id='block_1_36' title="bbox 216 1716 1008 1752">
    <p class='ocr_par' dir='ltr' id='par_1_36' title="bbox 216 1716 1008 1752">
     <span class='ocr_line' id='line_1_36' title="bbox 216 1716 1008 1752; baseline -0.003 -7"><span class='ocrx_word' id='word_1_281' title='bbox 216 1719 327 1750; x_wconf 71' lang='lat' dir='ltr'><strong>ratione,</strong></span> <span class='ocrx_word' id='word_1_282' title='bbox 343 1722 370 1745; x_wconf 81' lang='lat' dir='ltr'><strong>et</strong></span> <span class='ocrx_word' id='word_1_283' title='bbox 381 1725 466 1751; x_wconf 83' lang='lat' dir='ltr'><strong>neque</strong></span> <span class='ocrx_word' id='word_1_284' title='bbox 479 1717 511 1745; x_wconf 94' lang='lat' dir='ltr'><strong>ad</strong></span> <span class='ocrx_word' id='word_1_285' title='bbox 525 1725 555 1744; x_wconf 90' lang='lat' dir='ltr'><strong>se</strong></span> <span class='ocrx_word' id='word_1_286' title='bbox 566 1718 662 1752; x_wconf 84' lang='lat' dir='ltr'><strong>ipsum,</strong></span> <span class='ocrx_word' id='word_1_287' title='bbox 675 1725 761 1752; x_wconf 90' lang='lat' dir='ltr'><strong>neque</strong></span> <span class='ocrx_word' id='word_1_288' title='bbox 772 1717 804 1744; x_wconf 92' lang='lat' dir='ltr'><strong>ad</strong></span> <span class='ocrx_word' id='word_1_289' title='bbox 817 1717 908 1744; x_wconf 87' lang='lat' dir='ltr'><strong>Saram</strong></span> <span class='ocrx_word' id='word_1_290' title='bbox 920 1716 1008 1743; x_wconf 85' lang='lat' dir='ltr'><strong>minus</strong></span> 
     </span>
    </p>
   </div>
   <div class='ocr_carea' id='block_1_37' title="bbox 216 1760 996 1797">
    <p class='ocr_par' dir='ltr' id='par_1_37' title="bbox 216 1760 996 1797">
     <span class='ocr_line' id='line_1_37' title="bbox 216 1760 996 1797; baseline -0.003 -8"><span class='ocrx_word' id='word_1_291' title='bbox 216 1763 392 1797; x_wconf 81' lang='lat' dir='ltr'><strong>procreatinni</strong></span> <span class='ocrx_word' id='word_1_292' title='bbox 409 1768 496 1797; x_wconf 83' lang='lat' dir='ltr'><strong>aptam</strong></span> <span class='ocrx_word' id='word_1_293' title='bbox 511 1762 657 1796; x_wconf 83' lang='lat' dir='ltr'><strong>respiciens</strong></span> <span class='ocrx_word' id='word_1_294' title='bbox 671 1762 734 1789; x_wconf 88' lang='lat' dir='ltr'><strong>:sed</strong></span> <span class='ocrx_word' id='word_1_295' title='bbox 753 1761 938 1797; x_wconf 69' lang='lat' dir='ltr'><strong>prrctcrmissis</strong></span> <span class='ocrx_word' id='word_1_296' title='bbox 960 1760 996 1788; x_wconf 89' lang='lat' dir='ltr'><strong>hu</strong></span> 
     </span>
    </p>
   </div>
   <div class='ocr_carea' id='block_1_38' title="bbox 217 1807 1009 1841">
    <p class='ocr_par' dir='ltr' id='par_1_38' title="bbox 217 1807 1009 1841">
     <span class='ocr_line' id='line_1_38' title="bbox 217 1807 1009 1841; baseline -0.001 -7"><span class='ocrx_word' id='word_1_297' title='bbox 217 1807 302 1834; x_wconf 83' lang='lat' dir='ltr'><strong>mauis</strong></span> <span class='ocrx_word' id='word_1_298' title='bbox 317 1807 440 1834; x_wconf 88' lang='lat' dir='ltr'><strong>omnibus</strong></span> <span class='ocrx_word' id='word_1_299' title='bbox 452 1828 461 1841; x_wconf 88' lang='lat'><strong>,</strong></span> <span class='ocrx_word' id='word_1_300' title='bbox 484 1807 573 1834; x_wconf 89' lang='lat' dir='ltr'><strong>sciens</strong></span> <span class='ocrx_word' id='word_1_301' title='bbox 592 1807 674 1834; x_wconf 79' lang='lat' dir='ltr'><strong>Deum</strong></span> <span class='ocrx_word' id='word_1_302' title='bbox 696 1813 774 1841; x_wconf 89' lang='lat' dir='ltr'><strong>posse</strong></span> <span class='ocrx_word' id='word_1_303' title='bbox 789 1807 869 1834; x_wconf 91' lang='lat' dir='ltr'><strong>etiam</strong></span> <span class='ocrx_word' id='word_1_304' title='bbox 885 1813 916 1833; x_wconf 91' lang='lat' dir='ltr'><strong>ea</strong></span> <span class='ocrx_word' id='word_1_305' title='bbox 926 1827 933 1836; x_wconf 82' lang='lat'><strong>.</strong></span> <span class='ocrx_word' id='word_1_306' title='bbox 949 1813 1009 1840; x_wconf 64' lang='lat' dir='ltr'><strong>quae</strong></span> 
     </span>
    </p>
   </div>
   <div class='ocr_carea' id='block_1_39' title="bbox 218 1851 1007 1887">
    <p class='ocr_par' dir='ltr' id='par_1_39' title="bbox 218 1851 1007 1887">
     <span class='ocr_line' id='line_1_39' title="bbox 218 1851 1007 1887; baseline 0 -8"><span class='ocrx_word' id='word_1_307' title='bbox 218 1860 296 1887; x_wconf 87' lang='lat' dir='ltr'><strong>supra</strong></span> <span class='ocrx_word' id='word_1_308' title='bbox 311 1857 433 1879; x_wconf 85' lang='lat' dir='ltr'><strong>naturam</strong></span> <span class='ocrx_word' id='word_1_309' title='bbox 447 1857 519 1886; x_wconf 83' lang='lat' dir='ltr'><strong>sunt,</strong></span> <span class='ocrx_word' id='word_1_310' title='bbox 533 1851 632 1887; x_wconf 76' lang='lat' dir='ltr'><strong>largiri,</strong></span> <span class='ocrx_word' id='word_1_311' title='bbox 648 1852 726 1879; x_wconf 80' lang='lat' dir='ltr'><strong>[idem</strong></span> <span class='ocrx_word' id='word_1_312' title='bbox 740 1851 830 1879; x_wconf 82' lang='lat' dir='ltr'><strong>habuit</strong></span> <span class='ocrx_word' id='word_1_313' title='bbox 841 1851 932 1886; x_wconf 85' lang='lat' dir='ltr'><strong>dictis,</strong></span> <span class='ocrx_word' id='word_1_314' title='bbox 948 1852 1007 1879; x_wconf 90' lang='lat' dir='ltr'><strong>nul-</strong></span> 
     </span>
    </p>
   </div>
   <div class='ocr_carea' id='block_1_40' title="bbox 217 1896 1010 1931">
    <p class='ocr_par' dir='ltr' id='par_1_40' title="bbox 217 1896 1010 1931">
     <span class='ocr_line' id='line_1_40' title="bbox 217 1896 1010 1931; baseline -0.001 -7"><span class='ocrx_word' id='word_1_315' title='bbox 217 1897 269 1924; x_wconf 81' lang='lat' dir='ltr'><strong>lam</strong></span> <span class='ocrx_word' id='word_1_316' title='bbox 290 1897 480 1925; x_wconf 88' lang='lat' dir='ltr'><strong>dubitationem</strong></span> <span class='ocrx_word' id='word_1_317' title='bbox 503 1897 664 1930; x_wconf 86' lang='lat' dir='ltr'><strong>admittens,</strong></span> <span class='ocrx_word' id='word_1_318' title='bbox 688 1905 773 1931; x_wconf 86' lang='lat' dir='ltr'><strong>neque</strong></span> <span class='ocrx_word' id='word_1_319' title='bbox 795 1905 855 1924; x_wconf 90' lang='lat' dir='ltr'><strong>cum</strong></span> <span class='ocrx_word' id='word_1_320' title='bbox 869 1897 939 1923; x_wconf 87' lang='lat' dir='ltr'><strong>dicta</strong></span> <span class='ocrx_word' id='word_1_321' title='bbox 953 1896 1010 1924; x_wconf 70' lang='lat' dir='ltr'><strong>hmc</strong></span> 
     </span>
    </p>
   </div>
   <div class='ocr_carea' id='block_1_41' title="bbox 218 1941 1010 1977">
    <p class='ocr_par' dir='ltr' id='par_1_41' title="bbox 218 1941 1010 1977">
     <span class='ocr_line' id='line_1_41' title="bbox 218 1941 1010 1977; baseline -0.001 -7"><span class='ocrx_word' id='word_1_322' title='bbox 218 1945 333 1976; x_wconf 80' lang='lat' dir='ltr'><strong>fuerunt,</strong></span> <span class='ocrx_word' id='word_1_323' title='bbox 349 1943 489 1970; x_wconf 60' lang='lat' dir='ltr'><strong>haesitavit.</strong></span> <span class='ocrx_word' id='word_1_324' title='bbox 511 1943 567 1970; x_wconf 90' lang='lat' dir='ltr'><strong>lloc</strong></span> <span class='ocrx_word' id='word_1_325' title='bbox 581 1943 651 1970; x_wconf 90' lang='lat' dir='ltr'><strong>enim</strong></span> <span class='ocrx_word' id='word_1_326' title='bbox 666 1950 736 1969; x_wconf 72' lang='lat' dir='ltr'><strong>verat</strong></span> <span class='ocrx_word' id='word_1_327' title='bbox 757 1942 817 1970; x_wconf 83' lang='lat' dir='ltr'><strong>ﬁdei</strong></span> <span class='ocrx_word' id='word_1_328' title='bbox 838 1947 890 1976; x_wconf 79' lang='lat' dir='ltr'><strong>cst,</strong></span> <span class='ocrx_word' id='word_1_329' title='bbox 903 1941 1010 1977; x_wconf 83' lang='lat' dir='ltr'><strong>quando</strong></span> 
     </span>
    </p>
   </div>
   <div class='ocr_carea' id='block_1_42' title="bbox 218 1984 1010 2023">
    <p class='ocr_par' dir='ltr' id='par_1_42' title="bbox 218 1984 1010 2023">
     <span class='ocr_line' id='line_1_42' title="bbox 218 1984 1010 2023; baseline -0.001 -9"><span class='ocrx_word' id='word_1_330' title='bbox 218 1988 410 2023; x_wconf 77' lang='lat' dir='ltr'><strong>promiSsioncs</strong></span> <span class='ocrx_word' id='word_1_331' title='bbox 425 1996 477 2015; x_wconf 92' lang='lat' dir='ltr'><strong>non</strong></span> <span class='ocrx_word' id='word_1_332' title='bbox 493 1984 639 2014; x_wconf 87' lang='lat' dir='ltr'><strong>secundum</strong></span> <span class='ocrx_word' id='word_1_333' title='bbox 659 1987 767 2014; x_wconf 87' lang='lat' dir='ltr'><strong>solitum</strong></span> <span class='ocrx_word' id='word_1_334' title='bbox 779 2007 787 2020; x_wconf 94' lang='lat'><strong>,</strong></span> <span class='ocrx_word' id='word_1_335' title='bbox 811 1992 838 2014; x_wconf 87' lang='lat' dir='ltr'><strong>et</strong></span> <span class='ocrx_word' id='word_1_336' title='bbox 859 1987 1010 2014; x_wconf 86' lang='lat' dir='ltr'><strong>hominibus</strong></span> 
     </span>
    </p>
   </div>
   <div class='ocr_carea' id='block_1_43' title="bbox 218 2032 1009 2068">
    <p class='ocr_par' dir='ltr' id='par_1_43' title="bbox 218 2032 1009 2068">
     <span class='ocr_line' id='line_1_43' title="bbox 218 2032 1009 2068; baseline -0.001 -8"><span class='ocrx_word' id='word_1_337' title='bbox 218 2033 351 2068; x_wconf 77' lang='lat' dir='ltr'><strong>Cognitum</strong></span> <span class='ocrx_word' id='word_1_338' title='bbox 367 2041 467 2060; x_wconf 84' lang='lat' dir='ltr'><strong>morem</strong></span> <span class='ocrx_word' id='word_1_339' title='bbox 483 2037 562 2066; x_wconf 87' lang='lat' dir='ltr'><strong>sunt,</strong></span> <span class='ocrx_word' id='word_1_340' title='bbox 577 2032 599 2060; x_wconf 83' lang='lat' dir='ltr'><strong>si</strong></span> <span class='ocrx_word' id='word_1_341' title='bbox 613 2040 661 2060; x_wconf 91' lang='lat' dir='ltr'><strong>nos</strong></span> <span class='ocrx_word' id='word_1_342' title='bbox 680 2032 859 2067; x_wconf 88' lang='lat' dir='ltr'><strong>promittentis</strong></span> <span class='ocrx_word' id='word_1_343' title='bbox 872 2032 962 2060; x_wconf 81' lang='lat' dir='ltr'><strong>virtuti</strong></span> <span class='ocrx_word' id='word_1_344' title='bbox 977 2032 1009 2059; x_wconf 87' lang='lat' dir='ltr'><strong>[i-</strong></span> 
     </span>
    </p>
   </div>
   <div class='ocr_carea' id='block_1_44' title="bbox 219 2077 1010 2114">
    <p class='ocr_par' dir='ltr' id='par_1_44' title="bbox 219 2077 1010 2114">
     <span class='ocr_line' id='line_1_44' title="bbox 219 2077 1010 2114; baseline -0.001 -9"><span class='ocrx_word' id='word_1_345' title='bbox 219 2078 321 2105; x_wconf 88' lang='lat' dir='ltr'><strong>daums.</strong></span> <span class='ocrx_word' id='word_1_346' title='bbox 337 2077 414 2105; x_wconf 79' lang='lat' dir='ltr'><strong>Fides</strong></span> <span class='ocrx_word' id='word_1_347' title='bbox 424 2079 496 2105; x_wconf 90' lang='lat' dir='ltr'><strong>enim</strong></span> <span class='ocrx_word' id='word_1_348' title='bbox 508 2082 554 2110; x_wconf 83' lang='lat' dir='ltr'><strong>est,</strong></span> <span class='ocrx_word' id='word_1_349' title='bbox 570 2077 794 2114; x_wconf 83' lang='lat' dir='ltr'><strong>quemadmodum</strong></span> <span class='ocrx_word' id='word_1_350' title='bbox 806 2077 899 2104; x_wconf 79' lang='lat' dir='ltr'><strong>beatus</strong></span> <span class='ocrx_word' id='word_1_351' title='bbox 912 2077 1010 2105; x_wconf 86' lang='lat' dir='ltr'><strong>Paulus</strong></span> 
     </span>
    </p>
   </div>
   <div class='ocr_carea' id='block_1_45' title="bbox 219 2124 1011 2158">
    <p class='ocr_par' dir='ltr' id='par_1_45' title="bbox 219 2124 1011 2158">
     <span class='ocr_line' id='line_1_45' title="bbox 219 2124 1011 2158; baseline -0.001 -8"><span class='ocrx_word' id='word_1_352' title='bbox 219 2125 272 2157; x_wconf 87' lang='lat' dir='ltr'><strong>ait,</strong></span> <span class='ocrx_word' id='word_1_353' title='bbox 288 2124 469 2158; x_wconf 64' lang='lat' dir='ltr'><strong>Spe’t&#39;lmlltlrwll</strong></span> <span class='ocrx_word' id='word_1_354' title='bbox 492 2124 632 2151; x_wconf 80' lang='lat' dir='ltr'><strong>substantia</strong></span> <span class='ocrx_word' id='word_1_355' title='bbox 655 2132 753 2156; x_wconf 80' lang='lat' dir='ltr'><strong>rerum,</strong></span> <span class='ocrx_word' id='word_1_356' title='bbox 772 2128 945 2158; x_wconf 81' lang='lat' dir='ltr'><strong>argumentum</strong></span> <span class='ocrx_word' id='word_1_357' title='bbox 960 2131 1011 2150; x_wconf 86' lang='lat' dir='ltr'><strong>non</strong></span> 
     </span>
    </p>
   </div>
   <div class='ocr_carea' id='block_1_46' title="bbox 220 2167 1011 2203">
    <p class='ocr_par' dir='ltr' id='par_1_46' title="bbox 220 2167 1011 2203">
     <span class='ocr_line' id='line_1_46' title="bbox 220 2167 1011 2203; baseline 0.001 -9"><span class='ocrx_word' id='word_1_358' title='bbox 220 2169 396 2203; x_wconf 84' lang='lat' dir='ltr'><strong>apparentium</strong></span> <span class='ocrx_word' id='word_1_359' title='bbox 416 2168 508 2202; x_wconf 85' lang='lat' dir='ltr'><strong>(Hebr.</strong></span> <span class='ocrx_word' id='word_1_360' title='bbox 532 2169 574 2196; x_wconf 84' lang='lat' dir='ltr'><strong>ii.</strong></span> <span class='ocrx_word' id='word_1_361' title='bbox 598 2169 626 2203; x_wconf 81' lang='lat' dir='ltr'><strong>i)</strong></span> <span class='ocrx_word' id='word_1_362' title='bbox 643 2177 649 2194; x_wconf 89' lang='lat'><strong>:</strong></span> <span class='ocrx_word' id='word_1_363' title='bbox 665 2173 693 2196; x_wconf 85' lang='lat' dir='ltr'><strong>et</strong></span> <span class='ocrx_word' id='word_1_364' title='bbox 716 2169 811 2196; x_wconf 86' lang='lat' dir='ltr'><strong>iterum</strong></span> <span class='ocrx_word' id='word_1_365' title='bbox 828 2177 834 2194; x_wconf 96' lang='lat'><strong>:</strong></span> <span class='ocrx_word' id='word_1_366' title='bbox 851 2167 925 2200; x_wconf 83' lang='lat' dir='ltr'><strong>Quod</strong></span> <span class='ocrx_word' id='word_1_367' title='bbox 945 2169 1011 2195; x_wconf 87' lang='lat' dir='ltr'><strong>enim</strong></span> 
     </span>
    </p>
   </div>
   <div class='ocr_carea' id='block_1_47' title="bbox 219 2212 1012 2249">
    <p class='ocr_par' dir='ltr' id='par_1_47' title="bbox 219 2212 1012 2249">
     <span class='ocr_line' id='line_1_47' title="bbox 219 2212 1012 2249; baseline 0.001 -9"><span class='ocrx_word' id='word_1_368' title='bbox 219 2213 285 2240; x_wconf 78' lang='lat' dir='ltr'><strong>ridet</strong></span> <span class='ocrx_word' id='word_1_369' title='bbox 301 2214 368 2248; x_wconf 84' lang='lat' dir='ltr'><strong>quis,</strong></span> <span class='ocrx_word' id='word_1_370' title='bbox 388 2212 449 2247; x_wconf 79' lang='lat' dir='ltr'><strong>quid</strong></span> <span class='ocrx_word' id='word_1_371' title='bbox 471 2218 553 2249; x_wconf 79' lang='lat' dir='ltr'><strong>sperat</strong></span> <span class='ocrx_word' id='word_1_372' title='bbox 576 2213 663 2249; x_wconf 81' lang='lat' dir='ltr'><strong>(Rom.</strong></span> <span class='ocrx_word' id='word_1_373' title='bbox 684 2213 711 2241; x_wconf 90' lang='lat'><strong>8.</strong></span> <span class='ocrx_word' id='word_1_374' title='bbox 728 2212 793 2248; x_wconf 65' lang='lat'><strong>24)?</strong></span> <span class='ocrx_word' id='word_1_375' title='bbox 810 2213 865 2240; x_wconf 85' lang='lat' dir='ltr'><strong>Hoc</strong></span> <span class='ocrx_word' id='word_1_376' title='bbox 879 2213 958 2248; x_wconf 78' lang='lat' dir='ltr'><strong>igitur</strong></span> <span class='ocrx_word' id='word_1_377' title='bbox 970 2217 1012 2241; x_wconf 75' lang='lat' dir='ltr'><strong>est</strong></span> 
     </span>
    </p>
   </div>
   <div class='ocr_carea' id='block_1_48' title="bbox 222 2257 1012 2293">
    <p class='ocr_par' dir='ltr' id='par_1_48' title="bbox 222 2257 1012 2293">
     <span class='ocr_line' id='line_1_48' title="bbox 222 2257 1012 2293; baseline 0 -8"><span class='ocrx_word' id='word_1_378' title='bbox 222 2258 302 2290; x_wconf 76' lang='lat' dir='ltr'><strong>lides,</strong></span> <span class='ocrx_word' id='word_1_379' title='bbox 328 2258 434 2293; x_wconf 77' lang='lat' dir='ltr'><strong>quando</strong></span> <span class='ocrx_word' id='word_1_380' title='bbox 457 2258 508 2285; x_wconf 90' lang='lat' dir='ltr'><strong>illis</strong></span> <span class='ocrx_word' id='word_1_381' title='bbox 533 2259 667 2285; x_wconf 88' lang='lat' dir='ltr'><strong>credimus</strong></span> <span class='ocrx_word' id='word_1_382' title='bbox 687 2266 746 2292; x_wconf 71' lang='lat' dir='ltr'><strong>quae</strong></span> <span class='ocrx_word' id='word_1_383' title='bbox 767 2265 818 2284; x_wconf 92' lang='lat' dir='ltr'><strong>non</strong></span> <span class='ocrx_word' id='word_1_384' title='bbox 841 2257 963 2285; x_wconf 89' lang='lat' dir='ltr'><strong>videntur</strong></span> <span class='ocrx_word' id='word_1_385' title='bbox 985 2263 1012 2285; x_wconf 92' lang='lat' dir='ltr'><strong>ct</strong></span> 
     </span>
    </p>
   </div>
   <div class='ocr_carea' id='block_1_49' title="bbox 221 2303 1009 2338">
    <p class='ocr_par' dir='ltr' id='par_1_49' title="bbox 221 2303 1009 2338">
     <span class='ocr_line' id='line_1_49' title="bbox 221 2303 1009 2338; baseline 0 -7"><span class='ocrx_word' id='word_1_386' title='bbox 221 2311 337 2331; x_wconf 86' lang='lat' dir='ltr'><strong>mentem</strong></span> <span class='ocrx_word' id='word_1_387' title='bbox 353 2304 384 2330; x_wconf 88' lang='lat' dir='ltr'><strong>ad</strong></span> <span class='ocrx_word' id='word_1_388' title='bbox 400 2303 555 2338; x_wconf 82' lang='lat' dir='ltr'><strong>dignitatem</strong></span> <span class='ocrx_word' id='word_1_389' title='bbox 568 2303 626 2338; x_wconf 83' lang='lat' dir='ltr'><strong>ejus</strong></span> <span class='ocrx_word' id='word_1_390' title='bbox 638 2303 681 2337; x_wconf 89' lang='lat' dir='ltr'><strong>qui</strong></span> <span class='ocrx_word' id='word_1_391' title='bbox 698 2303 818 2337; x_wconf 88' lang='lat' dir='ltr'><strong>promisit</strong></span> <span class='ocrx_word' id='word_1_392' title='bbox 832 2303 1009 2331; x_wconf 89' lang='lat' dir='ltr'><strong>intendimus:</strong></span> 
     </span>
    </p>
   </div>
   <div class='ocr_carea' id='block_1_50' title="bbox 222 2348 1011 2384">
    <p class='ocr_par' dir='ltr' id='par_1_50' title="bbox 222 2348 1011 2384">
     <span class='ocr_line' id='line_1_50' title="bbox 222 2348 1011 2384; baseline -0.001 -8"><span class='ocrx_word' id='word_1_393' title='bbox 222 2349 246 2376; x_wconf 88' lang='lat' dir='ltr'><strong>id</strong></span> <span class='ocrx_word' id='word_1_394' title='bbox 261 2349 330 2384; x_wconf 82' lang='lat' dir='ltr'><strong>quod</strong></span> <span class='ocrx_word' id='word_1_395' title='bbox 345 2349 464 2384; x_wconf 69' lang='lat' dir='ltr'><strong>profecto</strong></span> <span class='ocrx_word' id='word_1_396' title='bbox 477 2355 502 2375; x_wconf 86' lang='lat' dir='ltr'><strong>et</strong></span> <span class='ocrx_word' id='word_1_397' title='bbox 513 2349 601 2383; x_wconf 85' lang='lat' dir='ltr'><strong>justus</strong></span> <span class='ocrx_word' id='word_1_398' title='bbox 620 2348 665 2375; x_wconf 90' lang='lat' dir='ltr'><strong>ille</strong></span> <span class='ocrx_word' id='word_1_399' title='bbox 682 2348 753 2381; x_wconf 83' lang='lat' dir='ltr'><strong>fecit,</strong></span> <span class='ocrx_word' id='word_1_400' title='bbox 767 2348 896 2375; x_wconf 87' lang='lat' dir='ltr'><strong>sinceram</strong></span> <span class='ocrx_word' id='word_1_401' title='bbox 913 2352 940 2375; x_wconf 90' lang='lat' dir='ltr'><strong>et</strong></span> <span class='ocrx_word' id='word_1_402' title='bbox 954 2348 1011 2375; x_wconf 90' lang='lat' dir='ltr'><strong>exi-</strong></span> 
     </span>
    </p>
   </div>
   <div class='ocr_carea' id='block_1_51' title="bbox 221 2393 1011 2429">
    <p class='ocr_par' dir='ltr' id='par_1_51' title="bbox 221 2393 1011 2429">
     <span class='ocr_line' id='line_1_51' title="bbox 221 2393 1011 2429; baseline 0.001 -8"><span class='ocrx_word' id='word_1_403' title='bbox 221 2395 301 2422; x_wconf 88' lang='lat' dir='ltr'><strong>miam</strong></span> <span class='ocrx_word' id='word_1_404' title='bbox 319 2395 454 2429; x_wconf 67' lang='lat' dir='ltr'><strong>(rttllllSSlS</strong></span> <span class='ocrx_word' id='word_1_405' title='bbox 469 2394 547 2421; x_wconf 75' lang='lat' dir='ltr'><strong>[idem</strong></span> <span class='ocrx_word' id='word_1_406' title='bbox 564 2394 664 2421; x_wconf 76' lang='lat' dir='ltr'><strong>habens</strong></span> <span class='ocrx_word' id='word_1_407' title='bbox 677 2403 684 2420; x_wconf 93' lang='lat'><strong>:</strong></span> <span class='ocrx_word' id='word_1_408' title='bbox 697 2393 795 2421; x_wconf 91' lang='lat' dir='ltr'><strong>idcirco</strong></span> <span class='ocrx_word' id='word_1_409' title='bbox 808 2400 833 2421; x_wconf 87' lang='lat' dir='ltr'><strong>et</strong></span> <span class='ocrx_word' id='word_1_410' title='bbox 847 2401 860 2420; x_wconf 88' lang='lat' dir='ltr'><strong>a</strong></span> <span class='ocrx_word' id='word_1_411' title='bbox 876 2394 1011 2429; x_wconf 84' lang='lat' dir='ltr'><strong>Scriptura</strong></span> 
     </span>
    </p>
   </div>
   <div class='ocr_carea' id='block_1_52' title="bbox 221 2439 1011 2468">
    <p class='ocr_par' dir='ltr' id='par_1_52' title="bbox 221 2439 1011 2468">
     <span class='ocr_line' id='line_1_52' title="bbox 221 2439 1011 2468; baseline -0.001 -1"><span class='ocrx_word' id='word_1_412' title='bbox 221 2441 308 2468; x_wconf 81' lang='lat' dir='ltr'><strong>divina</strong></span> <span class='ocrx_word' id='word_1_413' title='bbox 328 2441 450 2468; x_wconf 90' lang='lat' dir='ltr'><strong>lamlatur</strong></span> <span class='ocrx_word' id='word_1_414' title='bbox 462 2449 469 2467; x_wconf 85' lang='lat'><strong>:</strong></span> <span class='ocrx_word' id='word_1_415' title='bbox 483 2448 543 2467; x_wconf 86' lang='lat' dir='ltr'><strong>mox</strong></span> <span class='ocrx_word' id='word_1_416' title='bbox 560 2441 630 2467; x_wconf 71' lang='lat' dir='ltr'><strong>enim</strong></span> <span class='ocrx_word' id='word_1_417' title='bbox 654 2440 751 2467; x_wconf 90' lang='lat' dir='ltr'><strong>addidit</strong></span> <span class='ocrx_word' id='word_1_418' title='bbox 765 2448 771 2466; x_wconf 90' lang='lat'><strong>:</strong></span> <span class='ocrx_word' id='word_1_419' title='bbox 785 2439 896 2467; x_wconf 83' lang='lat' dir='ltr'><strong>Credidit</strong></span> <span class='ocrx_word' id='word_1_420' title='bbox 919 2441 1011 2467; x_wconf 84' lang='lat' dir='ltr'><strong>Abram</strong></span> 
     </span>
    </p>
   </div>
   <div class='ocr_carea' id='block_1_53' title="bbox 223 2485 1012 2522">
    <p class='ocr_par' dir='ltr' id='par_1_53' title="bbox 223 2485 1012 2522">
     <span class='ocr_line' id='line_1_53' title="bbox 223 2485 1012 2522; baseline 0.001 -10"><span class='ocrx_word' id='word_1_421' title='bbox 223 2486 287 2519; x_wconf 81' lang='lat' dir='ltr'><strong>Deo,</strong></span> <span class='ocrx_word' id='word_1_422' title='bbox 299 2492 321 2513; x_wconf 86' lang='lat' dir='ltr'><strong>ct</strong></span> <span class='ocrx_word' id='word_1_423' title='bbox 333 2491 473 2522; x_wconf 80' lang='lat' dir='ltr'><strong>reputatum</strong></span> <span class='ocrx_word' id='word_1_424' title='bbox 483 2491 519 2513; x_wconf 81' lang='lat' dir='ltr'><strong>est</strong></span> <span class='ocrx_word' id='word_1_425' title='bbox 530 2487 553 2512; x_wconf 87' lang='lat' dir='ltr'><strong>ei</strong></span> <span class='ocrx_word' id='word_1_426' title='bbox 563 2486 588 2512; x_wconf 82' lang='lat' dir='ltr'><strong>in</strong></span> <span class='ocrx_word' id='word_1_427' title='bbox 594 2486 720 2521; x_wconf 74' lang='lat' dir='ltr'><strong>justitiam</strong></span> <span class='ocrx_word' id='word_1_428' title='bbox 731 2485 818 2521; x_wconf 82' lang='lat' dir='ltr'><strong>(Rom.</strong></span> <span class='ocrx_word' id='word_1_429' title='bbox 831 2486 857 2513; x_wconf 75' lang='grc'><strong>4.</strong></span> <span class='ocrx_word' id='word_1_430' title='bbox 869 2486 908 2522; x_wconf 79' lang='grc'><strong>5).</strong></span> <span class='ocrx_word' id='word_1_431' title='bbox 918 2486 1012 2514; x_wconf 80' lang='lat' dir='ltr'><strong>Vidisti</strong></span> 
     </span>
    </p>
   </div>
   <div class='ocr_carea' id='block_1_54' title="bbox 200 2530 1012 2566">
    <p class='ocr_par' dir='ltr' id='par_1_54' title="bbox 200 2530 1012 2566">
     <span class='ocr_line' id='line_1_54' title="bbox 200 2530 1012 2566; baseline 0 -8"><span class='ocrx_word' id='word_1_432' title='bbox 200 2551 205 2556; x_wconf 97' lang='lat'><strong>.</strong></span> <span class='ocrx_word' id='word_1_433' title='bbox 221 2531 355 2566; x_wconf 86' lang='lat' dir='ltr'><strong>quomodo</strong></span> <span class='ocrx_word' id='word_1_434' title='bbox 373 2536 400 2558; x_wconf 88' lang='lat' dir='ltr'><strong>et</strong></span> <span class='ocrx_word' id='word_1_435' title='bbox 413 2536 476 2558; x_wconf 75' lang='lat' dir='ltr'><strong>ante</strong></span> <span class='ocrx_word' id='word_1_436' title='bbox 489 2535 614 2558; x_wconf 70' lang='lat' dir='ltr'><strong>eventum</strong></span> <span class='ocrx_word' id='word_1_437' title='bbox 627 2536 653 2558; x_wconf 90' lang='lat' dir='ltr'><strong>et</strong></span> <span class='ocrx_word' id='word_1_438' title='bbox 670 2530 850 2565; x_wconf 81' lang='lat' dir='ltr'><strong>impletioncm</strong></span> <span class='ocrx_word' id='word_1_439' title='bbox 865 2531 1012 2565; x_wconf 89' lang='lat' dir='ltr'><strong>promisso-</strong></span> 
     </span>
    </p>
   </div>
   <div class='ocr_carea' id='block_1_55' title="bbox 223 2577 1011 2612">
    <p class='ocr_par' dir='ltr' id='par_1_55' title="bbox 223 2577 1011 2612">
     <span class='ocr_line' id='line_1_55' title="bbox 223 2577 1011 2612; baseline 0 -8"><span class='ocrx_word' id='word_1_440' title='bbox 223 2585 293 2610; x_wconf 87' lang='lat' dir='ltr'><strong>rum,</strong></span> <span class='ocrx_word' id='word_1_441' title='bbox 306 2585 338 2604; x_wconf 84' lang='lat' dir='ltr'><strong>eo</strong></span> <span class='ocrx_word' id='word_1_442' title='bbox 353 2578 411 2611; x_wconf 81' lang='lat' dir='ltr'><strong>ipso</strong></span> <span class='ocrx_word' id='word_1_443' title='bbox 423 2577 493 2612; x_wconf 91' lang='lat' dir='ltr'><strong>quod</strong></span> <span class='ocrx_word' id='word_1_444' title='bbox 506 2577 635 2611; x_wconf 89' lang='lat' dir='ltr'><strong>credidit,</strong></span> <span class='ocrx_word' id='word_1_445' title='bbox 657 2581 846 2612; x_wconf 81' lang='lat' dir='ltr'><strong>congruentem</strong></span> <span class='ocrx_word' id='word_1_446' title='bbox 862 2577 1011 2605; x_wconf 87' lang='lat' dir='ltr'><strong>mercedem</strong></span> 
     </span>
    </p>
   </div>
   <div class='ocr_carea' id='block_1_56' title="bbox 222 2623 1011 2658">
    <p class='ocr_par' dir='ltr' id='par_1_56' title="bbox 222 2623 1011 2658">
     <span class='ocr_line' id='line_1_56' title="bbox 222 2623 1011 2658; baseline 0 -8"><span class='ocrx_word' id='word_1_447' title='bbox 222 2624 332 2658; x_wconf 80' lang='lat' dir='ltr'><strong>accipit?</strong></span> <span class='ocrx_word' id='word_1_448' title='bbox 345 2623 411 2650; x_wconf 85' lang='lat' dir='ltr'><strong>Nam</strong></span> <span class='ocrx_word' id='word_1_449' title='bbox 426 2624 450 2650; x_wconf 89' lang='lat' dir='ltr'><strong>in</strong></span> <span class='ocrx_word' id='word_1_450' title='bbox 462 2623 590 2658; x_wconf 81' lang='lat' dir='ltr'><strong>justitiam</strong></span> <span class='ocrx_word' id='word_1_451' title='bbox 602 2624 626 2651; x_wconf 93' lang='lat' dir='ltr'><strong>ei</strong></span> <span class='ocrx_word' id='word_1_452' title='bbox 639 2627 790 2658; x_wconf 88' lang='lat' dir='ltr'><strong>reputatum</strong></span> <span class='ocrx_word' id='word_1_453' title='bbox 801 2628 852 2656; x_wconf 87' lang='lat' dir='ltr'><strong>est,</strong></span> <span class='ocrx_word' id='word_1_454' title='bbox 867 2623 936 2658; x_wconf 89' lang='lat' dir='ltr'><strong>quod</strong></span> <span class='ocrx_word' id='word_1_455' title='bbox 952 2630 1011 2650; x_wconf 86' lang='lat' dir='ltr'><strong>cre-</strong></span> 
     </span>
    </p>
   </div>
   <div class='ocr_carea' id='block_1_57' title="bbox 223 2668 1012 2703">
    <p class='ocr_par' dir='ltr' id='par_1_57' title="bbox 223 2668 1012 2703">
     <span class='ocr_line' id='line_1_57' title="bbox 223 2668 1012 2703; baseline 0 -9"><span class='ocrx_word' id='word_1_456' title='bbox 223 2669 319 2695; x_wconf 74' lang='lat' dir='ltr'><strong>didcrit</strong></span> <span class='ocrx_word' id='word_1_457' title='bbox 333 2669 501 2703; x_wconf 65' lang='lat' dir='ltr'><strong>promissioni</strong></span> <span class='ocrx_word' id='word_1_458' title='bbox 515 2669 622 2701; x_wconf 83' lang='lat' dir='ltr'><strong>divin-.e,</strong></span> <span class='ocrx_word' id='word_1_459' title='bbox 634 2673 659 2696; x_wconf 88' lang='lat' dir='ltr'><strong>et</strong></span> <span class='ocrx_word' id='word_1_460' title='bbox 676 2676 727 2695; x_wconf 85' lang='lat' dir='ltr'><strong>non</strong></span> <span class='ocrx_word' id='word_1_461' title='bbox 742 2668 855 2695; x_wconf 89' lang='lat' dir='ltr'><strong>humana</strong></span> <span class='ocrx_word' id='word_1_462' title='bbox 872 2668 1012 2695; x_wconf 88' lang='lat' dir='ltr'><strong>ratiocina-</strong></span> 
     </span>
    </p>
   </div>
   <div class='ocr_carea' id='block_1_58' title="bbox 254 2714 1012 2746">
    <p class='ocr_par' dir='ltr' id='par_1_58' title="bbox 254 2714 1012 2746">
     <span class='ocr_line' id='line_1_58' title="bbox 254 2714 1012 2746; baseline 0.003 -10"><span class='ocrx_word' id='word_1_463' title='bbox 254 2715 290 2744; x_wconf 61' lang='grc' dir='ltr'><strong>ςπι)</strong></span> <span class='ocrx_word' id='word_1_464' title='bbox 308 2715 362 2738; x_wconf 75' lang='lat' dir='ltr'><strong>Mira</strong></span> <span class='ocrx_word' id='word_1_465' title='bbox 385 2714 424 2746; x_wconf 81' lang='lat' dir='ltr'><strong>hic</strong></span> <span class='ocrx_word' id='word_1_466' title='bbox 444 2716 669 2746; x_wconf 73' lang='lat' dir='ltr'><strong>interpretatiouum</strong></span> <span class='ocrx_word' id='word_1_467' title='bbox 690 2714 819 2740; x_wconf 77' lang='lat' dir='ltr'><strong>diversitas</strong></span> <span class='ocrx_word' id='word_1_468' title='bbox 833 2722 841 2746; x_wconf 79' lang='lat'>;</span> <span class='ocrx_word' id='word_1_469' title='bbox 860 2715 1012 2745; x_wconf 76' lang='lat' dir='ltr'><strong>septuaginta</strong></span> 
     </span>
    </p>
   </div>
   <div class='ocr_carea' id='block_1_59' title="bbox 223 2745 1013 2776">
    <p class='ocr_par' dir='ltr' id='par_1_59' title="bbox 223 2745 1013 2776">
     <span class='ocr_line' id='line_1_59' title="bbox 223 2745 1013 2776; baseline 0.001 -8"><span class='ocrx_word' id='word_1_470' title='bbox 223 2749 372 2775; x_wconf 65' lang='lat' dir='ltr'><strong>interpretes</strong></span> <span class='ocrx_word' id='word_1_471' title='bbox 384 2745 423 2769; x_wconf 85' lang='lat' dir='ltr'><strong>hic</strong></span> <span class='ocrx_word' id='word_1_472' title='bbox 434 2745 522 2769; x_wconf 82' lang='lat' dir='ltr'><strong>nomen</strong></span> <span class='ocrx_word' id='word_1_473' title='bbox 545 2747 678 2776; x_wconf 84' lang='lat' dir='ltr'><strong>proprium,</strong></span> <span class='ocrx_word' id='word_1_474' title='bbox 698 2750 784 2774; x_wconf 78' lang='lat' dir='ltr'><strong>Masec,</strong></span> <span class='ocrx_word' id='word_1_475' title='bbox 803 2745 909 2770; x_wconf 78' lang='lat' dir='ltr'><strong>ell&#39;crunt</strong></span> <span class='ocrx_word' id='word_1_476' title='bbox 922 2752 928 2768; x_wconf 84' lang='lat'><strong>:</strong></span> <span class='ocrx_word' id='word_1_477' title='bbox 941 2751 1013 2776; x_wconf 75' lang='lat' dir='ltr'><strong>secus</strong></span> 
     </span>
    </p>
   </div>
   <div class='ocr_carea' id='block_1_60' title="bbox 223 2774 1013 2810">
    <p class='ocr_par' dir='ltr' id='par_1_60' title="bbox 223 2774 1013 2810">
     <span class='ocr_line' id='line_1_60' title="bbox 223 2774 1013 2810; baseline 0 -11"><span class='ocrx_word' id='word_1_478' title='bbox 223 2776 260 2800; x_wconf 62' lang='lat' dir='ltr'><strong>alii</strong></span> <span class='ocrx_word' id='word_1_479' title='bbox 273 2774 368 2810; x_wconf 59' lang='lat' dir='ltr'><strong>minutas,</strong></span> <span class='ocrx_word' id='word_1_480' title='bbox 380 2774 597 2810; x_wconf 46' lang='lat' dir='ltr'><strong>quorumnquidam;</strong></span> <span class='ocrx_word' id='word_1_481' title='bbox 609 2775 686 2810; x_wconf 67' lang='lat' dir='ltr'><strong>[ilium</strong></span> <span class='ocrx_word' id='word_1_482' title='bbox 695 2776 865 2810; x_wconf 77' lang='lat' dir='ltr'><strong>procuratoris.</strong></span> <span class='ocrx_word' id='word_1_483' title='bbox 876 2775 923 2804; x_wconf 77' lang='lat' dir='ltr'><strong>alii,</strong></span> <span class='ocrx_word' id='word_1_484' title='bbox 936 2774 1013 2810; x_wconf 75' lang='lat' dir='ltr'><strong>[ilitmt</strong></span> 
     </span>
    </p>
   </div>
   <div class='ocr_carea' id='block_1_61' title="bbox 224 2806 1011 2838">
    <p class='ocr_par' dir='ltr' id='par_1_61' title="bbox 224 2806 1011 2838">
     <span class='ocr_line' id='line_1_61' title="bbox 224 2806 1011 2838; baseline 0 -8"><span class='ocrx_word' id='word_1_485' title='bbox 224 2806 377 2834; x_wconf 65' lang='lat' dir='ltr'><strong>rwillutoris,</strong></span> <span class='ocrx_word' id='word_1_486' title='bbox 390 2806 439 2836; x_wconf 80' lang='lat' dir='ltr'><strong>alii,</strong></span> <span class='ocrx_word' id='word_1_487' title='bbox 457 2806 535 2838; x_wconf 81' lang='lat' dir='ltr'><strong>filium</strong></span> <span class='ocrx_word' id='word_1_488' title='bbox 557 2806 666 2838; x_wconf 64' lang='lat' dir='ltr'><strong>prreﬂ‘rti</strong></span> <span class='ocrx_word' id='word_1_489' title='bbox 684 2806 777 2838; x_wconf 84' lang='lat' dir='ltr'><strong>domus,</strong></span> <span class='ocrx_word' id='word_1_490' title='bbox 791 2810 896 2832; x_wconf 76' lang='lat' dir='ltr'><strong>vertunt.</strong></span> <span class='ocrx_word' id='word_1_491' title='bbox 921 2806 976 2830; x_wconf 79' lang='lat' dir='ltr'><strong>\‘ide</strong></span> <span class='ocrx_word' id='word_1_492' title='bbox 989 2806 1011 2830; x_wconf 89' lang='lat' dir='ltr'><strong>ia</strong></span> 
     </span>
    </p>
   </div>
   <div class='ocr_carea' id='block_1_62' title="bbox 226 2837 694 2869">
    <p class='ocr_par' dir='ltr' id='par_1_62' title="bbox 226 2837 694 2869">
     <span class='ocr_line' id='line_1_62' title="bbox 226 2837 694 2869; baseline 0.002 -8"><span class='ocrx_word' id='word_1_493' title='bbox 226 2837 336 2869; x_wconf 58' lang='lat' dir='ltr'><strong>Itnxajlis</strong></span> <span class='ocrx_word' id='word_1_494' title='bbox 349 2839 444 2867; x_wconf 68' lang='lat' dir='ltr'><strong>nostris,</strong></span> <span class='ocrx_word' id='word_1_495' title='bbox 459 2841 483 2862; x_wconf 77' lang='lat' dir='ltr'><strong>et</strong></span> <span class='ocrx_word' id='word_1_496' title='bbox 496 2839 519 2862; x_wconf 84' lang='lat' dir='ltr'><strong>iu</strong></span> <span class='ocrx_word' id='word_1_497' title='bbox 530 2842 585 2863; x_wconf 83' lang='lat' dir='ltr'><strong>uota</strong></span> <span class='ocrx_word' id='word_1_498' title='bbox 597 2837 694 2863; x_wconf 82' lang='lat' dir='ltr'><strong>ibidem.</strong></span> 
     </span>
    </p>
   </div>
   <div class='ocr_carea' id='block_1_63' title="bbox 560 103 1454 147">
    <p class='ocr_par' dir='ltr' id='par_1_63' title="bbox 560 103 1454 147">
     <span class='ocr_line' id='line_1_63' title="bbox 560 103 1454 147; baseline 0.002 -2"><span class='ocrx_word' id='word_1_499' title='bbox 560 118 587 145; x_wconf 83' lang='lat' dir='ltr'><strong>S.</strong></span> <span class='ocrx_word' id='word_1_500' title='bbox 610 118 747 146; x_wconf 69' lang='lat' dir='ltr'><strong>JOANNIS</strong></span> <span class='ocrx_word' id='word_1_501' title='bbox 765 118 1001 146; x_wconf 65' lang='lat' dir='ltr'><strong>CIIRYSOSTOMI</strong></span> <span class='ocrx_word' id='word_1_502' title='bbox 1023 103 1179 146; x_wconf 58' lang='lat' dir='ltr'><strong>AHICIIlEl&#39;.</strong></span> <span class='ocrx_word' id='word_1_503' title='bbox 1200 119 1454 147; x_wconf 76' lang='lat' dir='ltr'><strong>CONSTANTINOP</strong></span> 
     </span>
    </p>
   </div>
   <div class='ocr_carea' id='block_1_64' title="bbox 1772 117 1824 145">
    <p class='ocr_par' dir='ltr' id='par_1_64' title="bbox 1772 117 1824 145">
     <span class='ocr_line' id='line_1_64' title="bbox 1772 117 1824 145; baseline 0 0"><span class='ocrx_word' id='word_1_504' title='bbox 1772 117 1824 145; x_wconf 65' lang='grc' dir='ltr'><strong>δυ)</strong></span> 
     </span>
    </p>
   </div>
   <div class='ocr_carea' id='block_1_65' title="bbox 1044 173 1820 212">
    <p class='ocr_par' dir='ltr' id='par_1_65' title="bbox 1044 173 1820 212">
     <span class='ocr_line' id='line_1_65' title="bbox 1044 173 1820 212; baseline -0.006 -8"><span class='ocrx_word' id='word_1_505' title='bbox 1044 177 1115 204; x_wconf 85' lang='lat' dir='ltr'><strong>tione</strong></span> <span class='ocrx_word' id='word_1_506' title='bbox 1142 176 1275 203; x_wconf 83' lang='lat' dir='ltr'><strong>curiosius</strong></span> <span class='ocrx_word' id='word_1_507' title='bbox 1301 183 1332 203; x_wconf 88' lang='lat' dir='ltr'><strong>ea</strong></span> <span class='ocrx_word' id='word_1_508' title='bbox 1359 182 1418 209; x_wconf 70' lang='lat' dir='ltr'><strong>qua:</strong></span> <span class='ocrx_word' id='word_1_509' title='bbox 1445 173 1514 201; x_wconf 77' lang='lat' dir='ltr'><strong>dicta</strong></span> <span class='ocrx_word' id='word_1_510' title='bbox 1543 177 1606 200; x_wconf 86' lang='lat' dir='ltr'><strong>sunt</strong></span> <span class='ocrx_word' id='word_1_511' title='bbox 1622 173 1820 212; x_wconf 76' lang='lat' dir='ltr'><strong>exploraverit.</strong></span> 
     </span>
    </p>
   </div>
   <div class='ocr_carea' id='block_1_66' title="bbox 1078 219 1826 251">
    <p class='ocr_par' dir='ltr' id='par_1_66' title="bbox 1078 219 1826 251">
     <span class='ocr_line' id='line_1_66' title="bbox 1078 219 1826 251; baseline -0.003 -3"><span class='ocrx_word' id='word_1_512' title='bbox 1078 221 1186 249; x_wconf 72' lang='lat' dir='ltr'><strong>)Ioralis</strong></span> <span class='ocrx_word' id='word_1_513' title='bbox 1211 222 1363 249; x_wconf 73' lang='lat' dir='ltr'><strong>exhortatio.</strong></span> <span class='ocrx_word' id='word_1_514' title='bbox 1393 221 1497 248; x_wconf 73' lang='lat' dir='ltr'><strong>Virtutis</strong></span> <span class='ocrx_word' id='word_1_515' title='bbox 1518 220 1624 248; x_wconf 74' lang='lat' dir='ltr'><strong>studiosi</strong></span> <span class='ocrx_word' id='word_1_516' title='bbox 1644 228 1695 247; x_wconf 85' lang='lat' dir='ltr'><strong>non</strong></span> <span class='ocrx_word' id='word_1_517' title='bbox 1720 219 1826 251; x_wconf 70' lang='lat' dir='ltr'><strong>labores,</strong></span> 
     </span>
    </p>
   </div>
   <div class='ocr_carea' id='block_1_67' title="bbox 1044 265 1828 302">
    <p class='ocr_par' dir='ltr' id='par_1_67' title="bbox 1044 265 1828 302">
     <span class='ocr_line' id='line_1_67' title="bbox 1044 265 1828 302; baseline -0.003 -9"><span class='ocrx_word' id='word_1_518' title='bbox 1044 267 1087 294; x_wconf 83' lang='lat' dir='ltr'><strong>sed</strong></span> <span class='ocrx_word' id='word_1_519' title='bbox 1100 267 1205 302; x_wconf 65' lang='lat' dir='ltr'><strong>privatio</strong></span> <span class='ocrx_word' id='word_1_520' title='bbox 1218 267 1264 294; x_wconf 87' lang='lat' dir='ltr'><strong>sibi</strong></span> <span class='ocrx_word' id='word_1_521' title='bbox 1278 271 1431 302; x_wconf 82' lang='lat' dir='ltr'><strong>proponunt.</strong></span> <span class='ocrx_word' id='word_1_522' title='bbox 1441 281 1478 286; x_wconf 99' lang='lat'>—</span> <span class='ocrx_word' id='word_1_523' title='bbox 1491 266 1629 293; x_wconf 88' lang='lat' dir='ltr'><strong>Discamus</strong></span> <span class='ocrx_word' id='word_1_524' title='bbox 1639 265 1718 300; x_wconf 82' lang='lat' dir='ltr'><strong>igitur</strong></span> <span class='ocrx_word' id='word_1_525' title='bbox 1729 269 1757 291; x_wconf 89' lang='lat' dir='ltr'><strong>et</strong></span> <span class='ocrx_word' id='word_1_526' title='bbox 1769 272 1828 298; x_wconf 88' lang='lat' dir='ltr'><strong>nos,</strong></span> 
     </span>
    </p>
   </div>
   <div class='ocr_carea' id='block_1_68' title="bbox 1043 310 1831 348">
    <p class='ocr_par' dir='ltr' id='par_1_68' title="bbox 1043 310 1831 348">
     <span class='ocr_line' id='line_1_68' title="bbox 1043 310 1831 348; baseline -0.005 -8"><span class='ocrx_word' id='word_1_527' title='bbox 1043 313 1164 345; x_wconf 78' lang='lat' dir='ltr'><strong>obsecro,</strong></span> <span class='ocrx_word' id='word_1_528' title='bbox 1180 321 1194 339; x_wconf 89' lang='lat' dir='ltr'><strong>a</strong></span> <span class='ocrx_word' id='word_1_529' title='bbox 1205 313 1363 348; x_wconf 78' lang='lat' dir='ltr'><strong>patriarcha,</strong></span> <span class='ocrx_word' id='word_1_530' title='bbox 1379 313 1425 340; x_wconf 89' lang='lat' dir='ltr'><strong>Dei</strong></span> <span class='ocrx_word' id='word_1_531' title='bbox 1437 311 1547 340; x_wconf 88' lang='lat' dir='ltr'><strong>credere</strong></span> <span class='ocrx_word' id='word_1_532' title='bbox 1560 311 1649 343; x_wconf 84' lang='lat' dir='ltr'><strong>dictis,</strong></span> <span class='ocrx_word' id='word_1_533' title='bbox 1658 315 1685 338; x_wconf 87' lang='lat' dir='ltr'><strong>et</strong></span> <span class='ocrx_word' id='word_1_534' title='bbox 1696 310 1754 345; x_wconf 85' lang='lat' dir='ltr'><strong>ejus</strong></span> <span class='ocrx_word' id='word_1_535' title='bbox 1769 318 1831 345; x_wconf 85' lang='lat' dir='ltr'><strong>pro-</strong></span> 
     </span>
    </p>
   </div>
   <div class='ocr_carea' id='block_1_69' title="bbox 1045 358 1832 394">
    <p class='ocr_par' dir='ltr' id='par_1_69' title="bbox 1045 358 1832 394">
     <span class='ocr_line' id='line_1_69' title="bbox 1045 358 1832 394; baseline -0.006 -6"><span class='ocrx_word' id='word_1_536' title='bbox 1045 360 1213 388; x_wconf 85' lang='lat' dir='ltr'><strong>missionibus</strong></span> <span class='ocrx_word' id='word_1_537' title='bbox 1240 360 1331 390; x_wconf 79' lang='lat' dir='ltr'><strong>ﬁdere.</strong></span> <span class='ocrx_word' id='word_1_538' title='bbox 1359 367 1445 394; x_wconf 88' lang='lat' dir='ltr'><strong>neque</strong></span> <span class='ocrx_word' id='word_1_539' title='bbox 1465 366 1497 386; x_wconf 91' lang='lat' dir='ltr'><strong>ea</strong></span> <span class='ocrx_word' id='word_1_540' title='bbox 1511 358 1714 394; x_wconf 81' lang='lat' dir='ltr'><strong>cogitationibus</strong></span> <span class='ocrx_word' id='word_1_541' title='bbox 1736 358 1832 384; x_wconf 82' lang='lat' dir='ltr'><strong>nostris</strong></span> 
     </span>
    </p>
   </div>
   <div class='ocr_carea' id='block_1_70' title="bbox 1045 403 1832 442">
    <p class='ocr_par' dir='ltr' id='par_1_70' title="bbox 1045 403 1832 442">
     <span class='ocr_line' id='line_1_70' title="bbox 1045 403 1832 442; baseline -0.003 -9"><span class='ocrx_word' id='word_1_542' title='bbox 1045 406 1180 442; x_wconf 78' lang='lat' dir='ltr'><strong>indagare,</strong></span> <span class='ocrx_word' id='word_1_543' title='bbox 1207 406 1254 433; x_wconf 86' lang='lat' dir='ltr'><strong>sed</strong></span> <span class='ocrx_word' id='word_1_544' title='bbox 1282 413 1403 440; x_wconf 77' lang='lat' dir='ltr'><strong>magnam</strong></span> <span class='ocrx_word' id='word_1_545' title='bbox 1425 404 1506 431; x_wconf 90' lang='lat' dir='ltr'><strong>animi</strong></span> <span class='ocrx_word' id='word_1_546' title='bbox 1528 404 1679 439; x_wconf 73' lang='lat' dir='ltr'><strong>aequitatem</strong></span> <span class='ocrx_word' id='word_1_547' title='bbox 1696 403 1832 431; x_wconf 77' lang='lat' dir='ltr'><strong>exhibere.</strong></span> 
     </span>
    </p>
   </div>
   <div class='ocr_carea' id='block_1_71' title="bbox 1047 448 1833 485">
    <p class='ocr_par' dir='ltr' id='par_1_71' title="bbox 1047 448 1833 485">
     <span class='ocr_line' id='line_1_71' title="bbox 1047 448 1833 485; baseline -0.005 -6"><span class='ocrx_word' id='word_1_548' title='bbox 1047 452 1102 479; x_wconf 84' lang='lat' dir='ltr'><strong>Hoc</strong></span> <span class='ocrx_word' id='word_1_549' title='bbox 1116 452 1186 479; x_wconf 89' lang='lat' dir='ltr'><strong>enim</strong></span> <span class='ocrx_word' id='word_1_550' title='bbox 1198 459 1246 478; x_wconf 87' lang='lat' dir='ltr'><strong>nos</strong></span> <span class='ocrx_word' id='word_1_551' title='bbox 1258 456 1284 478; x_wconf 90' lang='lat' dir='ltr'><strong>et</strong></span> <span class='ocrx_word' id='word_1_552' title='bbox 1296 451 1382 485; x_wconf 87' lang='lat' dir='ltr'><strong>justos</strong></span> <span class='ocrx_word' id='word_1_553' title='bbox 1394 450 1531 478; x_wconf 86' lang='lat' dir='ltr'><strong>declarare</strong></span> <span class='ocrx_word' id='word_1_554' title='bbox 1541 449 1646 484; x_wconf 88' lang='lat' dir='ltr'><strong>poterit,</strong></span> <span class='ocrx_word' id='word_1_555' title='bbox 1661 453 1688 476; x_wconf 86' lang='lat' dir='ltr'><strong>et</strong></span> <span class='ocrx_word' id='word_1_556' title='bbox 1698 448 1724 476; x_wconf 91' lang='lat' dir='ltr'><strong>id</strong></span> <span class='ocrx_word' id='word_1_557' title='bbox 1735 448 1833 476; x_wconf 81' lang='lat' dir='ltr'><strong>eiﬁciet</strong></span> 
     </span>
    </p>
   </div>
   <div class='ocr_carea' id='block_1_72' title="bbox 1048 494 1833 532">
    <p class='ocr_par' dir='ltr' id='par_1_72' title="bbox 1048 494 1833 532">
     <span class='ocr_line' id='line_1_72' title="bbox 1048 494 1833 532; baseline -0.008 -6"><span class='ocrx_word' id='word_1_558' title='bbox 1048 503 1076 526; x_wconf 92' lang='lat' dir='ltr'><strong>ut</strong></span> <span class='ocrx_word' id='word_1_559' title='bbox 1092 498 1221 532; x_wconf 88' lang='lat' dir='ltr'><strong>promissa</strong></span> <span class='ocrx_word' id='word_1_560' title='bbox 1243 497 1320 524; x_wconf 90' lang='lat' dir='ltr'><strong>citius</strong></span> <span class='ocrx_word' id='word_1_561' title='bbox 1343 503 1527 531; x_wconf 88' lang='lat' dir='ltr'><strong>assequamur.</strong></span> <span class='ocrx_word' id='word_1_562' title='bbox 1553 495 1605 522; x_wconf 88' lang='lat' dir='ltr'><strong>Sed</strong></span> <span class='ocrx_word' id='word_1_563' title='bbox 1626 495 1704 522; x_wconf 78' lang='lat' dir='ltr'><strong>Abnc</strong></span> <span class='ocrx_word' id='word_1_564' title='bbox 1729 494 1833 529; x_wconf 85' lang='lat' dir='ltr'><strong>quidem</strong></span> 
     </span>
    </p>
   </div>
   <div class='ocr_carea' id='block_1_73' title="bbox 1047 540 1835 578">
    <p class='ocr_par' dir='ltr' id='par_1_73' title="bbox 1047 540 1835 578">
     <span class='ocr_line' id='line_1_73' title="bbox 1047 540 1835 578; baseline -0.005 -8"><span class='ocrx_word' id='word_1_565' title='bbox 1047 544 1178 578; x_wconf 85' lang='lat' dir='ltr'><strong>promisit,</strong></span> <span class='ocrx_word' id='word_1_566' title='bbox 1200 550 1233 570; x_wconf 85' lang='lat' dir='ltr'><strong>ex</strong></span> <span class='ocrx_word' id='word_1_567' title='bbox 1256 542 1359 569; x_wconf 88' lang='lat' dir='ltr'><strong>semine</strong></span> <span class='ocrx_word' id='word_1_568' title='bbox 1383 541 1441 576; x_wconf 89' lang='lat' dir='ltr'><strong>ejus</strong></span> <span class='ocrx_word' id='word_1_569' title='bbox 1465 541 1607 568; x_wconf 78' lang='lat' dir='ltr'><strong>maximam</strong></span> <span class='ocrx_word' id='word_1_570' title='bbox 1635 540 1750 567; x_wconf 84' lang='lat' dir='ltr'><strong>futuram</strong></span> <span class='ocrx_word' id='word_1_571' title='bbox 1777 547 1835 567; x_wconf 32' lang='lat' dir='ltr'><strong>esse</strong></span> 
     </span>
    </p>
   </div>
   <div class='ocr_carea' id='block_1_74' title="bbox 1047 587 1831 623">
    <p class='ocr_par' dir='ltr' id='par_1_74' title="bbox 1047 587 1831 623">
     <span class='ocr_line' id='line_1_74' title="bbox 1047 587 1831 623; baseline -0.006 -6"><span class='ocrx_word' id='word_1_572' title='bbox 1047 589 1240 617; x_wconf 88' lang='lat' dir='ltr'><strong>multitudinem</strong></span> <span class='ocrx_word' id='word_1_573' title='bbox 1256 597 1262 616; x_wconf 91' lang='lat'><strong>:</strong></span> <span class='ocrx_word' id='word_1_574' title='bbox 1276 593 1404 623; x_wconf 86' lang='lat' dir='ltr'><strong>erantque</strong></span> <span class='ocrx_word' id='word_1_575' title='bbox 1427 592 1523 622; x_wconf 69' lang='lat' dir='ltr'><strong>pratter</strong></span> <span class='ocrx_word' id='word_1_576' title='bbox 1536 587 1642 614; x_wconf 88' lang='lat' dir='ltr'><strong>solitum</strong></span> <span class='ocrx_word' id='word_1_577' title='bbox 1658 592 1760 613; x_wconf 75' lang='lat' dir='ltr'><strong>natura:</strong></span> <span class='ocrx_word' id='word_1_578' title='bbox 1774 594 1831 613; x_wconf 61' lang='grc' dir='ltr'><strong>ιιιος</strong></span> 
     </span>
    </p>
   </div>
   <div class='ocr_carea' id='block_1_75' title="bbox 1046 632 1835 670">
    <p class='ocr_par' dir='ltr' id='par_1_75' title="bbox 1046 632 1835 670">
     <span class='ocr_line' id='line_1_75' title="bbox 1046 632 1835 670; baseline -0.004 -9"><span class='ocrx_word' id='word_1_579' title='bbox 1046 634 1109 661; x_wconf 89' lang='lat' dir='ltr'><strong>dum</strong></span> <span class='ocrx_word' id='word_1_580' title='bbox 1122 642 1180 670; x_wconf 71' lang='lat' dir='ltr'><strong>qua:</strong></span> <span class='ocrx_word' id='word_1_581' title='bbox 1196 634 1324 668; x_wconf 85' lang='lat' dir='ltr'><strong>promissa</strong></span> <span class='ocrx_word' id='word_1_582' title='bbox 1339 637 1425 666; x_wconf 87' lang='lat' dir='ltr'><strong>erant,</strong></span> <span class='ocrx_word' id='word_1_583' title='bbox 1446 633 1558 668; x_wconf 75' lang='lat' dir='ltr'><strong>ideoque</strong></span> <span class='ocrx_word' id='word_1_584' title='bbox 1578 633 1643 659; x_wconf 89' lang='lat' dir='ltr'><strong>lides</strong></span> <span class='ocrx_word' id='word_1_585' title='bbox 1658 633 1684 659; x_wconf 93' lang='lat' dir='ltr'><strong>in</strong></span> <span class='ocrx_word' id='word_1_586' title='bbox 1699 632 1782 659; x_wconf 88' lang='lat' dir='ltr'><strong>Deum</strong></span> <span class='ocrx_word' id='word_1_587' title='bbox 1793 632 1835 667; x_wconf 90' lang='lat' dir='ltr'><strong>ju-</strong></span> 
     </span>
    </p>
   </div>
   <div class='ocr_carea' id='block_1_76' title="bbox 1047 677 1838 712">
    <p class='ocr_par' dir='ltr' id='par_1_76' title="bbox 1047 677 1838 712">
     <span class='ocr_line' id='line_1_76' title="bbox 1047 677 1838 712; baseline -0.005 -5"><span class='ocrx_word' id='word_1_588' title='bbox 1047 680 1147 708; x_wconf 84' lang='lat' dir='ltr'><strong>stitiam</strong></span> <span class='ocrx_word' id='word_1_589' title='bbox 1172 680 1196 707; x_wconf 89' lang='lat' dir='ltr'><strong>ei</strong></span> <span class='ocrx_word' id='word_1_590' title='bbox 1217 679 1322 706; x_wconf 87' lang='lat' dir='ltr'><strong>attulit:</strong></span> <span class='ocrx_word' id='word_1_591' title='bbox 1348 679 1424 706; x_wconf 90' lang='lat' dir='ltr'><strong>nobis</strong></span> <span class='ocrx_word' id='word_1_592' title='bbox 1445 683 1544 709; x_wconf 83' lang='lat' dir='ltr'><strong>autem,</strong></span> <span class='ocrx_word' id='word_1_593' title='bbox 1566 677 1588 705; x_wconf 90' lang='lat' dir='ltr'><strong>si</strong></span> <span class='ocrx_word' id='word_1_594' title='bbox 1603 678 1732 712; x_wconf 87' lang='lat' dir='ltr'><strong>sapimus,</strong></span> <span class='ocrx_word' id='word_1_595' title='bbox 1756 678 1838 703; x_wconf 91' lang='lat' dir='ltr'><strong>multo</strong></span> 
     </span>
    </p>
   </div>
   <div class='ocr_carea' id='block_1_77' title="bbox 1048 722 1838 759">
    <p class='ocr_par' dir='ltr' id='par_1_77' title="bbox 1048 722 1838 759">
     <span class='ocr_line' id='line_1_77' title="bbox 1048 722 1838 759; baseline -0.005 -8"><span class='ocrx_word' id='word_1_596' title='bbox 1048 725 1148 759; x_wconf 85' lang='lat' dir='ltr'><strong>majora</strong></span> <span class='ocrx_word' id='word_1_597' title='bbox 1166 725 1294 759; x_wconf 72' lang='lat' dir='ltr'><strong>promissa</strong></span> <span class='ocrx_word' id='word_1_598' title='bbox 1307 728 1378 756; x_wconf 87' lang='lat' dir='ltr'><strong>sunt,</strong></span> <span class='ocrx_word' id='word_1_599' title='bbox 1391 728 1418 751; x_wconf 93' lang='lat' dir='ltr'><strong>et</strong></span> <span class='ocrx_word' id='word_1_600' title='bbox 1431 723 1523 750; x_wconf 87' lang='lat' dir='ltr'><strong>multis</strong></span> <span class='ocrx_word' id='word_1_601' title='bbox 1544 722 1630 749; x_wconf 90' lang='lat' dir='ltr'><strong>modis</strong></span> <span class='ocrx_word' id='word_1_602' title='bbox 1654 722 1782 749; x_wconf 85' lang='lat' dir='ltr'><strong>humanas</strong></span> <span class='ocrx_word' id='word_1_603' title='bbox 1795 729 1838 748; x_wconf 87' lang='lat' dir='ltr'><strong>co-</strong></span> 
     </span>
    </p>
   </div>
   <div class='ocr_carea' id='block_1_78' title="bbox 1049 767 1839 805">
    <p class='ocr_par' dir='ltr' id='par_1_78' title="bbox 1049 767 1839 805">
     <span class='ocr_line' id='line_1_78' title="bbox 1049 767 1839 805; baseline -0.004 -9"><span class='ocrx_word' id='word_1_604' title='bbox 1049 770 1190 805; x_wconf 76' lang='lat' dir='ltr'><strong>gitationes</strong></span> <span class='ocrx_word' id='word_1_605' title='bbox 1202 769 1389 797; x_wconf 84' lang='lat' dir='ltr'><strong>transcendere</strong></span> <span class='ocrx_word' id='word_1_606' title='bbox 1397 775 1555 804; x_wconf 82' lang='lat' dir='ltr'><strong>possumus;</strong></span> <span class='ocrx_word' id='word_1_607' title='bbox 1569 767 1649 794; x_wconf 92' lang='lat' dir='ltr'><strong>modo</strong></span> <span class='ocrx_word' id='word_1_608' title='bbox 1664 767 1839 801; x_wconf 85' lang='lat' dir='ltr'><strong>promittentis</strong></span> 
     </span>
    </p>
   </div>
   <div class='ocr_carea' id='block_1_79' title="bbox 1050 813 1840 851">
    <p class='ocr_par' dir='ltr' id='par_1_79' title="bbox 1050 813 1840 851">
     <span class='ocr_line' id='line_1_79' title="bbox 1050 813 1840 851; baseline -0.006 -7"><span class='ocrx_word' id='word_1_609' title='bbox 1050 817 1175 851; x_wconf 69' lang='lat' dir='ltr'><strong>potentiae</strong></span> <span class='ocrx_word' id='word_1_610' title='bbox 1186 815 1335 848; x_wconf 84' lang='lat' dir='ltr'><strong>credamus,</strong></span> <span class='ocrx_word' id='word_1_611' title='bbox 1352 820 1380 842; x_wconf 92' lang='lat' dir='ltr'><strong>ut</strong></span> <span class='ocrx_word' id='word_1_612' title='bbox 1391 819 1419 842; x_wconf 91' lang='lat' dir='ltr'><strong>et</strong></span> <span class='ocrx_word' id='word_1_613' title='bbox 1432 822 1491 842; x_wconf 87' lang='lat' dir='ltr'><strong>eam</strong></span> <span class='ocrx_word' id='word_1_614' title='bbox 1509 822 1568 849; x_wconf 69' lang='lat' dir='ltr'><strong>qum</strong></span> <span class='ocrx_word' id='word_1_615' title='bbox 1583 822 1616 840; x_wconf 84' lang='lat' dir='ltr'><strong>ex</strong></span> <span class='ocrx_word' id='word_1_616' title='bbox 1631 814 1683 841; x_wconf 80' lang='lat' dir='ltr'><strong>[ide</strong></span> <span class='ocrx_word' id='word_1_617' title='bbox 1696 818 1747 846; x_wconf 86' lang='lat' dir='ltr'><strong>est,</strong></span> <span class='ocrx_word' id='word_1_618' title='bbox 1762 813 1840 847; x_wconf 89' lang='lat' dir='ltr'><strong>justi-</strong></span> 
     </span>
    </p>
   </div>
   <div class='ocr_carea' id='block_1_80' title="bbox 1051 859 1839 897">
    <p class='ocr_par' dir='ltr' id='par_1_80' title="bbox 1051 859 1839 897">
     <span class='ocr_line' id='line_1_80' title="bbox 1051 859 1839 897; baseline -0.005 -8"><span class='ocrx_word' id='word_1_619' title='bbox 1051 863 1113 890; x_wconf 85' lang='lat' dir='ltr'><strong>tiam</strong></span> <span class='ocrx_word' id='word_1_620' title='bbox 1128 865 1295 897; x_wconf 87' lang='lat' dir='ltr'><strong>reportemus</strong></span> <span class='ocrx_word' id='word_1_621' title='bbox 1305 881 1313 893; x_wconf 98' lang='lat'><strong>,</strong></span> <span class='ocrx_word' id='word_1_622' title='bbox 1328 866 1355 888; x_wconf 87' lang='lat' dir='ltr'><strong>et</strong></span> <span class='ocrx_word' id='word_1_623' title='bbox 1368 860 1547 895; x_wconf 88' lang='lat' dir='ltr'><strong>adipiscamur</strong></span> <span class='ocrx_word' id='word_1_624' title='bbox 1566 859 1636 887; x_wconf 86' lang='lat' dir='ltr'><strong>bona</strong></span> <span class='ocrx_word' id='word_1_625' title='bbox 1650 859 1790 894; x_wconf 89' lang='lat' dir='ltr'><strong>promissa.</strong></span> <span class='ocrx_word' id='word_1_626' title='bbox 1803 859 1839 885; x_wconf 90' lang='lat' dir='ltr'><strong>Ea</strong></span> 
     </span>
    </p>
   </div>
   <div class='ocr_carea' id='block_1_81' title="bbox 1049 904 1842 943">
    <p class='ocr_par' dir='ltr' id='par_1_81' title="bbox 1049 904 1842 943">
     <span class='ocr_line' id='line_1_81' title="bbox 1049 904 1842 943; baseline -0.008 -7"><span class='ocrx_word' id='word_1_627' title='bbox 1049 909 1131 942; x_wconf 91' lang='lat' dir='ltr'><strong>enim,</strong></span> <span class='ocrx_word' id='word_1_628' title='bbox 1146 916 1204 943; x_wconf 65' lang='lat' dir='ltr'><strong>qua:</strong></span> <span class='ocrx_word' id='word_1_629' title='bbox 1216 907 1292 935; x_wconf 89' lang='lat' dir='ltr'><strong>nobis</strong></span> <span class='ocrx_word' id='word_1_630' title='bbox 1304 907 1419 934; x_wconf 78' lang='lat' dir='ltr'><strong>maxime</strong></span> <span class='ocrx_word' id='word_1_631' title='bbox 1431 906 1571 942; x_wconf 84' lang='lat' dir='ltr'><strong>promissa,</strong></span> <span class='ocrx_word' id='word_1_632' title='bbox 1583 912 1690 932; x_wconf 89' lang='lat' dir='ltr'><strong>omnem</strong></span> <span class='ocrx_word' id='word_1_633' title='bbox 1702 904 1842 932; x_wconf 86' lang='lat' dir='ltr'><strong>humanam</strong></span> 
     </span>
    </p>
   </div>
   <div class='ocr_carea' id='block_1_82' title="bbox 1051 951 1842 986">
    <p class='ocr_par' dir='ltr' id='par_1_82' title="bbox 1051 951 1842 986">
     <span class='ocr_line' id='line_1_82' title="bbox 1051 951 1842 986; baseline -0.006 -4"><span class='ocrx_word' id='word_1_634' title='bbox 1051 953 1241 982; x_wconf 85' lang='lat' dir='ltr'><strong>transcendunt</strong></span> <span class='ocrx_word' id='word_1_635' title='bbox 1254 953 1395 985; x_wconf 90' lang='lat' dir='ltr'><strong>rationem,</strong></span> <span class='ocrx_word' id='word_1_636' title='bbox 1409 957 1436 980; x_wconf 89' lang='lat' dir='ltr'><strong>et</strong></span> <span class='ocrx_word' id='word_1_637' title='bbox 1447 959 1553 979; x_wconf 89' lang='lat' dir='ltr'><strong>omnem</strong></span> <span class='ocrx_word' id='word_1_638' title='bbox 1566 951 1753 986; x_wconf 78' lang='lat' dir='ltr'><strong>cogitationem</strong></span> <span class='ocrx_word' id='word_1_639' title='bbox 1764 958 1842 977; x_wconf 81' lang='lat' dir='ltr'><strong>exce—</strong></span> 
     </span>
    </p>
   </div>
   <div class='ocr_carea' id='block_1_83' title="bbox 1051 995 1843 1033">
    <p class='ocr_par' dir='ltr' id='par_1_83' title="bbox 1051 995 1843 1033">
     <span class='ocr_line' id='line_1_83' title="bbox 1051 995 1843 1033; baseline -0.006 -6"><span class='ocrx_word' id='word_1_640' title='bbox 1051 1000 1117 1027; x_wconf 88' lang='lat' dir='ltr'><strong>dunt</strong></span> <span class='ocrx_word' id='word_1_641' title='bbox 1138 1008 1145 1026; x_wconf 90' lang='lat'><strong>:</strong></span> <span class='ocrx_word' id='word_1_642' title='bbox 1172 1004 1243 1026; x_wconf 90' lang='lat' dir='ltr'><strong>tanta</strong></span> <span class='ocrx_word' id='word_1_643' title='bbox 1270 999 1476 1033; x_wconf 80' lang='lat' dir='ltr'><strong>promissionum</strong></span> <span class='ocrx_word' id='word_1_644' title='bbox 1503 1002 1544 1024; x_wconf 87' lang='lat' dir='ltr'><strong>est</strong></span> <span class='ocrx_word' id='word_1_645' title='bbox 1563 996 1728 1032; x_wconf 73' lang='lat' dir='ltr'><strong>magnitudo.</strong></span> <span class='ocrx_word' id='word_1_646' title='bbox 1754 995 1843 1030; x_wconf 60' lang='lat' dir='ltr'><strong>Ni-que</strong></span> 
     </span>
    </p>
   </div>
   <div class='ocr_carea' id='block_1_84' title="bbox 1051 1041 1844 1080">
    <p class='ocr_par' dir='ltr' id='par_1_84' title="bbox 1051 1041 1844 1080">
     <span class='ocr_line' id='line_1_84' title="bbox 1051 1041 1844 1080; baseline -0.006 -8"><span class='ocrx_word' id='word_1_647' title='bbox 1051 1046 1123 1073; x_wconf 84' lang='lat' dir='ltr'><strong>enim</strong></span> <span class='ocrx_word' id='word_1_648' title='bbox 1134 1046 1160 1072; x_wconf 91' lang='lat' dir='ltr'><strong>in</strong></span> <span class='ocrx_word' id='word_1_649' title='bbox 1174 1045 1297 1080; x_wconf 76' lang='lat' dir='ltr'><strong>pra-senti</strong></span> <span class='ocrx_word' id='word_1_650' title='bbox 1310 1044 1362 1071; x_wconf 89' lang='lat' dir='ltr'><strong>vita</strong></span> <span class='ocrx_word' id='word_1_651' title='bbox 1375 1043 1462 1071; x_wconf 88' lang='lat' dir='ltr'><strong>solum</strong></span> <span class='ocrx_word' id='word_1_652' title='bbox 1475 1043 1551 1070; x_wconf 90' lang='lat' dir='ltr'><strong>nobis</strong></span> <span class='ocrx_word' id='word_1_653' title='bbox 1567 1042 1687 1077; x_wconf 82' lang='lat' dir='ltr'><strong>promisit</strong></span> <span class='ocrx_word' id='word_1_654' title='bbox 1697 1041 1776 1075; x_wconf 86' lang='lat' dir='ltr'><strong>hujus</strong></span> <span class='ocrx_word' id='word_1_655' title='bbox 1785 1042 1844 1068; x_wconf 74' lang='lat' dir='ltr'><strong>Viue</strong></span> 
     </span>
    </p>
   </div>
   <div class='ocr_carea' id='block_1_85' title="bbox 1053 1087 1844 1122">
    <p class='ocr_par' dir='ltr' id='par_1_85' title="bbox 1053 1087 1844 1122">
     <span class='ocr_line' id='line_1_85' title="bbox 1053 1087 1844 1122; baseline -0.005 -4"><span class='ocrx_word' id='word_1_656' title='bbox 1053 1095 1148 1118; x_wconf 85' lang='lat' dir='ltr'><strong>statum</strong></span> <span class='ocrx_word' id='word_1_657' title='bbox 1173 1095 1199 1117; x_wconf 90' lang='lat' dir='ltr'><strong>et</strong></span> <span class='ocrx_word' id='word_1_658' title='bbox 1219 1089 1362 1116; x_wconf 87' lang='lat' dir='ltr'><strong>visibilium</strong></span> <span class='ocrx_word' id='word_1_659' title='bbox 1386 1089 1535 1116; x_wconf 86' lang='lat' dir='ltr'><strong>l&#39;ruitiunem</strong></span> <span class='ocrx_word' id='word_1_660' title='bbox 1562 1097 1568 1115; x_wconf 93' lang='lat'><strong>:</strong></span> <span class='ocrx_word' id='word_1_661' title='bbox 1587 1087 1635 1114; x_wconf 81' lang='lat' dir='ltr'><strong>sed</strong></span> <span class='ocrx_word' id='word_1_662' title='bbox 1655 1092 1681 1114; x_wconf 90' lang='lat' dir='ltr'><strong>et</strong></span> <span class='ocrx_word' id='word_1_663' title='bbox 1707 1093 1844 1122; x_wconf 85' lang='lat' dir='ltr'><strong>postquam</strong></span> 
     </span>
    </p>
   </div>
   <div class='ocr_carea' id='block_1_86' title="bbox 1054 1132 1844 1170">
    <p class='ocr_par' dir='ltr' id='par_1_86' title="bbox 1054 1132 1844 1170">
     <span class='ocr_line' id='line_1_86' title="bbox 1054 1132 1844 1170; baseline -0.006 -7"><span class='ocrx_word' id='word_1_664' title='bbox 1054 1136 1116 1163; x_wconf 86' lang='lat' dir='ltr'><strong>hinc</strong></span> <span class='ocrx_word' id='word_1_665' title='bbox 1130 1135 1358 1170; x_wconf 79' lang='lat' dir='ltr'><strong>emigraverimus,</strong></span> <span class='ocrx_word' id='word_1_666' title='bbox 1381 1138 1409 1161; x_wconf 85' lang='lat' dir='ltr'><strong>et</strong></span> <span class='ocrx_word' id='word_1_667' title='bbox 1432 1138 1491 1168; x_wconf 86' lang='lat' dir='ltr'><strong>post</strong></span> <span class='ocrx_word' id='word_1_668' title='bbox 1504 1133 1624 1167; x_wconf 87' lang='lat' dir='ltr'><strong>corporis</strong></span> <span class='ocrx_word' id='word_1_669' title='bbox 1637 1132 1844 1167; x_wconf 82' lang='lat' dir='ltr'><strong>corruptionem,</strong></span> 
     </span>
    </p>
   </div>
   <div class='ocr_carea' id='block_1_87' title="bbox 1054 1178 1842 1216">
    <p class='ocr_par' dir='ltr' id='par_1_87' title="bbox 1054 1178 1842 1216">
     <span class='ocr_line' id='line_1_87' title="bbox 1054 1178 1842 1216; baseline -0.005 -8"><span class='ocrx_word' id='word_1_670' title='bbox 1054 1181 1160 1216; x_wconf 84' lang='lat' dir='ltr'><strong>quando</strong></span> <span class='ocrx_word' id='word_1_671' title='bbox 1172 1181 1198 1207; x_wconf 92' lang='lat' dir='ltr'><strong>in</strong></span> <span class='ocrx_word' id='word_1_672' title='bbox 1213 1181 1330 1208; x_wconf 73' lang='lat' dir='ltr'><strong>uiuerent</strong></span> <span class='ocrx_word' id='word_1_673' title='bbox 1345 1185 1372 1207; x_wconf 89' lang='lat' dir='ltr'><strong>et</strong></span> <span class='ocrx_word' id='word_1_674' title='bbox 1385 1179 1520 1214; x_wconf 86' lang='lat' dir='ltr'><strong>pulverem</strong></span> <span class='ocrx_word' id='word_1_675' title='bbox 1535 1184 1624 1206; x_wconf 87' lang='lat' dir='ltr'><strong>nostra</strong></span> <span class='ocrx_word' id='word_1_676' title='bbox 1645 1178 1773 1205; x_wconf 87' lang='lat' dir='ltr'><strong>dissoluta</strong></span> <span class='ocrx_word' id='word_1_677' title='bbox 1788 1178 1842 1204; x_wconf 80' lang='lat' dir='ltr'><strong>fue-</strong></span> 
     </span>
    </p>
   </div>
   <div class='ocr_carea' id='block_1_88' title="bbox 1054 1223 1846 1260">
    <p class='ocr_par' dir='ltr' id='par_1_88' title="bbox 1054 1223 1846 1260">
     <span class='ocr_line' id='line_1_88' title="bbox 1054 1223 1846 1260; baseline -0.004 -7"><span class='ocrx_word' id='word_1_678' title='bbox 1054 1226 1106 1253; x_wconf 89' lang='lat' dir='ltr'><strong>rint</strong></span> <span class='ocrx_word' id='word_1_679' title='bbox 1127 1233 1249 1260; x_wconf 89' lang='lat' dir='ltr'><strong>corpora,</strong></span> <span class='ocrx_word' id='word_1_680' title='bbox 1274 1230 1336 1252; x_wconf 91' lang='lat' dir='ltr'><strong>tunc</strong></span> <span class='ocrx_word' id='word_1_681' title='bbox 1356 1229 1536 1252; x_wconf 87' lang='lat' dir='ltr'><strong>resurrectura</strong></span> <span class='ocrx_word' id='word_1_682' title='bbox 1564 1231 1595 1251; x_wconf 88' lang='lat' dir='ltr'><strong>ca</strong></span> <span class='ocrx_word' id='word_1_683' title='bbox 1620 1223 1757 1258; x_wconf 86' lang='lat' dir='ltr'><strong>promisit,</strong></span> <span class='ocrx_word' id='word_1_684' title='bbox 1775 1227 1801 1250; x_wconf 88' lang='lat' dir='ltr'><strong>ct</strong></span> <span class='ocrx_word' id='word_1_685' title='bbox 1821 1223 1846 1250; x_wconf 95' lang='lat' dir='ltr'><strong>in</strong></span> 
     </span>
    </p>
   </div>
   <div class='ocr_carea' id='block_1_89' title="bbox 1054 1268 1846 1306">
    <p class='ocr_par' dir='ltr' id='par_1_89' title="bbox 1054 1268 1846 1306">
     <span class='ocr_line' id='line_1_89' title="bbox 1054 1268 1846 1306; baseline -0.004 -8"><span class='ocrx_word' id='word_1_686' title='bbox 1054 1270 1149 1305; x_wconf 82' lang='lat' dir='ltr'><strong>majori</strong></span> <span class='ocrx_word' id='word_1_687' title='bbox 1159 1270 1241 1306; x_wconf 78' lang='lat' dir='ltr'><strong>gloria</strong></span> <span class='ocrx_word' id='word_1_688' title='bbox 1253 1269 1350 1297; x_wconf 81' lang='lat' dir='ltr'><strong>futura.</strong></span> <span class='ocrx_word' id='word_1_689' title='bbox 1373 1269 1477 1305; x_wconf 83' lang='lat' dir='ltr'><strong>Oportet</strong></span> <span class='ocrx_word' id='word_1_690' title='bbox 1487 1269 1563 1302; x_wconf 83' lang='lat' dir='ltr'><strong>enim,</strong></span> <span class='ocrx_word' id='word_1_691' title='bbox 1580 1269 1606 1295; x_wconf 94' lang='lat' dir='ltr'><strong>in</strong></span> <span class='ocrx_word' id='word_1_692' title='bbox 1617 1269 1664 1302; x_wconf 58' lang='lat' dir='ltr'><strong>(uit</strong></span> <span class='ocrx_word' id='word_1_693' title='bbox 1678 1269 1770 1296; x_wconf 85' lang='lat' dir='ltr'><strong>beatus</strong></span> <span class='ocrx_word' id='word_1_694' title='bbox 1780 1268 1846 1295; x_wconf 80' lang='lat' dir='ltr'><strong>I’au-</strong></span> 
     </span>
    </p>
   </div>
   <div class='ocr_carea' id='block_1_90' title="bbox 1057 1315 1846 1352">
    <p class='ocr_par' dir='ltr' id='par_1_90' title="bbox 1057 1315 1846 1352">
     <span class='ocr_line' id='line_1_90' title="bbox 1057 1315 1846 1352; baseline -0.006 -8"><span class='ocrx_word' id='word_1_695' title='bbox 1057 1317 1108 1350; x_wconf 93' lang='lat' dir='ltr'><strong>lus,</strong></span> <span class='ocrx_word' id='word_1_696' title='bbox 1123 1316 1285 1352; x_wconf 82' lang='lat' dir='ltr'><strong>corruptibile</strong></span> <span class='ocrx_word' id='word_1_697' title='bbox 1307 1316 1355 1343; x_wconf 84' lang='lat' dir='ltr'><strong>hoe</strong></span> <span class='ocrx_word' id='word_1_698' title='bbox 1375 1316 1480 1342; x_wconf 75' lang='lat' dir='ltr'><strong>induere</strong></span> <span class='ocrx_word' id='word_1_699' title='bbox 1492 1315 1715 1348; x_wconf 80' lang='lat' dir='ltr'><strong>incorruptionem,</strong></span> <span class='ocrx_word' id='word_1_700' title='bbox 1741 1319 1763 1340; x_wconf 91' lang='lat' dir='ltr'><strong>et</strong></span> <span class='ocrx_word' id='word_1_701' title='bbox 1779 1322 1846 1340; x_wconf 87' lang='lat' dir='ltr'><strong>mor-</strong></span> 
     </span>
    </p>
   </div>
   <div class='ocr_carea' id='block_1_91' title="bbox 1056 1360 1847 1396">
    <p class='ocr_par' dir='ltr' id='par_1_91' title="bbox 1056 1360 1847 1396">
     <span class='ocr_line' id='line_1_91' title="bbox 1056 1360 1847 1396; baseline -0.003 -6"><span class='ocrx_word' id='word_1_702' title='bbox 1056 1364 1107 1391; x_wconf 81' lang='lat' dir='ltr'><strong>tale</strong></span> <span class='ocrx_word' id='word_1_703' title='bbox 1119 1364 1165 1390; x_wconf 84' lang='lat' dir='ltr'><strong>hoc</strong></span> <span class='ocrx_word' id='word_1_704' title='bbox 1184 1363 1288 1390; x_wconf 88' lang='lat' dir='ltr'><strong>induere</strong></span> <span class='ocrx_word' id='word_1_705' title='bbox 1305 1363 1518 1389; x_wconf 86' lang='lat' dir='ltr'><strong>immortalitatem</strong></span> <span class='ocrx_word' id='word_1_706' title='bbox 1533 1362 1542 1396; x_wconf 91' lang='lat'><strong>(</strong></span> <span class='ocrx_word' id='word_1_707' title='bbox 1558 1362 1584 1388; x_wconf 77' lang='grc'><strong>1.</strong></span> <span class='ocrx_word' id='word_1_708' title='bbox 1597 1361 1711 1388; x_wconf 77' lang='lat' dir='ltr'><strong>Cor.15.</strong></span> <span class='ocrx_word' id='word_1_709' title='bbox 1728 1361 1763 1388; x_wconf 77' lang='lat'><strong>53</strong></span> <span class='ocrx_word' id='word_1_710' title='bbox 1775 1361 1794 1394; x_wconf 90' lang='lat'><strong>).</strong></span> <span class='ocrx_word' id='word_1_711' title='bbox 1818 1360 1847 1388; x_wconf 82' lang='lat' dir='ltr'><strong>Et</strong></span> 
     </span>
    </p>
   </div>
   <div class='ocr_carea' id='block_1_92' title="bbox 1057 1407 1847 1445">
    <p class='ocr_par' dir='ltr' id='par_1_92' title="bbox 1057 1407 1847 1445">
     <span class='ocr_line' id='line_1_92' title="bbox 1057 1407 1847 1445; baseline -0.005 -8"><span class='ocrx_word' id='word_1_712' title='bbox 1057 1415 1118 1445; x_wconf 89' lang='lat' dir='ltr'><strong>post</strong></span> <span class='ocrx_word' id='word_1_713' title='bbox 1140 1417 1281 1444; x_wconf 90' lang='lat' dir='ltr'><strong>corporum</strong></span> <span class='ocrx_word' id='word_1_714' title='bbox 1305 1409 1526 1436; x_wconf 75' lang='lat' dir='ltr'><strong>resurrectionem</strong></span> <span class='ocrx_word' id='word_1_715' title='bbox 1551 1408 1625 1442; x_wconf 77' lang='lat' dir='ltr'><strong>regni</strong></span> <span class='ocrx_word' id='word_1_716' title='bbox 1654 1407 1847 1442; x_wconf 56' lang='lat' dir='ltr'><strong>possessionem</strong></span> 
     </span>
    </p>
   </div>
   <div class='ocr_carea' id='block_1_93' title="bbox 1057 1453 1848 1489">
    <p class='ocr_par' dir='ltr' id='par_1_93' title="bbox 1057 1453 1848 1489">
     <span class='ocr_line' id='line_1_93' title="bbox 1057 1453 1848 1489; baseline -0.005 -7"><span class='ocrx_word' id='word_1_717' title='bbox 1057 1455 1182 1482; x_wconf 86' lang='lat' dir='ltr'><strong>daturum</strong></span> <span class='ocrx_word' id='word_1_718' title='bbox 1203 1462 1233 1482; x_wconf 87' lang='lat' dir='ltr'><strong>se</strong></span> <span class='ocrx_word' id='word_1_719' title='bbox 1254 1454 1332 1482; x_wconf 91' lang='lat' dir='ltr'><strong>nobis</strong></span> <span class='ocrx_word' id='word_1_720' title='bbox 1354 1454 1487 1489; x_wconf 86' lang='lat' dir='ltr'><strong>pollicitus</strong></span> <span class='ocrx_word' id='word_1_721' title='bbox 1508 1458 1559 1485; x_wconf 89' lang='lat' dir='ltr'><strong>est,</strong></span> <span class='ocrx_word' id='word_1_722' title='bbox 1571 1459 1598 1480; x_wconf 90' lang='lat' dir='ltr'><strong>et</strong></span> <span class='ocrx_word' id='word_1_723' title='bbox 1621 1453 1848 1479; x_wconf 83' lang='lat' dir='ltr'><strong>conversationem</strong></span> 
     </span>
    </p>
   </div>
   <div class='ocr_carea' id='block_1_94' title="bbox 1057 1496 1848 1534">
    <p class='ocr_par' dir='ltr' id='par_1_94' title="bbox 1057 1496 1848 1534">
     <span class='ocr_line' id='line_1_94' title="bbox 1057 1496 1848 1534; baseline -0.008 -6"><span class='ocrx_word' id='word_1_724' title='bbox 1057 1507 1118 1528; x_wconf 90' lang='lat' dir='ltr'><strong>cum</strong></span> <span class='ocrx_word' id='word_1_725' title='bbox 1129 1500 1238 1532; x_wconf 88' lang='lat' dir='ltr'><strong>sanctis,</strong></span> <span class='ocrx_word' id='word_1_726' title='bbox 1253 1505 1280 1526; x_wconf 88' lang='lat' dir='ltr'><strong>et</strong></span> <span class='ocrx_word' id='word_1_727' title='bbox 1292 1500 1317 1526; x_wconf 91' lang='lat' dir='ltr'><strong>in</strong></span> <span class='ocrx_word' id='word_1_728' title='bbox 1334 1505 1462 1534; x_wconf 89' lang='lat' dir='ltr'><strong>perpetuo</strong></span> <span class='ocrx_word' id='word_1_729' title='bbox 1472 1498 1571 1526; x_wconf 63' lang='lat' dir='ltr'><strong>sarculo</strong></span> <span class='ocrx_word' id='word_1_730' title='bbox 1581 1499 1709 1532; x_wconf 85' lang='lat' dir='ltr'><strong>quietem,</strong></span> <span class='ocrx_word' id='word_1_731' title='bbox 1722 1502 1749 1524; x_wconf 90' lang='lat' dir='ltr'><strong>ct</strong></span> <span class='ocrx_word' id='word_1_732' title='bbox 1760 1496 1848 1523; x_wconf 66' lang='lat' dir='ltr'><strong>inena—</strong></span> 
     </span>
    </p>
   </div>
   <div class='ocr_carea' id='block_1_95' title="bbox 1059 1543 1850 1577">
    <p class='ocr_par' dir='ltr' id='par_1_95' title="bbox 1059 1543 1850 1577">
     <span class='ocr_line' id='line_1_95' title="bbox 1059 1543 1850 1577; baseline -0.008 -4"><span class='ocrx_word' id='word_1_733' title='bbox 1059 1546 1120 1574; x_wconf 86' lang='lat' dir='ltr'><strong>bilia</strong></span> <span class='ocrx_word' id='word_1_734' title='bbox 1134 1546 1177 1572; x_wconf 84' lang='lat' dir='ltr'><strong>illa</strong></span> <span class='ocrx_word' id='word_1_735' title='bbox 1192 1545 1271 1577; x_wconf 85' lang='lat' dir='ltr'><strong>bona,</strong></span> <span class='ocrx_word' id='word_1_736' title='bbox 1289 1544 1352 1576; x_wconf 71' lang='lat' dir='ltr'><strong>Qua:</strong></span> <span class='ocrx_word' id='word_1_737' title='bbox 1365 1545 1452 1571; x_wconf 74' lang='lat' dir='ltr'><strong>oculus</strong></span> <span class='ocrx_word' id='word_1_738' title='bbox 1463 1552 1513 1570; x_wconf 88' lang='lat' dir='ltr'><strong>non</strong></span> <span class='ocrx_word' id='word_1_739' title='bbox 1528 1543 1600 1577; x_wconf 78' lang='lat' dir='ltr'><strong>vidit,</strong></span> <span class='ocrx_word' id='word_1_740' title='bbox 1614 1547 1637 1569; x_wconf 88' lang='lat' dir='ltr'><strong>et</strong></span> <span class='ocrx_word' id='word_1_741' title='bbox 1651 1544 1721 1568; x_wconf 82' lang='lat' dir='ltr'><strong>auris</strong></span> <span class='ocrx_word' id='word_1_742' title='bbox 1741 1550 1791 1568; x_wconf 88' lang='lat' dir='ltr'><strong>non</strong></span> <span class='ocrx_word' id='word_1_743' title='bbox 1804 1549 1850 1567; x_wconf 75' lang='grc' dir='ltr'><strong>αυ-</strong></span> 
     </span>
    </p>
   </div>
   <div class='ocr_carea' id='block_1_96' title="bbox 1059 1587 1848 1625">
    <p class='ocr_par' dir='ltr' id='par_1_96' title="bbox 1059 1587 1848 1625">
     <span class='ocr_line' id='line_1_96' title="bbox 1059 1587 1848 1625; baseline -0.004 -8"><span class='ocrx_word' id='word_1_744' title='bbox 1059 1591 1130 1622; x_wconf 75' lang='lat' dir='ltr'><strong>dicit,</strong></span> <span class='ocrx_word' id='word_1_745' title='bbox 1150 1596 1173 1618; x_wconf 87' lang='lat' dir='ltr'><strong>et</strong></span> <span class='ocrx_word' id='word_1_746' title='bbox 1197 1591 1223 1617; x_wconf 88' lang='lat' dir='ltr'><strong>in</strong></span> <span class='ocrx_word' id='word_1_747' title='bbox 1243 1599 1286 1617; x_wconf 77' lang='lat' dir='ltr'><strong>cor</strong></span> <span class='ocrx_word' id='word_1_748' title='bbox 1307 1590 1416 1616; x_wconf 82' lang='lat' dir='ltr'><strong>hominis</strong></span> <span class='ocrx_word' id='word_1_749' title='bbox 1430 1598 1480 1616; x_wconf 85' lang='lat' dir='ltr'><strong>non</strong></span> <span class='ocrx_word' id='word_1_750' title='bbox 1494 1589 1658 1616; x_wconf 76' lang='lat' dir='ltr'><strong>ascenderunt</strong></span> <span class='ocrx_word' id='word_1_751' title='bbox 1673 1589 1753 1625; x_wconf 85' lang='lat' dir='ltr'><strong>(Ibid.</strong></span> <span class='ocrx_word' id='word_1_752' title='bbox 1767 1587 1794 1615; x_wconf 71' lang='lat'><strong>2.</strong></span> <span class='ocrx_word' id='word_1_753' title='bbox 1809 1587 1848 1622; x_wconf 84' lang='lat'><strong>9).</strong></span> 
     </span>
    </p>
   </div>
   <div class='ocr_carea' id='block_1_97' title="bbox 1061 1634 1849 1671">
    <p class='ocr_par' dir='ltr' id='par_1_97' title="bbox 1061 1634 1849 1671">
     <span class='ocr_line' id='line_1_97' title="bbox 1061 1634 1849 1671; baseline -0.001 -9"><span class='ocrx_word' id='word_1_754' title='bbox 1061 1636 1153 1663; x_wconf 75' lang='lat' dir='ltr'><strong>Vidisti</strong></span> <span class='ocrx_word' id='word_1_755' title='bbox 1169 1640 1268 1671; x_wconf 86' lang='lat' dir='ltr'><strong>quanta</strong></span> <span class='ocrx_word' id='word_1_756' title='bbox 1281 1635 1486 1670; x_wconf 85' lang='lat' dir='ltr'><strong>promissionum</strong></span> <span class='ocrx_word' id='word_1_757' title='bbox 1500 1635 1676 1668; x_wconf 81' lang='lat' dir='ltr'><strong>excellentia;</strong></span> <span class='ocrx_word' id='word_1_758' title='bbox 1695 1634 1782 1661; x_wconf 80' lang='lat' dir='ltr'><strong>vdiin</strong></span> <span class='ocrx_word' id='word_1_759' title='bbox 1804 1635 1849 1661; x_wconf 90' lang='lat' dir='ltr'><strong>do-</strong></span> 
     </span>
    </p>
   </div>
   <div class='ocr_carea' id='block_1_98' title="bbox 1061 1681 1410 1717">
    <p class='ocr_par' dir='ltr' id='par_1_98' title="bbox 1061 1681 1410 1717">
     <span class='ocr_line' id='line_1_98' title="bbox 1061 1681 1410 1717; baseline -0.006 -8"><span class='ocrx_word' id='word_1_760' title='bbox 1061 1689 1155 1709; x_wconf 91' lang='lat' dir='ltr'><strong>norum</strong></span> <span class='ocrx_word' id='word_1_761' title='bbox 1182 1681 1410 1717; x_wconf 78' lang='lat' dir='ltr'><strong>magnitudinem?</strong></span> 
     </span>
    </p>
   </div>
   <div class='ocr_carea' id='block_1_99' title="bbox 1096 1727 1850 1763">
    <p class='ocr_par' dir='ltr' id='par_1_99' title="bbox 1096 1727 1850 1763">
     <span class='ocr_line' id='line_1_99' title="bbox 1096 1727 1850 1763; baseline -0.004 -7"><span class='ocrx_word' id='word_1_762' title='bbox 1096 1728 1191 1756; x_wconf 69' lang='lat'><strong>6.“:130</strong></span> <span class='ocrx_word' id='word_1_763' title='bbox 1204 1729 1358 1763; x_wconf 78' lang='lat' dir='ltr'><strong>cogitantes,</strong></span> <span class='ocrx_word' id='word_1_764' title='bbox 1369 1728 1516 1755; x_wconf 87' lang='lat' dir='ltr'><strong>etscicntes</strong></span> <span class='ocrx_word' id='word_1_765' title='bbox 1524 1727 1630 1754; x_wconf 90' lang='lat' dir='ltr'><strong>mentiri</strong></span> <span class='ocrx_word' id='word_1_766' title='bbox 1638 1734 1691 1753; x_wconf 91' lang='lat' dir='ltr'><strong>non</strong></span> <span class='ocrx_word' id='word_1_767' title='bbox 1701 1734 1778 1761; x_wconf 88' lang='lat' dir='ltr'><strong>posse</strong></span> <span class='ocrx_word' id='word_1_768' title='bbox 1790 1733 1850 1754; x_wconf 87' lang='lat' dir='ltr'><strong>eum</strong></span> 
     </span>
    </p>
   </div>
   <div class='ocr_carea' id='block_1_100' title="bbox 1060 1771 1851 1810">
    <p class='ocr_par' dir='ltr' id='par_1_100' title="bbox 1060 1771 1851 1810">
     <span class='ocr_line' id='line_1_100' title="bbox 1060 1771 1851 1810; baseline -0.004 -9"><span class='ocrx_word' id='word_1_769' title='bbox 1060 1774 1105 1810; x_wconf 88' lang='lat' dir='ltr'><strong>qui</strong></span> <span class='ocrx_word' id='word_1_770' title='bbox 1123 1774 1166 1800; x_wconf 88' lang='lat' dir='ltr'><strong>illa</strong></span> <span class='ocrx_word' id='word_1_771' title='bbox 1179 1773 1310 1809; x_wconf 84' lang='lat' dir='ltr'><strong>promisit,</strong></span> <span class='ocrx_word' id='word_1_772' title='bbox 1321 1780 1414 1808; x_wconf 77' lang='lat' dir='ltr'><strong>magna</strong></span> <span class='ocrx_word' id='word_1_773' title='bbox 1423 1773 1559 1799; x_wconf 84' lang='lat' dir='ltr'><strong>alacritate</strong></span> <span class='ocrx_word' id='word_1_774' title='bbox 1568 1779 1745 1807; x_wconf 63' lang='lat' dir='ltr'><strong>prmparemus</strong></span> <span class='ocrx_word' id='word_1_775' title='bbox 1757 1779 1806 1799; x_wconf 85' lang='lat' dir='ltr'><strong>uos</strong></span> <span class='ocrx_word' id='word_1_776' title='bbox 1819 1771 1851 1798; x_wconf 90' lang='lat' dir='ltr'><strong>ad</strong></span> 
     </span>
    </p>
   </div>
   <div class='ocr_carea' id='block_1_101' title="bbox 1062 1817 1851 1854">
    <p class='ocr_par' dir='ltr' id='par_1_101' title="bbox 1062 1817 1851 1854">
     <span class='ocr_line' id='line_1_101' title="bbox 1062 1817 1851 1854; baseline -0.004 -7"><span class='ocrx_word' id='word_1_777' title='bbox 1062 1820 1165 1847; x_wconf 91' lang='lat' dir='ltr'><strong>virtutis</strong></span> <span class='ocrx_word' id='word_1_778' title='bbox 1175 1826 1283 1854; x_wconf 81' lang='lat' dir='ltr'><strong>agones,</strong></span> <span class='ocrx_word' id='word_1_779' title='bbox 1293 1823 1321 1846; x_wconf 89' lang='lat' dir='ltr'><strong>ut</strong></span> <span class='ocrx_word' id='word_1_780' title='bbox 1332 1823 1359 1846; x_wconf 91' lang='lat' dir='ltr'><strong>et</strong></span> <span class='ocrx_word' id='word_1_781' title='bbox 1374 1817 1509 1853; x_wconf 88' lang='lat' dir='ltr'><strong>promissis</strong></span> <span class='ocrx_word' id='word_1_782' title='bbox 1520 1818 1596 1844; x_wconf 90' lang='lat' dir='ltr'><strong>bonis</strong></span> <span class='ocrx_word' id='word_1_783' title='bbox 1612 1817 1663 1845; x_wconf 86' lang='lat' dir='ltr'><strong>l&#39;rui</strong></span> <span class='ocrx_word' id='word_1_784' title='bbox 1674 1818 1816 1852; x_wconf 79' lang='lat' dir='ltr'><strong>possimus,</strong></span> <span class='ocrx_word' id='word_1_785' title='bbox 1825 1821 1851 1844; x_wconf 72' lang='lat' dir='ltr'><strong>et</strong></span> 
     </span>
    </p>
   </div>
   <div class='ocr_carea' id='block_1_102' title="bbox 1061 1863 1851 1898">
    <p class='ocr_par' dir='ltr' id='par_1_102' title="bbox 1061 1863 1851 1898">
     <span class='ocr_line' id='line_1_102' title="bbox 1061 1863 1851 1898; baseline -0.004 -6"><span class='ocrx_word' id='word_1_786' title='bbox 1061 1865 1178 1893; x_wconf 86' lang='lat' dir='ltr'><strong>nesaluti</strong></span> <span class='ocrx_word' id='word_1_787' title='bbox 1186 1870 1282 1892; x_wconf 74' lang='lat' dir='ltr'><strong>nostra)</strong></span> <span class='ocrx_word' id='word_1_788' title='bbox 1289 1871 1314 1891; x_wconf 89' lang='lat' dir='ltr'><strong>et</strong></span> <span class='ocrx_word' id='word_1_789' title='bbox 1324 1863 1484 1891; x_wconf 87' lang='lat' dir='ltr'><strong>tantisbonis</strong></span> <span class='ocrx_word' id='word_1_790' title='bbox 1494 1869 1662 1898; x_wconf 85' lang='lat' dir='ltr'><strong>temporanea</strong></span> <span class='ocrx_word' id='word_1_791' title='bbox 1672 1863 1851 1897; x_wconf 69' lang='lat' dir='ltr'><strong>pmicramus,</strong></span> 
     </span>
    </p>
   </div>
   <div class='ocr_carea' id='block_1_103' title="bbox 1062 1908 1853 1946">
    <p class='ocr_par' dir='ltr' id='par_1_103' title="bbox 1062 1908 1853 1946">
     <span class='ocr_line' id='line_1_103' title="bbox 1062 1908 1853 1946; baseline -0.006 -7"><span class='ocrx_word' id='word_1_792' title='bbox 1062 1919 1148 1946; x_wconf 87' lang='lat' dir='ltr'><strong>neque</strong></span> <span class='ocrx_word' id='word_1_793' title='bbox 1155 1911 1302 1946; x_wconf 86' lang='lat' dir='ltr'><strong>cogitemus</strong></span> <span class='ocrx_word' id='word_1_794' title='bbox 1312 1910 1417 1937; x_wconf 87' lang='lat' dir='ltr'><strong>labores</strong></span> <span class='ocrx_word' id='word_1_795' title='bbox 1429 1909 1543 1940; x_wconf 83' lang='lat' dir='ltr'><strong>virtutis.</strong></span> <span class='ocrx_word' id='word_1_796' title='bbox 1557 1909 1604 1936; x_wconf 86' lang='lat' dir='ltr'><strong>sed</strong></span> <span class='ocrx_word' id='word_1_797' title='bbox 1615 1917 1662 1943; x_wconf 87' lang='lat' dir='ltr'><strong>pra</strong></span> <span class='ocrx_word' id='word_1_798' title='bbox 1670 1908 1721 1936; x_wconf 85' lang='lat' dir='ltr'><strong>mia</strong></span> <span class='ocrx_word' id='word_1_799' title='bbox 1731 1908 1757 1935; x_wconf 88' lang='lat' dir='ltr'><strong>in</strong></span> <span class='ocrx_word' id='word_1_800' title='bbox 1765 1912 1853 1935; x_wconf 86' lang='lat' dir='ltr'><strong>mente</strong></span> 
     </span>
    </p>
   </div>
   <div class='ocr_carea' id='block_1_104' title="bbox 1062 1955 1853 1993">
    <p class='ocr_par' dir='ltr' id='par_1_104' title="bbox 1062 1955 1853 1993">
     <span class='ocr_line' id='line_1_104' title="bbox 1062 1955 1853 1993; baseline -0.005 -9"><span class='ocrx_word' id='word_1_801' title='bbox 1062 1964 1205 1993; x_wconf 73' lang='lat' dir='ltr'><strong>ponamus:</strong></span> <span class='ocrx_word' id='word_1_802' title='bbox 1218 1964 1304 1991; x_wconf 88' lang='lat' dir='ltr'><strong>neque</strong></span> <span class='ocrx_word' id='word_1_803' title='bbox 1317 1955 1487 1991; x_wconf 85' lang='lat' dir='ltr'><strong>pecuniarum</strong></span> <span class='ocrx_word' id='word_1_804' title='bbox 1503 1959 1624 1990; x_wconf 86' lang='lat' dir='ltr'><strong>sumptus</strong></span> <span class='ocrx_word' id='word_1_805' title='bbox 1638 1958 1739 1981; x_wconf 86' lang='lat' dir='ltr'><strong>tantum</strong></span> <span class='ocrx_word' id='word_1_806' title='bbox 1749 1957 1853 1988; x_wconf 80' lang='lat' dir='ltr'><strong>specte-</strong></span> 
     </span>
    </p>
   </div>
   <div class='ocr_carea' id='block_1_105' title="bbox 1063 2000 1852 2038">
    <p class='ocr_par' dir='ltr' id='par_1_105' title="bbox 1063 2000 1852 2038">
     <span class='ocr_line' id='line_1_105' title="bbox 1063 2000 1852 2038; baseline -0.005 -8"><span class='ocrx_word' id='word_1_807' title='bbox 1063 2011 1132 2036; x_wconf 90' lang='lat' dir='ltr'><strong>mus,</strong></span> <span class='ocrx_word' id='word_1_808' title='bbox 1146 2003 1169 2031; x_wconf 87' lang='lat' dir='ltr'><strong>si</strong></span> <span class='ocrx_word' id='word_1_809' title='bbox 1181 2003 1288 2038; x_wconf 81' lang='lat' dir='ltr'><strong>quando</strong></span> <span class='ocrx_word' id='word_1_810' title='bbox 1302 2009 1369 2037; x_wconf 90' lang='lat' dir='ltr'><strong>opus</strong></span> <span class='ocrx_word' id='word_1_811' title='bbox 1382 2007 1422 2030; x_wconf 87' lang='lat' dir='ltr'><strong>est</strong></span> <span class='ocrx_word' id='word_1_812' title='bbox 1433 2010 1480 2029; x_wconf 88' lang='lat' dir='ltr'><strong>eas</strong></span> <span class='ocrx_word' id='word_1_813' title='bbox 1494 2001 1655 2036; x_wconf 87' lang='lat' dir='ltr'><strong>pauperibus</strong></span> <span class='ocrx_word' id='word_1_814' title='bbox 1669 2008 1791 2035; x_wconf 76' lang='lat' dir='ltr'><strong>erogare,</strong></span> <span class='ocrx_word' id='word_1_815' title='bbox 1806 2000 1852 2027; x_wconf 84' lang='lat' dir='ltr'><strong>sed</strong></span> 
     </span>
    </p>
   </div>
   <div class='ocr_carea' id='block_1_106' title="bbox 1064 2046 1853 2085">
    <p class='ocr_par' dir='ltr' id='par_1_106' title="bbox 1064 2046 1853 2085">
     <span class='ocr_line' id='line_1_106' title="bbox 1064 2046 1853 2085; baseline -0.004 -9"><span class='ocrx_word' id='word_1_816' title='bbox 1064 2050 1151 2085; x_wconf 90' lang='lat' dir='ltr'><strong>potius</strong></span> <span class='ocrx_word' id='word_1_817' title='bbox 1175 2053 1287 2084; x_wconf 85' lang='lat' dir='ltr'><strong>quantus</strong></span> <span class='ocrx_word' id='word_1_818' title='bbox 1306 2048 1368 2076; x_wconf 90' lang='lat' dir='ltr'><strong>inde</strong></span> <span class='ocrx_word' id='word_1_819' title='bbox 1391 2048 1468 2075; x_wconf 87' lang='lat' dir='ltr'><strong>nobis</strong></span> <span class='ocrx_word' id='word_1_820' title='bbox 1493 2053 1638 2083; x_wconf 88' lang='lat' dir='ltr'><strong>proventus</strong></span> <span class='ocrx_word' id='word_1_821' title='bbox 1657 2051 1791 2074; x_wconf 84' lang='lat' dir='ltr'><strong>nascatur.</strong></span> <span class='ocrx_word' id='word_1_822' title='bbox 1817 2046 1853 2073; x_wconf 83' lang='lat' dir='ltr'><strong>Ea</strong></span> 
     </span>
    </p>
   </div>
   <div class='ocr_carea' id='block_1_107' title="bbox 1063 2091 1855 2128">
    <p class='ocr_par' dir='ltr' id='par_1_107' title="bbox 1063 2091 1855 2128">
     <span class='ocr_line' id='line_1_107' title="bbox 1063 2091 1855 2128; baseline -0.005 -6"><span class='ocrx_word' id='word_1_823' title='bbox 1063 2095 1136 2123; x_wconf 89' lang='lat' dir='ltr'><strong>enim</strong></span> <span class='ocrx_word' id='word_1_824' title='bbox 1156 2094 1190 2122; x_wconf 89' lang='lat' dir='ltr'><strong>de</strong></span> <span class='ocrx_word' id='word_1_825' title='bbox 1209 2102 1288 2122; x_wconf 84' lang='lat' dir='ltr'><strong>causa</strong></span> <span class='ocrx_word' id='word_1_826' title='bbox 1301 2094 1397 2122; x_wconf 85' lang='lat' dir='ltr'><strong>semini</strong></span> <span class='ocrx_word' id='word_1_827' title='bbox 1421 2093 1617 2128; x_wconf 86' lang='lat' dir='ltr'><strong>eleemosynam</strong></span> <span class='ocrx_word' id='word_1_828' title='bbox 1638 2092 1802 2127; x_wconf 73' lang='lat' dir='ltr'><strong>comparavit</strong></span> <span class='ocrx_word' id='word_1_829' title='bbox 1815 2091 1855 2118; x_wconf 84' lang='lat' dir='ltr'><strong>di-</strong></span> 
     </span>
    </p>
   </div>
   <div class='ocr_carea' id='block_1_108' title="bbox 1063 2138 1851 2175">
    <p class='ocr_par' dir='ltr' id='par_1_108' title="bbox 1063 2138 1851 2175">
     <span class='ocr_line' id='line_1_108' title="bbox 1063 2138 1851 2175; baseline -0.004 -8"><span class='ocrx_word' id='word_1_830' title='bbox 1063 2140 1123 2168; x_wconf 84' lang='lat' dir='ltr'><strong>vina</strong></span> <span class='ocrx_word' id='word_1_831' title='bbox 1136 2139 1281 2175; x_wconf 88' lang='lat' dir='ltr'><strong>Scriptura,</strong></span> <span class='ocrx_word' id='word_1_832' title='bbox 1295 2144 1324 2167; x_wconf 91' lang='lat' dir='ltr'><strong>ut</strong></span> <span class='ocrx_word' id='word_1_833' title='bbox 1331 2146 1391 2166; x_wconf 91' lang='lat' dir='ltr'><strong>cum</strong></span> <span class='ocrx_word' id='word_1_834' title='bbox 1403 2138 1500 2174; x_wconf 74' lang='lat' dir='ltr'><strong>gaudio</strong></span> <span class='ocrx_word' id='word_1_835' title='bbox 1511 2143 1539 2166; x_wconf 91' lang='lat' dir='ltr'><strong>et</strong></span> <span class='ocrx_word' id='word_1_836' title='bbox 1551 2138 1632 2165; x_wconf 85' lang='lat' dir='ltr'><strong>multa</strong></span> <span class='ocrx_word' id='word_1_837' title='bbox 1643 2138 1779 2165; x_wconf 81' lang='lat' dir='ltr'><strong>alacritate</strong></span> <span class='ocrx_word' id='word_1_838' title='bbox 1793 2144 1851 2165; x_wconf 86' lang='lat' dir='ltr'><strong>eam</strong></span> 
     </span>
    </p>
   </div>
   <div class='ocr_carea' id='block_1_109' title="bbox 1064 2183 1854 2221">
    <p class='ocr_par' dir='ltr' id='par_1_109' title="bbox 1064 2183 1854 2221">
     <span class='ocr_line' id='line_1_109' title="bbox 1064 2183 1854 2221; baseline -0.005 -8"><span class='ocrx_word' id='word_1_839' title='bbox 1064 2192 1214 2221; x_wconf 87' lang='lat' dir='ltr'><strong>operemur.</strong></span> <span class='ocrx_word' id='word_1_840' title='bbox 1229 2185 1293 2212; x_wconf 88' lang='lat' dir='ltr'><strong>Nam</strong></span> <span class='ocrx_word' id='word_1_841' title='bbox 1306 2185 1328 2212; x_wconf 89' lang='lat' dir='ltr'><strong>si</strong></span> <span class='ocrx_word' id='word_1_842' title='bbox 1343 2185 1360 2212; x_wconf 90' lang='lat' dir='ltr'><strong>ii</strong></span> <span class='ocrx_word' id='word_1_843' title='bbox 1373 2185 1417 2220; x_wconf 94' lang='lat' dir='ltr'><strong>qui</strong></span> <span class='ocrx_word' id='word_1_844' title='bbox 1433 2184 1534 2211; x_wconf 84' lang='lat' dir='ltr'><strong>semina</strong></span> <span class='ocrx_word' id='word_1_845' title='bbox 1550 2188 1628 2211; x_wconf 54' lang='lat' dir='ltr'><strong>terra:</strong></span> <span class='ocrx_word' id='word_1_846' title='bbox 1642 2183 1814 2214; x_wconf 86' lang='lat' dir='ltr'><strong>concrednnt,</strong></span> <span class='ocrx_word' id='word_1_847' title='bbox 1828 2187 1854 2209; x_wconf 91' lang='lat' dir='ltr'><strong>ct</strong></span> 
     </span>
    </p>
   </div>
   <div class='ocr_carea' id='block_1_110' title="bbox 1063 2227 1854 2265">
    <p class='ocr_par' dir='ltr' id='par_1_110' title="bbox 1063 2227 1854 2265">
     <span class='ocr_line' id='line_1_110' title="bbox 1063 2227 1854 2265; baseline -0.006 -6"><span class='ocrx_word' id='word_1_848' title='bbox 1063 2232 1174 2259; x_wconf 87' lang='lat' dir='ltr'><strong>collecta</strong></span> <span class='ocrx_word' id='word_1_849' title='bbox 1187 2235 1217 2258; x_wconf 88' lang='lat' dir='ltr'><strong>et</strong></span> <span class='ocrx_word' id='word_1_850' title='bbox 1238 2231 1308 2258; x_wconf 88' lang='lat' dir='ltr'><strong>intus</strong></span> <span class='ocrx_word' id='word_1_851' title='bbox 1328 2230 1444 2265; x_wconf 88' lang='lat' dir='ltr'><strong>reposita</strong></span> <span class='ocrx_word' id='word_1_852' title='bbox 1462 2234 1629 2265; x_wconf 75' lang='lat' dir='ltr'><strong>spargentes,</strong></span> <span class='ocrx_word' id='word_1_853' title='bbox 1645 2229 1670 2255; x_wconf 88' lang='lat' dir='ltr'><strong>id</strong></span> <span class='ocrx_word' id='word_1_854' title='bbox 1684 2236 1745 2255; x_wconf 91' lang='lat' dir='ltr'><strong>cmn</strong></span> <span class='ocrx_word' id='word_1_855' title='bbox 1761 2227 1854 2263; x_wconf 73' lang='lat' dir='ltr'><strong>gaudio</strong></span> 
     </span>
    </p>
   </div>
   <div class='ocr_carea' id='block_1_111' title="bbox 1065 2273 1855 2312">
    <p class='ocr_par' dir='ltr' id='par_1_111' title="bbox 1065 2273 1855 2312">
     <span class='ocr_line' id='line_1_111' title="bbox 1065 2273 1855 2312; baseline -0.005 -9"><span class='ocrx_word' id='word_1_856' title='bbox 1065 2281 1203 2312; x_wconf 72' lang='lat' dir='ltr'><strong>prmstant,</strong></span> <span class='ocrx_word' id='word_1_857' title='bbox 1226 2280 1254 2303; x_wconf 89' lang='lat' dir='ltr'><strong>et</strong></span> <span class='ocrx_word' id='word_1_858' title='bbox 1272 2275 1341 2302; x_wconf 88' lang='lat' dir='ltr'><strong>bona</strong></span> <span class='ocrx_word' id='word_1_859' title='bbox 1355 2283 1403 2310; x_wconf 87' lang='lat' dir='ltr'><strong>spe</strong></span> <span class='ocrx_word' id='word_1_860' title='bbox 1425 2274 1558 2307; x_wconf 85' lang='lat' dir='ltr'><strong>foventur,</strong></span> <span class='ocrx_word' id='word_1_861' title='bbox 1576 2279 1603 2302; x_wconf 88' lang='lat' dir='ltr'><strong>et</strong></span> <span class='ocrx_word' id='word_1_862' title='bbox 1627 2274 1682 2309; x_wconf 90' lang='lat' dir='ltr'><strong>jam</strong></span> <span class='ocrx_word' id='word_1_863' title='bbox 1707 2273 1855 2308; x_wconf 87' lang='lat' dir='ltr'><strong>manipulos</strong></span> 
     </span>
    </p>
   </div>
   <div class='ocr_carea' id='block_1_112' title="bbox 1065 2318 1856 2356">
    <p class='ocr_par' dir='ltr' id='par_1_112' title="bbox 1065 2318 1856 2356">
     <span class='ocr_line' id='line_1_112' title="bbox 1065 2318 1856 2356; baseline -0.006 -7"><span class='ocrx_word' id='word_1_864' title='bbox 1065 2322 1241 2356; x_wconf 77' lang='lat' dir='ltr'><strong>imaginantur</strong></span> <span class='ocrx_word' id='word_1_865' title='bbox 1255 2327 1286 2347; x_wconf 89' lang='lat' dir='ltr'><strong>ac</strong></span> <span class='ocrx_word' id='word_1_866' title='bbox 1295 2320 1387 2355; x_wconf 87' lang='lat' dir='ltr'><strong>plenas</strong></span> <span class='ocrx_word' id='word_1_867' title='bbox 1398 2327 1473 2346; x_wconf 88' lang='lat' dir='ltr'><strong>areas</strong></span> <span class='ocrx_word' id='word_1_868' title='bbox 1485 2329 1492 2347; x_wconf 88' lang='lat'><strong>:</strong></span> <span class='ocrx_word' id='word_1_869' title='bbox 1509 2320 1593 2346; x_wconf 91' lang='lat' dir='ltr'><strong>multo</strong></span> <span class='ocrx_word' id='word_1_870' title='bbox 1603 2319 1687 2354; x_wconf 84' lang='lat' dir='ltr'><strong>magis</strong></span> <span class='ocrx_word' id='word_1_871' title='bbox 1698 2319 1749 2345; x_wconf 90' lang='lat' dir='ltr'><strong>illis</strong></span> <span class='ocrx_word' id='word_1_872' title='bbox 1762 2318 1856 2353; x_wconf 87' lang='lat' dir='ltr'><strong>quibus</strong></span> 
     </span>
    </p>
   </div>
   <div class='ocr_carea' id='block_1_113' title="bbox 1064 2364 1856 2400">
    <p class='ocr_par' dir='ltr' id='par_1_113' title="bbox 1064 2364 1856 2400">
     <span class='ocr_line' id='line_1_113' title="bbox 1064 2364 1856 2400; baseline -0.006 -6"><span class='ocrx_word' id='word_1_873' title='bbox 1064 2367 1157 2394; x_wconf 88' lang='lat' dir='ltr'><strong>datum</strong></span> <span class='ocrx_word' id='word_1_874' title='bbox 1170 2371 1212 2394; x_wconf 89' lang='lat' dir='ltr'><strong>est</strong></span> <span class='ocrx_word' id='word_1_875' title='bbox 1231 2373 1323 2394; x_wconf 84' lang='lat' dir='ltr'><strong>semen</strong></span> <span class='ocrx_word' id='word_1_876' title='bbox 1342 2365 1394 2393; x_wconf 90' lang='lat' dir='ltr'><strong>hoc</strong></span> <span class='ocrx_word' id='word_1_877' title='bbox 1406 2365 1544 2400; x_wconf 90' lang='lat' dir='ltr'><strong>spirituale</strong></span> <span class='ocrx_word' id='word_1_878' title='bbox 1559 2364 1692 2392; x_wconf 87' lang='lat' dir='ltr'><strong>seminare</strong></span> <span class='ocrx_word' id='word_1_879' title='bbox 1704 2364 1820 2399; x_wconf 78' lang='lat' dir='ltr'><strong>gaudere</strong></span> <span class='ocrx_word' id='word_1_880' title='bbox 1830 2367 1856 2390; x_wconf 90' lang='lat' dir='ltr'><strong>et</strong></span> 
     </span>
    </p>
   </div>
   <div class='ocr_carea' id='block_1_114' title="bbox 1065 2409 1854 2447">
    <p class='ocr_par' dir='ltr' id='par_1_114' title="bbox 1065 2409 1854 2447">
     <span class='ocr_line' id='line_1_114' title="bbox 1065 2409 1854 2447; baseline -0.008 -6"><span class='ocrx_word' id='word_1_881' title='bbox 1065 2414 1198 2441; x_wconf 80' lang='lat' dir='ltr'><strong>exsultare</strong></span> <span class='ocrx_word' id='word_1_882' title='bbox 1215 2413 1355 2446; x_wconf 90' lang='lat' dir='ltr'><strong>convenit,</strong></span> <span class='ocrx_word' id='word_1_883' title='bbox 1377 2411 1447 2447; x_wconf 88' lang='lat' dir='ltr'><strong>quod</strong></span> <span class='ocrx_word' id='word_1_884' title='bbox 1461 2411 1487 2438; x_wconf 91' lang='lat' dir='ltr'><strong>in</strong></span> <span class='ocrx_word' id='word_1_885' title='bbox 1512 2416 1582 2438; x_wconf 87' lang='lat' dir='ltr'><strong>terra</strong></span> <span class='ocrx_word' id='word_1_886' title='bbox 1599 2414 1718 2437; x_wconf 87' lang='lat' dir='ltr'><strong>serentes</strong></span> <span class='ocrx_word' id='word_1_887' title='bbox 1743 2409 1854 2436; x_wconf 87' lang='lat' dir='ltr'><strong>messnri</strong></span> 
     </span>
    </p>
   </div>
   <div class='ocr_carea' id='block_1_115' title="bbox 1065 2457 1855 2492">
    <p class='ocr_par' dir='ltr' id='par_1_115' title="bbox 1065 2457 1855 2492">
     <span class='ocr_line' id='line_1_115' title="bbox 1065 2457 1855 2492; baseline -0.01 -3"><span class='ocrx_word' id='word_1_888' title='bbox 1065 2460 1254 2489; x_wconf 69' lang='lat' dir='ltr'><strong>sintincaalo:</strong></span> <span class='ocrx_word' id='word_1_889' title='bbox 1274 2463 1301 2487; x_wconf 89' lang='lat' dir='ltr'><strong>et</strong></span> <span class='ocrx_word' id='word_1_890' title='bbox 1325 2465 1450 2486; x_wconf 89' lang='lat' dir='ltr'><strong>nummos</strong></span> <span class='ocrx_word' id='word_1_891' title='bbox 1473 2457 1665 2492; x_wconf 82' lang='lat' dir='ltr'><strong>expendentes,</strong></span> <span class='ocrx_word' id='word_1_892' title='bbox 1687 2460 1855 2491; x_wconf 88' lang='lat' dir='ltr'><strong>peccatorum</strong></span> 
     </span>
    </p>
   </div>
   <div class='ocr_carea' id='block_1_116' title="bbox 1066 2501 1855 2540">
    <p class='ocr_par' dir='ltr' id='par_1_116' title="bbox 1066 2501 1855 2540">
     <span class='ocr_line' id='line_1_116' title="bbox 1066 2501 1855 2540; baseline -0.01 -6"><span class='ocrx_word' id='word_1_893' title='bbox 1066 2506 1250 2534; x_wconf 87' lang='lat' dir='ltr'><strong>remissionem</strong></span> <span class='ocrx_word' id='word_1_894' title='bbox 1264 2504 1396 2540; x_wconf 88' lang='lat' dir='ltr'><strong>accipiant</strong></span> <span class='ocrx_word' id='word_1_895' title='bbox 1407 2507 1434 2531; x_wconf 89' lang='lat' dir='ltr'><strong>et</strong></span> <span class='ocrx_word' id='word_1_896' title='bbox 1444 2502 1546 2530; x_wconf 66' lang='lat' dir='ltr'><strong>fiducia)</strong></span> <span class='ocrx_word' id='word_1_897' title='bbox 1559 2501 1698 2529; x_wconf 88' lang='lat' dir='ltr'><strong>materiam</strong></span> <span class='ocrx_word' id='word_1_898' title='bbox 1710 2502 1855 2532; x_wconf 60' lang='lat' dir='ltr'><strong>inveniant,</strong></span> 
     </span>
    </p>
   </div>
   <div class='ocr_carea' id='block_1_117' title="bbox 1066 2546 1857 2586">
    <p class='ocr_par' dir='ltr' id='par_1_117' title="bbox 1066 2546 1857 2586">
     <span class='ocr_line' id='line_1_117' title="bbox 1066 2546 1857 2586; baseline -0.011 -6"><span class='ocrx_word' id='word_1_899' title='bbox 1066 2553 1241 2580; x_wconf 88' lang='lat' dir='ltr'><strong>conciliantes</strong></span> <span class='ocrx_word' id='word_1_900' title='bbox 1254 2551 1304 2578; x_wconf 89' lang='lat' dir='ltr'><strong>sibi</strong></span> <span class='ocrx_word' id='word_1_901' title='bbox 1319 2557 1366 2586; x_wconf 86' lang='lat' dir='ltr'><strong>per</strong></span> <span class='ocrx_word' id='word_1_902' title='bbox 1383 2557 1415 2577; x_wconf 90' lang='lat' dir='ltr'><strong>ea</strong></span> <span class='ocrx_word' id='word_1_903' title='bbox 1436 2555 1496 2583; x_wconf 76' lang='lat' dir='ltr'><strong>qua:</strong></span> <span class='ocrx_word' id='word_1_904' title='bbox 1517 2546 1561 2575; x_wconf 86' lang='lat' dir='ltr'><strong>hic</strong></span> <span class='ocrx_word' id='word_1_905' title='bbox 1579 2547 1736 2582; x_wconf 77' lang='lat' dir='ltr'><strong>largiuntur,</strong></span> <span class='ocrx_word' id='word_1_906' title='bbox 1761 2553 1857 2580; x_wconf 56' lang='lat' dir='ltr'><strong>perte-</strong></span> 
     </span>
    </p>
   </div>
   <div class='ocr_carea' id='block_1_118' title="bbox 1067 2590 1857 2632">
    <p class='ocr_par' dir='ltr' id='par_1_118' title="bbox 1067 2590 1857 2632">
     <span class='ocr_line' id='line_1_118' title="bbox 1067 2590 1857 2632; baseline -0.01 -7"><span class='ocrx_word' id='word_1_907' title='bbox 1067 2604 1138 2626; x_wconf 89' lang='lat' dir='ltr'><strong>tuam</strong></span> <span class='ocrx_word' id='word_1_908' title='bbox 1163 2598 1278 2632; x_wconf 89' lang='lat' dir='ltr'><strong>quietem</strong></span> <span class='ocrx_word' id='word_1_909' title='bbox 1292 2601 1319 2624; x_wconf 89' lang='lat' dir='ltr'><strong>et</strong></span> <span class='ocrx_word' id='word_1_910' title='bbox 1333 2603 1394 2623; x_wconf 89' lang='lat' dir='ltr'><strong>cum</strong></span> <span class='ocrx_word' id='word_1_911' title='bbox 1409 2594 1509 2622; x_wconf 90' lang='lat' dir='ltr'><strong>sanctis</strong></span> <span class='ocrx_word' id='word_1_912' title='bbox 1523 2592 1765 2621; x_wconf 88' lang='lat' dir='ltr'><strong>conversationem.</strong></span> <span class='ocrx_word' id='word_1_913' title='bbox 1789 2591 1821 2618; x_wconf 76' lang='lat' dir='ltr'><strong>Et</strong></span> <span class='ocrx_word' id='word_1_914' title='bbox 1834 2590 1857 2617; x_wconf 88' lang='lat' dir='ltr'><strong>si</strong></span> 
     </span>
    </p>
   </div>
   <div class='ocr_carea' id='block_1_119' title="bbox 1066 2636 1856 2677">
    <p class='ocr_par' dir='ltr' id='par_1_119' title="bbox 1066 2636 1856 2677">
     <span class='ocr_line' id='line_1_119' title="bbox 1066 2636 1856 2677; baseline -0.013 -6"><span class='ocrx_word' id='word_1_915' title='bbox 1066 2644 1257 2671; x_wconf 78' lang='lat' dir='ltr'><strong>Continentiam</strong></span> <span class='ocrx_word' id='word_1_916' title='bbox 1284 2643 1382 2677; x_wconf 82' lang='lat' dir='ltr'><strong>eligere</strong></span> <span class='ocrx_word' id='word_1_917' title='bbox 1403 2640 1516 2676; x_wconf 85' lang='lat' dir='ltr'><strong>placeat,</strong></span> <span class='ocrx_word' id='word_1_918' title='bbox 1535 2647 1589 2666; x_wconf 91' lang='lat' dir='ltr'><strong>non</strong></span> <span class='ocrx_word' id='word_1_919' title='bbox 1601 2642 1752 2673; x_wconf 86' lang='lat' dir='ltr'><strong>spectemus</strong></span> <span class='ocrx_word' id='word_1_920' title='bbox 1768 2636 1856 2662; x_wconf 83' lang='lat' dir='ltr'><strong>virtuti</strong></span> 
     </span>
    </p>
   </div>
   <div class='ocr_carea' id='block_1_120' title="bbox 1067 2683 1858 2722">
    <p class='ocr_par' dir='ltr' id='par_1_120' title="bbox 1067 2683 1858 2722">
     <span class='ocr_line' id='line_1_120' title="bbox 1067 2683 1858 2722; baseline -0.011 -5"><span class='ocrx_word' id='word_1_921' title='bbox 1067 2690 1184 2717; x_wconf 88' lang='lat' dir='ltr'><strong>laborem</strong></span> <span class='ocrx_word' id='word_1_922' title='bbox 1197 2689 1294 2720; x_wconf 85' lang='lat' dir='ltr'><strong>inesse,</strong></span> <span class='ocrx_word' id='word_1_923' title='bbox 1310 2695 1342 2715; x_wconf 89' lang='lat' dir='ltr'><strong>ac</strong></span> <span class='ocrx_word' id='word_1_924' title='bbox 1356 2686 1533 2722; x_wconf 73' lang='lat' dir='ltr'><strong>virginitatem</strong></span> <span class='ocrx_word' id='word_1_925' title='bbox 1545 2691 1669 2719; x_wconf 76' lang='lat' dir='ltr'><strong>maguum</strong></span> <span class='ocrx_word' id='word_1_926' title='bbox 1687 2683 1786 2710; x_wconf 86' lang='lat' dir='ltr'><strong>habere</strong></span> <span class='ocrx_word' id='word_1_927' title='bbox 1801 2689 1858 2708; x_wconf 86' lang='lat' dir='ltr'><strong>cer-</strong></span> 
     </span>
    </p>
   </div>
   <div class='ocr_carea' id='block_1_121' title="bbox 1069 2727 1858 2766">
    <p class='ocr_par' dir='ltr' id='par_1_121' title="bbox 1069 2727 1858 2766">
     <span class='ocr_line' id='line_1_121' title="bbox 1069 2727 1858 2766; baseline -0.013 -3"><span class='ocrx_word' id='word_1_928' title='bbox 1069 2742 1180 2764; x_wconf 87' lang='lat' dir='ltr'><strong>tamen:</strong></span> <span class='ocrx_word' id='word_1_929' title='bbox 1206 2735 1252 2762; x_wconf 80' lang='lat' dir='ltr'><strong>sed</strong></span> <span class='ocrx_word' id='word_1_930' title='bbox 1273 2742 1332 2762; x_wconf 80' lang='lat' dir='ltr'><strong>eam</strong></span> <span class='ocrx_word' id='word_1_931' title='bbox 1352 2737 1538 2766; x_wconf 81' lang='lat' dir='ltr'><strong>sortem,qu:e</strong></span> <span class='ocrx_word' id='word_1_932' title='bbox 1563 2737 1611 2758; x_wconf 81' lang='lat' dir='ltr'><strong>nos</strong></span> <span class='ocrx_word' id='word_1_933' title='bbox 1637 2727 1760 2763; x_wconf 78' lang='lat' dir='ltr'><strong>excipiet,</strong></span> <span class='ocrx_word' id='word_1_934' title='bbox 1787 2735 1858 2761; x_wconf 73' lang='lat' dir='ltr'><strong>cogi-</strong></span> 
     </span>
    </p>
   </div>
   <div class='ocr_carea' id='block_1_122' title="bbox 1069 2773 1857 2815">
    <p class='ocr_par' dir='ltr' id='par_1_122' title="bbox 1069 2773 1857 2815">
     <span class='ocr_line' id='line_1_122' title="bbox 1069 2773 1857 2815; baseline -0.014 -6"><span class='ocrx_word' id='word_1_935' title='bbox 1069 2788 1155 2810; x_wconf 86' lang='lat' dir='ltr'><strong>temus</strong></span> <span class='ocrx_word' id='word_1_936' title='bbox 1180 2791 1186 2809; x_wconf 92' lang='lat'><strong>:</strong></span> <span class='ocrx_word' id='word_1_937' title='bbox 1211 2782 1277 2807; x_wconf 86' lang='lat' dir='ltr'><strong>hanc</strong></span> <span class='ocrx_word' id='word_1_938' title='bbox 1300 2787 1407 2815; x_wconf 81' lang='lat' dir='ltr'><strong>seraper</strong></span> <span class='ocrx_word' id='word_1_939' title='bbox 1424 2778 1561 2805; x_wconf 87' lang='lat' dir='ltr'><strong>uobiscum</strong></span> <span class='ocrx_word' id='word_1_940' title='bbox 1592 2779 1757 2810; x_wconf 85' lang='lat' dir='ltr'><strong>reputantes,</strong></span> <span class='ocrx_word' id='word_1_941' title='bbox 1781 2773 1857 2799; x_wconf 74' lang='lat' dir='ltr'><strong>uiola:</strong></span> 
     </span>
    </p>
   </div>
   <div class='ocr_carea' id='block_1_123' title="bbox 1070 2818 1858 2862">
    <p class='ocr_par' dir='ltr' id='par_1_123' title="bbox 1070 2818 1858 2862">
     <span class='ocr_line' id='line_1_123' title="bbox 1070 2818 1858 2862; baseline -0.014 -6"><span class='ocrx_word' id='word_1_942' title='bbox 1070 2826 1289 2862; x_wconf 69' lang='lat' dir='ltr'><strong>Cu-tcttpisccnliu.’</strong></span> <span class='ocrx_word' id='word_1_943' title='bbox 1303 2825 1468 2853; x_wconf 77' lang='lat' dir='ltr'><strong>rch&#39;cucmus</strong></span> <span class='ocrx_word' id='word_1_944' title='bbox 1486 2822 1585 2850; x_wconf 82' lang='lat' dir='ltr'><strong>rabiem</strong></span> <span class='ocrx_word' id='word_1_945' title='bbox 1599 2843 1606 2854; x_wconf 84' lang='lat'><strong>,</strong></span> <span class='ocrx_word' id='word_1_946' title='bbox 1621 2821 1757 2848; x_wconf 79' lang='lat' dir='ltr'><strong>vincamus</strong></span> <span class='ocrx_word' id='word_1_947' title='bbox 1771 2818 1858 2846; x_wconf 65' lang='lat' dir='ltr'><strong>(annis</strong></span> 
     </span>
    </p>
   </div>
  </div>
