2055 3123
190 155 236 182 541
704 153 734 179 IN
754 153 832 180 CAP.
851 151 908 179 XV.
925 151 1045 179 GENES.
1060 150 1172 178 IIOMIL.
1195 151 1323 178 XXXV".

190 217 277 237 motus
292 211 444 238 indecentes
452 215 478 238 et
491 217 536 245 spe
551 209 681 236 lllt‘l‘t‘C‘diS
693 209 811 236 laborum
828 209 977 235 molestiam

189 257 368 284 subleveinus.
391 257 493 284 Sufﬁcit
514 257 584 283 enini
599 257 729 282 bonorum
751 262 823 289 Spes,
852 260 880 281 ut
898 255 977 281 etiant

190 301 306 335 pericula
317 301 444 328 audacter
455 301 638 335 aggrediamur
653 308 660 326 :
672 305 772 333 quanto
785 300 867 333 magis
882 303 909 325 ιιι
924 298 979 325 vir-

190 347 251 372 tutis
265 346 370 372 labores
392 346 495 372 l'ortitcr
515 346 651 373 feramus?
665 344 774 378 Quando
798 346 868 370 enim
888 344 979 370 animo

189 399 291 421 veasas,
308 392 330 417 si
344 391 377 418 ad
403 392 481 418 breve
498 395 602 426 tempus
620 391 773 423 certaveris,
803 394 829 417 et
853 389 979 425 fulgidam

188 438 337 465 servaveris
359 437 517 471 virginitatis
539 437 705 471 lampadetu,
730 441 755 462 te
777 436 878 463 beatam
899 435 978 462 vitam

188 487 415 517 consequutnrtitti
430 489 500 514 esse,
522 487 624 509 etcum
645 484 744 516 sp'onso
772 482 870 507 intiarc
890 488 978 515 posse.

189 527 267 554 modo
282 535 408 554 accensas
419 527 516 553 habeas
530 526 674 561 lampades,
689 530 715 553 et
727 525 862 553 sufﬁciens
872 526 978 556 oleum;

189 566 325 600 bonorum
335 581 446 607 operum
471 574 620 604 actionem,
638 572 744 606 inquam
759 580 766 598 :
781 571 913 606 quomodo
927 578 979 597 non

187 627 249 646 cum
264 619 336 646 οιηηὶ
353 620 476 646 facilitate
488 618 604 645 dil‘ﬁcilia
619 618 706 644 omnia
733 621 913 643 transcurrere
933 623 980 649 po-

189 665 263 696 teris,
276 664 396 698 cogitans
417 663 480 690 illud
495 663 564 697 quod
579 671 593 689 a
612 662 690 690 beato
705 661 786 689 I’attlo
800 662 899 688 dictum
918 667 956 688 ρει
971 668 978 687 :

189 709 283 736 Pacem
298 709 424 736 sectemini
435 717 491 735 emit
503 709 627 741 omnibus,
643 713 667 735 et
678 708 911 740 sancti/irationem,
927 707 982 733 sine

187 763 239 790 qua
253 755 339 781 nullus
352 755 442 781 videbit
468 754 604 780 Dominum
625 753 717 786 (Hebr.
733 753 776 780 12.
801 752 872 788 M)?
888 753 979 779 Vidiin

188 801 323 835 quomodo
350 800 552 827 sanctilicalioni
575 807 666 834 pacem
691 798 848 832 conjunxit?
873 798 937 824 Nam
953 802 979 824 ιιι

188 847 304 872 sciamus
314 853 375 872 eum
386 853 437 872 non
452 846 537 872 solent
548 845 666 878 corporis
679 844 817 878 puritatem
834 843 979 877 requirere,

189 891 235 917 sed
248 896 272 916 et
288 898 389 924 pareo,
408 891 463 917 haec
475 894 622 924 opportune
634 894 836 919 cominemm‘at,
859 888 981 921 utrinque

189 935 284 961 volcns
310 935 422 967 munire,
450 939 477 962 nt
496 938 524 962 et
548 934 721 969 cogitationes
741 933 873 965 sedemus,
896 934 929 959 ita
954 937 981 959 ιιι

189 980 260 1007 nulla
274 980 309 1008 sit
326 981 350 1006 in
374 980 450 1007 nobis
478 979 601 1011 turbatio,
617 979 756 1013 uulhisque
776 978 902 1004 tumultus
917 977 981 1004 :sed

189 1027 215 1052 in
231 1026 420 1060 tranquillitate
433 1031 458 1052 et
473 1025 560 1059 quiete
577 1032 730 1056 versemur,
745 1029 772 1050 et
788 1030 848 1050 cttm
859 1022 981 1049 omnibus

189 1073 298 1106 paciﬁce
309 1079 419 1106 agamus
431 1077 456 1098 et
468 1071 597 1098 mansueti
608 1071 690 1097 simus
701 1075 727 1096 et
737 1070 813 1096 mites
823 1073 850 1095 et
863 1068 979 1100 immani,

189 1124 268 1154 atque
289 1119 356 1145 adeo
372 1123 400 1145 ut
413 1125 506 1145 omnes
521 1118 627 1145 virtutis
641 1118 744 1144 colores
760 1117 784 1143 in
806 1116 871 1142 facie
891 1121 980 1142 n~stra

189 1166 324 1191 reieci-ant
343 1165 377 1191 lia
388 1165 456 1190 enim
468 1164 592 1198 deinceps
604 1163 745 1197 etgloriam
758 1163 896 1197 praesentis
908 1161 979 1193 vitae,

190 1209 336 1242 poterimus
350 1209 488 1243 despicere
511 1216 602 1235 veram
617 1208 728 1243 gloriam
754 1207 939 1242 praeferentes,
955 1210 982 1232 et

189 1255 345 1281 humilitatis
359 1254 485 1288 majorem
501 1253 597 1280 habere
611 1261 712 1285 curam,
726 1253 864 1287 ridereque
875 1258 980 1278 omnem

189 1300 328 1334 pra-sentis
342 1300 401 1326 vita:
415 1307 452 1333 pri
463 1299 626 1332 speritatem,
641 1303 668 1325 ut
684 1306 742 1325 vera
757 1303 784 1325 et
799 1305 829 1324 so
842 1297 881 1323 ida
897 1297 981 1323 felici-

189 1350 243 1372 tate
267 1345 396 1377 fruamur,
416 1344 590 1371 etChristum
611 1344 702 1370 videre
728 1350 886 1370 mercamur.
909 1341 981 1367 Beati

187 1390 271 1421 enim,
288 1390 382 1422 inquit,
402 1389 459 1423 puri
470 1390 554 1423 corde,
568 1390 686 1424 quoniam
708 1388 756 1423 ipsi
770 1387 850 1414 Deum
865 1387 982 1414 videbant

188 1435 296 1469 (Matth.
312 1435 338 1462 5.
355 1435 393 1469 8).
408 1435 582 1461 Puriﬁcetnus
607 1435 693 1469 itaque
709 1438 824 1460 nostram
841 1433 979 1460 conscien—

189 1481 264 1513 tiam,
276 1487 303 1507 et
325 1488 418 1514 magna
442 1488 503 1507 cura
516 1480 597 1506 vitam
616 1485 731 1506 nostram
749 1479 937 1513 gubernemus,
952 1483 982 1503 ut

188 1535 249 1554 cum
263 1533 420 1562 priest-mem
434 1527 512 1553 vitam
527 1527 552 1552 in
567 1527 637 1553 omni
648 1527 772 1552 virtutmn
783 1532 879 1559 genere
894 1530 981 1550 iratis-

190 1572 309 1603 ierimus,
333 1571 425 1598 liorutu
439 1572 558 1598 laborum
572 1571 680 1606 prtemia
694 1578 843 1597 mereantur
861 1570 982 1603 accipere

191 1618 215 1642 in
235 1617 323 1644 futuro
333 1617 441 1648 SlI'Clllﬂ,
454 1617 536 1651 gratia
551 1621 577 1642 et
587 1615 766 1642 misericordia
783 1614 886 1641 Domini
899 1614 980 1640 nostri

190 1662 253 1689 Jesu
265 1662 374 1694 Christi,
391 1663 431 1688 cui
446 1669 505 1688 cum
523 1661 600 1687 Patre
615 1665 641 1687 et
655 1665 747 1687 sancto
761 1660 860 1694 Spiritu
874 1659 908 1685 sit
921 1659 980 1693 glo-

191 1707 240 1740 ria,
255 1707 405 1741 impcrium,
429 1706 524 1739 honor,
540 1714 609 1732 tiune
633 1709 660 1732 et
674 1712 790 1739 semper,
806 1709 833 1731 et
847 1705 871 1730 in
885 1704 981 1731 sa-cula

191 1754 361 1780 swcnlorum.
379 1754 474 1779 Amen.

439 1797 575 1824 llOMlLlA
603 1796 732 1823 XXXVII.

193 1843 263 1871 Dixit
277 1849 359 1870 autem
374 1844 395 1869 ei
409 1851 418 1869 :
433 1843 488 1878 Ego
513 1851 568 1869 sum
582 1842 666 1874 Deus,
682 1842 722 1877 qni
745 1842 818 1868 edun'
834 1846 857 1867 te
869 1841 900 1867 de
915 1846 982 1867 terra

228 1889 415 1920 Cltaldworum,
431 1895 456 1915 nt
480 1889 565 1915 durem
580 1889 623 1915 tibi
639 1894 729 1914 terram
744 1888 818 1920 hanc,
833 1891 860 1913 ut
873 1888 898 1914 in
912 1888 982 1912 liere-

228 1935 331 1961 ditatem
345 1935 476 1968 possidens
490 1942 555 1960 eam.
570 1933 640 1960 Dixit
650 1937 733 1959 autent
753 1941 762 1959 τ
786 1932 901 1964 Domine,
925 1931 981 1958 Do-

228 1981 294 2006 mine
303 2001 310 2013 ,
324 1980 458 2007 secundant
468 1979 528 2014 quid
542 1987 689 2014 cognoscam
703 1979 769 2014 quod
782 1979 807 2004 in
821 1978 983 2004 hereditatem

227 2027 349 2061 accipiant
362 2034 416 2052 eam
430 2025 503 2060 (Gen.
518 2026 560 2052 15.
576 2033 598 2052 υ.
617 2026 641 2052 7.
658 2025 703 2060 e)?

229 2073 255 2099 1.
271 2072 412 2107 Scriptura:
424 2073 509 2098 virtus.
524 2071 616 2098 Divina
629 2072 747 2107 dogmata
756 2075 876 2106 quantum
893 2069 983 2095 ltuina-

195 2118 233 2145 nis
260 2117 418 2145 antrcellant.
443 2132 477 2137 -—
497 2117 589 2153 Magna
618 2118 714 2144 divina:
734 2117 878 2151 Scriptura:
900 2117 983 2143 virtus

194 2169 244 2198 est,
257 2165 384 2191 ctmultai
398 2164 423 2190 in
446 2164 535 2191 verbis
559 2165 639 2190 latent
662 2163 852 2190 sentcntiaium
871 2162 981 2189 diviti-.e.

195 2209 255 2236 ldeo
279 2217 326 2244 par
342 2214 382 2236 est
404 2213 433 2236 ut
455 2209 594 2243 diligenter
622 2209 797 2241 intendamus,
819 2212 847 2236 et
871 2208 983 2234 sollicite

195 2261 355 2288 scrutemur,
378 2264 430 2290 quo
444 2257 600 2290 ampliorem
617 2256 757 2283 utilitatem
774 2256 835 2282 inde
849 2256 982 2290 percipia-

195 2309 264 2329 tnus.
279 2302 344 2328 Nam
358 2307 466 2336 propter
477 2301 527 2328 hoc
540 2307 565 2328 et
578 2302 700 2328 Christus
723 2301 857 2336 pracepit,
869 2301 959 2327 dicens
974 2309 981 2327 :

195 2348 349 2376 Sci-utamini
369 2347 515 2382 Scripturas
537 2347 624 2382 (Joan.
649 2347 674 2374 5.
688 2347 738 2382 59)
755 2356 760 2371 τ
775 2351 866 2373 utnon
882 2351 981 2372 tantum

196 2392 274 2420 nuda:
289 2392 400 2419 lectioni
427 2399 559 2424 vacemus,
581 2392 627 2419 sed
649 2391 803 2426 profundius
823 2395 981 2422 scrutantes,

195 2446 288 2465 verum
305 2439 449 2472 Scripturm
462 2446 568 2466 sensum
590 2439 726 2472 percipere
747 2438 891 2464 valeamus.
912 2437 983 2464 Talis

195 2484 265 2511 enim
281 2483 425 2518 Scriptura:
447 2491 504 2510 mos
529 2487 580 2515 est,
593 2488 621 2509 ut
636 2488 662 2510 ct
675 2484 700 2509 in
725 2483 811 2517 parvis
825 2483 912 2509 verbis
928 2483 984 2515 plu-

195 2529 262 2556 rima
289 2536 361 2563 saepe
387 2528 526 2555 multitudo
553 2536 677 2555 sensuum
701 2528 858 2554 inveniatur.
892 2527 982 2554 Divina

194 2575 264 2601 enim
275 2579 338 2600 sunt
351 2573 484 2608 dogmata,
500 2581 551 2600 non
566 2573 689 2606 humana,
705 2579 730 2600 et
744 2577 851 2608 propter
865 2573 914 2599 hoc
927 2580 985 2599 om-

195 2627 254 2646 nem
270 2619 342 2646 illam
358 2619 448 2646 videre
471 2619 531 2645 licet
550 2626 627 2646 secus
641 2626 670 2646 se
689 2618 786 2645 habere
800 2625 877 2652 quain
892 2617 984 2644 huma-

196 2673 255 2692 nam
274 2666 442 2700 sapicntiam.
464 2666 496 2691 Et
511 2665 643 2699 quomodo
659 2666 720 2696 hoc,
735 2672 784 2699 ego
809 2665 905 2691 diram.
930 2664 985 2690 lllic

195 2713 276 2743 enim,
291 2712 317 2739 in
331 2712 446 2738 humana
461 2711 587 2746 sapientia
611 2711 679 2743 dico,
695 2719 776 2738 omne
791 2711 906 2738 studium
920 2717 983 2736 cou-

195 2757 334 2784 ciimandis
344 2757 433 2784 verbis
447 2757 592 2784 adhibitum
604 2762 643 2783 est
662 2765 669 2783 :
683 2757 724 2784 hic
736 2765 798 2783 vero
813 2763 922 2791 prorsus
937 2756 984 2782 ali-

197 2808 249 2830 ter.
263 2803 368 2830 Nullam
393 2803 536 2838 Scriptnra:
553 2802 650 2829 habent
671 2803 798 2828 rationem
813 2801 984 2836 pulchritudi-

198 2851 239 2878 nis
249 2851 291 2878 vel
309 2850 509 2887 compositionis
522 2849 662 2877 verborum
686 2856 692 2873 :
712 2848 809 2876 habent
829 2849 898 2876 cnim
915 2849 939 2875 in
954 2856 983 2876 se

1772 154 1823 182 ΜΞ

1033 207 1451 242 divinamgratiamclitilgetttem,
1465 213 1487 235 ei
1499 209 1583 242 polcln
1593 210 1717 237 it.:(lineio
1729 211 1754 237 in
1767 211 1821 245 ipsa

1032 254 1172 280 verborum
1188 254 1289 280 ratione
1305 253 1393 279 sitam.
1407 254 1438 280 Et
1455 254 1506 280 illic
1523 256 1628 289 quidem
1646 261 1704 290 post
1717 257 1821 291 iungam

1033 307 1058 328 ct
1081 302 1212 335 ingentem
1246 301 1421 335 nugacitatcm
1445 301 1541 334 allqoid
1563 309 1657 328 sensus
1682 303 1816 337 percipere

1032 351 1070 373 est
1084 355 1090 372 :
1106 347 1147 372 hic
1158 351 1256 378 autem,
1267 351 1295 372 ut
1306 345 1388 376 scitis,
1404 346 1483 372 etiam
1499 353 1577 380 parva
1597 346 1679 372 dictio
1695 354 1766 381 sa-pe
1779 352 1820 373 ro-

1033 397 1087 417 tuiu
1103 391 1179 417 nobis
1193 391 1320 417 doctrina:
1335 398 1487 427 sermonem
1507 391 1652 417 contexuit.
1679 391 1821 425 Propterea

1032 442 1059 464 cl.
1073 438 1139 468 lteri,
1155 438 1287 472 proposita
1303 437 1376 463 voltis
1391 437 1534 471 Scriptura:
1547 437 1671 467 lectione,
1688 438 1738 464 sub
1762 438 1820 472 ipso

1032 483 1154 514 exordio,
1170 483 1347 517 qniamultum
1358 483 1507 510 inveuinms
1518 491 1644 510 sensuum
1658 484 1822 514 thesaurum,

1033 537 1085 555 non
1102 529 1235 562 potuimus
1249 529 1317 555 ultra
1332 529 1465 563 progredi,
1481 534 1508 555 ut
1526 537 1558 555 ne
1580 529 1710 554 dictorum
1733 529 1823 554 multi-

1034 574 1126 600 tudine
1142 575 1296 600 memoriam
1319 580 1432 600 vestram
1447 575 1519 600 υΙιι-ιιι
1532 583 1630 604 remus.
1646 579 1671 600 et
1682 574 1736 608 jam
1753 574 1823 600 dicta

1032 618 1242 645 obliterarennis.
1273 619 1332 645 ideo
1353 619 1474 645 canalem
1501 619 1598 644 seriem
1614 620 1760 652 attingere,
1778 619 1823 645 lie-

1032 664 1184 698 stcrnisque
1197 664 1274 691 dictis
1287 672 1317 691 ea
1330 672 1389 698 qute
1410 665 1488 691 hodie
1510 665 1619 691 dicenda
1636 669 1696 691 sunt
1709 665 1769 691 Volo
1780 672 1823 691 co-

1034 709 1125 742 pulare
1137 730 1143 741 ,
1161 713 1189 736 ut
1208 709 1242 736 ita
1266 714 1385 736 coarrata
1400 709 1511 736 lectione
1534 714 1586 736 tota
1602 717 1648 736 vos
1663 710 1723 736 hinc
1737 709 1824 736 dimit-

1035 758 1097 778 tam.
1111 753 1174 783 Sed.
1190 761 1248 786 oro,
1262 752 1294 780 iis
1303 754 1495 788 qmedicuntur
1505 754 1656 781 auscultate
1674 755 1822 788 diligenter.

1034 799 1098 826 Nam
1112 800 1161 827 etsi
1174 800 1248 826 labor
1270 804 1369 832 noster,
1385 800 1482 826 utilitas
1501 805 1587 826 tamen
1603 806 1688 826 ves'ra
1704 806 1754 832 est,
1771 801 1824 827 imo

1033 845 1190 871 communis.
1207 845 1238 870 Et
1252 845 1313 878 quid
1325 845 1383 871 (lico
1400 845 1473 870 labor
1483 844 1593 871 noster?
1609 845 1714 871 Minime
1730 849 1819 877 certe;

1033 890 1079 916 sed
1096 890 1192 916 donum
1205 895 1241 916 est
1256 891 1347 924 gratiae
1364 890 1419 916 Dei.
1431 889 1497 916 Cum
1513 891 1658 916 attentione
1673 890 1751 925 igitur
1764 898 1823 917 sus-

1032 936 1162 970 cipiauitts
1180 944 1210 962 ea
1224 944 1281 970 ιιιιει·
1292 944 1306 962 a
1321 936 1372 962 Deo
1383 936 1524 968 donantur,
1536 940 1563 962 ut
1581 936 1639 962 hinc
1652 935 1821 963 lucrifaeicti-

1035 987 1072 1009 les
1094 981 1191 1017 aliquid
1217 983 1243 1008 in
1269 982 1414 1008 animarum
1440 982 1576 1013 salutem,
1604 982 1665 1009 imle
1686 983 1822 1009 abeamus.

1033 1027 1095 1055 Ideo
1106 1028 1175 1054 enim
1188 1028 1305 1062 quotidie
1316 1027 1480 1060 spiritualem
1496 1027 1564 1053 hanc
1579 1027 1654 1053 Vobis
1667 1027 1824 1061 apponimus

1034 1080 1163 1105 mensam,
1177 1073 1394 1099 utadmoniiioue
1408 1072 1532 1098 continua
1545 1076 1571 1098 et
1585 1073 1664 1098 multa
1674 1072 1821 1099 divinarum

1033 1119 1226 1152 Scripturarum
1247 1117 1417 1144 meditatione
1436 1125 1529 1143 omnes
1552 1117 1659 1151 maligni
1687 1117 1817 1143 dazmonis

1033 1164 1205 1190 cxi-ludantes
1227 1163 1347 1190 insidias.
1364 1163 1429 1190 Cum
1446 1164 1515 1189 enim
1540 1171 1587 1189 nos
1600 1163 1696 1190 viderit
1711 1164 1821 1189 multum

1034 1209 1058 1235 in
1076 1208 1256 1242 spiritualilms
1282 1208 1415 1241 occupari,
1437 1215 1488 1234 tton
1517 1208 1602 1234 solum
1628 1216 1679 1234 non
1708 1208 1823 1240 invadet,

1034 1253 1079 1280 sed
1102 1260 1186 1287 neque
1201 1252 1305 1279 obtucri
1320 1253 1428 1279 audebit
1443 1261 1449 1278 :
1465 1253 1551 1279 sciens
1565 1259 1593 1278 se
1613 1252 1637 1278 in
1657 1260 1750 1278 vamun
1769 1246 1825 1278 mo-

1036 1298 1086 1329 liri,
1100 1303 1126 1324 et
1141 1298 1267 1324 adversus
1283 1302 1360 1331 caput
1380 1305 1457 1324 suum
1478 1305 1560 1323 ausus
1581 1305 1643 1323 suos
1658 1301 1824 1325 convertere.

1033 1344 1088 1378 Age
1099 1343 1176 1378 igitur
1187 1343 1220 1370 he
1237 1342 1303 1369 terni
1315 1343 1446 1369 sermonis
1458 1344 1567 1376 repetita
1580 1342 1657 1373 serie,
1671 1342 1743 1377 quod
1758 1342 1822 1369 reli-

1033 1397 1112 1423 quum
1127 1388 1175 1414 fuit
1187 1395 1352 1414 enarrenms.
1368 1387 1435 1419 Quid
1456 1393 1544 1414 autem
1567 1387 1622 1413 Ιιιτί
1638 1387 1736 1413 dictum
1758 1386 1825 1413 fuit?

1034 1434 1240 1461 l‘romissionem
1260 1441 1338 1468 quatit
1359 1433 1427 1459 Deus
1448 1433 1508 1459 fecit
1530 1432 1606 1458 Abra:
1622 1431 1823 1465 descripsimus,

1035 1480 1077 1505 tibi
1094 1479 1231 1513 imperavit
1245 1478 1268 1505 ei
1280 1484 1309 1505 ut
1322 1478 1469 1512 suspiceret
1483 1478 1508 1503 in
1525 1477 1617 1503 c.rlnm
1628 1497 1634 1507 ,
1649 1481 1675 1503 ct
1689 1481 1822 1510 spectaret

1033 1525 1167 1551 stellarum
1192 1524 1396 1550 multitudinem.
1415 1522 1528 1549 Numera
1554 1523 1622 1549 enim
1634 1543 1640 1554 ,
1657 1522 1750 1556 inquit,
1767 1522 1825 1548 stel-

1034 1570 1081 1603 las,
1096 1571 1117 1597 si
1129 1570 1222 1605 poteris
1236 1578 1278 1596 eas
1291 1576 1432 1595 numerare.
1444 1567 1477 1594 Et
1488 1568 1551 1594 dixit
1564 1568 1586 1593 ei
1603 1575 1611 1594 :
1625 1567 1668 1594 Sic
1684 1567 1729 1593 erit
1742 1575 1824 1593 semen

1034 1621 1114 1642 tuum.
1127 1615 1225 1643 Deinde
1234 1623 1293 1642 cum
1303 1615 1496 1642 demonstraret
1505 1613 1677 1640 nobisdivina
1689 1612 1824 1646 Scriplut'a

1034 1661 1183 1696 religiosam
1200 1661 1354 1695 patriarcha:
1370 1663 1496 1690 mentem,
1520 1663 1546 1685 et
1560 1658 1693 1693 quomodo
1717 1657 1749 1684 ad
1764 1665 1825 1691 pro-

1034 1709 1181 1734 mittentem
1196 1707 1341 1741 respicicns
1355 1726 1361 1738 ,
1377 1710 1404 1732 ct
1426 1704 1568 1739 potentiam
1591 1704 1768 1737 promittentis
1779 1711 1825 1729 cu-

1034 1754 1119 1786 gitaiis
1134 1773 1140 1784 ,
1169 1751 1310 1778 crediderit
1336 1750 1422 1782 dictis,
1450 1749 1533 1775 dicit:
1550 1748 1581 1774 Et
1607 1749 1711 1774 credidit
1733 1747 1826 1773 Abram

1037 1799 1099 1831 Deo,
1114 1803 1136 1824 et
1159 1802 1305 1832 reputation
1326 1801 1362 1823 est
1375 1797 1397 1822 ei
1410 1795 1578 1830 injitstitiant.
1605 1795 1746 1827 lim-usque
1770 1793 1826 1819 heri

1034 1851 1183 1871 sermonem
1199 1843 1379 1877 produximus,
1397 1848 1482 1875 neque
1497 1840 1606 1866 ulterius
1628 1838 1749 1873 progredi
1777 1845 1824 1872 po-

1035 1891 1132 1917 tuimus
1148 1899 1154 1915 :
1169 1889 1227 1915 ideo
1236 1896 1327 1922 opera;
1340 1887 1453 1921 pretium
1465 1890 1506 1912 est
1521 1890 1547 1911 ut
1561 1885 1691 1911 udtiilllllh
1706 1891 1824 1918 sequen-

1035 1938 1079 1962 tia.
1093 1935 1159 1967 Quid
1174 1942 1236 1968 ergo
1245 1933 1326 1960 dicit?
1337 1933 1362 1959 7.
1372 1932 1441 1958 Dixit
1452 1936 1535 1957 autent
1543 1929 1668 1956 Dominus
1677 1930 1710 1955 ad
1721 1929 1825 1954 Abram:

1036 1983 1090 2017 Ego
1105 1990 1160 2009 sum
1173 1981 1203 2007 D.
1213 1989 1252 2014 us,
1272 1981 1314 2015 qui
1326 1979 1402 2006 eduxi
1417 1983 1440 2004 te
1460 1978 1490 2004 de
1504 1982 1570 2003 terra
1586 1976 1771 2005 Cltaldworant,
1798 1979 1825 2000 at

1035 2029 1121 2055 darent
1136 2027 1179 2054 tibi
1192 2031 1283 2053 terram
1309 2025 1384 2056 hanc,
1406 2028 1433 2050 ut
1455 2024 1482 2049 in
1505 2022 1666 2049 hereditatem
1686 2020 1826 2055 possideres

1035 2082 1099 2100 eam.
1117 2073 1183 2102 Vide
1198 2069 1330 2106 quomodo
1346 2070 1414 2107 Deus
1430 2077 1458 2096 se
1482 2068 1604 2094 humanm
1621 2066 1766 2093 inﬁrmitati
1780 2069 1822 2092 at-

1035 2123 1172 2153 temperet,
1189 2115 1321 2151 quomodo
1336 2115 1412 2141 lidetn
1427 2114 1496 2140 illius
1509 2113 1683 2139 corrolmrare
1700 2112 1771 2142 velit,
1786 2119 1827 2136 ei-

1034 2174 1086 2200 que
1100 2163 1257 2198 persuadere
1271 2161 1338 2188 utde
1348 2161 1444 2194 iisqua:
1453 2159 1581 2194 promissa
1595 2157 1700 2184 fuerant
1715 2156 1822 2182 minime

1034 2211 1135 2238 dubitet
1147 2218 1153 2236 :
1163 2209 1234 2243 quasi
1249 2207 1367 2234 dicetet:
1383 2207 1482 2232 illemor
1492 2210 1558 2236 esto,
1571 2212 1612 2230 me
1624 2212 1639 2230 a
1652 2204 1730 2229 domo
1745 2207 1787 2228 tua
1803 2206 1828 2228 te

1035 2256 1194 2284 evocavisse.
1207 2253 1285 2281 Certe
1295 2260 1353 2288 quae
1363 2260 1377 2279 a
1392 2253 1501 2279 Dotnino
1514 2251 1566 2277 De»
1577 2251 1699 2277 dicuntur
1708 2256 1825 2276 consona

1034 2306 1096 2329 sunt
1108 2301 1177 2328 beati
1189 2299 1314 2333 Stephani
1325 2298 1411 2329 dictis,
1426 2298 1469 2332 qui
1479 2301 1506 2323 et
1516 2297 1549 2323 de
1563 2296 1681 2326 domo,et
1696 2294 1728 2320 de
1742 2293 1826 2320 Chal-

1035 2347 1090 2374 ἀίω
1107 2345 1211 2372 Domini
1233 2347 1364 2378 praecepti
1379 2347 1516 2369 evoc:itmn
1530 2349 1590 2368 eum
1607 2340 1668 2366 dicit
1684 2339 1759 2374 (Act.
1775 2339 1790 2364 7
1804 2340 1824 2373 ).

1036 2393 1069 2420 Et
1083 2393 1140 2426 ejus
1152 2390 1291 2418 scotenlite
1306 2390 1470 2423 obsequutns
1483 2393 1565 2421 pater,
1580 2392 1604 2412 et
1622 2390 1651 2411 ut
1663 2390 1739 2411 antea
1754 2384 1824 2410 dixi.

1036 2446 1105 2470 mus,
1119 2437 1238 2473 quamvis
1252 2436 1364 2462 inlidelis
1379 2439 1461 2466 esset,
1476 2440 1596 2466 magnam
1609 2436 1695 2457 tamen
1710 2430 1824 2456 societa-

1037 2486 1072 2512 tis
1083 2492 1189 2512 causam
1211 2483 1321 2513 habens,
1337 2488 1432 2515 nempe
1455 2478 1499 2506 lilii
1523 2486 1652 2510 amorem,
1667 2477 1715 2503 via:
1735 2484 1827 2503 comes

1036 2531 1088 2558 l'uit
1108 2535 1136 2557 ct
1150 2529 1225 2556 exiit.
1246 2529 1334 2562 Itaque
1348 2527 1372 2552 iu
1389 2530 1503 2552 mentem
1518 2524 1541 2550 ei
1563 2526 1669 2549 revocat
1686 2521 1735 2547 hoc
1754 2521 1824 2553 loco,

1036 2580 1160 2611 quantam
1174 2575 1207 2601 ab
1222 2574 1297 2601 initio
1313 2572 1370 2606 ejus
1383 2578 1472 2597 curam
1499 2567 1626 2603 gesserit,
1648 2567 1787 2593 declarans
1800 2567 1824 2593 ei

1037 2629 1067 2649 se
1085 2625 1113 2647 ut
1123 2628 1182 2647 cum
1197 2619 1229 2646 ad
1242 2625 1334 2652 magna
1347 2615 1514 2651 proveltcret,
1526 2618 1552 2640 et
1561 2617 1598 2639 tot
1615 2613 1649 2639 illi
1666 2612 1733 2638 bona
1749 2612 1825 2646 polli-

1037 2670 1141 2693 ceretur
1154 2669 1180 2691 et
1191 2663 1320 2696 impleret,
1335 2665 1434 2688 tantum
1449 2659 1550 2686 itineris
1558 2659 1691 2685 coniicere
1701 2658 1822 2691 jussiSse.

1039 2711 1092 2745 Ego
1104 2718 1157 2737 sum
1171 2708 1249 2740 Deus,
1264 2707 1305 2742 qui
1319 2706 1394 2733 eduxi
1407 2710 1430 2731 te
1442 2705 1473 2731 de
1484 2704 1585 2739 regione
1594 2702 1781 2734 Chaldworum,
1798 2707 1824 2727 ut

1036 2757 1124 2782 darent
1149 2754 1192 2780 tibi
1215 2759 1306 2780 [errant
1331 2752 1406 2783 Itane,
1422 2755 1448 2777 ut
1463 2750 1488 2775 in
1508 2749 1670 2775 hereditatem
1685 2747 1824 2782 possideres

1038 2809 1102 2828 eam.
1118 2800 1185 2826 Nutu
1199 2804 1224 2826 te
1246 2799 1345 2833 absque
1357 2804 1436 2824 causa
1459 2796 1529 2822 illinc
1543 2794 1670 2821 evocavi?
1693 2801 1754 2820 num
1771 2792 1824 2819 fru-

1038 2852 1090 2874 stra
1105 2851 1130 2874 ct
1145 2847 1170 2874 in
1192 2853 1283 2872 vanum
1299 2849 1324 2871 te
1338 2843 1408 2871 illinc
1421 2841 1521 2870 eduxi?
1533 2841 1675 2876 [‘roptcrca
1688 2848 1737 2874 ego
1751 2846 1821 2874 pra:-
