2055 3123
153 104 204 131 διδ

157 165 182 186 te
197 162 360 194 prementem
376 164 426 192 ego
438 156 562 192 judicabo
574 177 581 188 ,
602 161 628 183 et
649 158 686 183 sic
707 164 752 183 eos
780 162 947 189 magnorum

159 209 285 240 apparatu
299 203 352 230 huc
364 203 451 230 redire
467 202 565 229 curabo
579 210 585 228 ι
602 202 679 230 simul
693 202 838 236 prredicens
851 201 874 227 ei
891 209 949 234 qua:

157 251 269 285 posthac
291 254 366 277 certo
383 253 507 276 eventura
530 253 627 281 essent,
645 248 798 275 servitutem
821 247 948 278 declarat,

158 301 185 323 et
210 295 368 323 descensum
395 296 420 321 in
449 294 606 329 {Egyptmm
636 299 715 328 atque
742 293 949 327 indignationem

157 349 237 377 quam
252 345 422 376 propter‘eos
434 340 552 376 Egyptii
568 341 701 374 expcrtnri
715 344 800 369 erant.
815 344 839 366 et
854 339 928 373 glorit
938 352 951 359 -

156 395 214 414 sum
227 394 320 414 eorum
335 385 382 413 rcd
395 390 458 412 tum.
475 382 693 419 Ostenditqne'ei,
704 393 754 411 non
771 385 796 411 in
813 385 870 418 ipso
880 384 951 410 dum-

157 432 287 460 tantilla
298 440 356 466 qua:
370 439 450 465 super
463 437 582 458 naturam
599 435 686 464 erunt,
700 435 827 458 eventura
843 439 911 460 esse.
925 436 951 458 ct

158 484 218 514 post
236 483 307 505 tanta
323 477 511 512 impedimenta
525 486 584 512 qua:
596 485 611 504 ιι
628 478 682 504 Deo
703 478 831 512 promissa
847 474 950 505 fuerant

159 525 291 560 implenda
305 525 370 556 fore,
385 524 430 550 sed
445 528 473 551 et
490 525 514 551 in
529 528 584 551 toto
599 524 700 551 semine
710 525 768 558 ejus
779 524 828 551 hoc
840 529 952 551 eventu—

158 578 228 598 rum.
245 570 306 597 lltcc
320 574 419 601 autem,
436 570 529 604 inquit,
542 569 595 604 jam
608 570 661 596 dixi
676 569 732 601 tibi,
755 573 783 596 ut
796 570 949 604 priusquam

157 617 239 644 vitam
256 616 342 647 finias;
355 616 424 642 scire
439 615 525 649 possis
536 623 593 649 qur
607 619 633 641 et
648 615 786 650 nepetibus
798 619 823 641 ct
838 615 950 649 postrris

157 661 291 689 evenient.
310 661 352 688 15.
366 661 405 687 Ίίι
423 667 516 693 autent,
532 661 625 694 inquit,
646 661 724 687 abibis
737 660 771 687 ad
789 666 871 695 patres
885 665 949 691 tuos,

158 707 271 734 nutritus
284 708 310 733 in
331 711 455 733 senectute
475 706 549 733 bona.
563 706 620 733 Neu
638 706 703 733 dixit
717 727 724 739 ,
742 706 864 732 morieris
880 713 888 732 :
904 705 950 732 διιά

158 753 253 784 Abibis,
269 753 343 787 quasi
356 753 555 786 peregrinatum
577 759 618 783 co,
642 756 667 778 ct
683 752 826 786 migratum
841 759 854 777 a
867 751 949 785 pattia

159 798 185 825 in
201 798 323 832 patriam.
338 797 433 830 Abibis,
450 798 542 832 inquit,
555 797 588 823 ad
603 802 685 831 patres
697 802 752 823 tuos
767 805 776 823 .'
790 805 841 824 non
856 804 950 823 carna-

160 844 198 870 les
212 844 286 870 dicit.
302 843 351 875 Qui
363 844 434 870 cnim
448 843 568 877 poterat?
583 842 737 869 lncredulus
753 843 822 869 enim
835 846 891 868 erat
905 849 950 876 pa-

159 893 200 915 ter
216 888 285 922 ejus,
304 892 330 914 et
345 896 396 915 non
410 892 467 914 crat
486 887 612 921 possibile
627 891 654 914 ut
667 887 790 914 eumdem
807 887 892 914 locttut
908 895 952 913 ca-

159 938 246 967 peret,
258 941 336 967 qnctn
351 933 403 959 ille.
419 932 511 959 lliatus
524 932 604 964 enim,
622 932 715 966 inquit,
728 940 833 966 magnus
844 937 878 958 est
888 932 952 958 inter

158 986 206 1004 nos
219 983 241 1003 et
255 986 297 1004 ros
313 977 387 1011 (Luc.
406 978 438 1004 ib
464 978 521 1011 26).
536 978 622 1011 Quare
635 977 711 1010 dixit,
727 977 766 1003 Ad
781 982 863 1011 putres
876 977 952 1003 tuos?

158 1024 251 1050 Justus
266 1024 412 1055 insinuans,
426 1027 454 1050 ut
466 1023 539 1055 Abel,
550 1027 577 1050 et
591 1023 657 1055 Noe,
669 1028 696 1049 et
708 1022 810 1050 Enoch.
821 1022 949 1055 Nutritus,

159 1068 255 1102 inquit.
267 1069 293 1094 in
305 1073 430 1094 senectute
441 1068 515 1094 bona.
532 1068 563 1094 Et
574 1068 658 1102 qualis
672 1067 729 1094 hate
739 1071 862 1094 senectus
871 1067 950 1100 bona,

158 1113 273 1141 fortasse
296 1114 366 1140 dicet
387 1113 492 1147 aliquis,
509 1113 541 1140 ad
557 1121 636 1148 quam
651 1113 730 1140 tantis
752 1114 881 1140 molestiis
905 1120 951 1146 per

159 1163 241 1185 totatn
258 1158 337 1184 vitam
355 1158 479 1185 transiit?
490 1158 587 1185 Verum
602 1166 636 1185 ne
647 1158 697 1185 hoc
711 1158 842 1189 attendas,
859 1158 949 1190 homo,

158 1203 204 1231 scd
227 1209 317 1237 specta
338 1211 397 1238 qua:
424 1203 460 1230 illi
481 1204 553 1230 omni
574 1208 693 1237 tempore
714 1202 793 1230 fuerit
807 1203 888 1237 gloria
902 1224 908 1234 ,
925 1208 952 1230 et

158 1249 294 1283 quomodo
306 1249 436 1283 gloriosus
450 1248 548 1276 vixerit
561 1248 716 1282 peregrinus
729 1248 773 1282 qui
789 1248 894 1274 civitate
909 1249 949 1274 t'o-

159 1301 244 1328 coque
259 1294 375 1325 carebat,
392 1298 418 1320 et
432 1298 529 1327 quanto
544 1293 593 1328 ipsi
607 1293 696 1320 datum
710 1298 750 1320 est
763 1294 834 1320 omni
851 1299 952 1327 tempo-

159 1346 188 1365 re
212 1339 257 1365 Dei
279 1338 397 1365 subsidio
411 1338 472 1365 frui.

196 1384 318 1411 Senectus
338 1384 402 1410 bona
415 1393 481 1419 qtae.
495 1384 679 1420 Quadringenti
702 1386 762 1412 amti
780 1386 904 1413 servitutis
925 1386 950 1412 in

159 1429 275 1464 λεωρίο
289 1437 304 1455 a
318 1437 366 1463 quo
381 1430 504 1464 principio
519 1430 639 1457 ducendi.
651 1430 747 1457 —Non
765 1431 842 1465 igitur
856 1439 952 1458 secun-

158 1474 222 1500 dum
239 1478 396 1508 praesentem
418 1474 570 1509 opinionem
586 1475 619 1502 de
635 1475 713 1502 rebus
724 1475 852 1510 judicium
869 1476 949 1508 feras,

159 1527 247 1554 neque
270 1524 433 1547 seuecluletu
462 1527 521 1548 esse
546 1520 641 1547 bonam
665 1529 785 1554 censeas,
801 1522 900 1549 versari
924 1523 951 1549 in

156 1564 232 1597 luxu,
244 1564 360 1598 deliciis,
374 1569 399 1592 et
410 1565 528 1599 crapula,
538 1565 563 1591 in
573 1566 740 1599 possessione
752 1566 913 1599 divitiarum,
925 1570 953 1594 et.

159 1618 254 1645 magna
274 1611 430 1638 famulorum
444 1611 619 1644 multitudine,
633 1612 874 1647 mancipiorumque
884 1620 953 1647 grc—

158 1656 246 1690 gihus.
258 1656 320 1683 llu-e
333 1657 403 1683 enim
418 1661 582 1684 senectutem
598 1657 692 1684 bonam
705 1665 756 1684 non
770 1658 892 1691 reddunt,
904 1658 951 1685 sed

159 1706 187 1728 et
197 1701 305 1728 multam
320 1701 566 1729 condemnationem
577 1702 692 1729 afferunt
702 1704 725 1730 ei
737 1703 780 1738 qui
791 1711 824 1730 ne
836 1704 862 1730 in
873 1707 952 1731 senc-

160 1751 234 1774 ctute
244 1747 349 1781 quidem
365 1747 554 1774 continentiam
570 1752 693 1780 exercet,
717 1756 802 1783 neque
816 1749 848 1776 ad
863 1754 951 1776 extre-

163 1799 222 1818 mos
236 1791 360 1819 redactus
372 1793 489 1827 spiritus,
501 1792 533 1820 de
544 1793 575 1820 iis
584 1801 642 1827 qua:
658 1794 799 1828 expediunt
812 1795 948 1827 deliberat,

161 1837 209 1865 sed
236 1837 353 1872 quotidie
381 1837 498 1872 indulget
524 1838 619 1870 ventri,
645 1844 762 1866 sectatur
782 1840 900 1866 convitia
925 1845 951 1867 et

162 1882 304 1910 ebrietates
314 1903 320 1914 ,
333 1882 365 1909 de
379 1882 474 1917 quibus
491 1883 615 1910 omnibus
630 1892 681 1910 non
701 1884 783 1912 multo
798 1890 855 1918 post
875 1886 951 1912 ratio-

164 1935 223 1954 nent
238 1927 388 1954 redditurus
407 1932 457 1954 est.
472 1927 542 1955 Sane
555 1928 599 1962 qui
615 1928 641 1955 in
661 1928 701 1955 via
717 1929 820 1956 virtutis
833 1929 952 1956 ambula-

163 1974 210 2006 vit,
223 1973 267 2001 ltic
279 1981 342 2000 vere
353 1974 466 2000 nutritus
480 1974 506 2000 in
515 1979 651 2002 senectute
665 1975 743 2006 bona,
755 1975 807 2001 vita
821 1974 948 2009 fungitur,

162 2023 190 2046 et
209 2018 330 2045 laborum
346 2019 514 2053 prtesentium
535 2019 634 2046 invenit
651 2020 849 2047 retributiones.
865 2020 898 2046 Et
912 2020 951 2046 id-

163 2063 233 2090 circo
247 2063 333 2098 inquit
348 2072 355 2090 :
375 2063 438 2091 Tuis
457 2064 562 2098 quidem
577 2065 716 2100 nepotibus
735 2065 795 2092 talia
809 2065 949 2099 evenient,

163 2113 189 2134 tu
208 2114 295 2135 autem
307 2109 391 2136 abibis
404 2109 518 2135 nutritus
530 2109 555 2135 in
571 2114 707 2136 senectute
720 2110 797 2136 bona.
812 2110 858 2136 llic
869 2111 950 2136 anim-
968 2131 976 2139 ,

161 2153 281 2186 adverte,
295 2154 429 2188 quomodo
452 2154 502 2181 nisi
526 2155 583 2188 ejus
606 2155 698 2189 ingens
713 2154 805 2181 fuisset
824 2155 950 2181 fortitudo

161 2202 188 2225 et
200 2198 366 2233 philosophia
385 2198 484 2225 eximia
497 2219 505 2231 ,
527 2199 584 2226 hrec
605 2206 710 2234 quoque
722 2199 880 2227 conturbare
893 2200 949 2234 ejus

161 2248 278 2270 mentem
293 2244 447 2277 potuissent.
465 2244 557 2271 Dicere
571 2245 641 2271 enim
656 2249 769 2278 poterat.
788 2245 810 2271 si
826 2245 921 2279 aliquis
934 2253 949 2272 e

159 2280 240 2322 vulgo
251 2287 345 2315 fuisset
361 2298 366 2314 :
379 2296 460 2323 quare
474 2290 605 2323 promittis
620 2290 683 2316 mihi
698 2295 799 2317 tantum
811 2298 900 2317 semen
916 2298 948 2317 ex

159 2341 202 2360 mc
216 2334 333 2360 futurum
347 2337 374 2360 et
389 2334 598 2369 propagandum,
617 2335 638 2362 si
652 2340 762 2369 nepotes
780 2336 858 2362 tantis
872 2341 949 2362 erunt

159 2379 236 2406 malis
260 2384 287 2406 et
311 2380 506 2408 calamitatibus
528 2380 652 2414 obnoxii,
667 2382 873 2416 servitutemqne
888 2385 949 2408 sunt

158 2428 196 2450 tot
211 2424 289 2450 annis
313 2424 472 2452 toleraturi?
484 2433 543 2460 qua:
560 2426 625 2452 mihi
642 2425 703 2453 hinc
718 2427 834 2453 utilitas?
849 2426 947 2454 Verum

157 2468 221 2494 nihil
244 2468 341 2496 horum
352 2469 438 2503 justus
453 2471 586 2504 cogitavit,
601 2471 647 2498 sed
662 2471 738 2506 quasi
757 2475 847 2506 gratus
860 2471 947 2498 famu-

156 2512 205 2544 lus,
223 2513 312 2540 omnia
332 2521 391 2548 qua:
402 2521 415 2539 a
431 2514 484 2541 Deo
498 2515 594 2541 liebant
616 2516 675 2542 boni
692 2516 833 2549 consuluit,
847 2521 874 2544 et
887 2524 947 2548 quat

157 2557 204 2590 ipsi
217 2558 374 2592 placebant,
393 2566 447 2586 sua:
462 2559 620 2593 pra‘ferebat
634 2562 782 2588 sententiae.
806 2562 905 2590 Deinde
919 2566 946 2589 et

155 2607 260 2636 tempus
279 2603 303 2630 ci
324 2603 464 2638 signiﬁcat,
485 2613 537 2639 quo
555 2613 570 2632 a
589 2607 716 2634 servitute
741 2611 802 2634 sunt
824 2607 943 2635 redituri.

157 2646 220 2674 Nam
236 2652 376 2682 postquam
389 2650 467 2676 annis
481 2650 680 2685 quadringentis
702 2653 847 2680 servituros
860 2653 943 2680 dixis-

155 2696 205 2722 set,
221 2692 331 2720 subdit:
352 2693 393 2720 l6.
410 2693 576 2722 Generatione
593 2701 675 2723 autem
690 2703 779 2732 quarta
792 2704 944 2725 revertentur

155 2736 213 2763 hur.
235 2737 333 2765 Verum
354 2738 396 2766 hic
410 2740 506 2767 merito
524 2740 583 2774 quis
602 2741 715 2775 dubitet,
733 2744 866 2777 quomodo
880 2752 944 2779 qua-

154 2782 301 2818 dringentis
315 2785 392 2812 almis
405 2785 467 2813 dicit
481 2787 642 2820 servituros,
661 2788 781 2822 quamvis
801 2796 886 2824 neque
900 2788 942 2816 di-

651 99 681 126 lN
701 98 777 125 CAP.
801 97 855 124 XV.
877 93 999 123 (ῈΕΝΕΩ.
1021 94 1135 122 tt'mtt.
1158 93 1288 122 XXXVII.

1742 98 1792 125 5m

1003 153 1112 179 midinm
1128 161 1220 180 eorum
1236 154 1332 180 [ιιι-ιιιιι
1346 155 1394 189 ipsi
1407 155 1431 181 in
1444 154 1568 191 )Egypm.
1583 157 1723 191 Propterea
1739 165 1790 184 non

1002 199 1069 225 dixit
1080 206 1127 225 cos
1141 199 1164 225 in
1178 198 1294 234 [Egypto
1307 199 1407 226 futuros
1421 208 1479 227 esse
1493 202 1566 228 annis
1581 203 1791 237 qumlringentis.

1003 244 1060 275 sed,
1077 243 1109 270 In
1123 250 1188 270 lrrra
1202 253 1252 271 non
1265 253 1320 276 sua,
1338 245 1371 271 ila
1395 250 1422 272 ut
1440 247 1520 280 possit
1533 250 1717 274 Cllllllllfttt‘l'ill'l
1732 257 1791 275 cum

1003 291 1079 316 annis
1098 291 1123 316 in
1143 290 1257 325 {Egypto
1276 291 1375 317 exat-tis
1390 291 1475 325 ipsum
1498 293 1652 325 patriarchzu
1669 299 1791 326 tempus,

1004 347 1034 364 υτ
1048 347 1099 372 qua:
1113 338 1137 365 ei
1153 339 1309 372 imperatum
1332 345 1382 369 est,
1409 343 1438 365 ut
1461 346 1492 364 ex
1512 339 1631 366 (thal‘rnn
1653 341 1792 374 egredere-

1005 391 1048 409 tur
1062 384 1110 417 (α).
1128 385 1167 408 Ab
1194 383 1237 409 illo
1264 382 1334 409 cuitu
1360 389 1478 417 tempore
1503 391 1641 410 numerum
1663 392 1792 412 annorum

1005 430 1081 456 nobis
1101 430 1186 463 palam
1203 429 1264 455 fecit
1285 429 1431 463 Scriptura,
1457 437 1516 463 qnzc
1540 429 1605 455 dixit
1628 430 1792 462 septuaginta

1004 476 1119 510 quinque
1148 482 1276 501 annorum
1302 474 1383 502 fui~se
1409 475 1522 503 Abram.
1545 474 1650 508 quando
1673 475 1736 501 exiit
1760 482 1793 502 ex

1003 521 1120 547 Chnrran
1139 519 1212 555 (Gen.
1232 520 1273 546 ΓΞ.
1288 521 1316 553 4)
1330 529 1335 545 :
1351 528 1381 545 ex
1398 527 1430 545 co
1444 520 1520 553 igitur
1535 525 1651 553 tempore
1666 527 1748 553 usque
1760 519 1792 545 ad

1004 566 1103 592 exitum
1118 565 1151 592 de
1165 565 1228 599 {Eg}
1236 570 1290 599 plu,
1305 565 1326 590 si
1342 565 1399 598 quis
1415 570 1556 598 supputare
1569 565 1639 597 velit,
1656 573 1792 591 numerum

1005 611 1133 644 integrum
1150 611 1274 636 inveniet.
1293 610 1347 636 Dici
1374 615 1461 643 posset
1476 611 1574 640 etiam,
1599 610 1738 636 hominum
1753 614 1794 635 nt-

1004 661 1066 690 pote
1091 656 1243 690 benignum,
1259 661 1284 682 et
1301 655 1474 682 imbecillitati
1499 660 1595 682 nostrze
1618 661 1794 689 congruentes

1006 709 1097 735 pmnas
1108 709 1213 735 semper
1239 702 1406 732 inferentem,
1424 705 1482 736 quia
1507 702 1570 728 vidit
1585 709 1631 728 cos
1654 703 1687 727 ita
1705 702 1794 727 labore

1005 754 1116 780 pressus,
1141 752 1168 774 ct
1189 746 1328 782 Egyptios
1351 755 1470 781 magnam
1498 747 1523 773 in
1548 755 1593 773 eos
1612 747 1794 773 crudeltatt-m

1003 800 1139 823 exercere,
1158 798 1218 819 ante
1231 793 1367 819 delinitmn
1383 798 1485 827 tempus
1499 794 1624 820 ultionem
1648 793 1751 823 l‘cciSse,
1767 798 1794 820 et

1004 839 1035 864 ad
1053 839 1201 865 libertatem
1213 846 1259 864 eos
1273 838 1419 865 reduxisse.
1435 839 1479 865 Dei
1495 839 1564 864 enim
1579 846 1636 864 tuos
1650 843 1706 870 est,
1728 845 1794 872 quo-

1005 885 1074 910 niam
1087 885 1111 911 in
1123 885 1244 910 omnibus
1253 884 1365 910 salutent
1378 889 1444 910 nosti
1453 892 1494 910 ant
1506 889 1640 917 operatur,
1653 888 1681 910 ιιι.
1690 884 1794 911 etiamsi

1005 930 1119 957 minetur
1137 938 1165 957 se
1179 930 1331 964 pttttilurttm
1343 950 1349 961 ,
1365 930 1386 956 si
1403 938 1450 956 nos
1465 930 1626 956 voluerimus
1640 931 1791 956 conversio-

1004 976 1044 1002 nis
1060 977 1193 1009 Specimen
1211 976 1336 1002 exhibere
1347 997 1353 1009 ,
1371 976 1500 1010 pnasimtts
1515 977 1572 1010 ejus
1586 984 1712 1003 revocare
1733 984 1794 1003 sen~

1005 1021 1122 1048 tentias:
1140 1027 1166 1047 et
1189 1029 1204 1048 e
1225 1021 1330 1047 diverso
1345 1022 1365 1047 si
1389 1021 1542 1055 polliceatur
1567 1021 1663 1055 aliquid
1690 1021 1749 1047 honi
1765 1029 1794 1048 se

1004 1067 1080 1094 nobis
1094 1068 1225 1100 daturum,
1244 1076 1292 1094 nos
1305 1072 1392 1093 autem
1419 1076 1470 1094 non
1497 1068 1663 1094 attnlerinms
1678 1075 1707 1094 ca
1731 1075 1791 1101 qua:

1004 1113 1135 1139 facultatis
1147 1118 1243 1139 nostra:
1258 1118 1334 1142 sunt.
1353 1121 1437 1147 neque
1452 1113 1506 1146 ipse
1529 1113 1686 1146 promissum
1710 1112 1794 1139 adim-

1004 1158 1084 1192 pleat,
1101 1166 1133 1185 ne
1149 1166 1196 1184 nos
1211 1165 1241 1185 ea
1262 1159 1363 1184 ratione
1378 1158 1525 1185 deteriores
1537 1158 1690 1184 evadamus.
1708 1159 1794 1192 Atque

1004 1204 1060 1231 lnrc
1074 1203 1193 1230 invenire
1209 1203 1332 1238 poteritis
1340 1208 1472 1239 quotquot
1479 1205 1593 1231 studiosi
1600 1213 1740 1232 sacrarum
1751 1207 1794 1232 Li-

1005 1254 1122 1276 lcrarum
1147 1250 1220 1275 estis.
1239 1249 1336 1282 Quarta
1351 1254 1441 1283 ⁸(ιιιιιιιι
1461 1249 1620 1284 generatione
1642 1254 1792 1275 revertentur

1003 1294 1053 1320 huc
1064 1301 1073 1320 :
1083 1294 1192 1320 nondum
1204 1295 1268 1320 enim
1280 1295 1409 1328 contplrlw
1416 1299 1473 1320 sunt
1484 1294 1625 1328 init/uitales
1635 1294 1794 1320 Amorrltwo-

1003 1349 1058 1366 rum
1073 1349 1150 1375 usque
1164 1348 1239 1366 nunc.
1256 1340 1339 1372 Tunc,
1366 1340 1465 1375 inquit,
1481 1341 1531 1366 erit
1555 1345 1658 1374 tempus
1674 1345 1699 1366 ut
1715 1344 1739 1366 et
1756 1339 1793 1367 illi

1003 1386 1163 1413 reducantur
1187 1385 1212 1412 itt
1229 1386 1377 1412 libertatem
1389 1407 1396 1418 ,
1411 1391 1437 1413 et
1458 1385 1484 1412 hi
1508 1393 1612 1420 pernam
1629 1386 1731 1411 luentes
1747 1392 1794 1419 pro

1004 1430 1172 1457 multitudine
1193 1436 1360 1464 peccatorum
1380 1439 1394 1457 e
1416 1435 1485 1457 terra
1505 1430 1679 1464 cxpellautnr.
1707 1430 1794 1456 Ambo

1004 1476 1091 1510 itaque
1100 1476 1160 1503 fient
1174 1482 1292 1510 tempore
1303 1481 1462 1511 opportuno,
1476 1480 1501 1502 et
1511 1476 1612 1502 illorum
1626 1476 1792 1509 instauratio,

1003 1526 1031 1548 ct
1044 1521 1138 1548 lnu'um
1153 1521 1295 1548 excidium.
1315 1521 1437 1548 Nondum
1452 1521 1522 1548 enim
1539 1521 1653 1555 impleta:
1666 1527 1726 1548 sunt
1741 1521 1792 1548 ini-

1003 1567 1116 1601 quitates
1127 1575 1218 1593 eorum
1236 1576 1242 1592 :
1257 1567 1331 1601 quasi
1347 1566 1417 1593 dicat
1429 1567 1524 1601 aliquis
1540 1575 1545 1592 :
1563 1566 1683 1593 Nondum
1701 1567 1725 1593 in
1740 1572 1792 1593 latt-

1004 1617 1030 1638 to
1046 1619 1156 1638 numero
1177 1616 1285 1646 peccata
1299 1612 1476 1644 admiserunt,
1493 1616 1519 1638 ut
1535 1611 1614 1639 talem
1636 1611 1720 1638 ferant
1735 1620 1792 1646 pm-

1003 1666 1074 1684 nant.
1101 1658 1168 1684 Deus
1183 1658 1252 1685 cuitu
1268 1658 1396 1692 benignus
1419 1665 1477 1684 cum
1499 1658 1531 1684 sit
1543 1679 1550 1689 ,
1567 1665 1618 1685 non
1633 1658 1719 1685 Solum
1739 1666 1792 1685 non

1004 1703 1104 1730 inducit
1115 1711 1207 1738 poenas
1222 1704 1335 1737 peccatis
1351 1703 1500 1737 graviores,
1517 1704 1563 1730 scd
1578 1707 1603 1731 et
1617 1704 1692 1731 valde
1705 1704 1792 1730 mino-

1004 1755 1057 1774 res.
1075 1748 1187 1782 Ideoque
1198 1753 1296 1775 tantam
1309 1756 1369 1783 erga
1386 1749 1444 1775 illos
1457 1749 1563 1776 exhibet
1576 1749 1752 1782 tolerantiam,
1764 1752 1793 1776 ut

1002 1801 1063 1820 cum
1076 1793 1193 1828 sibiipsis
1207 1801 1345 1828 prunarum
1358 1793 1411 1820 sint
1424 1797 1555 1824 auctores,
1572 1794 1668 1820 nullam
1682 1794 1792 1828 posthac

1003 1839 1198 1866 excusationem
1214 1839 1337 1866 habeant.

1042 1886 1069 1913 4.
1089 1884 1198 1912 Vidistis
1211 1884 1343 1919 quomodo
1364 1884 1520 1919 patriarchze
1539 1884 1627 1910 omnia
1652 1884 1793 1920 diligenter

1003 1933 1138 1965 indicavit,
1153 1936 1180 1958 ut
1195 1938 1230 1958 ex
1245 1930 1316 1957 omni
1334 1934 1407 1964 parte
1422 1929 1479 1964 ejus
1502 1929 1638 1956 roboraret
1658 1930 1749 1962 fidem,
1765 1936 1792 1959 et

1003 1983 1031 2005 ut
1050 1986 1082 2004 ex
1105 1977 1137 2004 iis
1151 1983 1209 2011 quze
1223 1975 1255 2002 ad
1268 1982 1329 2002 eum
1342 1975 1410 2001 dicta
1425 1974 1528 2001 fuerant
1541 1974 1675 2002 conﬁdere
1689 1981 1790 2009 posset,

1002 2023 1080 2050 etiam
1098 2021 1264 2057 prosperitati
1280 2020 1338 2054 ejus
1352 2019 1408 2046 hzec
1429 2020 1537 2046 omnino
1550 2026 1678 2047 eventura
1698 2028 1757 2047 esse
1781 2030 1789 2048 :

1032 2090 1068 2121 (ιι)
1085 2093 1117 2114 ita
1130 2094 1258 2121 numerare
1276 2087 1356 2121 solent
1368 2089 1383 2112 ii
1402 2089 1443 2119 qui
1459 2088 1524 2121 inter
1534 2088 1694 2119 chronologos
1706 2089 1792 2120 princi-

1002 2119 1064 2152 pem
1070 2121 1180 2152 obtinent
1190 2119 1281 2146 locum;
1294 2120 1326 2143 ita
1336 2122 1416 2152 tamen
1431 2122 1458 2143 ut
1469 2119 1493 2142 in
1505 2120 1649 2152 recensione
1659 2121 1792 2152 nonomni-

1001 2149 1033 2176 ito
1043 2158 1097 2176 cum
1109 2151 1273 2181 Chrysostomo
1283 2149 1443 2181 consentiant,
1450 2150 1553 2173 maxime
1561 2156 1618 2174 vero
1630 2157 1684 2174 cum
1696 2151 1751 2174 dicit
1760 2157 1792 2175 ne

1000 2183 1123 2206 dimidimn
1145 2180 1244 2211 quidem
1266 2180 1496 2210 quadringentorum
1508 2187 1623 2204 annorum
1635 2182 1749 2205 l'lehrtt'os
1767 2182 1791 2205 in

1001 2213 1103 2243 Aigypto
1111 2210 1236 2243 mansisse.
1249 2211 1360 2243 Petavius
1366 2213 1447 2243 autem
1458 2212 1492 2234 sic
1503 2210 1621 2243 calculum
1629 2213 1703 2243 ponit,
1715 2213 1791 2236 [tatio-

1001 2240 1134 2273 nurii'part.
1148 2242 1171 2270 2,
1189 2241 1204 2264 l.
1218 2241 1240 2269 2,
1254 2248 1278 2273 c._
1293 2241 1317 2271 4,
1328 2240 1485 2273 rubit‘aulutn
1502 2240 1635 2273 apostolum
1652 2242 1738 2266 ducent
1750 2249 1791 2267 se-

1000 2271 1090 2304 quitur,
1103 2273 1143 2303 qui
1158 2273 1180 2296 in
1193 2275 1216 2304 El
1225 2271 1294 2296 istcla
1305 2272 1334 2296 ad
1347 2271 1448 2304 Galatas.
1460 2272 1484 2301 5,
1504 2272 1541 2304 i7,
1554 2272 1614 2296 dixit
1628 2276 1680 2303 post
1691 2280 1766 2297 annos
1777 2280 1791 2298 a

1011 2302 1118 2328 immissa
1128 2303 1241 2334 divinitus
1253 2307 1317 2327 terra
1335 2302 1443 2326 Chanaan
1457 2302 1644 2334 quadringentos
1657 2308 1681 2328 et
1694 2304 1791 2334 triginta

1011 2311 1116 2328 tl‘UllIlS-sa
1128 2311 1241 2327 (llVlllIlllS
1253 2311 1317 2327 terra
1335 2311 1443 2326 utauaatt
1457 2311 1644 2333 quaurutgcutos
1657 2311 1681 2328 υι
1694 2311 1791 2334 ll‘lglllla

1001 2311 1082 2365 legem
1096 2334 1183 2358 editam
1193 2364 1197 2365 γ
1207 2333 1290 2357 fuisse.
1304 2334 1432 2365 ltincrvero
1446 2335 1481 2365 sic
1492 2332 1598 2358 calculus
1607 2334 1702 2357 ducitur
1715 2341 1721 2357 :
1735 2338 1791 2357 Pro-

1000 2363 1082 2390 missio
1094 2369 1165 2389 teme
1177 2364 1284 2388 Chanaan
1302 2364 1433 2390 Abrahamo
1445 2363 1504 2388 facta
1522 2367 1559 2388 est
1575 2371 1639 2388 anno
1651 2366 1704 2388 vita:
1717 2365 1790 2394 ipsum

1000 2396 1101 2420 ineunte
1112 2396 1150 2419 76.
1163 2399 1219 2420 (.‘um
1227 2398 1325 2418 centqu
1338 2398 1405 2418 esset
1414 2401 1528 2418 annorum
1537 2394 1666 2422 Abraham,
1676 2399 1744 2417 ua‘us
1753 2399 1789 2418 est

1000 2429 1071 2450 Isaae.
1083 2427 1117 2449 Ab
1128 2429 1181 2449 orttt
1194 2425 1263 2449 lsaaci
1276 2425 1305 2448 ad
1316 2426 1395 2449 Jacobi
1409 2429 1486 2448 ortum
1498 2425 1553 2448 anni
1565 2426 1691 2454 sexaginta
1704 2431 1789 2448 nume-

999 2461 1090 2481 rantur.
1104 2456 1175 2480 Jacob
1185 2462 1301 2482 annorum
1316 2455 1359 2479 150
1369 2455 1392 2479 in
1410 2455 1478 2486 (Egy,
1488 2459 1538 2479 tum
1550 2456 1625 2483 venit,
1637 2461 1699 2486 quis
1715 2461 1790 2479 annva

998 2488 1017 2511 si
1028 2494 1082 2511 cum
1094 2488 1125 2511 25
1137 2486 1269 2514 Abrahami,
1279 2490 1304 2510 et
1316 2487 1346 2510 60
1358 2486 1426 2509 tsaaci
1437 2485 1557 2516 junxeris,
1569 2486 1623 2509 anni
1633 2485 1788 2510 conﬁciuntur

999 2517 1053 2542 215.
1063 2517 1181 2548 .Iosepltus
1190 2522 1238 2547 quo
1248 2519 1358 2546 tempore
1369 2517 1392 2540 in
1408 2515 1614 2548 {Egyptttjall‘ctn
1627 2517 1732 2548 excepit,
1746 2522 1789 2548 an-

999 2555 1056 2573 num
1068 2546 1156 2581 agebat
1167 2546 1216 2581 40;:
1231 2547 1290 2581 vixit
1300 2551 1382 2581 autem
1391 2553 1466 2581 annos
1480 2546 1531 2570 HO.
1543 2551 1558 2570 Α
1572 2546 1788 2581 promissigiterigi-

998 2584 1037 2605 tur
1049 2576 1179 2603 Abrahamo
1191 2577 1249 2601 facta
1261 2577 1289 2600 ad
1301 2577 1397 2607 Josephi
1410 2580 1511 2600 mortem
1524 2576 1580 2600 anui
1598 2580 1654 2600 sunt
1665 2576 1718 2600 2’85.
1733 2578 1790 2601 Itinc

997 2611 1026 2634 ad
1036 2615 1114 2635 ortum
1126 2610 1194 2634 alosis
1204 2608 1257 2631 anni
1269 2608 1308 2632 75.
1320 2611 1394 2632 Moses
1413 2613 1500 2630 annum
1512 2607 1601 2638 agebat
1613 2608 1788 2638 octogesimum

997 2641 1022 2666 in
1034 2641 1101 2666 exitu
1114 2646 1146 2664 ex
1159 2639 1268 2669 Egypw.
1280 2638 1426 2669 Colliguntur
1438 2644 1519 2668 ergoa
1536 2638 1692 2669 promissione
1705 2638 1733 2660 ad
1747 2639 1788 2661 mi-

997 2648 1022 2666 ιιι
1034 2646 1101 2666 exitu
1114 2646 1146 2664 ex
1159 2646 1268 2693 {Lg/zEpw.
1280 2646 1426 2673 Loutgttntllr
1438 2646 1498 2668 ergo
1506 2646 1519 2661 ιι
1536 2646 1692 2672 prottuss'tuue
1705 2646 1733 2660 au
1747 2646 1788 2661 tm-

996 2672 1132 2702 grationeut
1146 2677 1177 2694 ex
1209 2673 1295 2702 'gyotro
1305 2675 1359 2693 aunt
1377 2669 1431 2702 450ἰ
1445 2671 1498 2692 ιιίιιο
1511 2672 1628 2692 I'etartns.
1639 2667 1733 2702 ﬂerunt
1743 2668 1789 2692 4w

995 2698 1051 2727 Enni
1063 2698 1260 2732 eolligunturf'si
1278 2699 1474 2732 benecalcnlum
1495 2705 1583 2732 ponas;
1602 2698 1644 2732 sed
1665 2700 1720 2729 quia
1741 2704 1787 2722 non

996 2734 1094 2758 omnino
1102 2728 1196 2756 eErlum
1209 2728 1255 2760 est,
1276 2737 1324 2760 quo
1333 2730 1387 2754 vitat
1400 2728 1522 2754 Abrahami
1541 2736 1604 2753 anno
1617 2728 1658 2752 ille
1670 2728 1787 2754 annorum

996 2769 1112 2788 numerus
1123 2763 1154 2786 sit
1171 2761 1331 2793 incipiendus,
1343 2761 1400 2786 satis
1417 2761 1493 2785 eritsi
1514 2766 1631 2784 armorum
1642 2765 1734 2784 summa
1743 2761 1787 2784 ctrv

996 2795 1058 2819 citer
1067 2797 1191 2818 statuatur.
