2055 3123
241 97 290 128 διτ

242 158 323 189 utque
343 153 423 180 etiam
446 160 478 179 cx
502 152 635 187 przetliclis
656 152 771 179 vicissim
795 151 897 178 ﬁrmant
923 151 1033 178 haberet

243 199 322 226 ﬁdem
334 219 342 230 ,
356 206 466 225 necesse
480 205 539 225 esse
550 198 605 232 jam
620 199 674 225 ﬁeri
689 198 758 233 quod
771 197 803 224 de
816 205 848 224 eu
867 197 965 224 dieltttn
980 197 1034 224 tne-

243 247 293 270 rat.
317 243 424 274 Postea,
451 243 494 270 ttbi
518 243 661 277 complevit
687 243 903 277 praedictionem,
932 243 1034 274 accepit

243 289 320 316 ctiam
336 289 379 315 ille
394 290 496 323 signum
512 289 636 315 idoneum
657 296 748 315 eorum
763 296 823 323 qua:
846 288 894 322 ipsi
915 287 1003 321 conlig
1020 299 1033 307 ο

242 339 313 361 runt.
330 334 371 360 i7.
390 333 526 368 Postquam
546 334 593 369 fuit
606 334 645 360 sol
658 334 691 360 ad
713 341 840 366 occasum,
857 333 951 368 inquit,
967 334 1035 366 picta

242 385 277 406 est
303 381 417 414 ﬂantum,
440 386 461 406 et
484 388 539 406 ecca
557 379 671 406 clibanus
694 379 832 414 funtiguns,
858 383 880 404 ct
904 377 1035 412 lampades

242 425 317 458 ignis,
332 433 389 458 quae
402 425 553 452 transierunt
566 425 630 451 inter
645 423 778 450 divisiones
792 424 861 450 illus.
884 423 915 450 Et
930 423 1036 450 ﬂamma

244 474 271 498 et
283 470 404 498 clibanus
418 474 445 497 et
465 470 599 506 lampades
616 469 856 504 conspiciebantur,
882 474 910 495 ut
932 467 1035 502 signum

245 517 314 544 hale
328 521 355 544 et
374 518 461 551 justus
478 517 622 543 iirntiorum
643 515 783 543 fmderum.
805 520 832 542 ct
851 514 980 542 adventus
996 513 1036 540 di-

244 568 312 588 vme
335 562 507 597 operationis.
533 562 661 596 Denique,
685 566 824 596 postquam
849 560 982 594 completa
1008 563 1036 586 et

245 606 334 641 pertire
346 614 362 634 ι
375 611 435 633 sunt
454 607 553 638 omnia,
578 610 716 641 postquam
737 605 804 639 ignis
823 605 957 640 proposita
973 611 1036 631 con-

245 657 404 686 sumpserat,
429 652 469 679 l8.
488 652 628 685 Disposuit,
646 652 740 686 inquit,
756 650 881 676 Dominus
894 650 920 676 in
932 650 973 676 die
991 650 1036 676 illo

247 698 320 724 Abra:
341 703 515 724 leuamentum
539 698 624 724 dicen:
646 704 656 725 ε
675 697 773 724 Semini
796 702 837 723 tuo
860 696 924 722 dubo
945 701 1037 722 terram

245 746 320 778 hanc,
334 754 349 771 η
361 746 438 780 ﬂuvio
452 745 560 780 [Egi/pii
573 753 649 779 usque
671 745 705 771 ad
723 744 828 779 fluuium
844 752 963 779 magnum
982 743 1033 770 Eu-

246 791 369 824 phratem,
385 790 429 817 li).
443 791 551 824 (ζὶιιωοε,
565 795 587 816 et
601 789 742 822 Genaunos,
761 794 785 816 et
804 788 975 818 Cedmonwas,
988 788 1036 816 20.

246 839 269 862 et
282 835 413 866 C/te'twos.
427 841 451 863 et
467 836 627 869 Pheraeos,
642 841 665 863 ιιι
680 837 815 871 Raplmim.
828 840 850 862 et
866 835 1034 867 Aman/tam,

245 886 270 907 at
285 881 451 914 Chananeus,
471 886 494 907 et
514 881 612 912 Eumer,
635 886 657 908 et
679 881 833 916 (ingemas,
855 885 879 908 et
895 881 1035 908 Jebusam.

248 925 313 952 \‘itle
326 926 460 960 quomodo
472 926 557 954 adhuc
573 931 734 961 perseverat,
758 932 786 953 ttt
802 927 942 954 cuntirmet
961 933 1035 952 suam

247 969 273 996 itt
289 970 360 996 illum
377 971 588 1004 promissionem.
607 971 735 1006 Disposuit
748 972 830 1003 enim,
848 971 941 1006 inquit,
956 975 1033 997 testu-

246 1020 358 1041 nmtlum
372 1015 458 1042 dicen:
471 1024 481 1042 :
496 1016 593 1042 Srmini
607 1021 649 1042 tuo
664 1017 729 1042 dabo
743 1021 836 1043 terram
850 1016 924 1042 hanc.
938 1015 1036 1042 Deinde

248 1064 276 1086 ut
284 1067 315 1087 ex
326 1061 462 1088 latitudine
471 1065 557 1090 teme,
570 1066 596 1088 et
607 1061 676 1095 attth
690 1061 780 1088 tudine
789 1062 959 1088 terminorutn
969 1062 1037 1089 reire

249 1105 332 1138 possit
342 1105 428 1138 justus
441 1111 567 1140 quantum
580 1106 738 1133 extendetur
750 1106 807 1140 ejus
818 1114 919 1137 semen,
932 1106 1016 1140 inquit
1029 1115 1035 1132 :

247 1148 269 1174 Α
282 1149 386 1183 ﬂumine
399 1149 507 1184 {Egypli
521 1158 597 1183 usque
610 1150 644 1176 ad
655 1151 749 1184 ﬂumen
765 1151 919 1185 Euphratem
935 1155 1035 1177 tantum

248 1193 299 1220 erit
313 1201 403 1221 semen
418 1200 500 1222 tuum.
517 1195 654 1228 Perpende
667 1195 800 1230 quomodo
815 1196 948 1230 ingentem
963 1203 1035 1222 sem-

248 1246 296 1272 per
313 1239 506 1266 multitudinem
523 1240 557 1266 illi
573 1240 709 1267 declarare
731 1240 805 1267 velit.
821 1239 948 1273 Superius
963 1241 1034 1267 ettitn

247 1283 324 1314 dixil,
339 1292 367 1312 se
380 1284 448 1311 sicut
461 1284 680 1311 innumerabilem
694 1285 831 1311 stellarum
848 1293 988 1311 numerum
1003 1285 1034 1311 il-

248 1327 299 1354 lam
315 1327 444 1356 facturum
458 1336 518 1357 esse
533 1338 539 1356 :
555 1329 597 1356 hic
613 1334 640 1355 et
663 1329 801 1356 latitudine
816 1329 907 1356 ﬁnium
923 1330 1035 1364 itlipsum

247 1373 372 1404 declarat.
396 1379 424 1401 ut
443 1379 470 1401 et
491 1374 552 1402 huc
573 1375 666 1408 discat,
689 1383 769 1409 quam
792 1382 821 1402 se
840 1375 980 1402 dilatatura
1003 1375 1037 1402 sit

247 1419 388 1446 multitudo
402 1420 496 1446 futura.
510 1420 599 1454 Neque
613 1420 663 1447 hoc
678 1421 773 1450 salum.
789 1421 834 1447 sed
847 1425 871 1446 et
887 1421 1036 1454 specialiter

246 1464 365 1498 gentium
377 1466 539 1492 mentionem
557 1465 628 1496 tat-it,
644 1472 755 1499 quarum
777 1466 971 1498 passi-ssinncm
994 1473 1036 1492 se-

249 1508 311 1534 mini
327 1509 385 1542 ejus
407 1511 440 1535 sit
463 1510 581 1540 daturus,
603 1514 631 1535 ιιι
645 1518 676 1536 ex
691 1509 732 1536 bis
753 1510 876 1536 omnibus
895 1511 928 1537 tle
948 1519 1034 1538 rerum

247 1558 345 1580 eventu
358 1561 467 1581 securus
481 1554 636 1582 redderetur
648 1555 741 1590 justus.
759 1556 789 1582 Et
803 1563 864 1583 cum
880 1561 958 1583 ιςιηῌ·
974 1565 1034 1590 pro-

250 1600 390 1627 tnissiones
403 1605 492 1627 essent
503 1600 589 1633 l'acttc,
604 1601 689 1628 adhuc
700 1603 795 1628 mansit
808 1602 872 1629 Sara
888 1607 912 1629 :t
930 1603 995 1635 rllis,
1008 1607 1037 1630 et

249 1649 372 1671 senectus
385 1654 475 1672 eorum
497 1646 658 1680 augebatur;
681 1651 709 1674 ut
730 1654 791 1674 cum
814 1649 955 1674 maximum
976 1647 1035 1675 ﬁdei

247 1696 301 1716 sum
314 1690 418 1724 signum
435 1691 493 1717 etlitl
506 1696 589 1720 ssent.
605 1696 665 1717 tunc
685 1691 780 1718 scirent
802 1697 829 1718 et
851 1693 971 1719 ltumauze
987 1701 1035 1719 tta-

249 1739 315 1760 turtn
329 1735 518 1767 inﬁrmitatem,
534 1741 558 1762 et
578 1736 674 1762 divina:
689 1737 793 1763 virtutis
815 1737 1034 1771 magnitudinem.

284 1778 390 1805 Muralis
402 1780 561 1812 exhortatio;
576 1781 662 1815 gulam
676 1786 698 1807 et
712 1781 843 1814 crapulam
864 1783 991 1816 pro/ligat.
1001 1797 1037 1802 —

247 1822 346 1850 Verum
360 1831 392 1850 ne
406 1824 500 1851 iterum
516 1825 649 1859 aliquanto
663 1826 765 1860 longius
776 1834 926 1853 sermonem
940 1832 1035 1854 exten—

247 1866 351 1900 damus,
369 1868 409 1894 hic
424 1868 502 1896 linem
516 1868 638 1904 loquendi
659 1870 786 1897 faciamus
805 1880 811 1896 ί
830 1879 878 1898 vos
892 1872 1035 1899 obsecran-

247 1917 287 1939 tes
303 1918 329 1940 ιιι
345 1914 489 1941 imitatores
503 1915 560 1941 sitis
575 1915 652 1950 hujus
666 1916 830 1950 patriarchte.
846 1917 936 1951 Cogita
951 1918 1033 1951 enim,

246 1957 353 1990 dilecte,
369 1959 501 1994 quomodo
522 1965 629 1994 propter
648 1962 726 1988 verba
747 1961 791 1988 illa
812 1969 870 1996 quae
892 1962 924 1988 ad
946 1970 1034 1997 regem

247 2004 424 2032 Sodomorum
439 2005 560 2039 iaciebat,
580 2007 634 2033 into
653 2012 678 2033 et
700 2012 807 2041 propter
821 2008 943 2034 virtutem
958 2009 1037 2035 aliam

247 2057 364 2080 omnem,
385 2058 464 2084 quam
484 2059 530 2084 per
548 2059 655 2078 omnem
678 2052 757 2078 vitam
783 2060 858 2078 suam
881 2053 1035 2085 declaravit,

247 2098 318 2121 tanta
334 2095 455 2122 mercede
469 2103 529 2122 cum
544 2096 667 2130 dignatus
688 2097 732 2128 sit,
754 2101 781 2123 et
795 2102 892 2130 quanta
913 2097 1036 2124 humani-

248 2143 300 2166 tate
315 2148 344 2166 se
357 2139 390 2167 ad
404 2148 464 2167 eum
480 2141 721 2168 accommodaverit
737 2141 815 2173 Dens,
832 2143 975 2169 ostendens
989 2151 1037 2178 per

248 2191 289 2214 ea,
304 2192 363 2219 quas
377 2186 402 2211 in
422 2187 596 2218 patriarcham
612 2187 732 2218 contulit,
754 2187 831 2213 nobis
846 2187 968 2213 omnibtts
982 2195 1036 2215 sua:

248 2229 315 2256 liber
324 2229 413 2257 ditatis
426 2231 640 2263 itntuensitatcm.
653 2237 678 2258 et
688 2240 717 2259 se
728 2232 770 2258 vel
784 2233 898 2259 minimis
912 2234 1036 2267 operibus

247 2279 430 2309 provocatum,
448 2283 495 2302 nos
508 2276 606 2311 absque
620 2284 693 2304 mora
707 2277 808 2310 magnis
822 2276 897 2304 donis
912 2285 1036 2306 remune-

247 2320 309 2352 ται-ί,
325 2320 346 2346 si
363 2321 491 2347 sinceram
515 2320 602 2353 tidctn,
625 2321 691 2348 sicut
706 2321 750 2348 ille
764 2321 862 2355 justus,
882 2322 1036 2352 exhibueri-

247 2374 316 2399 mus,
335 2371 363 2394 ct.
386 2375 529 2402 numquam
555 2371 643 2394 mente
664 2367 888 2399 ilttctuaverimus,
906 2368 951 2395 setl
972 2376 1037 2395 cono

246 2415 359 2438 stantem
373 2417 401 2439 et
416 2412 518 2439 firmam
536 2412 608 2439 illam
633 2412 811 2440 habuerimus.
831 2413 896 2441 llinc
919 2416 989 2446 enim
1010 2420 1036 2442 et

246 2456 292 2483 ille
312 2457 491 2484 celebritatem
515 2458 670 2492 laudemque
691 2464 870 2493 consequutus
891 2464 942 2487 est.
967 2461 1035 2487 Audi

247 2502 326 2535 igitur
341 2503 444 2529 beatum
457 2503 565 2530 Paulum
580 2504 766 2538 prtetlicantcm
779 2505 836 2539 ejus
853 2505 942 2538 Iidem,
956 2513 1034 2540 quam

245 2547 280 2573 ab
295 2548 369 2574 initio
382 2548 497 2575 ostendit
512 2557 519 2575 ε
533 2549 595 2575 dicit
609 2550 680 2576 enim
697 2559 703 2575 τ
721 2549 785 2576 Fide
809 2555 910 2576 vocatus
930 2551 1033 2584 Abram,

245 2591 351 2620 obcdt'vit
372 2598 397 2619 ut
416 2595 493 2620 exiret
508 2594 533 2620 in
548 2592 640 2626 locum,
662 2603 734 2629 quem
756 2602 905 2630 uctepturu:
926 2601 988 2627 erat,
1010 2602 1034 2623 ct

246 2637 319 2662 exivit
333 2637 452 2672 ignaram
465 2647 512 2673 qua
528 2640 572 2665 iret
588 2639 677 2673 (Hebr.
699 2641 737 2667 ll.
753 2641 780 2675 8)
800 2650 806 2667 :
823 2641 884 2667 illttd
901 2641 977 2668 nobis
992 2641 1035 2669 in~~

245 2679 364 2712 sinuatis,
380 2682 448 2716 quod
463 2691 476 2708 a
492 2683 545 2710 Deo
564 2684 664 2711 dictum
677 2689 717 2711 est
736 2694 742 2711 ε
766 2685 892 2720 Egretltre
914 2686 945 2712 de
966 2690 1033 2713 terra

245 2729 298 2757 tua,
313 2730 336 2752 et
349 2727 402 2752 ueni
415 2727 440 2753 in
453 2732 554 2759 terram,
570 2737 644 2763 quam
659 2737 828 2757 "tonui-onero
840 2730 883 2756 tibi
896 2729 971 2765 (Gen.
988 2730 1030 2757 12.

247 2770 283 2806 ε).
300 2771 392 2799 Vidisti
411 2773 487 2800 (idem
504 2774 625 2801 ﬁrmant?
640 2775 726 2802 vidisti
747 2780 861 2802 mentem
881 2775 1032 2803 sincerant?

608 97 636 124 S.
656 96 792 124 JOANNIS
812 93 1043 123 CllllYSOSTOMl
1062 93 1219 122 ARClllEl'.
1240 93 1504 123 CONSTANTINUP.

1829 98 1881 126 548

1089 149 1165 178 llunc
1184 155 1211 176 et
1226 157 1274 176 ttos
1287 150 1430 184 imitentur,
1446 156 1474 179 et
1488 150 1658 186 egredimur
1674 157 1764 180 mente
1782 158 1809 180 et
1825 155 1879 180 ala-

1087 195 1203 222 critatea
1218 195 1357 230 praesentis
1370 195 1429 222 vine
1443 196 1566 230 negotiis,
1577 203 1722 232 eamusque
1734 198 1760 225 in
1774 199 1883 227 malum.

1089 239 1218 266 Possibile
1232 239 1302 266 enim
1318 244 1368 272 cst,
1383 241 1405 266 si
1419 240 1590 272 voluerimus,
1604 246 1632 268 et
1645 242 1699 276 jam
1713 241 1757 269 hic
1769 251 1877 270 versan-

1088 289 1127 311 tes
1146 284 1189 311 illa
1212 292 1322 320 pergere
1344 285 1396 316 via.
1419 285 1526 320 quando
1544 285 1622 321 digna
1641 287 1713 314 caulis
1727 295 1880 321 operemur,

1087 329 1194 364 quando
1212 338 1264 357 non
1285 331 1444 364 suspicimus
1461 339 1492 358 ea
1513 339 1572 366 qute
1593 336 1656 359 sunt
1677 333 1756 367 hujus
1778 334 1881 367 mttndi,

1088 375 1193 410 quando
1209 384 1261 402 tton
1281 377 1393 411 gloriam
1417 385 1511 404 vanam
1533 377 1612 412 hujus
1627 379 1687 405 vita:
1712 379 1880 414 inquirimus,

1087 420 1134 447 sed
1149 421 1198 448 hac
1208 427 1369 456 contetttpta,
1382 422 1454 449 illam
1466 422 1621 450 desiderare
1632 423 1780 458 studemus,
1793 432 1882 453 veram

1089 465 1158 492 illam
1172 466 1232 493 dico
1244 471 1271 493 ct
1284 474 1390 502 semper
1404 473 1573 500 manentem;
1587 469 1695 503 quando
1709 477 1762 496 non
1777 471 1803 497 in
1820 471 1882 498 luxu

1088 511 1201 538 vostium
1213 513 1333 546 occupati
1348 520 1449 546 sumus,
1464 521 1552 548 neque
1566 521 1663 549 carpus
1683 524 1778 543 ornare
1793 517 1883 544 stude-

1088 564 1158 590 mus,
1173 557 1218 584 sed
1233 565 1340 584 ontnem
1361 558 1434 585 illum
1455 564 1594 586 externum
1614 560 1714 587 cultum
1738 560 1763 587 in
1785 562 1883 589 anima:

1089 602 1272 629 transierimus
1284 610 1386 636 curam,
1407 607 1435 630 et
1454 611 1506 630 non
1528 604 1687 631 dimittimus
1699 613 1758 632 eam
1783 606 1881 633 nttdam

1088 651 1115 672 et
1130 647 1268 681 spoliatam
1291 647 1452 675 indumentis
1475 649 1618 682 virtutum;
1640 650 1748 684 quando
1767 650 1883 677 ridemus

1088 691 1207 726 delicias,
1219 693 1324 727 quando
1337 694 1427 729 gulam
1441 697 1468 721 et
1481 694 1617 728 crapulam
1637 695 1760 729 fugimus,
1775 697 1882 730 quando

1089 743 1142 763 non
1163 738 1286 765 convivia
1310 743 1337 766 et
1355 746 1446 766 uenas
1469 743 1614 770 sectamur,
1634 739 1681 766 sed
1706 740 1881 775 frugalitatem

1089 790 1240 814 servamus.
1269 785 1415 812 secundum
1441 785 1616 818 apostolicam
1639 785 1848 814 adm0ttitiouem
1874 798 1881 815 :

1091 827 1216 855 [labentes
1238 830 1329 856 rictum
1349 836 1372 856 et
1395 830 1578 860 indumentum.
1600 831 1638 856 his
1660 821 1769 858 contenti
1791 833 1883 859 erimus

1089 873 1126 909 (l.
1146 873 1210 900 Tim.
1225 875 1251 900 6.
1273 873 1312 910 S).
1326 875 1390 908 Qum-
1404 875 1475 902 enim
1497 875 1596 901 utilitas
1614 875 1819 910 superﬂuorutn,
1840 878 1882 905 die

1089 919 1165 950 mihi.
1181 924 1209 946 ιιι
1222 925 1342 947 ventrem
1357 920 1492 947 distendas
1512 928 1566 954 pne
1587 921 1665 947 nimia
1687 923 1841 955 voracitate,
1857 929 1882 950 t-t

1089 965 1185 992 mentis
1205 965 1334 998 judicium
1357 965 1480 992 tlestruas
1503 973 1557 999 pra:
1579 965 1718 993 intmodica
1733 967 1786 994 vini
1806 973 1883 1002 pota.

1089 1010 1180 1037 tione?
1193 1018 1281 1037 annmt
1296 1010 1357 1037 inde
1369 1011 1488 1045 corporis
1501 1015 1529 1037 et
1543 1012 1637 1038 animo:
1653 1011 1720 1038 mala
1737 1019 1883 1040 nascuntur

1086 1056 1197 1083 omnia?
1213 1057 1287 1083 Unde
1309 1057 1382 1083 enim
1403 1057 1563 1090 multiplices
1588 1057 1638 1083 illa:
1661 1058 1835 1092 :rgritutlincs
1856 1065 1882 1086 ct

1089 1101 1208 1128 membra
1221 1102 1352 1128 distorta?
1370 1101 1464 1128 Nonne
1486 1101 1547 1128 hinc
1567 1102 1637 1136 quod
1655 1102 1712 1136 plus
1734 1111 1813 1137 quant
1836 1111 1883 1138 par

1089 1147 1132 1178 sit,
1152 1151 1271 1174 ventrem
1287 1147 1414 1174 oneribus
1432 1147 1590 1181 gratemus?
1606 1146 1681 1174 Unde
1696 1154 1784 1174 autent
1805 1150 1883 1176 adul-

1088 1193 1165 1225 teria,
1181 1196 1283 1226 stupra,
1295 1192 1404 1226 rapinae,
1413 1200 1553 1218 avarorum
1562 1193 1676 1226 fraudes,
1688 1193 1786 1225 cades,
1802 1195 1883 1220 latro-

1087 1237 1167 1268 cinia,
1183 1241 1210 1263 et
1233 1237 1320 1263 omnis
1339 1237 1434 1264 anima:
1455 1237 1609 1272 corruptio?
1627 1237 1720 1265 Nonne
1742 1239 1802 1273 quia
1825 1239 1882 1273 plus

1087 1281 1300 1314 concupiscimus
1311 1289 1390 1315 quant
1403 1281 1479 1307 nobis
1490 1281 1630 1315 congruit?
1643 1282 1718 1309 Sicut
1728 1284 1799 1309 enim
1814 1283 1882 1309 Pau-

1089 1325 1129 1352 lus
1146 1326 1260 1352 radicetn
1275 1326 1394 1352 omnium
1409 1326 1538 1353 malorum
1560 1327 1698 1354 avaritiam
1720 1328 1824 1355 vocavit
1841 1329 1880 1362 (l.

1088 1371 1154 1397 Tim.
1172 1371 1260 1405 6.10)
1285 1380 1291 1397 :
1314 1371 1353 1398 sic
1373 1379 1425 1398 non
1446 1372 1608 1398 aberravcrit
1634 1372 1704 1406 quis,
1733 1373 1756 1398 si
1783 1373 1878 1401 tentent

1088 1417 1206 1443 omnium
1217 1417 1349 1443 malorum
1360 1416 1431 1443 dicat
1444 1417 1704 1450 immoderationem,
1715 1423 1743 1444 et
1754 1419 1881 1452 cupidita-

1088 1466 1141 1488 tctn
1157 1462 1228 1488 illam
1241 1470 1316 1488 usum
1327 1463 1536 1496 transgrediendi
1546 1463 1704 1490 omnibusin
1715 1463 1803 1490 rebus.
1817 1464 1880 1491 Nam

1088 1506 1110 1532 si
1125 1507 1252 1534 vellemus
1266 1507 1291 1532 itt
1306 1507 1452 1539 alimentis,
1468 1512 1493 1533 et
1509 1507 1637 1540 vestibus,
1652 1512 1679 1534 et
1695 1508 1837 1535 domiciliis
1855 1513 1880 1536 ct

1088 1551 1147 1578 aliis
1159 1552 1344 1586 corporalibus
1359 1552 1461 1579 cunctis
1477 1552 1565 1578 usibus
1580 1553 1644 1580 niltil
1663 1553 1804 1580 immodice
1816 1562 1879 1580 cott-

1087 1597 1241 1630 cupiseere.
1266 1597 1312 1623 sed
1334 1597 1485 1624 necessaria
1510 1602 1610 1623 tantum
1636 1605 1766 1632 qua-rere,
1793 1599 1880 1626 multis

1087 1642 1192 1669 damnis
1207 1642 1365 1669 liberaretur
1380 1642 1524 1670 humanum
1537 1650 1630 1677 genus.

1123 1687 1149 1714 5.
1170 1686 1269 1713 Verum
1286 1688 1374 1714 neseio
1392 1688 1435 1721 qui
1453 1687 1505 1719 ﬁat,
1527 1693 1555 1713 ut
1571 1695 1663 1714 omnes
1677 1693 1703 1715 et
1717 1688 1813 1723 singuli
1835 1697 1879 1723 pro

1088 1732 1143 1758 suis
1166 1733 1266 1758 viribus
1288 1734 1407 1759 avarttite
1431 1733 1524 1759 morbo
1546 1733 1712 1767 laboremus,
1736 1743 1879 1769 numquam

1088 1777 1220 1804 enitentes
1231 1782 1260 1804 ut
1275 1778 1342 1804 intra
1357 1779 1524 1805 necessitatis
1539 1786 1692 1805 maneamus
1711 1780 1817 1813 limites,
1834 1782 1878 1807 sed

1090 1823 1166 1857 plane
1180 1828 1271 1850 contra
1286 1824 1459 1858 apostolicum
1472 1824 1635 1856 mandatum,
1650 1825 1720 1859 quod
1733 1826 1809 1857 dicit,
1828 1826 1880 1852 ΙΙιι-

1089 1869 1171 1894 beulrs
1186 1868 1275 1894 victum
1291 1874 1314 1894 et
1329 1869 1458 1900 amictum,
1474 1870 1513 1895 his
1527 1870 1636 1895 cott'enli
1651 1872 1744 1896 erimus
1759 1871 1795 1904 (Ι.
1813 1871 1880 1899 Tim.

1089 1914 1115 1941 6.
1130 1914 1169 1949 8),
1181 1914 1268 1940 omnia
1280 1913 1400 1946 facimus,
1414 1915 1562 1942 nescientes
1575 1923 1622 1941 nos
1635 1915 1667 1942 de
1681 1917 1806 1943 omnibus
1821 1926 1880 1952 qu.e

1089 1961 1155 1986 ttltra
1167 1967 1242 1986 tlsum
1254 1964 1372 1986 nostrqu
1383 1965 1454 1993 sunt,
1469 1961 1596 1988 rationem
1609 1962 1716 1989 daturos
1726 1970 1796 1994 esse,
1810 1964 1878 1998 quod

1088 2005 1161 2032 alui
1173 2006 1257 2032 simus
1275 2005 1371 2032 divinis
1382 2006 1546 2032 muneribus.
1568 2006 1624 2032 Non
1641 2007 1712 2033 enim
1733 2007 1789 2034 htt-c
1805 2009 1879 2036 nobis

1089 2051 1220 2076 concessit
1234 2054 1261 2076 ttt
1276 2058 1324 2076 nos
1336 2055 1437 2077 tantum
1452 2051 1491 2077 eis
1503 2055 1607 2078 utantur
1624 2060 1631 2078 :
1647 2052 1694 2078 sed
1709 2058 1734 2078 et
1749 2058 1776 2078 ut
1790 2054 1878 2086 proxi-

1089 2104 1191 2122 tnorttm
1215 2096 1384 2130 indigentiam
1407 2095 1586 2123 subleventus.
1603 2097 1678 2130 Quali
1702 2097 1780 2132 igitur
1804 2100 1878 2124 venia

1068 2127 1212 2175 .dignatttli
1227 2145 1299 2172 suttt,
1314 2141 1357 2174 qui
1373 2145 1399 2167 cl
1414 2141 1437 2167 in
1457 2142 1622 2167 vestimentis
1644 2141 1753 2168 multam
1777 2143 1847 2168 vanit
1858 2157 1881 2163 η-

1089 2191 1142 2213 tettt
1157 2191 1300 2219 ostentant,
1314 2191 1340 2212 et
1361 2191 1388 2212 ut
1412 2187 1539 2213 vermium
1555 2191 1674 2213 texturas
1693 2193 1808 2220 gestent.
1827 2187 1879 2213 sol-

1089 2231 1152 2258 liciti
1168 2236 1240 2263 sunt,
1256 2232 1378 2266 quodque
1394 2231 1590 2266 gravissimum,
1606 2232 1631 2258 itt
1643 2231 1685 2258 his
1700 2233 1876 2265 superbiant:

1088 2283 1154 2311 quos
1167 2277 1307 2310 oportebat
1320 2277 1427 2309 rubere,
1439 2281 1519 2307 metu.
1531 2283 1562 2304 ac
1574 2281 1690 2304 tremore
1703 2278 1798 2308 lcncri,
1809 2278 1878 2312 quod
1886 2284 1892 2289 '

1089 2322 1137 2356 ipsi
1152 2323 1257 2356 quidem
1278 2323 1312 2349 ob
1332 2323 1430 2348 nullam
1453 2323 1604 2354 utilitatem,
1627 2330 1714 2356 neque
1737 2325 1877 2350 ttecchat-ii

1089 2375 1151 2394 usus
1163 2367 1262 2402 gratia;
1277 2367 1323 2394 sed
1338 2371 1439 2394 tantum
1455 2367 1489 2394 ob
1503 2368 1645 2394 vanitatem
1661 2373 1686 2394 et
1701 2367 1806 2394 inanem
1820 2369 1879 2403 glo—

1089 2414 1165 2442 riam.
1178 2416 1204 2439 et
1218 2417 1247 2438 ut
1262 2413 1339 2446 vulgo
1352 2420 1383 2438 ac
1401 2412 1549 2439 forensibus
1569 2412 1737 2438 admirationi
1756 2413 1819 2442 sint.
1843 2419 1880 2438 la-

1087 2457 1156 2483 .'ibus
1171 2457 1329 2484 induantur:
1346 2457 1407 2486 dum
1417 2458 1536 2491 ejusdem
1552 2463 1652 2484 natura:
1664 2465 1775 2484 consors
1789 2458 1877 2484 obam—

1088 2503 1161 2530 bulat
1176 2503 1273 2536 nudus,
1289 2506 1332 2537 qui
1349 2510 1435 2537 neque
1452 2503 1616 2530 crassissima
1632 2508 1706 2530 veste
1721 2503 1830 2529 anticite
1850 2512 1878 2529 se

1088 2554 1173 2583 potest
1188 2557 1196 2576 :
1210 2554 1236 2576 et
1251 2556 1338 2584 neque
1351 2554 1443 2576 natura
1456 2549 1488 2575 ad
1503 2549 1762 2575 cotumiseratiouem
1779 2549 1876 2575 ducun-

1087 2599 1140 2625 tur,
1157 2602 1242 2629 neque
1257 2593 1421 2621 conscientia
1436 2594 1469 2620 ad
1484 2593 1668 2628 opitulandum
1690 2593 1812 2626 proximo
1833 2601 1879 2619 cus

1086 2639 1179 2667 incitat
1195 2649 1201 2666 :
1218 2648 1304 2674 neque
1325 2641 1451 2667 memoria
1471 2639 1596 2667 horrendi
1618 2639 1688 2666 illius
1707 2640 1771 2672 diei,
1794 2647 1879 2673 nepte

1085 2685 1215 2720 gehennae
1229 2686 1316 2718 timor,
1332 2693 1418 2720 neque
1433 2685 1638 2720 pronttssionum
1653 2683 1820 2718 magnitudo.
1833 2691 1877 2710 tte-

1085 2739 1137 2766 qttc
1151 2731 1220 2758 istud
1235 2731 1331 2766 ipsum,
1347 2730 1417 2766 quod
1431 2731 1580 2758 communis
1597 2730 1723 2757 Dominus
1745 2734 1837 2757 noster
1850 2734 1875 2756 ut

1090 2776 1138 2803 sibi
1153 2776 1221 2803 facta
1237 2780 1417 2812 usurpatqtnn
1433 2776 1562 2813 prmintis
1577 2776 1641 2803 liuttt
1657 2784 1662 2801 :
1683 2775 1730 2802 scd
1745 2776 1818 2811 quasi
1838 2775 1873 2802 lae
