2055 3123
170 145 223 174 ῗιηὲίὶ

169 213 218 241 ρας
231 204 347 239 ἐκείνης,
363 202 425 230 οὔτε
435 204 483 239 τῆς
498 203 611 238 γεέννης
622 203 637 229 ὁ
652 201 733 237 φόϐος
746 222 753 234 ,
773 201 834 228 οὗτε
846 200 900 228 τῶν
923 201 1008 233 ἐπαγ-

169 248 269 284 γελιῶν
284 248 314 274 τὸ
327 247 441 284 μέγεθος
453 268 461 281 ,
479 246 541 273 οὒτε
553 247 584 273 τὸ
595 246 676 273 αὑτὸν
693 246 738 272 τὸν
754 245 842 272 κοινὸν
858 244 937 280 ἡμῶν
959 245 1004 271 Δε-

166 292 269 328 σπότην
279 292 405 319 ἁπάντων
414 290 579 318 οἰκειοῦσθαι
593 290 627 317 τὰ
640 290 680 321 εἰς
694 290 758 320 τοὺς
771 289 913 323 ὁμογενεῖς
936 296 980 321 γιν
990 298 1003 312 ι-

166 345 235 372 μενα
246 343 253 350 ·
264 336 333 363 ἀλλὰ
345 335 472 371 καθάπερ
489 334 593 370 λιθίνην
605 333 720 369 καρδίαν
740 332 859 368 ἔχοντες,
885 332 933 359 καὶ
956 331 1009 363 ἔξω

163 381 213 416 Ιτῆς
224 381 331 417 φύσεως
339 380 425 413 ὄντες,
435 379 506 407 οὕτω
517 379 658 413 νομίζουσι
668 377 761 404 λοιπὸν
773 377 870 412 διάτὴν
877 376 931 402 τῶν
944 377 1006 411 ίμα-

163 426 229 452 τίων
236 434 267 452 πε
271 424 380 461 ριεολὴν
388 425 434 451 καὶ
441 423 571 459 ἀνώτεροι
579 423 626 458 τῆς
634 421 806 457 ἀνθρωπίνης
812 421 846 455 φὺ
852 429 919 451 σεως
926 419 1005 451 εἶναι,

164 472 214 496 οὑκ
221 468 371 500 ἐννοοῦντες
379 469 448 495 ὅσων
454 467 621 498 ὑπευθύνους
627 467 740 498 ἑαυτοὺς
747 465 901 496 καθιστᾶσι,
913 464 1006 496 κακῶς

164 513 369 548 οἰκονομοῦντες
379 513 413 540 τὰ
421 511 496 548 παρά
502 511 548 538 τοῦ
565 511 700 538 Δεσπότου
712 510 801 542 αὐτοῖς
814 509 1006 545 ἐμπιστευθέν-

165 566 210 590 τα,
217 557 263 584 καὶ
270 557 300 583 οὺ
309 556 463 592 βουλόμενοι
472 557 527 587 τοῖς
534 554 774 586 συνδούλοιςδιδόνα
780 563 787 580 ι
794 563 817 581 τι
827 554 908 590 μέρος
916 560 939 585 ιι,
948 553 1004 580 ἀλλ’

165 599 250 635 ήδέως
256 599 370 634 ἀφέντες
377 599 428 626 ὑπὸ
436 598 488 626 τῶν
497 598 586 634 σητῶν
592 597 661 624 αὑτὰ
669 597 922 628 καταναλίσκεσθαι,
930 596 978 630 δαιζ
985 605 1004 622 ιη

164 643 291 680 λέστερον
304 644 394 676 αὑτοῖς
405 643 436 670 τὸ
450 643 499 679 τῆς
512 644 623 678 γεέννης
638 642 694 678 πῦρ
712 643 761 678 ήδη
780 641 1004 677 προευτρεπίξου-

165 696 223 721 σιν;
236 689 267 715 El
282 688 336 724 γὰρ
353 688 400 714 καὶ
424 687 512 714 πάντα
533 687 565 714 τὰ
586 685 659 714 ἔνδον
679 686 846 721 ἀποκείμενα
866 685 1002 720 διένειμαν

164 732 219 763 τοῖς
236 731 372 766 δεομένοις
388 732 412 758 οἱ
430 730 618 763 πλουτοῦντες,
634 730 681 758 καὶ
692 729 778 761 οὑτως
790 731 839 756 οὑκ
850 730 883 757 ἂν
896 730 943 765 τὴν
955 730 1001 756 κό-

163 774 241 802 λασιν
255 775 381 810 διέφυγον
394 775 463 810 ὺπέρ
479 771 516 801 ὧν
528 774 683 809 τρυφῶντες
697 775 743 802 καὶ
757 775 785 800 ἐν
798 775 854 805 τοῖς
865 773 1000 808 ἐσθήμασι

163 819 210 845 καὶ
224 819 252 844 ἐν
264 820 324 850 ταῖς
340 818 478 845 ἑστιάσεσι
492 818 635 845 διετέλουν.
652 818 741 853 Πόσης
756 817 831 853 [58η
842 818 895 853 γὰρ
906 818 955 844 οὑκ
968 818 1001 844 ἂν

163 860 218 889 εἷεν
241 861 379 893 κολάσεως
398 861 468 893 ἄξιοι
490 862 514 888 οῐ
536 862 626 889 πάντα
640 863 740 897 τρόπον
756 860 951 893 σπουδάζοντες
967 861 1000 888 τά

164 906 214 941 μὲν
227 905 327 941 σηρικὰ
344 905 557 941 πριὸεὸλῆσθαι
577 905 708 936 πολλάκις
724 905 828 940 ἱμάτια,
845 905 891 931 καὶ
912 905 1000 932 σοδεῖν

163 950 209 976 ἐπὶ
225 950 275 985 τῆς
287 950 400 985 ἀγορᾶς,
416 949 508 977 καὶτὰ
523 949 572 985 μὲν
589 949 693 984 χρυσίῳ
710 948 907 983 καθυφασμένα
923 957 1002 984 περι-

162 993 280 1025 κεῖσθαι,
294 993 329 1020 τὰ
343 993 371 1019 δὲ
385 993 432 1020 καὶ
448 993 534 1025 ἄλλως
548 1001 606 1025 πως
628 993 811 1024 πεποικίλθαι,
826 993 871 1019 τὸν
889 993 917 1019 δὲ
934 992 1000 1028 Χρι-

163 1038 224 1064 στὸν
238 1038 367 1073 περιορᾷν
380 1037 492 1073 γυμνόν.
506 1038 552 1063 καὶ
567 1037 633 1072 μηδὲ
648 1037 697 1073 τῆς
708 1037 861 1071 ἀναγκαίας
873 1038 1000 1073 εὐπορεῖν

161 1081 281 1116 τροφῆς;
298 1081 424 1108 Μάλιστα
434 1081 488 1117 γάρ
506 1090 550 1117 μοι
565 1081 633 1116 πρὸς
647 1081 696 1113 τὰς
707 1083 837 1116 γυναῖκας
849 1078 928 1114 οὗτος
944 1082 976 1108 ἂν
985 1083 999 1109 ό

161 1126 238 1160 λόγος
259 1126 397 1161 ἁρμόσειε.
420 1125 534 1152 Πλείονα
555 1125 609 1161 γὰρ
629 1126 695 1161 παρ’
707 1126 802 1158 αὑταῖς
820 1126 893 1153 ἐστιν
909 1126 999 1162 εὑρεῖν

159 1171 209 1204 τὴν
224 1169 403 1205 φιλοκοσμίαν
417 1170 463 1196 καὶ
477 1169 526 1205 τὴν
542 1169 672 1202 ἀσωτίαν,
689 1170 735 1196 καὶ
750 1169 780 1196 τὸ
794 1169 862 1204 μετά
877 1170 932 1197 τῶν
943 1171 999 1197 δια-

161 1214 268 1250 χρύσων
284 1214 399 1249 ἱματίων
415 1215 462 1241 καὶ
475 1214 509 1240 τὰ
522 1214 622 1250 χρυσία
635 1214 704 1240 αὐτὰ
719 1214 891 1250 περικεῖσθαι
906 1215 951 1241 ἐπί
967 1223 996 1241 τε

159 1258 208 1293 τῆς
219 1257 350 1294 κεφαλῆς,
365 1258 411 1284 ἐπί
422 1267 451 1284 τε
462 1258 509 1284 τοῦ
523 1258 657 1294 τραχήλου
673 1258 720 1284 καὶ
731 1259 777 1284 τοῦ
793 1258 886 1285 λοιποῦ
902 1258 997 1294 σώμα-

159 1310 215 1334 τος.
231 1302 277 1329 καὶ
291 1302 363 1338 μέγα
377 1304 486 1338 φρονεῖν
501 1303 547 1329 ἐπὶ
558 1303 674 1334 τούτοις.
687 1302 792 1335 Πόσων,
806 1303 866 1330 είπέ
882 1312 936 1338 μοι,
954 1312 998 1330 πε-

159 1346 247 1382 νήτων
256 1347 393 1382 γαστέρας
403 1347 533 1383 ἠδύναντο
544 1347 805 1383 παραμυθήσασθαι,
815 1348 860 1374 καὶ
869 1348 939 1374 πόσα
948 1347 999 1374 σώ-

161 1398 233 1425 ματα
250 1391 477 1427 γυμνητευόντων
496 1391 632 1418 σκεπάσαι
650 1392 685 1418 τὰ
697 1393 742 1418 ἐπὶ
756 1392 809 1418 τῶν
826 1390 902 1418 ὤτων
919 1392 998 1427 μόνον

159 1434 356 1470 ἐκκρεμάμενα
370 1435 459 1471 μάτην
471 1435 517 1462 καὶ
526 1437 599 1471 εἰκῆ,
615 1435 662 1462 καὶ
674 1436 716 1461 ἐπ’
728 1436 815 1462 οὐδενὶ
826 1436 926 1471 κέρδει,
939 1436 997 1462 ἀλλ’

159 1479 175 1514 ἦ
196 1479 276 1515 μόνον
289 1481 335 1507 ἐπὶ
350 1480 435 1517 βλάϐῃ
447 1481 494 1508 καὶ
509 1480 583 1516 λύμῃ
596 1481 700 1516 ψυχῆς;
712 1481 761 1507 Διὰ
773 1480 851 1507 τοῦτο
864 1481 910 1507 καὶ
921 1481 934 1506 ὁ
949 1481 998 1516 τῆς

158 1523 321 1558 οἰκουμένης
333 1523 492 1556 διδάσκαλος
505 1523 602 1555 εἰπὼν,
614 1525 758 1558 Ἔχοντες
772 1524 932 1558 διατροφὰς
946 1524 996 1551 καί

158 1566 368 1601 σκεπάσματα,
384 1568 523 1603 μετήγαγε
539 1567 620 1594 πάλιν
633 1569 678 1594 ἐπὶ
691 1568 740 1600 τὰς
756 1570 886 1602 γυναῖκας
899 1568 943 1594 τὸν
955 1567 997 1594 λό-

158 1618 217 1644 γον,
229 1611 275 1637 καί
293 1619 370 1646 φησι,
385 1610 433 1645 Μὴ
447 1611 481 1638 ἐν
495 1612 666 1646 πλέγμασιν
685 1611 704 1645 ἣ
720 1611 834 1646 χρυσῷ,
850 1612 869 1645 ἢ
885 1621 996 1646 μαργα-

157 1654 254 1688 ρίταις
271 1654 290 1689 ἢ
306 1654 452 1689 ἱματισμῷ
469 1655 631 1682 πολυτελεῖ
648 1656 773 1690 κοσμεῖν
791 1656 909 1688 ἑαυτάς.
926 1657 996 1691 Ὅρα

158 1697 218 1730 πῶς
235 1699 265 1724 οὺ
282 1698 407 1734 βούλεται
419 1699 524 1731 τούτοις
540 1699 709 1734 κοσμεῖσθαι,
726 1700 786 1726 οὑδὲ
803 1700 903 1735 χρυσία
918 1708 996 1735 περμ

158 1742 275 1775 κεῖσθαι,
290 1743 349 1769 οὑδὲ
364 1743 537 1779 μαργαρίτας
551 1744 597 1770 καὶ
612 1744 706 1779 ἱμάτια
717 1743 857 1778 πολυτελῆ·
872 1743 939 1770 ἀλλὰ
951 1744 996 1770 τὸν

159 1788 247 1824 ἀληθῆ
259 1789 360 1823 κόσμον
376 1788 421 1815 ἐπὶ
436 1789 485 1824 τὴν
501 1788 590 1824 ψυχὴν
609 1788 746 1823 μετάγειν,
762 1789 808 1815 καὶ
826 1788 869 1815 διὰ
880 1788 928 1823 τῆς
942 1789 996 1815 τῶν

158 1831 268 1867 ἀγαθῶν
280 1832 368 1868 ἔργων
381 1832 506 1868 πράξεως
519 1833 549 1859 τὸ
560 1833 656 1865 κάλλος
667 1833 716 1868 τῆς
727 1833 816 1868 ψυχῆς
829 1833 994 1868 φαιδρύνειν,

159 1878 206 1906 καὶ
223 1878 260 1914 μὴ
276 1879 340 1914 περὶ
350 1877 434 1905 ταῦτα
452 1877 623 1914 ἐπτοημένην
637 1879 766 1914 περιορᾷν
781 1878 888 1913 ἐκείνην
905 1877 996 1914 ῥυπῶ-

160 1931 219 1954 σαν,
230 1922 391 1958 αὐχμῶσαν,
401 1923 483 1957 ῥάκια
496 1922 741 1957 περιὸεδλημένην,
751 1921 822 1957 λιμῷ
831 1921 994 1957 τηκομένην,

159 1966 211 1993 ὑπὸ
221 1966 268 1993 τοῦ
282 1965 389 2002 κρυμοῦ
406 1966 591 2001 πηγνυμένην.
613 1965 643 1993 Ἦ
653 1965 708 2002 γὰρ
724 1965 825 2000 σπουδὴ
840 1965 910 2000 αὕτη
922 1965 968 1991 καὶ
982 1966 995 1992 ὁ

158 2010 222 2045 περὶ
239 2010 269 2037 τὸ
284 2009 363 2045 σῶμα
375 2009 577 2044 καλλωπισμὸς,
593 2006 699 2045 ἐκείνης
716 2010 834 2036 δείκνυσι
848 2009 896 2045 τὴν
911 2010 994 2045 ἀμορ-

159 2053 233 2088 φίαν,
255 2053 301 2080 καὶ
324 2054 341 2089 ἡ
366 2052 461 2080 τούτου
483 2053 573 2089 τρυφὴ
593 2053 700 2087 ἐκείνης
717 2053 762 2080 τὸν
782 2052 859 2088 λιμὸν
880 2053 995 2088 φανερὸν

158 2097 313 2133 καθίστησι,
331 2097 378 2123 καὶ
397 2098 414 2132 ἡ
439 2097 502 2132 περὶ
518 2097 568 2133 τὴν
586 2096 688 2133 ἐσθῆτα
712 2097 870 2123 πολυτέλεια
887 2097 995 2132 ἐκείνης

156 2141 207 2176 τὴν
227 2141 386 2176 γυμνότητα
406 2140 540 2175 ἐκφαίνει,
560 2141 627 2167 Οὐδὲ
643 2140 697 2177 γὰρ
714 2138 768 2168 οἷόν
785 2141 816 2167 τέ
832 2149 892 2167 τινα
905 2140 994 2175 ψυχῆς

158 2183 382 2219 ἐπιμελούμενον,
397 2183 444 2210 καὶ¹
459 2183 507 2219 τὴν
518 2183 668 2219 εὐμορφίαν
680 2184 786 2219 ἐκείνης
798 2184 844 2211 καὶ
857 2185 887 2210 τὸ
898 2184 995 2217 κάλλος

157 2230 221 2265 περὶ
232 2228 329 2255 πολλοῦ
342 2229 510 2262 ποιούμενον,
523 2229 590 2264 πρὸς
602 2229 648 2256 τὸν
658 2228 710 2260 ἔξω
721 2228 822 2264 κόσμον
834 2228 992 2264 ἐπτοῆσθαι·

156 2273 251 2309 ὥσπερ
280 2272 361 2300 πάλιν
384 2272 512 2299 ἀδύνατόν
535 2281 595 2298 τινα
616 2271 685 2307 πρὸς
702 2272 751 2307 τὴν
774 2273 923 2306 φαντασίαν
945 2273 994 2306 τὴν

157 2317 257 2349 ἔξωθεν
276 2316 453 2352 ἐσχολακότα,
468 2316 516 2342 καὶ
535 2316 585 2351 τῆς
600 2315 714 2350 ἐσθῆτος
730 2315 775 2342 τὸν
790 2315 992 2351 καλλωπισμὸν,

157 2361 203 2388 καὶ
228 2361 274 2388 τδν
296 2360 350 2388 ἀπὸ
369 2360 423 2387 τῶν
444 2360 563 2396 χρυσίων
586 2359 698 2394 κόσμον,
724 2359 831 2394 ἐκείνης
852 2360 994 2395 ἡντιναοῦν

157 2405 291 2433 ποιεῖσθαι
305 2405 443 2441 φροντίδα.
462 2405 531 2432 Πότε
545 2404 600 2438 γὰρ
619 2403 742 2436 ἀνέξεται
761 2405 777 2440 ή
794 2404 904 2439 τοιαύτη
920 2405 992 2442 ψυχὴ

155 2449 210 2476 τῶν
233 2449 346 2476 δεόντων
368 2458 394 2475 τι
423 2449 553 2481 συνιδεῖν,
573 2448 589 2483 ἢ
615 2448 654 2479 είς
675 2447 779 2475 ἔννοιαν
800 2450 993 2484 πνευματικῶν

156 2494 327 2530 πραγμάτων
345 2493 484 2525 είσελθεῖν,
501 2492 573 2526 ἅπαξ
587 2492 697 2527 περὶτὰ
708 2494 789 2527 γήϊνα
805 2494 903 2529 ἑαυτὴν
918 2494 993 2521 ἐκδε-

155 2538 267 2570 δωκυῖα,
284 2538 332 2565 καὶ
347 2538 445 2573 χαμαὶ,
468 2537 505 2569 ὡς
523 2538 620 2568 εἰπεῖν,
639 2537 787 2573 συρομένη,
802 2539 849 2565 καὶ
864 2538 991 2565 οὐδέποτε

155 2581 322 2609 ἀναπνεῦσαι
340 2581 487 2616 δυναμένη,
509 2580 577 2607 ἀλλά
596 2582 791 2615 συγκεκυφυῖα,
815 2582 861 2608 καὶ
885 2582 992 2618 μυρίοις

155 2625 276 2662 φορτίοις
300 2625 504 2660 ἁμαρτημάτων
528 2624 625 2660 ἐαυτὴν
646 2624 798 2661 βαρύνουσα
811 2634 818 2658 ;
832 2625 914 2652 Ὅσαι
936 2626 991 2662 γὰρ

155 2669 279 2696 ἐντεῦθεν
297 2670 326 2696 αἱ
338 2669 433 2704 ἀηδίαι.
448 2669 594 2701 τίκτονται,
611 2669 643 2695 οὑ
656 2668 768 2696 δυνατὸν
785 2669 832 2696 νῦν
848 2670 990 2705 παραστῆ-

155 2712 252 2748 σαιτῷ
267 2713 348 2748 λόγῳ’
366 2711 422 2739 ἀλλ’
443 2713 526 2747 ἀρκεῖ
546 2712 586 2748 τῷ
610 2712 740 2739 συνειδότι
761 2713 919 2740 καταλιπεῖν
937 2713 990 2740 τῶν

154 2757 218 2792 περὶ
236 2756 323 2783 ταῦτα
348 2755 541 2791 ἐσχολακότων,
568 2757 632 2788 ὅσας
655 2756 717 2783 καθ’
738 2757 857 2792 ἑκάστην
885 2757 989 2794 ἡμέραν

152 2800 277 2827 ἐντεῦθεν
291 2800 412 2836 δέχονται
428 2800 477 2832 τὰς
497 2800 625 2835 ἀθυμίας.
646 2801 681 2826 Ἦ
698 2800 751 2835 γὰρ
766 2800 872 2827 διέπεσέ
894 2810 920 2828 τι
936 2802 990 2828 τῶν

152 2845 281 2880 χρυσίων,
299 2844 345 2870 καὶ
360 2844 441 2876 πολὺς
459 2845 474 2870 ό
494 2844 597 2880 χειμὼν
615 2844 663 2871 καὶ⁵
680 2845 694 2871 ὁ
712 2844 825 2880 θόρυϐος
840 2845 989 2872 κατέλαϐεν

152 2890 260 2916 ἃπασαν
271 2888 320 2923 τὴν
333 2888 429 2916 οἰκίαν·
441 2889 458 2924 ἦ
473 2889 581 2924 οἰκέτης
593 2887 727 2922 ὑφείλετο,
741 2889 788 2915 καὶ
804 2890 870 2916 πᾶσι
890 2890 986 2924 μάστι-

180 2931 281 2956 ινεογὶι.
298 2936 321 2957 el
338 2939 380 2957 sex
393 2939 450 2957 mss.
466 2932 552 2956 διδόναι
563 2932 590 2955 τὸ
603 2932 695 2963 μέτρον.
708 2932 794 2958 Morel.
807 2936 833 2958 et
844 2933 884 2958 alii
897 2933 986 2959 διδόναι

161 2965 264 2995 τιμέιιος,
277 2967 303 2988 el
320 2964 354 2989 sic
367 2966 462 2995 legerat
475 2963 600 2994 interpres
623 2962 733 2988 Latinus.

575 143 605 172 S.
625 141 767 172 IOANNIS
787 138 1034 170 CHRYSOSTOMI
1053 139 1212 168 ARCIHEP.
1234 140 1506 171 CONSTANTINOP.

1843 147 1894 176 2-50

1063 208 1110 233 γες
1130 201 1176 227 καὶ
1194 200 1298 237 πληγαὶ
1320 201 1367 228 καὶ
1380 201 1562 238 δεσμωτήρια·
1582 203 1597 238 ἢ
1617 203 1745 239 βάσκανοι
1760 214 1831 237 τινες
1847 208 1895 232 ἒπ-

1060 244 1234 276 εόούλευσαν,
1262 244 1309 271 καὶ
1334 245 1462 281 ἐξαίφνης
1481 245 1642 281 ἐγύμνωσαν
1662 247 1716 274 τῶν
1732 248 1828 281 όντων,
1850 250 1896 277 καὶ

1059 288 1143 323 πολλὴ
1163 288 1210 315 καὶ
1220 288 1355 324 ἀφόρητος
1365 290 1382 324 ἡ
1395 289 1508 325 ἀθυμία’
1520 290 1536 325 ἣ
1552 292 1720 326 πραγμάτων
1736 292 1896 328 περίστασις

1059 332 1217 367 ἐμπεσοῦσα
1234 334 1273 365 εἰς
1291 333 1407 368 ἐσχάτην
1427 333 1521 360 πενίαν
1539 335 1702 370 κατήνεγκε,
1717 336 1763 362 καὶ¹
1779 336 1894 372 βαρυτέ-

1059 386 1109 413 ραν
1127 377 1241 405 θανάτου
1263 379 1311 414 τὴν
1330 379 1401 415 ζωὴν
1423 378 1514 411 αὐτοῖς
1533 379 1709 416 κατέστησεν·
1725 381 1742 416 ἦ
1761 381 1855 417 ἕτερόν
1870 391 1895 409 τι

1058 422 1138 450 πάλιν
1153 422 1228 459 [582]
1242 424 1420 460 παρεμπεσὸν
1436 423 1536 459 πολλὴν
1550 423 1598 460 τὴν
1612 425 1707 459 ἀηδίαν
1719 425 1894 461 προεξέντβε.

1057 468 1112 495 Καὶ
1129 468 1221 500 ἁπλῶς
1233 469 1283 495 οὐκ
1302 469 1358 495 ἐστι
1379 469 1443 496 ποτέ
1459 469 1582 504 ταραχῆς
1597 469 1673 502 ἐκτὸς
1690 471 1780 506 εὑρεῖν
1799 471 1848 506 τὴν
1867 472 1894 499 ἐν

1055 511 1159 543 τούτοις
1169 512 1345 547 ὲσχολακυῖαν
1354 511 1453 548 ψυχὴν,
1468 512 1524 539 ἀλλ’
1536 513 1630 548 ὥσπερ
1646 514 1680 540 τὰ
1694 514 1744 548 τῆς
1759 514 1894 549 θαλάττης

1056 555 1166 591 κύματα
1179 556 1228 592 οὑχ
1241 553 1296 583 οἷόν
1311 565 1340 584 τε
1354 557 1499 589 ἐπιλιπεῖν,
1512 557 1571 583 οὐδὲ
1584 558 1692 593 ἀριθμῷ
1706 558 1892 594 ὑποϐληθῆναι

1054 600 1099 626 διὰ
1109 599 1156 636 τὴν
1174 600 1273 636 πολλὴν
1288 601 1438 636 συνέχειαν·
1456 601 1501 627 τὸν
1518 601 1599 628 αὑτὸν
1614 601 1646 636 δὴ
1665 602 1766 637 τρόπον
1783 603 1830 629 καὶ
1842 602 1891 634 τὰς

1054 644 1176 671 ἐντεῦθεν
1194 644 1355 680 τικτομένας
1373 644 1495 681 ταραχὰς
1513 645 1561 680 οὐχ
1580 641 1635 672 οἶόν
1652 654 1680 672 τε
1696 646 1786 677 πάσας
1800 646 1891 682 ἐξαρι‹

1054 687 1220 723 θμήσασθαι.
1250 688 1295 714 Διὸ
1325 688 1487 724 παρακαλῶ,
1508 688 1655 724 φεύγωμεν
1676 690 1704 715 ἐν
1727 689 1814 716 ἅπασι
1837 691 1892 722 τοῖς

1053 733 1197 768 πράγμασι
1213 733 1262 768 τὴν
1282 733 1447 766 πλεονεξίαν,
1467 734 1512 760 καὶ
1535 733 1565 760 τὸ
1579 733 1627 770 τὴν
1644 734 1739 770 χρείαν
1761 735 1892 770 ὑπερϐαί-

1053 784 1118 803 νειν.
1135 777 1163 804 Ὀ
1178 777 1231 812 γὰρ
1245 777 1349 813 ἀληθὴς
1364 777 1488 809 πλοῦτος,
1503 779 1519 813 ἡ
1534 778 1671 810 ἀνάλωτος
1685 778 1829 813 περιουσία
1843 778 1891 805 αὖ-

1051 829 1086 856 τη
1105 821 1243 856 τυγχάνει,
1259 821 1290 848 τὸ
1306 822 1354 856 τῆς
1369 821 1462 857 χρείας
1483 822 1617 857 ἐφίεσθαι,
1636 822 1683 849 καὶ
1702 822 1736 849 τὰ
1758 823 1827 858 ὑπὲρ
1843 822 1890 858 τὴν

1051 865 1144 900 χρείαν
1159 865 1272 896 δεόντως
1286 865 1446 892 διατιθέναι.
1469 866 1499 893 ὐ
1515 866 1569 901 γὰρ
1581 866 1701 898 τοιοῦτος
1716 865 1778 892 οὔτε
1796 866 1892 893 πενίαν

1051 908 1135 935 δεῖσαί
1146 918 1210 935 ποτε
1223 909 1376 944 δυνήσεται,
1389 909 1450 937 οὕτε
1466 910 1598 945 ἐπήρειαν
1613 910 1754 945 ὑπομενεῖ,
1770 909 1832 936 οὔτε
1844 919 1891 936 τα-

1052 954 1137 988 ραχῆς
1152 953 1357 989 πειραθήσεται·
1377 953 1446 980 ἀλλά
1458 954 1504 981 καὶ
1521 953 1702 988 συκοφαντίας
1715 954 1794 986 ἐκτὸς
1804 953 1888 987 ἔσται,

1050 997 1098 1023 καὶ
1118 997 1172 1024 τῶν
1193 997 1422 1025 ἐπιϐουλευόντων
1449 997 1707 1033 ἐλευθερωθήσεται,
1726 998 1774 1024 καὶ
1797 998 1890 1029 ἁπλῶς

1051 1041 1147 1073 εἰπεῖν,
1163 1042 1191 1068 ἐν
1202 1041 1322 1077 διηνεκεῖ
1338 1042 1412 1069 ἔσται
1429 1042 1544 1077 γαλήνῃ,
1560 1042 1674 1077 ἡσυχίας
1687 1042 1734 1069 καὶ
1746 1043 1890 1077 ἀπραγμο-

1051 1085 1133 1120 σύνης
1153 1086 1305 1113 ἀπολαύων·
1326 1086 1374 1112 καὶ
1388 1086 1417 1113 τὸ
1432 1086 1463 1121 δὴ
1483 1086 1575 1122 μεῖζον
1591 1086 1719 1113 ἀπάντων
1739 1086 1785 1112 καὶ
1798 1086 1829 1112 τὸ
1843 1094 1889 1112 κε-

1050 1130 1163 1163 φάλαιον
1173 1130 1227 1156 τῶν
1238 1129 1359 1164 ἀγαθῶν,
1375 1131 1388 1157 ό
1403 1130 1522 1162 τοιοῦτος
1537 1130 1584 1157 καὶ
1597 1130 1641 1157 τὸν
1652 1130 1718 1157 Θεὸν
1730 1130 1810 1157 ἵλεων
1822 1130 1887 1163 ἕξει,

1049 1173 1096 1199 καὶ
1108 1173 1208 1208 πολλῆς
1223 1174 1371 1200 ἀπολαύσει
1382 1174 1432 1209 τῆς
1448 1173 1551 1201 ἀνωθεν
1565 1174 1660 1209 ῥοπῆς,
1675 1174 1722 1201 ἃτε
1739 1174 1771 1210 δὴ
1787 1175 1889 1201 οἰκονό-

1050 1227 1100 1253 μος
1109 1219 1204 1250 πιστὸς
1213 1219 1267 1245 τῶν
1278 1219 1324 1246 τοῦ
1340 1220 1475 1247 Δεσπότσυ
1486 1228 1538 1255 χρη
1543 1220 1645 1255 μάτων.
1661 1219 1814 1254 Μακάριος
1823 1220 1888 1254 γὰρ,

1049 1262 1141 1296 φησὶν,
1160 1264 1177 1289 ὁ
1200 1263 1312 1297 δοῦλος
1329 1263 1452 1296 ἐκεῖνος,
1469 1264 1506 1290 ὃν
1524 1263 1621 1291 ἐλθὼν
1643 1264 1659 1290 ὀ
1674 1263 1778 1297 κύριος
1796 1263 1889 1290 αὐτοῦ

1048 1304 1170 1337 εὑρήσει
1195 1305 1273 1332 οὕτω
1297 1305 1450 1338 ποιοῦντα,
1474 1305 1545 1333 οὑτω
1571 1305 1732 1341 διανέμοντα
1752 1307 1809 1338 τοῖς
1827 1315 1890 1332 συν-

1047 1347 1160 1379 δούλοις,
1176 1349 1222 1375 καὶ
1240 1349 1278 1384 μὴ
1297 1349 1394 1385 θύραις
1411 1350 1456 1376 καὶ
1476 1350 1584 1385 μοχλοῖς
1603 1349 1822 1381 ἐναποκλείοντα,
1841 1350 1888 1376 καὶ

1047 1392 1103 1422 τοῖς
1126 1391 1244 1427 σκώληξι
1269 1393 1370 1429 τροφὴν
1389 1393 1582 1428 συγχωροῦντα
1601 1393 1733 1428 γίνεσθαι,
1751 1393 1820 1420 ἀλλά
1835 1393 1890 1420 τῶν

1048 1436 1172 1470 πενήτων
1184 1436 1231 1471 τὴν
1244 1436 1346 1463 ἐνδειαν
1358 1438 1613 1473 παραμυθούμενον,
1628 1438 1675 1464 καὶ
1686 1437 1768 1464 καλὸν
1784 1438 1831 1464 καὶ
1847 1447 1887 1464 πι-

1049 1480 1111 1506 στὸν
1126 1481 1265 1516 οἰκονόμον
1281 1481 1422 1517 γινόμενον
1437 1481 1492 1508 τῶν
1509 1481 1584 1517 παρά
1597 1483 1644 1508 τοῦ
1657 1482 1792 1508 Δεσπότου
1806 1490 1888 1517 χορη-

1047 1524 1194 1559 γηθέντων,
1207 1526 1250 1552 ἵνα
1263 1526 1309 1553 καὶ
1323 1526 1373 1561 τῆς
1387 1526 1473 1560 καλῆς
1483 1526 1585 1562 ταύτης
1596 1526 1727 1561 διανομῆς
1745 1526 1831 1561 μέγαν
1843 1525 1887 1551 τον

1049 1569 1143 1603 μισθὸν
1161 1570 1318 1605 κομίσηται,
1334 1570 1382 1597 καὶ
1398 1570 1451 1597 τῶν
1468 1570 1682 1606 ἐπηγγελμένων
1697 1570 1810 1604 ἀγαθῶν
1826 1570 1886 1595 ἐπι-

1047 1614 1137 1647 τυχεῖν
1154 1613 1320 1649 καταξιωθῇ,
1337 1614 1426 1649 χάριτι
1444 1614 1491 1641 καὶ
1510 1614 1700 1650 φιλανθρωπία
1716 1613 1763 1640 τοῦ
1783 1613 1886 1649 Κυρίου

1046 1657 1125 1691 ἡμῶν
1143 1657 1229 1691 ’1ησοῦ
1249 1657 1376 1693 Χριστοῦ,
1392 1657 1452 1692 μεθ’
1471 1655 1501 1685 οὗ
1514 1658 1552 1693 τῷ
1567 1658 1666 1694 Πατρὶ,
1687 1657 1746 1693 ἃμα
1763 1657 1802 1693 τῷ
1818 1657 1886 1692 ἀγίῳ

1048 1699 1196 1734 Πνεῦματι,
1211 1700 1283 1732 δόξα,
1299 1702 1409 1736 κράτος,
1422 1701 1500 1737 τιμὴ,
1516 1701 1564 1729 νῦν
1578 1702 1625 1728 καὶ
1640 1702 1693 1735 ἀεὶ,
1710 1701 1756 1728 καὶ
1771 1702 1812 1734 είς
1825 1701 1885 1732 τοῦς

1047 1743 1146 1775 αἰῶνας
1163 1743 1217 1770 τῶν
1233 1744 1348 1772 αἰώνων.
1368 1745 1464 1780 Ἀμήν.

1360 1809 1482 1836 ΟΜΙΛΙΛ
1502 1810 1566 1836 AH’.

1046 1850 1127 1884 Σιίρα
1146 1851 1189 1881 δὲ,
1200 1851 1228 1888 μὴ
1244 1852 1321 1888 γυνὴ
1341 1853 1460 1887 Ἀϐρτιμ,
1481 1855 1536 1880 οὐκ
1559 1853 1674 1888 ἔτικτεν
1691 1851 1782 1888 αὐτῷ·
1798 1851 1837 1888 ἦν
1853 1852 1888 1880 δὲ

1135 1886 1212 1920 αὐτῇ
1226 1887 1371 1921 παιδίσκη
1381 1885 1535 1922 Αἰγυπτία,
1552 1886 1571 1924 ᾗ
1586 1888 1680 1923 ὄνομα
1693 1885 1797 1922 "Amp.

1081 1933 1116 1958 α’.
1129 1931 1212 1957 Πάλιν
1225 1931 1259 1958 τὰ
1276 1932 1395 1967 σήμερον
1410 1933 1617 1966 ἀναγνωσθέντα
1633 1933 1680 1959 ἐπὶ
1697 1933 1746 1968 τὴν
1758 1933 1885 1960 ὑπόθεσιν

1045 1971 1095 2008 τὴν
1110 1972 1180 1999 κατά
1194 1972 1239 1998 τὸν
1252 1974 1425 2008 πατριάρχην
1440 1973 1488 2009 τὴν
1504 1974 1641 2009 ἡμετέραν
1657 1974 1734 2001 καλεῖ
1750 1974 1883 2008 γλῶτταν·

1046 2014 1092 2040 καὶ
1104 2013 1141 2049 μὴ
1153 2013 1311 2050 θαυμάσητε
1325 2016 1348 2041 εἰ
1360 2015 1406 2041 ἐπὶ
1418 2015 1564 2046 τοσαύταις
1575 2015 1691 2050 ἡμέραις
1703 2015 1753 2051 τὴν
1767 2015 1828 2041 κατ’
1838 2015 1883 2041 αὑ-

1045 2054 1090 2082 τὸν
1109 2055 1228 2089 ἱστορίαν
1245 2057 1285 2087 είς
1297 2056 1377 2091 μέσον
1393 2057 1609 2092 παραγαγόντες,
1622 2057 1728 2083 οὐδέπω
1741 2057 1788 2083 καὶ
1801 2057 1884 2091 τήμε-

1047 2106 1092 2132 ρον
1113 2098 1197 2133 αὑτὴν
1218 2098 1366 2134 ἀπαρτίσαι
1387 2098 1565 2134 δεδυνήμεθα.
1582 2098 1670 2134 Πολλὴ
1695 2098 1750 2134 γὰρ
1769 2099 1786 2134 ἡ
1807 2107 1883 2133 περι-

1045 2139 1123 2166 ουσία
1141 2139 1190 2174 τῆς
1205 2139 1251 2166 τοῦ
1266 2139 1369 2166 δικαίου
1389 2140 1489 2175 ἀρετῆς
1500 2160 1507 2172 ,
1523 2139 1570 2166 καὶ
1593 2140 1647 2166 τῶν
1663 2139 1760 2166 τούτου
1783 2148 1882 2175 κστορ⁶

1046 2180 1179 2216 θωμάτων
1193 2181 1223 2207 τὸ
1239 2181 1352 2216 μέγεθος
1363 2181 1472 2208 ἃπασαν
1486 2181 1658 2217 ἀνθρωπίνην
1668 2181 1731 2216 νικᾷ
1747 2181 1880 2215 γλῶτταν.

1049 2223 1097 2248 Ὃν
1111 2221 1166 2257 γὰρ
1181 2222 1195 2248 ὁ
1212 2222 1279 2253 Θεὸς
1295 2221 1397 2248 ἀνωθεν
1410 2222 1581 2256 ἐστεφάνωσε
1601 2222 1647 2248 καὶ
1662 2222 1825 2258 ἀνεκήρυξε,
1842 2222 1882 2253 τίς

1045 2262 1197 2298 ἀνθρώπων
1214 2264 1275 2290 κατ’
1293 2263 1371 2297 ἀξίαν
1385 2264 1526 2291 ἐπαινέσαι
1542 2263 1685 2298 δυνήσεται
1697 2273 1705 2296 ;
1715 2263 1783 2290 Ἀλλ’
1797 2264 1880 2299 ὅμως.

1045 2303 1069 2329 εί
1088 2304 1135 2330 καὶ
1152 2305 1200 2339 τῆς
1218 2305 1295 2337 ἀξίας
1317 2304 1406 2340 πολλῷ
1427 2305 1464 2339 τῷ
1478 2305 1570 2340 μέτρῳ
1593 2305 1808 2340 ἀπολειπόμεθα,
1826 2305 1882 2332 ἀλλ’

1044 2343 1090 2372 οὖν
1111 2354 1142 2380 γε
1169 2347 1208 2378 εἰς
1227 2346 1340 2381 δύναμιν
1365 2346 1504 2382 ἡμετέραν
1518 2346 1552 2373 τὰ
1569 2346 1628 2373 κατ’
1649 2346 1729 2373 αὑτὸν
1744 2348 1784 2378 εἰς
1802 2345 1882 2381 μέσον

1044 2387 1208 2423 προθέντες,
1231 2389 1271 2419 είς
1295 2387 1376 2423 ζῆλον
1401 2388 1472 2422 ὑμᾶς
1503 2388 1549 2414 καὶ
1576 2388 1692 2424 μίμησιν
1715 2389 1764 2423 τῆς
1788 2388 1881 2414 τούτου

1043 2430 1144 2465 ἀρετῆς
1163 2431 1306 2464 ἐναγαγεῖν
1325 2430 1484 2465 βουλόμεθα.
1505 2430 1595 2465 Ἰκανὴ
1616 2430 1670 2465 γὰρ
1693 2429 1740 2456 τοῦ
1756 2430 1852 2465 ἀνδρὸς
1866 2430 1883 2464 ἡ

1043 2471 1185 2506 φιλοσοφία
1208 2472 1298 2498 πᾶσαν
1313 2471 1366 2497 τῶν
1383 2471 1536 2506 ἀνθρώπων
1553 2471 1695 2497 παιδεῦσαι
1721 2470 1771 2507 τὴν
1791 2471 1880 2505 φύσιν,

1043 2512 1089 2538 καὶ
1112 2513 1175 2544 τοὺς
1194 2513 1339 2548 προσέχειν
1355 2512 1534 2548 βουλομένους
1555 2512 1622 2548 πρὸς
1646 2512 1696 2548 τὴν
1712 2513 1762 2548 τῆς
1782 2513 1881 2548 ἀρετῆς

1042 2553 1100 2579 όόδν
1123 2553 1334 2587 ἐφελκύσασθαι.
1364 2555 1444 2582 Ἀλλά
1468 2555 1626 2590 προσέχετε,
1642 2555 1806 2590 παρακαλῶ,
1827 2556 1882 2586 τοῖς

1042 2595 1213 2630 λεγομένοις,
1230 2596 1273 2623 ἴνα
1287 2598 1332 2623 καὶ
1349 2597 1381 2623 ἐκ
1405 2597 1459 2623 τῶν
1482 2597 1647 2632 προσφάτως
1667 2597 1880 2632 ἀνεγνωσμένων

1042 2639 1246 2673 καταμάθωμεν
1266 2639 1312 2665 τοῦ
1329 2639 1433 2666 δικαίου
1447 2639 1497 2675 τὴν
1519 2638 1686 2674 φιλοσοφίαν.
1707 2639 1812 2667 Ἱκανὸν
1827 2639 1880 2674 γάρ

1042 2679 1119 2706 τοῦτο
1139 2679 1169 2706 τὸ
1190 2681 1288 2717 χωρίον
1314 2680 1457 2707 παιδεῦσαι
1479 2681 1527 2707 κοιλ⁵
1548 2680 1646 2716 ἄνδρας
1674 2681 1719 2707 καὶ
1737 2682 1879 2714 γυναῖκας.

1041 2721 1111 2748 ὥστε
1138 2722 1237 2757 πολλὴν
1261 2723 1325 2758 περὶ
1345 2722 1420 2759 [585]
1444 2723 1576 2758 ἀλλήλους
1603 2722 1806 2749 ἐπιδείκνυσθαι
1831 2723 1879 2758 τὴν

1041 2763 1177 2798 ὁμόνοιαν,
1193 2764 1240 2790 καὶ
1257 2764 1307 2799 τῆς
1321 2764 1450 2798 συζυγίας
1474 2764 1520 2791 τὸν
1537 2764 1685 2800 σύνδεσμον
1701 2765 1809 2800 ἀρραγῆ
1823 2765 1879 2791 δια-

1041 2805 1201 2839 φυλάττειν·
1221 2806 1267 2832 καὶ
1282 2807 1351 2841 μήτε
1369 2807 1413 2833 τὸν
1429 2807 1514 2842 ἄνδρα
1528 2807 1579 2842 τῆς
1593 2807 1722 2841 γυναικὸς
1746 2807 1877 2839 κατξαν-

1043 2847 1178 2879 ίστασθαι,
1190 2847 1247 2874 ἀλλ’
1259 2847 1297 2879 ὡς
1313 2847 1500 2884 ἀσθενεστέρῳ
1510 2849 1602 2876 σκεύει
1617 2849 1716 2884 πολλὴν
1731 2849 1878 2883 ἀπονέμειν

1042 2888 1091 2924 τὴν
1115 2888 1297 2924 συγγνώμην·
1322 2891 1398 2924 μήτε
1414 2890 1463 2925 τὴν
1487 2892 1605 2924 γυναῖκα
1631 2890 1699 2925 πρὸς
1724 2890 1771 2917 τδν
1796 2891 1878 2925 ἄνδρα

1041 2930 1064 2956 δι
1068 2931 1217 2964 χοστατεῖν,
1233 2930 1290 2957 ἀλλ’
1306 2930 1428 2966 ἀλλήλων
1440 2931 1474 2959 τὰ
1491 2932 1561 2968 βάρη
1577 2932 1721 2967 βαστάζειν
1738 2932 1878 2965 ἑκατέροις

1041 2971 1241 3006 διαμιλλᾶσθαι,
1256 2972 1304 3000 καὶ
1314 2972 1364 3008 τὴν
1383 2973 1486 3000 οἰκείαν
1503 2974 1615 3009 εἰρήνην
1629 2973 1737 3000 πάντων
1752 2972 1875 3009 ήγςῖςπιι
