2055 3123
199 135 255 161 3ὒί

207 191 282 218 bonis
293 190 443 226 praeferant.
459 191 493 217 At
502 197 590 225 operte
602 190 715 224 pretium
729 190 808 218 fuerit
815 190 907 218 audire
914 189 995 217 verba

204 236 275 270 ipsa,
291 240 320 263 ut
336 236 381 263 ﬁat
393 236 470 263 nobis
490 235 613 263 doctrina
632 236 806 263 manifestior.
821 237 847 263 t.
864 236 932 263 Sara
951 244 997 262 au-

205 285 263 313 tem,
280 281 375 316 inquit,
387 289 451 308 uxor
463 281 540 308 Abrae
548 289 597 308 non
612 281 707 316 peperit
719 281 741 308 ei
755 289 765 309 :
786 285 902 308 ceterum
920 282 997 309 liabe-

195 325 246 351 lat
260 326 379 352 ancillam
393 324 546 361 (Egyptiam
557 345 566 359 ,
582 325 622 353 cui
639 333 728 352 nomen
751 325 820 361 Agar
843 325 911 361 (cap.
939 326 995 361 16).

234 370 319 398 ιιθωει
328 371 435 398 Atra/ia:
447 377 552 407 quanta.
565 386 601 392 —
609 371 767 404 Considera,
784 371 932 405 carissime,
945 372 996 400 hoc

194 415 264 442 ’loco
291 415 450 444 iueﬁabilem
465 416 512 444 Dei
528 416 694 444 tolerantiam
714 420 741 443 et
763 416 889 444 eximiam
916 416 994 444 ﬁdem

202 467 361 497 gratumque
373 463 491 490 animum
505 463 580 497 justi,
593 471 672 499 quem
685 463 755 490 datis
771 462 822 490 sibi
838 463 994 498 promissio-

205 507 281 535 nibus
289 507 442 535 declaravit.
458 507 524 536 Cum
537 508 607 536 enim
618 509 695 536 toties
706 508 870 543 promisisset
883 508 954 536 Deus
966 516 995 536 se

199 552 326 580 daturum
342 553 437 580 semini
452 553 510 588 ejus
522 558 630 587 terram,
641 559 667 581 et
681 554 708 581 in
721 558 794 581 tanto
803 554 994 590 multiplicatu-

203 605 262 626 rum
276 606 387 626 numero
398 619 405 631 ,
421 605 450 626 ut
462 600 623 628 multitudini
637 600 772 628 stellarum
783 600 969 636 adatquaretur
983 609 991 628 :

202 642 296 670 videns
307 644 406 671 nullam
420 645 624 680 promissionem
639 653 721 681 opere
738 646 853 681 impleri,
867 653 949 682 seque
961 654 993 674 cx

193 689 423 724 'promissionibus
433 691 497 718 nihil
511 696 688 727 prasterquam
702 692 781 719 verba
795 692 925 727 accipere,
940 700 992 720 non

192 734 358 762 atttrbabatur
382 736 495 769 ratione,
511 743 563 763 non
590 737 808 765 commovebatur
831 742 932 771 mente,
946 739 993 766 sed

202 781 297 807 mansit
308 780 433 808 immotus
444 786 472 808 et
482 781 604 815 inflexus,
614 783 726 810 credens
745 785 869 819 potentia:
881 786 992 820 promit-

201 825 290 852 tentis.
311 825 343 854 Et
356 825 455 854 ideirco
467 827 545 854 etiam
557 827 600 855 hic
622 828 648 856 id
669 829 828 864 signiﬁcavit
855 831 991 866 Scriptura

189 870 288 898 Adivina
300 871 392 899 dicens
407 872 496 900 :Sara
517 879 600 900 autem
611 895 618 906 ,
634 883 698 902 uxor
711 875 785 904 Alme
795 896 804 910 ,
826 885 875 904 non
898 880 993 913 peperit

192 916 231 948 rei,
244 917 317 952 quasi
332 917 382 944 hoc
394 918 470 945 nobis
481 919 620 947 declamas
636 921 718 948 :l‘ost
731 921 789 949 haec
808 924 898 951 omnia
908 944 916 958 ,
933 930 992 959 post

200 967 275 997 pacta
293 970 353 990 cum
378 972 412 991 eo
431 964 506 999 inita,
521 971 581 1001 post
601 967 820 1001 pollicitationem
844 969 992 999 innumera:

199 1010 374 1038 multitudinis
386 1019 418 1039 ex
433 1019 467 1039 eo
477 1013 649 1047 procreanda:
658 1013 723 1042 nihil
734 1015 877 1044 ﬁuctuabat
887 1024 990 1050 secum,

198 1055 291 1083 videns
302 1057 366 1084 nihil
380 1057 512 1086 dictorum
523 1066 605 1094 opere
620 1060 725 1095 impleri
738 1082 746 1095 ,
759 1061 807 1090 sed
821 1063 910 1090 omnia
924 1071 990 1091 con<

197 1102 279 1129 trario
307 1103 386 1130 modo
411 1111 471 1132 sese
497 1104 604 1133 habere.
630 1106 775 1142 Propterea
793 1109 859 1136 dicit
872 1115 931 1144 post
945 1111 989 1138 illa

197 1148 295 1180 omnia,
310 1148 388 1182 Sara,
404 1157 468 1177 uxor
481 1150 545 1185 eius,
560 1159 610 1178 non
626 1153 721 1187 peperit
737 1154 760 1180 ei
773 1162 782 1181 :
798 1158 826 1181 ut
844 1154 932 1183 discas
946 1156 988 1183 ni-

198 1191 232 1219 hil
245 1193 282 1220 illi
296 1195 441 1222 accessisse
454 1200 514 1230 post
529 1200 616 1224 tantas
631 1198 822 1232 promissiones
832 1220 839 1232 ,
855 1201 904 1227 etsi
918 1201 989 1235 quod

197 1237 263 1266 Sara
283 1240 382 1268 sterilis
394 1245 428 1268 ret
439 1246 521 1269 utero
535 1246 657 1270 emortuo
669 1248 759 1278 esset,
776 1244 802 1272 in
825 1251 914 1274 mente
925 1246 988 1281 justi

197 1284 306 1312 multam
321 1284 514 1314 harsitationem
531 1287 688 1323 ingenerare
706 1295 806 1324 posset.
824 1290 920 1319 Verum
941 1300 986 1327 pa-

197 1330 313 1357 triarcha
327 1339 380 1358 non
395 1332 533 1366 spectabat
546 1333 579 1360 ad
595 1334 783 1369 impediittenta
807 1341 928 1370 naturae;
941 1338 988 1365 sed

196 1377 351 1410 sapientiam
373 1376 476 1405 Dentini
489 1385 656 1414 cognoscens
666 1400 672 1412 ,
689 1381 733 1415 qui
745 1389 806 1409 cum
821 1386 924 1410 natura:
936 1384 988 1411 Do-

197 1422 284 1450 minus
297 1427 326 1450 et
336 1423 465 1452 Conditor
475 1425 520 1458 sit,
534 1425 602 1452 viam
619 1426 645 1453 in
660 1426 737 1454 inviis
751 1432 838 1462 potest
851 1428 970 1456 invenire
979 1450 987 1464 ,

195 1468 264 1496 sicut
275 1474 365 1504 gratus
378 1477 471 1498 servus
486 1479 539 1498 non
555 1472 649 1507 quzerit
665 1473 769 1500 curiose
778 1474 883 1502 modum
895 1483 987 1503 eorum

194 1520 255 1547 quae
278 1514 359 1548 ﬁunt,
386 1515 432 1542 sed
453 1515 580 1551 relinquit
601 1517 862 1552 incompreliensibili
883 1520 987 1548 Domini

195 1558 380 1592 providentia,
395 1564 422 1587 et
440 1560 552 1588 credidit
574 1561 661 1589 dic:is.
682 1562 782 1591 Idcirco
797 1564 881 1599 inquit
896 1574 903 1592 :
920 1565 988 1593 Sara

194 1607 289 1636 autem,
305 1608 365 1638 post
387 1608 473 1633 tantas
495 1607 697 1641 promissiones,
709 1616 759 1635 non
774 1610 870 1644 peperit
880 1611 912 1637 ei.
931 1611 988 1638 lla-

194 1647 264 1675 bebat
278 1653 362 1676 autem
374 1650 493 1677 ancillam
509 1650 669 1687 (Egyptiam,
680 1654 721 1680 cui
733 1661 824 1681 nomen
835 1654 913 1690 Agar.
927 1655 986 1684 Non

197 1693 299 1729 absque
317 1702 397 1723 causa
410 1696 490 1724 etiam
510 1697 561 1724 hoc
573 1697 633 1725 loco
656 1699 791 1734 Scriptura
806 1699 895 1728 divina
910 1702 987 1729 nobis

194 1740 297 1767 ancillze
308 1742 463 1768 memoriam
474 1742 546 1776 fecit,
561 1743 607 1771 sed
622 1749 649 1771 ut
661 1745 776 1772 sciamus
787 1745 855 1773 unde
864 1745 988 1776 habuerit

194 1785 277 1813 illam.
294 1785 360 1814 Nam
373 1786 473 1815 idcirco
486 1787 583 1823 adjecit
594 1796 652 1817 eam
665 1789 815 1825 Egyptiam
824 1799 894 1826 esse,
910 1798 939 1820 ut
952 1793 985 1820 ad

194 1832 359 1867 superiorem
373 1833 510 1862 historiam
523 1843 708 1870 recurramus;
721 1838 791 1872 quod
803 1846 898 1874 nempe
907 1839 986 1868 fuerit

193 1885 228 1906 ex
242 1886 353 1907 numero
365 1887 456 1908 eorum
471 1889 529 1916 quae
536 1881 639 1910 Pharao
647 1882 725 1910 Abrae
734 1883 890 1919 donaverat,
902 1893 987 1920 quan-

194 1923 229 1951 do
242 1929 314 1952 tanta
329 1925 428 1953 ultione
442 1926 476 1954 ab
488 1928 607 1955 omniunt
622 1928 676 1955 Deo
685 1930 784 1964 potitus
796 1936 847 1964 est,
861 1932 985 1967 quodque

194 1968 332 1997 redeundo
347 1969 415 1998 hanc
438 1972 572 2007 acceperit
584 1972 659 2001 Sara.
679 1973 802 2002 Studiose
821 1976 892 2003 enim
908 1977 985 2005 nobis

194 2019 222 2042 et
236 2022 332 2043 nomen
348 2021 375 2044 et
386 2021 492 2052 gentem
505 2018 661 2053 significavit
674 2020 762 2047 divina
773 2021 919 2056 Scriptura.
933 2023 984 2052 Ve-

192 2069 253 2089 rum
267 2062 377 2090 ulterius
387 2063 430 2090 hic
442 2064 592 2098 considera,
604 2066 738 2100 quomodo
751 2066 825 2095 Sara:
838 2075 913 2096 mens
926 2069 985 2104 phi-

193 2107 337 2143 losoplticis
351 2109 460 2144 prmdita
471 2109 548 2137 fuerit
557 2112 686 2146 moribus,
699 2117 726 2140 ct
735 2113 829 2140 mirum
840 2115 864 2141 in
876 2115 984 2144 modum

190 2154 338 2187 cmitinens,
355 2159 434 2190 atque
448 2163 526 2190 quam
538 2156 616 2184 fuerit
629 2157 686 2192 ipse
699 2159 848 2192 patriarclta
856 2160 893 2187 illi
904 2160 983 2189 obse-

193 2206 277 2233 quens
291 2204 317 2227 et
330 2199 401 2227 dicto
415 2201 535 2228 audiens.
549 2201 577 2228 2.
590 2202 661 2230 Dixit
678 2208 763 2230 autem
777 2204 846 2232 Sara
855 2226 863 2238 ,
880 2206 981 2241 inquit,

193 2245 266 2272 Mra:
278 2245 304 2272 in
319 2250 385 2273 terra
406 2246 528 2274 Chanaan
544 2255 553 2275 :
568 2247 634 2275 Ecce
648 2249 770 2277 conclusit
785 2259 824 2277 me
837 2251 962 2280 Dominus
973 2274 981 2286 ,

193 2299 222 2318 ne
235 2299 350 2326 parerem
360 2299 370 2318 :
384 2292 513 2327 ingredere
529 2293 607 2327 igitur
619 2293 654 2320 ad
669 2293 788 2321 ancillam
805 2304 897 2330 meam,
913 2302 940 2324 ut
952 2306 984 2326 ex

193 2346 222 2364 ea
235 2339 330 2372 prolem
343 2339 478 2374 suscipias.
507 2339 574 2367 Vide
588 2340 708 2368 mulieris
721 2342 889 2376 probitatem.
913 2343 982 2372 Nihil

192 2383 243 2410 tale
256 2383 332 2418 dixit,
343 2385 421 2420 quale
433 2385 550 2420 posthaec
561 2385 660 2413 Rachel
675 2386 760 2421 inquit
775 2387 807 2415 ad
823 2387 905 2416 JaCob
920 2398 927 2416 :
943 2390 983 2417 Da

189 2429 253 2456 mihi
266 2429 351 2464 ﬁlios,-
365 2431 432 2465 quod
442 2431 464 2457 ei
485 2431 576 2463 minus,
593 2432 687 2459 morior
706 2440 751 2467 ego
773 2433 850 2468 (Gen.
873 2435 917 2462 30.
944 2437 980 2470 Ι).

189 2474 245 2502 Sed
269 2475 332 2510 quid
351 2475 433 2503 dicit?
447 2476 512 2503 Ecce
533 2476 655 2504 conclusit
674 2486 714 2504 me
731 2478 868 2512 Dominus,
883 2489 915 2507 ne
933 2490 981 2516 pa-

188 2529 281 2548 rerem.
309 2522 343 2549 Et
364 2522 437 2557 quia.
463 2522 558 2557 inquit,
583 2523 702 2551 sterilem
728 2533 772 2552 me
795 2525 858 2554 fecit
880 2532 981 2556 natura:

187 2567 328 2602 Conditor,
343 2572 370 2596 et
382 2568 495 2603 privavit
509 2577 552 2596 me
567 2569 680 2598 ﬁliorum
691 2573 874 2606 procreatione
884 2595 892 2606 ,
906 2579 934 2602 ut
948 2582 980 2602 ne

189 2618 300 2648 propter
311 2621 398 2641 meam
411 2614 577 2642 sterilitatem
587 2636 595 2648 ,
607 2622 668 2643 cum
682 2617 707 2644 in
717 2622 864 2646 extremam
875 2620 981 2647 veneris

188 2663 334 2691 senectam,
348 2662 441 2693 postea
454 2666 564 2687 maneas
576 2660 676 2696 absque
689 2661 788 2694 liberis,
797 2662 935 2698 Ingredere
945 2665 980 2691 ad

189 2703 311 2731 ancillam
327 2711 419 2736 meam,
433 2708 460 2731 ut
479 2712 510 2731 ea;
525 2713 554 2732 ea
566 2705 633 2740 ﬁlios
649 2715 773 2741 procrees.
794 2707 928 2744 Multiplex
953 2715 980 2737 et

190 2748 331 2776 ineliabilis
343 2749 461 2777 mulieris
472 2751 599 2785 probitas.
615 2752 680 2785 Qum
699 2753 770 2780 enim
785 2761 910 2789 umquam
924 2763 980 2782 mu-

187 2794 237 2821 tier
260 2793 312 2821 hoc
336 2794 479 2822 sustineret
503 2795 609 2829 facere,
624 2796 666 2824 vel
688 2798 746 2826 viro
768 2799 917 2833 consulere,
937 2800 978 2828 vel

186 2837 290 2868 ancillae
301 2839 435 2876 conjugali
450 2845 509 2870 toro
520 2840 618 2871 cedere
629 2842 641 2870 τ

578 132 605 160 S.
626 131 765 160 JOANNIS
783 131 1020 161 CHRYSOSTOMI
1041 131 1199 160 ARCHIEP.
1220 129 1485 159 CONSTANTINOP.

1791 134 1843 162 559

1087 185 1213 213 2.Vidisti
1228 186 1362 221 quomodo
1376 187 1410 214 ab
1427 187 1499 214 omni
1515 187 1656 216 aiIectione
1667 188 1767 218 fuerint
1779 191 1844 220 alie-

1053 231 1100 259 ni?
1112 231 1184 259 Unus
1197 237 1254 259 erat
1264 233 1304 259 eis
1317 240 1424 268 scopus,
1436 241 1469 261 ne
1480 234 1581 270 absque
1595 234 1686 263 liberis
1693 236 1754 264 ltinc
1763 237 1843 265 dece-

1049 278 1164 311 dcrent;
1180 278 1227 306 sed
1239 280 1394 314 spectabant
1405 280 1539 315 quomodo
1553 281 1634 309 etiam
1651 282 1725 311 illinc
1745 290 1842 311 conso-

1050 323 1177 352 lationem
1190 325 1357 360 acquircrent
1367 346 1375 358 ,
1389 330 1416 353 et
1428 326 1612 355 indissolubile
1623 327 1695 363 pacis
1710 329 1843 357 vinculum

1051 375 1200 398 servarent.
1225 371 1342 399 Observa
1360 372 1433 399 enim
1460 371 1504 399 hic
1530 373 1688 407 patriarcha:
1713 374 1844 409 insignem

1048 416 1250 449 continentiam,
1257 416 1492 452 admirabilemque
1502 419 1744 447 mansuetudinem.
1752 420 1844 455 Neque

1048 461 1120 488 enim
1131 462 1251 497 asperior
1264 461 1313 489 fuit
1327 463 1414 495 uxori,
1430 463 1500 498 quod
1522 463 1621 492 liberos
1641 472 1693 492 non
1719 465 1841 501 haberet,

1049 511 1076 534 ut
1093 507 1248 543 insipientes
1262 509 1401 541 nonnulli;
1416 517 1503 545 neque
1513 518 1589 538 amor
1602 511 1660 546 ejus
1673 519 1735 547 erga
1749 514 1842 541 mulie-

1047 560 1105 580 rem
1118 553 1272 582 immiuutus
1286 560 1336 582 est.
1354 555 1433 583 Scitis
1446 556 1528 589 ettim,
1543 556 1620 591 plane
1645 558 1719 585 scitis
1743 560 1841 588 multos

1048 599 1116 627 hanc
1129 599 1297 634 potissimum
1312 601 1347 628 ob
1362 609 1468 629 causam
1482 602 1608 630 mulieres
1615 602 1761 639 despicere,
1773 606 1840 633 sicut

1046 644 1081 672 ob
1092 645 1252 673 contrariam
1265 645 1400 675 adamare.
1424 647 1571 682 Utrumque
1587 648 1683 676 stolide
1694 654 1722 677 et
1742 650 1840 686 impru-

1046 690 1140 718 denter
1153 697 1244 727 agunt,
1260 693 1304 728 qui
1317 693 1443 722 uxoribus
1455 694 1784 724 adseribuntsterilitatem
1798 698 1839 726 vel

1046 735 1243 770 fecunditatem,
1258 738 1333 773 quasi
1356 740 1506 767 nescientes
1532 748 1547 767 a
1573 747 1674 771 natura:
1695 741 1838 774 Conditore

1045 781 1194 817 dispensari
1223 783 1356 817 universa,
1370 789 1398 812 et
1424 793 1510 820 neque
1533 787 1643 822 coitum,
1655 797 1741 826 neque
1766 791 1839 819 aliud

1045 828 1168 863 quiddam
1186 829 1218 856 ad
1241 830 1418 865 procreandos
1440 832 1537 860 liberos
1561 834 1682 863 conferre
1695 857 1703 870 ,
1719 837 1769 864 nisi
1791 845 1838 865 co-

1045 880 1171 908 operetur
1184 882 1279 903 manus
1292 884 1417 911 superna,
1433 886 1491 913 qum
1507 884 1627 908 naturam
1643 881 1675 908 ad
1697 890 1837 917 procrean~

1034 919 1107 949 .dum
1121 921 1229 949 excitet.
1246 922 1311 955 Qu:c
1324 930 1385 950 cum
1399 925 1481 958 probe
1496 931 1586 953 nosset
1593 926 1681 962 justus
1694 928 1748 961 ille,
1758 931 1835 957 uxori

1044 966 1210 994 sterilitatem
1225 975 1277 995 non
1295 968 1442 1003 imputabat
1458 979 1465 998 :
1481 970 1527 998 sed
1547 978 1738 1006 congruentem
1752 975 1835 1002 hono-

1043 1019 1100 1039 rem
1114 1019 1220 1047 semper
1232 1014 1256 1040 ei
1275 1014 1416 1042 tribuebat.
1431 1015 1516 1050 Atque
1527 1017 1595 1044 hanc
1609 1018 1644 1045 ob
1653 1026 1760 1047 causam
1780 1021 1835 1056 ipsa

1044 1057 1071 1085 in
1091 1057 1170 1086 ofﬁcii
1185 1059 1269 1087 vicem
1280 1081 1286 1092 ,
1302 1060 1448 1096 volensque
1463 1061 1599 1091 declarare
1623 1069 1722 1100 quanto
1745 1073 1836 1095 amore

1042 1111 1103 1139 erga
1118 1105 1202 1132 virum
1213 1106 1358 1141 afﬁciatur,
1375 1115 1427 1135 non
1443 1108 1513 1143 quod
1533 1110 1574 1137 sui
1587 1110 1669 1145 ipsius
1684 1116 1742 1139 erat
1752 1132 1763 1144 ,
1773 1120 1835 1147 ερε-

1042 1152 1140 1185 clabat,
1155 1152 1201 1180 sed
1212 1153 1347 1188 quomodo
1360 1154 1397 1181 illi
1412 1155 1622 1183 consolationem
1635 1158 1776 1192 quamdam
1789 1166 1834 1186 or-

1042 1196 1132 1225 bitatis
1157 1198 1304 1227 liberorum
1330 1201 1516 1236 excogitaret,
1540 1204 1615 1237 quasi
1638 1204 1760 1233 manibus
1780 1207 1834 1234 suis

1041 1248 1177 1278 acceptam
1188 1245 1302 1279 puellam
1313 1245 1463 1282 Egyptiam
1475 1247 1501 1274 in
1515 1248 1613 1276 lectum
1623 1257 1701 1278 suum
1712 1251 1814 1280 induxit
1825 1262 1832 1282 :

1041 1288 1104 1323 quin
1118 1293 1145 1317 et
1158 1290 1246 1318 verbis
1261 1291 1325 1326 ipsis
1338 1292 1466 1326 ostendit,
1478 1300 1529 1328 qua
1540 1293 1574 1321 de
1585 1301 1663 1322 causa
1676 1295 1701 1323 id
1713 1296 1833 1330 faciat,et

1041 1335 1101 1369 quis
1121 1335 1180 1370 ejus
1201 1337 1237 1363 sit
1251 1344 1358 1372 scapus.
1381 1337 1448 1372 Quia
1464 1346 1531 1374 ego,
1546 1339 1650 1375 inquit,
1664 1341 1765 1369 inutilis
1780 1343 1834 1370 visa

1040 1388 1111 1414 sum,
1129 1386 1157 1409 et
1173 1381 1206 1410 ad
1221 1383 1402 1417 generandum
1417 1391 1469 1412 non
1487 1385 1584 1413 idonea
1600 1385 1746 1415 :Conclusit
1763 1389 1833 1416 enim

1040 1434 1081 1453 me
1100 1425 1237 1461 Dominus,
1250 1436 1281 1455 ne
1307 1437 1430 1464 parerem.
1442 1429 1507 1457 Vide
1527 1430 1682 1465 prudentem
1706 1433 1832 1466 animant,

1039 1473 1174 1507 quomodo
1199 1473 1263 1501 nihil
1287 1481 1412 1509 asperum
1435 1475 1567 1510 loquitur,
1590 1477 1756 1506 sterilitatem
1781 1487 1832 1507 non

1040 1517 1161 1554 deplorat
1175 1528 1182 1546 :
1196 1519 1242 1547 sed
1256 1520 1342 1548 solum
1362 1520 1412 1548 hoc
1427 1521 1503 1549 nobis
1524 1521 1661 1551 declarare
1674 1523 1730 1550 vult
1741 1544 1749 1556 ,
1763 1525 1833 1559 quod

1039 1569 1141 1592 natura:
1152 1564 1265 1592 Domino
1280 1565 1368 1600 opiﬁci
1383 1566 1435 1594 hoc
1449 1567 1605 1595 adscribens
1615 1589 1622 1599 ,
1639 1568 1733 1596 leniter
1746 1574 1774 1596 et
1784 1577 1832 1604 ge-

1039 1617 1136 1637 nerose
1150 1609 1227 1643 lerat,
1243 1611 1344 1638 malens
1357 1611 1427 1645 quod
1443 1611 1497 1639 Deo
1509 1612 1646 1646 placebat.
1665 1620 1744 1648 quam
1762 1614 1835 1649 quod

1039 1655 1095 1690 ipsa
1108 1656 1328 1690 concupiscebat,
1343 1662 1369 1684 et
1384 1657 1433 1685 hoc
1447 1666 1527 1686 unum
1541 1663 1664 1693 spectans
1677 1681 1685 1694 ,
1701 1665 1729 1687 ut
1748 1662 1835 1688 virum

1038 1700 1179 1728 solaretur.
1210 1701 1340 1735 Quoniam
1350 1723 1358 1736 ,
1372 1703 1474 1738 inquit,
1491 1703 1615 1731 Dominus
1631 1713 1671 1732 me
1692 1707 1832 1739 conclusit,

1038 1754 1070 1773 ne
1080 1754 1202 1781 parerem.
1213 1747 1317 1780 Quanta
1336 1747 1415 1782 hujus
1435 1748 1508 1776 verbi
1528 1749 1664 1784 emphasis
1681 1752 1741 1778 est?
1753 1760 1834 1787 quam

1038 1792 1197 1821 ineﬁ'abilcm
1208 1793 1324 1821 ostendit
1340 1794 1386 1822 Dei
1410 1795 1553 1830 potentiam
1577 1801 1603 1823 et
1619 1796 1832 1831 providentiam?

1038 1837 1118 1872 Quasi
1131 1838 1233 1866 diceret
1247 1848 1254 1866 :
1268 1838 1342 1867 Sicut
1357 1847 1408 1867 nos
1422 1841 1557 1875 aperimus
1571 1846 1599 1869 et
1617 1841 1767 1871 claudimus
1784 1843 1831 1871 do-

1037 1891 1121 1916 mum,
1138 1883 1172 1911 ita
1194 1889 1221 1911 et
1248 1884 1375 1912 Dominus
1395 1886 1422 1913 in
1446 1890 1540 1914 natura
1564 1892 1702 1922 operatur,
1729 1893 1757 1917 et
1781 1896 1832 1916 suo

1036 1933 1171 1964 prmecpto
1185 1929 1294 1963 claudit,
1308 1935 1335 1958 et
1348 1930 1445 1958 iterum
1459 1932 1566 1967 quando
1581 1934 1637 1960 vult
1649 1935 1746 1969 aperit,
1758 1935 1830 1970 etju-

1037 1974 1082 2001 bet
1096 1979 1216 2002 naturam
1229 1975 1300 2011 quod
1320 1983 1397 2003 suum
1416 1981 1458 2004 est
1472 1979 1587 2013 operari.
1605 1978 1738 2013 Quoniam
1753 1981 1829 2016 igitur

1038 2019 1165 2047 Conclusit
1194 2029 1233 2048 me
1255 2020 1398 2056 Dominus,
1427 2031 1458 2049 ne
1484 2032 1616 2058 parerem,
1645 2025 1776 2061 ingredere
1796 2027 1829 2053 ad

1036 2065 1156 2092 ancillam
1169 2074 1264 2100 nteant,
1280 2072 1308 2093 ut
1333 2075 1365 2094 ex
1388 2076 1418 2094 ea
1436 2069 1532 2104 prolem
1554 2078 1677 2105 procreet.
1705 2072 1767 2099 Scio
1787 2080 1831 2100 me

1036 2111 1159 2139 orbitatis
1171 2119 1279 2139 causam
1298 2120 1373 2146 esse;
1388 2120 1528 2149 propterea
1549 2116 1611 2143 nolo
1624 2121 1650 2144 te
1664 2117 1770 2152 privare
1783 2119 1831 2146 illo

1036 2157 1142 2184 solatio.
1155 2157 1289 2185 Fortassis
1303 2163 1390 2187 autem
1405 2160 1486 2187 etiam
1498 2161 1683 2196 suspicabatur
1693 2163 1758 2191 Sara
1774 2168 1828 2191 ste-

1036 2202 1161 2230 rilitatem
1175 2203 1246 2231 illam
1261 2211 1314 2232 non
1335 2212 1350 2232 a
1369 2213 1398 2233 se
1411 2206 1466 2234 sola
1481 2213 1541 2234 esse
1554 2228 1562 2240 ,
1578 2207 1624 2235 scd
1637 2209 1719 2236 etiam
1734 2217 1766 2238 ex
1780 2217 1827 2246 pa-

1037 2248 1150 2276 triarclta
1167 2256 1174 2276 :
1188 2249 1249 2276 ideo
1262 2249 1355 2277 volens
1368 2256 1442 2278 certo
1454 2253 1641 2287 experimento
1654 2254 1683 2281 id
1695 2255 1826 2290 comperi-

1036 2300 1076 2326 re,
1092 2294 1195 2331 ancillae
1204 2294 1285 2328 cedit,
1301 2299 1329 2323 et
1343 2295 1414 2323 illam
1425 2297 1449 2324 in
1463 2297 1560 2325 lectum
1575 2299 1740 2333 illiusducit,
1757 2306 1785 2328 ut
1799 2309 1827 2329 re

1036 2338 1090 2373 ipsa
1105 2339 1190 2367 discat
1203 2347 1236 2368 an
1250 2341 1305 2368 sola
1317 2341 1351 2368 sit
1360 2342 1385 2368 iit
1399 2349 1490 2376 causa,
1503 2343 1608 2379 sibique
1619 2345 1670 2372 solt
1683 2346 1718 2373 sit
1729 2346 1826 2374 adscrir

1035 2383 1122 2412 benda
1136 2385 1274 2413 sterilitas.
1299 2385 1413 2414 Obedivit
1438 2393 1532 2422 autem,
1550 2388 1646 2424 inquit,
1659 2390 1754 2418 Abram
1775 2393 1826 2419 voci

1035 2429 1118 2457 Sane.
1132 2430 1223 2465 Magna
1235 2431 1299 2466 justi
1314 2432 1488 2468 philosophia.
1503 2433 1531 2461 ld
1544 2434 1615 2462 enim
1626 2436 1696 2470 quod
1705 2436 1768 2470 dixi,
1779 2437 1827 2465 hoc

1033 2479 1060 2501 et
1071 2483 1141 2502 nunc
1154 2475 1214 2503 dico
1230 2484 1237 2502 :
1253 2476 1328 2504 illum
1343 2485 1396 2505 non
1411 2478 1526 2513 priorem
1542 2480 1592 2507 hoc
1603 2481 1743 2508 consilium
1755 2483 1826 2510 iniis-

1034 2527 1073 2553 se,
1089 2522 1211 2555 quamvis
1227 2522 1253 2549 in
1277 2528 1397 2551 extrema
1422 2529 1560 2553 senectute
1584 2531 1672 2560 esset,
1687 2533 1714 2554 et
1728 2536 1798 2556 nunc
1812 2537 1826 2556 a

1034 2565 1098 2593 Sara
1109 2567 1273 2595 admonitum
1288 2574 1410 2604 prompte
1432 2570 1593 2605 obedivisse,
1618 2577 1646 2600 ut
1669 2572 1778 2601 doceret
1799 2582 1826 2602 se

1034 2618 1086 2638 non
1101 2619 1134 2639 ex
1147 2613 1361 2649 concupiscentia
1376 2615 1418 2642 vel
1435 2615 1545 2644 libidine
1559 2617 1686 2652 congredi
1705 2626 1766 2646 cum
1782 2619 1824 2646 illa

1034 2657 1159 2691 voluisse,
1169 2659 1216 2687 sed
1227 2664 1255 2687 ut
1274 2659 1385 2688 seminis
1399 2660 1562 2697 relinqueret
1574 2664 1781 2692 successionem.
1798 2665 1824 2692 5.

1035 2703 1066 2730 Et
1077 2704 1134 2731 tulit
1148 2705 1216 2732 Sara
1228 2714 1292 2733 uxor
1311 2706 1386 2734 Alme
1404 2707 1513 2743 Agarem
1533 2708 1689 2745 Egyptiam
1706 2712 1826 2739 ancillam

1032 2758 1104 2776 suam
1115 2771 1123 2784 ,
1139 2756 1272 2786 postquam
1284 2751 1368 2779 decem
1383 2761 1466 2780 annos.
1477 2754 1613 2782 habitasset
1636 2764 1695 2783 cum
1707 2758 1760 2785 viro
1778 2767 1824 2786 suo

1031 2795 1058 2822 in
1068 2795 1213 2824 Chanana'a
1224 2798 1263 2833 (a)
1277 2804 1300 2826 et
1310 2800 1378 2827 dedit
1388 2809 1444 2829 eam
1457 2802 1533 2830 Abrae
1545 2803 1598 2830 viro
1612 2813 1661 2832 suo.
1668 2805 1695 2832 in
1708 2814 1823 2835 mrem.

1064 2852 1102 2884 (a)
1118 2853 1158 2879 Hic
1170 2855 1260 2881 variant
1270 2856 1420 2888 exemplaria
1431 2859 1584 2890 septuaginta
1597 2863 1768 2894 interpretum,
1783 2863 1824 2888 ubi
