2055 3123
190 130 237 160 εει
734 133 768 162 ιν
788 133 864 162 ΕΜ).
879 133 939 162 XVI
960 133 1081 162 GENES.
1103 134 1218 164 IIOMIL.
1236 136 1378 165 XXXVIII.

189 189 399 225 προτιμοτέραν.
426 190 584 226 Ἀναγκαῖον
601 190 628 218 δὲ
650 191 697 218 καὶ
719 193 809 219 αὐτῶν
833 192 948 220 ἀκοῦσαι
970 192 1024 219 τῶν

189 233 330 268 ῥημάτων,
353 234 398 261 ῐνα
421 234 575 270 σαφεστέρα
598 235 661 270 ὑμῖν
684 235 797 272 γένηται
818 237 836 271 ή
856 236 1024 263 διδασκαλία.

188 279 267 313 Σιίρα
280 278 324 311 δὲ,
339 279 431 314 φησὶν,
448 280 468 313 ἡ
486 279 563 314 γυνὴ
580 280 698 315 Ἀϐραμ,
719 281 774 307 οὐκ
791 280 908 307 ἔτικτεν
923 279 1004 313 αὐτῷ
1016 289 1023 296 ·

189 319 227 356 ἦν
249 321 284 349 δὲ
308 322 386 356 αὐτῇ
407 322 551 358 παιδίσκη
562 323 728 359 Αἰγυπτία,
758 321 778 360 ᾗ
802 324 897 359 ὄνομα
925 325 1024 359 Ἅγαρ.

222 366 321 392 Σκόπει
339 374 383 402 μοι
396 366 531 400 ἐντεῦθεν,
549 367 686 404 ἀγαπητέ,
708 367 756 394 τοῦ
775 367 843 394 Θεοῦ
857 368 906 403 τὴν
923 368 1025 403 ἀφατον

188 408 390 446 μακροθυμίαν,
416 410 523 438 καὶτοῦ
537 411 641 438 δικαίου
667 411 715 447 τὴν
737 411 960 447 ὑπερϐάλλουσαν
983 412 1026 439 πί-

186 460 246 478 στιν
268 452 315 478 καλ⁵
338 451 387 488 τὴν
410 453 630 489 εὐγνωμοσύνην,
647 454 680 489 ἠν
697 454 762 490 περὶ
783 454 833 487 τὰς
858 455 1025 489 ἐπαγγελίας

184 495 359 523 ἐπεδείκνυτο
369 497 417 528 τὰς
431 498 470 529 εἰς
483 497 564 524 αὑτὸν
576 498 772 534 γεγενημένας.
786 498 956 530 Τοσαυτάκις
970 498 1024 534 γὰρ

186 539 372 575 ὑποσχομένου
398 540 445 567 τοῦ
461 540 542 573 Θεοῦ,
562 541 603 568 ὅτι
621 541 660 577 τῷ
679 542 816 578 σπέρματι
841 542 922 569 αὐτοῦ
944 542 1025 569 δώσει

185 583 234 618 τὴν
261 584 323 619 γῆν⁹
339 584 386 611 καὶ
400 585 441 612 ὅτι
457 585 497 617 είς
518 585 642 612 τοσοῦτον
662 586 764 621 πλῆθος
781 586 969 622 ἐκταθήσεται,
986 586 1024 618 ὡς

184 627 223 663 τῷ
239 628 294 655 τῶν
311 628 418 664 ἄστρων
432 629 531 664 πλήθει
554 630 761 666 παρισωθῆναι,
783 630 854 666 ὁρῶν
875 630 951 657 οὐδὲν
969 631 1024 658 τῶν

182 672 407 707 ἐπαγγελθέντων
423 674 463 705 είς
489 673 570 709 ἔργον
591 673 726 706 ἐκϐαῖνον,
744 674 800 701 ἀλλ’
816 674 856 701 ἔτι
880 675 960 711 μέχρι
977 675 1023 702 λό-

183 725 240 750 γων
263 716 298 743 τὰ
320 717 374 744 τῶν
397 717 570 753 ὑποσχέσεων
594 718 771 753 τυγχάνοντα,
794 719 844 746 οὐκ
860 719 1023 754 ἐταράττετο

183 759 230 786 τὸν
252 759 392 796 λογισμὸν,
415 761 465 788 οὐκ
485 761 629 788 ἐσαλεύετο
644 762 694 798 τὴν
707 761 831 798 γνώμην,
848 762 905 789 ἀλλ’
925 762 1021 798 ἔμενεν

183 803 314 838 ἀκλινὴς,
339 803 476 831 πιστεύων
499 806 533 841 τῇ
561 805 675 841 δυνάμει
705 805 752 833 τοῦ
775 806 1020 842 ἐπαγγειλαμένου.

183 848 233 874 Διὰ
252 848 307 884 γὰρ
321 847 400 875 τοῦτο
416 849 464 876 καὶ
478 849 526 875 νῦν
540 849 734 885 ἐπεσημήνατο
751 851 768 886 ὴ
785 850 844 877 θεία
865 850 958 886 Γραφὴ
979 850 1023 877 λέ-

181 899 269 925 γουσα
281 900 288 907 ·
307 891 387 926 Σάρα
402 891 446 924 δὲ,
459 892 478 926 ὴ
495 893 572 927 γυνὴ
590 893 710 928 Ἀϐραμ,
727 895 783 920 οὐκ
797 893 913 921 ἔτικτεν
930 894 1020 926 αὐτῷ·

184 936 327 971 μονονουχὶ
349 935 428 962 τοῦτο
454 937 520 972 ἡμῖν
549 933 735 972 ἐμφαίνουσα,
763 937 804 964 ὅτι
838 937 907 973 μετὰ
936 938 1022 965 ταῦτα

181 979 306 1012 ἅπαντα,
322 979 390 1015 μετά
405 979 454 1012 τάς
470 980 606 1016 συνθήκας
628 981 676 1013 τὰς
692 980 760 1016 πρὸς
774 981 854 1008 αὐτὸν
871 981 1022 1018 γεγενημέ-

182 1032 248 1055 νας,
269 1023 338 1058 μετά
354 1024 384 1051 τὸ
405 1024 572 1059 ὑποσχέσθαι
594 1024 778 1060 ἀναρίθμητον
795 1025 824 1059 ἐξ
841 1025 923 1052 αὑτοῦ
939 1027 1020 1062 γενή-

182 1067 276 1094 σεσθαι
289 1067 402 1102 πλῆθος,
417 1068 466 1094 οὐκ
492 1068 637 1103 ἤσχαλλεν,
651 1069 700 1095 οὐκ
713 1068 873 1102 ἐνεδοίαζεν,
887 1069 958 1104 ὀρῶν
973 1070 1020 1096 οὑ-

180 1111 225 1138 δέν
245 1111 299 1138 τῶν
317 1112 472 1148 εἰρημένων
488 1113 529 1144 είς
555 1112 635 1148 ἔργον
651 1113 786 1144 ἐκϐαῖνον,
800 1113 867 1140 ἀλλά
882 1114 969 1141 πάντα
987 1114 1021 1141 τὰ

182 1155 302 1182 ἐναντία.
316 1155 365 1182 Διά
382 1155 460 1182 τοῦτό
475 1165 541 1192 φησι
560 1157 619 1191 μετ’
636 1157 727 1184 ἐκεῖνα
742 1156 861 1184 ἃπαντα·
881 1157 960 1191 Σάρα
975 1157 1019 1189 δὲ,

182 1200 201 1233 ἠ
215 1199 291 1234 γυνὴ
306 1200 400 1227 αὐτοῦ
410 1221 417 1233 ,
431 1201 487 1228 οὐκ
507 1200 625 1228 ἔτικτεν
638 1200 719 1234 αὑτῴ
729 1208 736 1215 '
760 1201 804 1228 ἵνα
820 1201 909 1238 μάθῃς
921 1203 962 1229 ὅτι
979 1203 1021 1229 οὑ-

179 1243 224 1270 δέν
239 1243 315 1279 αὑτῷ
331 1244 412 1271 πλέον
427 1245 522 1279 γέγονε
537 1245 607 1280 μετά
628 1245 679 1277 τὰς
692 1245 825 1277 τοσαύτας
842 1246 1018 1282 ὑποσχέσεις,

181 1288 270 1314 καίτοι
284 1288 346 1314 καὶ¹
362 1289 379 1323 ἡ
393 1289 536 1324 στείρωσις
550 1289 600 1324 τῆς
623 1289 713 1325 Σάρας
724 1310 731 1321 ,
749 1289 797 1316 καὶ
812 1291 862 1325 τῆς
880 1291 984 1326 μήτρας
1001 1293 1018 1327 ἡ

179 1331 314 1367 νέκρωσις
334 1332 435 1368 πολλὴν
458 1332 508 1368 τὴν
534 1332 652 1369 ἀπορίαν
668 1334 816 1369 ἐμποιῆσαι
833 1332 867 1369 ἦν
885 1335 964 1370 ἱκανὴ
981 1335 1020 1371 τῷ

179 1375 285 1412 δικαίῳ.
306 1376 375 1403 Ἀλλ’
392 1377 406 1404 ί,
421 1377 594 1412 πατριάρχης
606 1377 637 1404 οὐ
652 1377 719 1412 πρὸς
731 1376 765 1404 τά
780 1378 835 1404 ἀπὸ
848 1378 898 1414 τῆς
913 1379 1020 1414 φύσεως

180 1419 330 1455 κωλύματα
347 1419 422 1456 ἐώρα
438 1420 548 1454 λοιπὸν,
572 1420 630 1447 ἀλλ’
650 1420 728 1454 εἰδὼς
745 1421 776 1448 τδ
798 1423 951 1458 εὐμήχανον
971 1422 1018 1450 τοῦ

180 1462 331 1496 Δεσπότου,
348 1464 394 1491 καὶ
411 1465 451 1491 ὅτι
469 1464 635 1501 δημιουργὸς
652 1464 691 1492 ὣν
707 1465 757 1501 τῆς
780 1465 897 1500 φύσεως,
921 1467 968 1493 καὶ
990 1467 1020 1500 ἐξ

179 1507 290 1543 ἀπόρων
310 1508 410 1544 πόρους
428 1509 519 1545 εὑρεῖν
533 1508 662 1541 δύναται,
676 1508 801 1546 καθάπερ
816 1510 965 1546 εὐγνώμων
979 1512 1018 1538 oi-

180 1551 272 1586 κέτης,
301 1552 331 1578 οὐ
355 1552 562 1588 περιειργάζετο
590 1553 636 1579 τὸν
661 1553 761 1588 τρόπον
783 1553 837 1580 τῶν
858 1555 1018 1590 γινομένων,

179 1595 247 1622 ἀλλά
274 1597 434 1632 παραχωρεῖ
450 1598 483 1633 τῇ
501 1597 686 1633 ἀκαταλήπτῳ
709 1597 792 1624 αὑτοῦ
816 1599 944 1634 προνοίᾳ,
972 1600 1020 1626 καὶ

179 1640 323 1667 ἐπίστευσε
344 1642 398 1672 τοῖς
422 1641 588 1676 εἰρημένοις.
610 1642 659 1668 Διά
676 1641 755 1668 τοῦτό
779 1650 859 1677 φησι,
877 1642 957 1676 Σάρα
974 1643 1018 1676 δὲ,

181 1684 250 1718 μετά
263 1684 313 1716 τὰς
329 1683 462 1716 τοσαύτας
476 1685 648 1721 ὑποσχέσεις,
662 1686 717 1712 οὺκ
732 1685 850 1712 ἔτικτεν
864 1685 1019 1719 αὑτῷ.⁷Ην

178 1727 212 1753 δὲ
238 1727 314 1762 αὐτῇ
341 1728 485 1762 παιδίσκη
504 1729 662 1763 Αιγυπτάι,
688 1726 708 1764 ᾖ
732 1729 825 1764 ὄνομα
841 1729 939 1764 Ἅγαρ,
961 1730 1017 1766 Οὐχ

178 1771 273 1803 ἁπλῶς
300 1772 366 1807 ἡμῖν
384 1772 444 1799 οὐδὲ
464 1772 581 1800 ἐνταῦθα
603 1772 652 1808 τῆς
670 1773 816 1808 παιδίσκης
837 1774 886 1810 τὴν
907 1774 1017 1810 μνήμην

179 1815 325 1851 ἐποιήσατο
338 1816 355 1850 ἡ
369 1815 428 1842 θεία
440 1815 547 1852 Γραφὴ,
562 1816 619 1842 ἀλλ’
631 1816 674 1843 ἵνα
689 1816 820 1852 μάθωμεν
837 1817 918 1844 πόθεν
931 1818 1016 1853 αὐτὴν

179 1859 252 1894 ἔσχε.
266 1859 315 1886 Διὰ
326 1861 380 1895 γὰρ
393 1860 473 1887 τοῦτο
486 1860 667 1896 προσέθηκεν,
682 1861 723 1888 ὃτι
735 1861 893 1896 Αἰγυπτία,
909 1863 952 1889 ἵνα
971 1863 1017 1889 ἐπὶ

178 1903 229 1937 τὴν
252 1903 374 1938 ἱστορίαν
396 1903 595 1940 ἀναδράμωμεν
623 1903 748 1939 ἐκείνην·
780 1904 827 1930 καὶ
852 1905 892 1932 ὅτι
907 1906 938 1932 ἐκ
962 1905 1016 1933 τῶν

179 1943 254 1977 παρὰ
267 1943 314 1970 τοῦ
330 1944 430 1980 Φαραὼ
445 1945 672 1981 παρασχεθέντων
686 1945 755 1982 αὕτη
767 1943 812 1981 ἦν,
824 1946 905 1981 ἡνίκα
917 1947 1016 1974 τοσαύ-

178 1993 227 2018 της
243 1985 402 2019 ἀπήλαυσεν
417 1987 539 2019 ἐκδικίας
555 1986 631 2023 παρὰ
646 1987 693 2014 τοῦ
717 1988 772 2015 τῶν
788 1988 856 2015 ὃλων
873 1989 952 2022 Θεοῦ,
970 1991 1016 2017 καὶ

179 2026 281 2062 ταύτην
294 2027 417 2054 λαϐοῦσα
431 2028 593 2064 ἐπανῆλθεν,
609 2030 735 2065 ἐπίτηδες
749 2030 815 2065 ἡμῖν
827 2031 913 2066 αὐτῆς
927 2032 973 2058 καὶ
985 2033 1016 2059 τὸ

178 2068 263 2110 δνομα
285 2069 332 2096 καὶ
348 2070 379 2096 τὺ
394 2070 469 2102 ἔθνος
484 2070 631 2106 ἐγνώρισεν
645 2073 661 2107 ή
678 2071 737 2099 θεία
755 2073 862 2108 Γραφή.
882 2074 952 2101 Ἀλλ’
965 2075 1016 2110 ὅρα

179 2109 271 2152 λοιπὸν
285 2111 402 2138 ἐνταῦθα
414 2113 464 2154 τῆς
481 2113 570 2147 Σάρας
583 2113 632 2148 τὴν
648 2113 791 2147 φιλόσοφον
808 2109 1014 2177 γ’νώμηνὲόέά]

180 2145 225 2170 καὶ
240 2154 290 2177 της
305 2155 481 2177 σωφροσυνης
493 2147 542 2177 τὴν
557 2148 720 2177 ὑπερϐολὴν.
730 2148 775 2175 καὶ
786 2157 833 2175 του
845 2158 928 2177 πατρι
950 2159 1014 2177 ονου

180 2145 225 2186 καὶ
240 2146 290 2181 τῆς
305 2145 481 2184 σωφροσύνης
493 2145 542 2183 τὴν
557 2145 720 2184 ὑπερϐολὴν,
730 2145 775 2175 καὶ
786 2145 833 2175 τοῦ
845 2145 1015 2186 πατριάρχού

179 2185 227 2221 τὴν
243 2186 346 2221 ἄφατον
366 2187 452 2215 πειθὼ
475 2188 521 2215 καὶ
548 2188 597 2224 τὴν
621 2189 755 2225 ὑπακοήν.
777 2188 850 2217 Εἷπε
868 2190 903 2217 δὲ
924 2185 1014 2226 Σάρα,

179 2228 261 2262 φησὶ,
276 2227 350 2262 πρὸς
366 2229 474 2264 Ἀϐραμ
486 2229 520 2256 ἐν
531 2229 569 2265 γῆ
580 2229 716 2258 Χαναάν·
740 2230 817 2258 Ἰδοὺ
834 2232 1016 2260 συνέκλεισέ

177 2277 213 2303 με
234 2267 342 2303 Κύριος
366 2270 418 2297 τοῦ
436 2270 479 2305 μὴ
505 2271 620 2298 τεκεῖν·
638 2272 758 2300 είσελθε
782 2271 840 2301 οὖν
865 2274 940 2308 πρὸς
960 2274 1017 2309 τὴν

178 2310 344 2345 παιδίσκην
355 2320 429 2346 μου,
445 2313 495 2339 ἵνα
514 2313 737 2349 τεκνοποιήσῃς
749 2314 784 2347 ἐξ
793 2314 899 2349 αὐτῆς.
915 2316 1015 2342 Σκόπει

177 2352 226 2388 τὴν
240 2353 450 2390 εὐγνωμοσύνην
465 2355 603 2389 γυναικός.
625 2355 708 2382 οὐδὲν
723 2355 843 2383 τοιοῦτον
856 2354 943 2391 εἶπεν,
960 2355 1015 2385 οἷον

180 2394 249 2428 μετά
266 2394 353 2421 ταῦτα
372 2396 389 2431 ἡ
408 2396 510 2431 Ῥαχήλ
533 2405 599 2431 φησι
619 2397 686 2432 πρὸς
700 2397 746 2424 τὸν
766 2397 879 2424 Ἰακώϐ·
898 2400 954 2431 Δός
963 2409 1015 2434 μοι

180 2435 284 2462 τέκνα·
308 2439 335 2464 εὶ
356 2437 391 2464 δὲ
409 2438 466 2472 μὴ,
488 2438 672 2472 ἀποθνήσκω
690 2438 756 2473 ἐγώ.
776 2439 856 2466 Ἀλλά
873 2440 899 2466 τί
914 2449 1013 2475 (manv;

184 2477 262 2504 Ἰδοὺ
281 2478 460 2506 συνέκλεισέ
472 2488 510 2514 με
520 2480 629 2514 Κύριος
641 2479 694 2507 τοῦ
707 2479 750 2514 μὴ
766 2480 874 2508 τεκεῖν.
893 2482 1013 2518 Ἐπειδὴ,

178 2518 270 2553 φησὶν,
287 2519 384 2551 ἀγονόν
400 2530 433 2556 με
449 2521 616 2557 κατέστησεν
629 2522 642 2548 ὁ
654 2521 702 2556 τῆς
716 2521 823 2556 φύσεως
836 2523 1013 2558 δημιουργὸς,

178 2560 224 2585 καὶ
242 2560 412 2597 ἀπεστέρησε
426 2562 476 2597 τῆς
492 2563 546 2589 τῶν
562 2563 666 2589 παίδων
680 2563 772 2598 γονῆς,
790 2563 834 2590 ἵνα
853 2563 891 2599 μὴ
910 2562 956 2591 οὖν
970 2565 1013 2592 διὰ

177 2601 226 2635 τὴν
239 2601 308 2637 ἐμὴν
323 2603 467 2639 στείρωσιν
480 2605 560 2635 αὐτὸς
574 2606 613 2636 είς
628 2604 694 2639 βαθὺ
707 2605 794 2640 γῆρας
810 2605 909 2638 ἐλάσας
921 2606 1013 2634 λοιπὸν

177 2641 260 2674 ἄπαις
272 2643 424 2680 διαμείνῃς,
440 2645 568 2673 ΕΤσελθε
589 2646 663 2680 πρὸς
678 2646 735 2680 τὴν
750 2647 916 2682 παιδίσκην
940 2657 1012 2682 μου,

178 2683 226 2710 ἵνα
239 2686 460 2721 τεκνοποιήσῃς
471 2687 505 2719 ἐξ
517 2687 621 2721 αὐτῆς.
635 2688 722 2723 Πολλὴ
738 2689 784 2716 καὶ
800 2689 927 2725 ἀφατοςή
940 2689 1013 2724 φιλο-

180 2725 259 2768 σοφία
278 2726 327 2762 τῆς
345 2728 489 2762 γυναικός.·
508 2729 555 2761 Τίς
572 2729 626 2765 γὰρ
643 2730 676 2756 ἂν
705 2730 791 2757 ἕλοιτο
812 2730 921 2758 πώποτε
944 2731 1013 2768 γυνὴ

178 2767 255 2792 τιιῦ.ο
280 2767 411 2802 ποιῆσαι,
427 2769 443 2804 ἢ
463 2769 664 2805 συμϐουλεῦσαι
681 2770 719 2805 τῷ
738 2771 814 2806 ἀνδρὶ
830 2771 925 2805 τοῦτο,
943 2771 960 2807 ἢ
977 2774 1012 2808 τῇ

178 2809 307 2848 παιδίσκῃ
318 2812 368 2848 τῆς
381 2814 482 2849 εὑνῆςιι
499 2814 694 2850 παραχωρῆσαι
705 2823 712 2847 ;

212 2897 220 2907 ⁸
235 2895 332 2930 ἳῇνκθι
344 2905 386 2921 sex
399 2905 456 2922 mss.
470 2900 620 2930 ὑποσχέσεις,
632 2900 682 2924 ἀλλ’
696 2900 728 2924 Ξτι
743 2900 791 2926 καί.
817 2901 829 2920 h
843 2903 883 2927 Sic
896 2901 972 2927 Sm‘il.
986 2906 1008 2927 cl

180 2921 239 2948 Μοτ-
252 2926 302 2957 Sed
312 2934 371 2953 mss.
395 2921 636 2961 έςίιιέάίὲἦ-ἴέπὲνῆιέ

1863 142 1926 170 55'?

1117 192 1149 228 β’,
1159 192 1236 227 Εἶδες
1247 195 1306 227 πῶς
1326 195 1427 227 παντὸς
1442 195 1544 229 πάθους
1559 196 1635 229 ἐκτὸς
1653 194 1740 233 ﬁdem;
1759 199 1812 226 Καὶ
1823 197 1863 231 είς
1879 198 1915 237 ἦν
1926 218 1933 228 ι

1078 239 1170 271 αὐτοῖς
1185 239 1265 275 μόνον
1279 240 1396 272 σκοπὸς,
1410 240 1457 267 τοῦ
1478 241 1515 277 μὴ
1529 241 1647 274 ἄπαιδας
1659 242 1840 278 τελευτῆσαι·
1855 244 1922 271 ἀλλ”

1078 283 1213 310 ἐσκόπουν
1235 283 1310 316 ὃπως
1327 284 1374 310 καὶ
1388 285 1438 320 τὴν
1455 284 1581 312 ἐντεῦθεν
1602 286 1778 322 παραμυθίαν
1797 289 1916 323 κτήσων-

1077 335 1133 360 ται,
1149 327 1195 354 καὶ
1208 327 1258 362 τῆς
1271 327 1384 363 εἰρήνης
1397 327 1442 354 τὸν
1460 327 1608 364 σύνδεσμον
1621 330 1732 365 ἀῤῥαγῆ
1743 330 1915 367 διατηρῆσαι-

1078 378 1130 397 σιν.
1154 370 1254 397 Ἑννύει
1271 371 1325 407 γάρ
1346 379 1390 406 μοι
1403 371 1450 398 106
1466 371 1636 407 πατριάρχου
1650 372 1766 400 ἐνταῦθα
1784 374 1837 410 τὴν»
1849 376 1914 403 πολ-

1077 413 1126 449 λὴν
1151 415 1328 450 σωφροσύνην
1354 415 1401 442 καὶ
1425 415 1474 451 τὴν
1504 415 1726 450 ὑπερϐάλλουσαν
1751 410 1912 446 ἐπιείκειαν.

1077 455 1146 482 Οὔτε
1161 456 1360 492 γάρ,καθάπερ
1375 457 1446 489 τινὲς
1456 456 1511 484 τῶν
1523 456 1654 493 ἀνοήτων,
1669 457 1832 494 ἐδυσχέρανε
1843 460 1915 495 πρδς

1075 499 1125 534 τὴν
1149 500 1274 536 γαμετὴν
1293 500 1338 528 διὰ
1359 501 1408 536 τὴν
1432 501 1571 534 ἀπαιδίαν,
1590 500 1652 527 οὔτε
1675 502 1720 529 τὸν
1740 503 1805 538 περὶ
1828 504 1914 540 αὐτὴν

1077 542 1158 570 πόθον
1171 543 1339 578 ἠλάττωσεν.
1357 544 1429 570 Ἴστε
1441 543 1507 580 γὰρ,
1522 545 1578 571 ίστε
1590 544 1648 576 πῶς
1663 546 1719 577 τοῖς
1735 546 1839 572 πλείοσι
1859 547 1914 573 τῶν

1076 586 1228 622 ἀνθρώπων
1241 586 1320 614 τοῦτο
1342 587 1462 622 μάλιστα
1478 588 1564 614 αίτιον
1584 588 1688 622 γίνεται
1704 589 1756 624 τῆς
1776 590 1846 616 κατὰ
1858 590 1913 617 τῶν

1075 628 1214 662 γυναικῶν
1237 629 1404 664 ὑπεροψίας·
1432 629 1528 665 ὥσπερ
1552 627 1586 657 αὖ
1615 630 1697 657 πάλιν
1727 631 1773 658 καὶ
1799 631 1911 666 φίλτρου

1076 672 1199 704 πλείονος
1211 672 1338 700 ὑπόθεσιν
1348 673 1378 699 τὺ
1388 673 1509 700 ἐναντίον
1521 673 1672 706 ποιοῦνται,
1685 674 1787 711 σφόδρα
1801 675 1911 710 κούφως

1075 717 1122 743 καὶ
1139 716 1260 752 ἀνοήτως
1273 718 1334 749 ταῖς
1348 717 1456 751 γυναιξὶ
1469 717 1640 753 λογιζόμενοι
1658 719 1704 745 καὶ
1720 719 1769 755 τὴν
1784 719 1911 746 ἀπαιδίαν

1075 759 1122 786 καὶ
1132 760 1182 796 τὴν
1197 760 1349 793 εὐπαιδίαν,
1364 761 1413 788 οὐκ
1430 761 1530 793 ειδότες
1543 762 1584 788 δτι
1600 762 1648 789 τοῦ
1665 762 1713 798 τῆς
1730 763 1837 798 φύσεώς
1853 764 1911 791 ἐστι

1074 804 1241 840 δημιουργοῦ
1260 804 1291 831 τὸ
1316 804 1381 836 πᾶν,
1402 805 1450 832 καὶ
1465 804 1528 832 οὔτε
1550 806 1567 840 ἡ
1583 806 1723 838 συνουσία,
1738 806 1800 833 οὐτε
1818 807 1912 844 ἔτερόν

1073 848 1100 874 τί
1122 848 1180 874 ἐστι
1202 847 1232 874 τὸ
1248 847 1396 884 δυνάμενον
1413 849 1569 876 συντελέσαι
1589 849 1658 884 πρὸς
1671 850 1721 886 τὴν
1738 851 1792 877 τῶν
1809 851 1912 878 παίδων

1073 891 1209 928 διαδοχὴν,
1231 892 1268 928 μὴ
1290 892 1341 928 τῆς
1355 892 1458 920 ἄνωθεν
1477 894 1567 929 χειρὸς
1587 896 1845 933 συνεφαπτομένης,
1864 897 1911 924 καὶ

1072 935 1121 971 τὴν
1132 935 1213 970 φύσιν
1229 935 1416 972 διεγειρούσης
1437 936 1506 972 πρὸς
1523 937 1568 963 τὸν
1581 937 1670 966 τόκον.
1683 937 1773 974 Ἀπερ
1789 939 1911 975 ἀκριϐῶς

1071 981 1086 1006 ὸ
1100 979 1204 1012 δίκαιος
1221 977 1298 1012 οὗτος
1313 980 1506 1015 ἐπιστάμενος,
1523 980 1586 1007 οὔτε
1603 982 1636 1017 τῇ
1651 982 1761 1015 γυναικὶ
1773 982 1912 1017 ἐλογίζετο

1072 1024 1121 1060 τὴν
1134 1023 1329 1055 ἀπαιδίαν,καὶ
1342 1024 1391 1059 τὴν
1407 1025 1598 1060 προσήκουσαν
1609 1025 1677 1061 αὐτῇ
1692 1026 1775 1062 τιμὴν
1788 1027 1831 1054 διὰ
1843 1028 1911 1054 πάν-

1071 1076 1125 1094 των
1147 1067 1289 1103 ἀπένειμε.
1308 1067 1358 1094 Διά
1376 1076 1418 1094 τοι
1433 1067 1510 1094 τοῦτο
1534 1068 1580 1094 καὶ
1596 1068 1665 1104 αὑτὴ
1682 1069 1909 1106 φιλοτιμουμένη,

1072 1111 1118 1138 καὶ
1132 1109 1280 1146 βουλομένη
1297 1110 1383 1143 δείξαι
1397 1111 1463 1146 ὅσην
1476 1113 1593 1138 ποιεῖται
1607 1113 1670 1148 περὶ
1689 1113 1735 1139 τδν
1749 1112 1852 1140 δίκαιον
1869 1123 1911 1151 φι-

1071 1155 1242 1191 λοστοργίαν,
1252 1155 1282 1181 οὐ
1293 1155 1323 1181 τὸ
1338 1155 1438 1190 ἑαυτῆς
1449 1155 1599 1188 σκοποῦσα,
1614 1155 1670 1182 ἀλλ’
1681 1156 1755 1189 ὅπως
1768 1157 1800 1184 ἂν
1813 1158 1910 1194 ἐκείνῳ

1071 1199 1249 1235 παραμυθίαν
1272 1199 1334 1226 τινὰ
1358 1199 1409 1234 τῆς
1425 1199 1554 1231 ἀπαιδίας
1575 1200 1744 1235 ἐπινοήσειε,
1767 1203 1910 1238 μονονουχὶ

1070 1245 1130 1275 ταῖς
1146 1243 1261 1276 οίκείαις
1283 1243 1363 1279 χερσὶ
1380 1242 1502 1270 λαϐοῦσα
1522 1243 1571 1279 τὴν
1587 1243 1733 1279 παιδίσκην
1754 1244 1804 1281 τὴν
1826 1247 1909 1280 Δίγυ-

1071 1287 1151 1314 πτίαν
1164 1288 1211 1314 ἐπὶ
1225 1287 1275 1323 τὴν
1293 1286 1361 1313 ίδίαν
1375 1287 1456 1323 εὐνὴν
1475 1287 1629 1322 ἀνήγαγεν
1643 1287 1711 1315 ἀλλά
1731 1289 1777 1316 καὶ
1796 1289 1840 1317 διὰ
1856 1291 1910 1317 τῶν

1071 1331 1202 1368 ῥημάτων
1224 1330 1386 1358 δεικνύουσα
1408 1331 1454 1358 τὸν
1470 1331 1580 1362 σκοπὸν,
1596 1332 1629 1358 δι’
1651 1331 1680 1359 ὃν
1698 1333 1777 1360 τοῦτο
1797 1334 1918 1369 ποιῆσαιι

1070 1376 1243 1408 κατεδέξατο,
1269 1375 1360 1410 φησίν’
1392 1375 1502 1410 Ἐπειδὴ
1516 1375 1571 1410 ἐγὼ
1594 1375 1730 1412 ἄχρηστος
1754 1377 1848 1413 ὤφθην
1862 1379 1913 1405 καὶ

1069 1419 1256 1455 ἀνεπιτήδειος
1269 1419 1337 1455 πρὸς
1352 1419 1433 1454 γονήν
1442 1426 1449 1432 ·
1461 1417 1644 1446 Συνέκλεισε
1656 1418 1711 1454 γάρ
1720 1429 1759 1455 με
1771 1422 1787 1447 ό
1802 1422 1910 1455 Κύριος

1070 1463 1123 1491 τοῦ
1135 1463 1179 1498 μὴ
1195 1463 1300 1490 τεκεῖν,
1318 1463 1390 1498 Ὅρα
1408 1462 1497 1498 ψυχῆς
1513 1463 1734 1498 εὐγνωμοσύνην,
1751 1463 1810 1497 πῶς
1832 1465 1909 1492 οὐδὲν

1069 1508 1197 1544 δυσχερὲς
1223 1507 1389 1542 φθέγγεται,
1410 1507 1471 1534 οὑδέ
1494 1507 1658 1544 ἀποδύρεται
1684 1508 1728 1535 διὰ
1757 1509 1806 1545 τὴν
1833 1510 1907 1536 στεί-

1071 1561 1163 1588 ρωσιν,
1186 1551 1253 1579 ἀλλὰ
1281 1551 1361 1586 μόνον
1382 1550 1462 1578 τοῦτο
1481 1551 1547 1587 ἡμῖν
1571 1551 1691 1588 ἐμφῆναι
1714 1552 1850 1588 βούλεται,
1868 1553 1908 1580 ὅτι

1068 1595 1107 1631 τῷ
1135 1594 1294 1631 δημιουργῷ
1315 1594 1366 1629 τῆς
1389 1594 1496 1630 φύσεως
1520 1594 1599 1621 τοῦτο
1622 1595 1788 1632 λογιζομένη
1812 1597 1908 1633 πράως

1069 1640 1115 1666 καὶ⁴
1132 1640 1264 1674 γενναίως
1281 1638 1373 1674 ἔφερε,
1391 1638 1552 1674 προτιμῶσα
1567 1639 1597 1666 τὸ
1616 1638 1654 1675 τῷ
1669 1639 1728 1676 Θεῷ
1749 1639 1844 1667 δοκοῦν
1859 1640 1909 1676 τῆς

1069 1682 1172 1714 οἰκείας
1195 1682 1342 1718 ἐπιθυμίας
1352 1703 1360 1715 ,
1373 1682 1421 1709 καὶ
1441 1682 1552 1709 ἐσκόπει
1573 1683 1647 1714 ὅπως
1661 1683 1706 1710 τὸν
1721 1683 1804 1719 ἀνδρα
1820 1693 1909 1720 παρα-

1071 1726 1234 1762 μυθήσηται.
1252 1726 1363 1762 Ἐπειδὴ
1384 1724 1441 1759 οὖν,
1467 1727 1558 1762 φησιν,
1574 1726 1643 1761 Ἐμὲ
1671 1727 1873 1756 συνέκλεισεν
1892 1731 1909 1756 ό

1068 1769 1178 1804 Κύριος
1192 1769 1245 1796 τοῦ
1257 1769 1301 1805 μὴ
1317 1770 1424 1796 τεκεῖν.
1439 1770 1513 1805 Πότη
1529 1771 1576 1797 καὶ
1592 1770 1675 1797 αὑτοῦ
1691 1770 1736 1797 τοῦ
1753 1772 1873 1807 ῥήματος
1891 1774 1907 1807 ἡ

1069 1814 1204 1849 ἔμφασιςι
1223 1813 1284 1845 πῶς
1296 1813 1415 1840 δείκνυσι
1425 1811 1502 1848 [585]
1515 1812 1561 1839 τοῦ
1574 1813 1640 1840 Θεοῦ
1655 1813 1705 1849 τὴν
1719 1814 1848 1850 πρόνοιαν
1861 1816 1907 1842 καὶ

1067 1857 1117 1893 τὴν
1135 1858 1237 1892 ἀφατον
1257 1857 1389 1893 δύναμινί
1408 1856 1543 1892 Καθάπερ
1564 1857 1617 1892 γὰρ
1635 1858 1726 1892 ἡμεῖς,
1754 1858 1846 1894 φησὶν,
1861 1859 1908 1885 ἐπὶ

1067 1901 1117 1937 τῆς
1133 1901 1222 1933 οίκίας
1234 1901 1360 1936 κλείομεν
1374 1901 1421 1928 καὶ
1431 1900 1587 1936 ἀνοίγομεν,
1599 1900 1671 1928 οὕτω
1686 1902 1732 1928 καὶ
1741 1903 1755 1928 ό
1768 1902 1906 1938 Δεσπότης

1067 1946 1114 1972 ἐπὶ
1129 1945 1179 1980 τῆς
1195 1945 1302 1979 φύσεως
1320 1944 1477 1980 ἐργάζεται.
1494 1945 1591 1980 καὶτῷ
1607 1945 1700 1980 οἰκείῳ
1716 1946 1908 1981 προστάγματι,

1067 1989 1114 2016 καὶ
1127 1989 1177 2021 τὰς
1191 1988 1265 2020 κλεῖς
1282 1988 1390 2022 ἐπάγει,
1403 1988 1450 2014 καὶ
1464 1987 1545 2014 πάλιν
1560 1988 1640 2023 ἡνίκα
1653 1988 1685 2015 ἃν
1701 1988 1818 2025 βουληθῇ
1834 1990 1906 2022 ἀνοίτ

1066 2041 1120 2068 γει,
1136 2033 1183 2060 καὶ
1197 2032 1303 2059 κελεύει
1319 2032 1368 2068 τὴν
1385 2031 1465 2066 φύσιν
1484 2031 1514 2059 τὸ
1527 2032 1626 2067 ἐαυτῆς
1640 2031 1812 2068 ἐργάζεσθαι.
1829 2033 1905 2065 Ἐπεὶ

1065 2075 1111 2104 οὖν
1127 2075 1309 2104 Συνέκλεισέ
1324 2084 1373 2110 με,
1393 2076 1485 2111 φησὶν,
1506 2076 1522 2102 ὁ
1538 2076 1646 2110 Κύριος
1661 2076 1715 2103 τοῦ
1732 2076 1776 2113 μὴ
1796 2077 1904 2112 τεκεῖν,

1065 2121 1184 2148 εἴσελθε
1199 2119 1274 2154 πρὸς
1286 2119 1344 2153 τὴν
1360 2119 1525 2153 παιδίσκην
1534 2128 1605 2154 μου,
1619 2120 1670 2146 ἵνα
1686 2121 1906 2156 τεκνοποιήσῃς

1065 2164 1100 2196 ἐξ
1115 2163 1219 2196 αὐτῆς.
1233 2161 1298 2190 Οἶδα
1313 2163 1353 2190 ὅτι
1369 2162 1424 2197 ἐγώ
1439 2163 1495 2198 είμι
1508 2164 1525 2198 ὴ
1543 2163 1617 2190 αίτία
1632 2163 1681 2199 τῆς
1697 2164 1824 2197 ἀπαιδίας
1836 2174 1842 2179 ·
1860 2165 1904 2197 δια

1065 2206 1144 2232 τοῦτο
1158 2205 1188 2232 οὑ
1203 2204 1334 2240 βούλομαί
1350 2213 1380 2231 σε
1398 2205 1584 2240 ἀποστερῆσαι
1604 2205 1655 2240 τῆς
1669 2205 1794 2233 ἐντεῦθεν
1816 2216 1906 2243 παρα-

1067 2247 1174 2283 μυθίας.
1184 2247 1265 2278 Ἴσως
1281 2246 1310 2273 δέ
1325 2246 1372 2272 καὶ
1390 2245 1550 2272 ὑπώπτευεν
1564 2246 1580 2281 ὴ
1596 2246 1671 2281 Σάρα
1685 2247 1722 2282 μὴ
1741 2248 1806 2283 παρ’
1819 2248 1904 2285 αὐτὴν
1930 2243 1937 2248 ’

1067 2289 1150 2324 μόνην
1159 2286 1227 2314 εἶναι
1238 2287 1273 2314 τὰ
1281 2287 1330 2322 τῆς
1342 2287 1480 2319 ἀπαιδίας,
1491 2287 1559 2314 ἀλλὰ
1567 2287 1613 2314 καὶ
1625 2287 1700 2323 παρά
1711 2289 1756 2315 τὸν
1771 2290 1904 2326 πατριάρ-

1065 2339 1133 2366 χην’
1151 2330 1194 2357 διὰ
1208 2329 1286 2356 τοῦτο
1305 2329 1453 2365 βουλομένη
1472 2329 1505 2355 δι’
1521 2329 1610 2356 αὐτῶν
1629 2329 1683 2356 τῶν
1700 2330 1788 2365 ἔργων
1803 2331 1904 2366 πληρο-
1923 2333 1935 2343 ‘

1065 2372 1227 2408 φορηθῆναι,
1242 2372 1403 2407 παραχωρεῖ
1417 2372 1451 2406 τῇ
1475 2370 1616 2406 παιδίσκῃ,
1638 2371 1685 2397 καὶ
1703 2372 1744 2402 είς
1761 2372 1810 2407 τὴν
1822 2372 1903 2408 εὐνὴν

1065 2415 1149 2449 αὐτὴν
1173 2413 1245 2448 ἄγει,
1267 2413 1312 2439 ἴνα
1338 2412 1411 2448 μάθῃ
1431 2411 1464 2438 δι’
1484 2411 1573 2438 αὐτῶν
1590 2411 1644 2438 τῶν
1668 2413 1848 2447 πραγμάτων,
1865 2414 1902 2445 ὡς
1956 2424 1959 2427 ν

1064 2457 1147 2491 ἑαυτῇ
1162 2455 1193 2482 τὸ
1204 2456 1258 2482 πᾶν
1270 2453 1370 2489 ὀφείλει
1384 2453 1548 2488 λογίζεσθαι.
1565 2452 1737 2486 Ὑπήκουσε
1751 2453 1795 2486 δὲ,
1809 2456 1901 2489 φησὶν.

1066 2498 1174 2531 Ἀϐριιμ
1188 2496 1241 2530 τῆς
1256 2495 1359 2530 φωνῆς
1376 2495 1482 2528 Σάρας.
1501 2493 1588 2529 Πολλὴ
1608 2493 1655 2520 τοῦ
1670 2494 1775 2522 δικαίου
1795 2497 1811 2530 ὴ
1829 2495 1902 2530 φιλο‹

1065 2538 1154 2572 σοφία..
1165 2538 1254 2573 Ὅπερ
1271 2536 1326 2572 γὰρ
1345 2535 1430 2570 ἔφθην
1444 2535 1539 2566 εἰπὼν,
1551 2535 1630 2561 τοῦτο
1646 2534 1694 2561 καὶ
1707 2535 1755 2562 νῦν
1775 2535 1829 2572 ἐρῶ
1840 2544 1846 2551 ·
1859 2537 1901 2564 ὅτι

1063 2579 1125 2605 οὐτε
1150 2579 1282 2614 πρότερον
1307 2577 1385 2604 τοῦτο
1412 2576 1606 2606 ἐϐουλεύσατο,
1633 2576 1722 2603 καίτοι
1748 2577 1777 2604 ἐν
1793 2578 1903 2614 ἐσχάτῳ

1064 2622 1137 2657 γήρᾳ
1147 2620 1239 2647 λοιπὸν
1252 2619 1301 2651 ὢν,
1316 2619 1364 2646 καὶ
1376 2618 1424 2645 νῦν
1433 2618 1482 2654 τὴν
1494 2618 1650 2653 προτροπὴν
1662 2619 1738 2654 παρὰ
1747 2621 1796 2655 τῆς
1811 2620 1902 2655 Σάρας

1063 2662 1209 2698 δεξάμενος
1224 2662 1338 2697 ἑτοίμως
1355 2662 1505 2696 ὑπήκουσε,
1517 2661 1624 2693 δεικνὺς
1637 2662 1678 2688 ὃτι
1692 2662 1742 2689 οὐκ
1754 2663 1901 2699 ἐπιθυμίας

1063 2703 1156 2731 ἕνεκεν
1178 2704 1282 2735 ἁπλῶς,
1298 2703 1358 2730 οὐδὲ
1376 2702 1456 2729 πάθει
1474 2703 1679 2730 κατακολουθῶν
1693 2705 1742 2740 τῆς
1757 2707 1900 2738 συνουσίας

1064 2747 1208 2783 ἠνέσχετο,
1232 2747 1289 2774 ἀλλ’
1309 2746 1380 2773 ὥστε
1405 2745 1562 2781 σπέρματος
1581 2746 1706 2782 διαδοχὴν
1730 2748 1899 2775 καταλιπεῖν.

1064 2788 1118 2815 Καί
1133 2788 1270 2816 λαϐοῦσα
1286 2787 1366 2822 Σάριι
1379 2788 1398 2821 ἡ
1415 2787 1492 2823 γυνὴ
1506 2788 1614 2822 Ἀϐραμ
1632 2788 1721 2823 ’Ἅγαρ
1738 2788 1797 2823 τὴν
1813 2791 1899 2824 Αιγυ-

1065 2831 1156 2857 πτίτιν
1166 2829 1223 2864 τὴν
1232 2829 1342 2864 ἑαυτῆς
1352 2829 1606 2863 παιδίσκην,μετι¹ι
1615 2828 1687 2856 δέκα
1699 2829 1750 2863 ἐτη
1762 2830 1813 2856 τοῦ
1826 2838 1900 2856 συν-

1067 2873 1188 2908 οικῆσαι
1207 2866 1318 2906 Ἀΐριιμ
1336 2870 1375 2903 τῷ
1391 2870 1476 2905 ἀνδρὶ
1503 2870 1596 2905 αὐτῆς
1617 2871 1651 2898 ἑν
1675 2870 1711 2905 τῇ
1736 2871 1897 2904 Χαναναία,

1064 2918 1174 2946 ἔδακεν
1184 2916 1291 2951 Ἄϐμιμ
1302 2912 1338 2947 τῷ
1348 2913 1432 2948 ἀνδρί
1444 2913 1536 2949 αὐτῆς
1547 2912 1643 2949 αὐτὴν
1654 2912 1789 2949 γυναῖκα.
1799 2913 1899 2940 Σκόπει
