  <div class='ocr_page' id='page_1' title='image "/cluster/home/n/w/nwhite01/storage/ocr_20150623/53-54/njp.32101077772638/356.png"; bbox 0 0 2055 3123; ppageno 0'>
   <div class='ocr_carea' id='block_1_1' title="bbox 259 86 312 113">
    <p class='ocr_par' dir='ltr' id='par_1_1' title="bbox 259 86 312 113">
     <span class='ocr_line' id='line_1_1' title="bbox 259 86 312 113; baseline -0.038 0"><span class='ocrx_word' id='word_1_1' title='bbox 259 86 312 113; x_wconf 74' lang='lat'><strong>55.3</strong></span> 
     </span>
    </p>
   </div>
   <div class='ocr_carea' id='block_1_2' title="bbox 260 139 1046 177">
    <p class='ocr_par' dir='ltr' id='par_1_2' title="bbox 260 139 1046 177">
     <span class='ocr_line' id='line_1_2' title="bbox 260 139 1046 177; baseline -0.009 -5"><span class='ocrx_word' id='word_1_2' title='bbox 260 144 390 176; x_wconf 75' lang='lat' dir='ltr'><strong>Attende,</strong></span> <span class='ocrx_word' id='word_1_3' title='bbox 418 143 545 176; x_wconf 87' lang='lat' dir='ltr'><strong>obsecro,</strong></span> <span class='ocrx_word' id='word_1_4' title='bbox 568 142 710 177; x_wconf 69' lang='lat' dir='ltr'><strong>Scriptura:</strong></span> <span class='ocrx_word' id='word_1_5' title='bbox 725 141 887 177; x_wconf 77' lang='lat' dir='ltr'><strong>diligentiam</strong></span> <span class='ocrx_word' id='word_1_6' title='bbox 903 149 909 168; x_wconf 90' lang='lat'>:</span> <span class='ocrx_word' id='word_1_7' title='bbox 928 145 956 167; x_wconf 88' lang='lat' dir='ltr'><strong>ut</strong></span> <span class='ocrx_word' id='word_1_8' title='bbox 977 139 1046 167; x_wconf 89' lang='lat' dir='ltr'><strong>enim</strong></span> 
     </span>
    </p>
   </div>
   <div class='ocr_carea' id='block_1_3' title="bbox 257 185 1047 223">
    <p class='ocr_par' dir='ltr' id='par_1_3' title="bbox 257 185 1047 223">
     <span class='ocr_line' id='line_1_3' title="bbox 257 185 1047 223; baseline -0.006 -6"><span class='ocrx_word' id='word_1_9' title='bbox 257 191 391 217; x_wconf 78' lang='lat' dir='ltr'><strong>discamus</strong></span> <span class='ocrx_word' id='word_1_10' title='bbox 405 189 477 217; x_wconf 92' lang='lat' dir='ltr'><strong>illum</strong></span> <span class='ocrx_word' id='word_1_11' title='bbox 486 196 537 216; x_wconf 93' lang='lat' dir='ltr'><strong>non</strong></span> <span class='ocrx_word' id='word_1_12' title='bbox 554 196 613 215; x_wconf 78' lang='lat' dir='ltr'><strong>mox</strong></span> <span class='ocrx_word' id='word_1_13' title='bbox 628 192 688 223; x_wconf 82' lang='lat' dir='ltr'><strong>post</strong></span> <span class='ocrx_word' id='word_1_14' title='bbox 702 187 759 214; x_wconf 78' lang='lat' dir='ltr'><strong>lucc</strong></span> <span class='ocrx_word' id='word_1_15' title='bbox 772 188 850 214; x_wconf 88' lang='lat' dir='ltr'><strong>verba</strong></span> <span class='ocrx_word' id='word_1_16' title='bbox 865 194 922 221; x_wconf 71' lang='lat' dir='ltr'><strong>quae</strong></span> <span class='ocrx_word' id='word_1_17' title='bbox 937 185 970 213; x_wconf 85' lang='lat' dir='ltr'><strong>ad</strong></span> <span class='ocrx_word' id='word_1_18' title='bbox 987 193 1047 213; x_wconf 90' lang='lat' dir='ltr'><strong>enm</strong></span> 
     </span>
    </p>
   </div>
   <div class='ocr_carea' id='block_1_4' title="bbox 257 231 1048 269">
    <p class='ocr_par' dir='ltr' id='par_1_4' title="bbox 257 231 1048 269">
     <span class='ocr_line' id='line_1_4' title="bbox 257 231 1048 269; baseline -0.005 -7"><span class='ocrx_word' id='word_1_19' title='bbox 257 235 324 262; x_wconf 74' lang='lat' dir='ltr'><strong>dixit</strong></span> <span class='ocrx_word' id='word_1_20' title='bbox 349 235 425 266; x_wconf 81' lang='lat' dir='ltr'><strong>Sara,</strong></span> <span class='ocrx_word' id='word_1_21' title='bbox 438 234 464 262; x_wconf 95' lang='lat' dir='ltr'><strong>in</strong></span> <span class='ocrx_word' id='word_1_22' title='bbox 486 241 552 269; x_wconf 81' lang='lat' dir='ltr'><strong>Opus</strong></span> <span class='ocrx_word' id='word_1_23' title='bbox 577 233 742 269; x_wconf 82' lang='lat' dir='ltr'><strong>prcsiluisse,</strong></span> <span class='ocrx_word' id='word_1_24' title='bbox 758 233 817 260; x_wconf 89' lang='lat' dir='ltr'><strong>ideo</strong></span> <span class='ocrx_word' id='word_1_25' title='bbox 843 232 908 260; x_wconf 91' lang='lat' dir='ltr'><strong>dicit</strong></span> <span class='ocrx_word' id='word_1_26' title='bbox 922 241 929 259; x_wconf 86' lang='lat'>:</span> <span class='ocrx_word' id='word_1_27' title='bbox 945 231 978 258; x_wconf 81' lang='lat' dir='ltr'><strong>Et</strong></span> <span class='ocrx_word' id='word_1_28' title='bbox 991 231 1048 258; x_wconf 88' lang='lat' dir='ltr'><strong>tulit</strong></span> 
     </span>
    </p>
   </div>
   <div class='ocr_carea' id='block_1_5' title="bbox 257 278 1048 316">
    <p class='ocr_par' dir='ltr' id='par_1_5' title="bbox 257 278 1048 316">
     <span class='ocr_line' id='line_1_5' title="bbox 257 278 1048 316; baseline -0.006 -8"><span class='ocrx_word' id='word_1_29' title='bbox 257 281 324 309; x_wconf 85' lang='lat' dir='ltr'><strong>Sara</strong></span> <span class='ocrx_word' id='word_1_30' title='bbox 348 289 413 308; x_wconf 75' lang='lat' dir='ltr'><strong>tutor</strong></span> <span class='ocrx_word' id='word_1_31' title='bbox 427 281 501 308; x_wconf 77' lang='lat' dir='ltr'><strong>Abraz</strong></span> <span class='ocrx_word' id='word_1_32' title='bbox 513 280 620 316; x_wconf 80' lang='lat' dir='ltr'><strong>Agarem</strong></span> <span class='ocrx_word' id='word_1_33' title='bbox 638 279 789 315; x_wconf 55' lang='lat' dir='ltr'><strong>ngyptiam</strong></span> <span class='ocrx_word' id='word_1_34' title='bbox 810 278 928 305; x_wconf 78' lang='lat' dir='ltr'><strong>ancillam</strong></span> <span class='ocrx_word' id='word_1_35' title='bbox 951 286 1022 305; x_wconf 76' lang='lat' dir='ltr'><strong>suam</strong></span> <span class='ocrx_word' id='word_1_36' title='bbox 1039 285 1048 304; x_wconf 98' lang='lat'><em>:</em></span> 
     </span>
    </p>
   </div>
   <div class='ocr_carea' id='block_1_6' title="bbox 255 325 1040 360">
    <p class='ocr_par' dir='ltr' id='par_1_6' title="bbox 255 325 1040 360">
     <span class='ocr_line' id='line_1_6' title="bbox 255 325 1040 360; baseline -0.003 -8"><span class='ocrx_word' id='word_1_37' title='bbox 255 327 330 360; x_wconf 82' lang='lat' dir='ltr'><strong>queis</strong></span> <span class='ocrx_word' id='word_1_38' title='bbox 340 326 490 353; x_wconf 86' lang='lat' dir='ltr'><strong>subindicat</strong></span> <span class='ocrx_word' id='word_1_39' title='bbox 503 325 579 353; x_wconf 89' lang='lat' dir='ltr'><strong>nobis</strong></span> <span class='ocrx_word' id='word_1_40' title='bbox 593 325 728 360; x_wconf 76' lang='lat' dir='ltr'><strong>Scriptura</strong></span> <span class='ocrx_word' id='word_1_41' title='bbox 749 325 840 352; x_wconf 89' lang='lat' dir='ltr'><strong>divina</strong></span> <span class='ocrx_word' id='word_1_42' title='bbox 853 332 912 351; x_wconf 91' lang='lat' dir='ltr'><strong>eum</strong></span> <span class='ocrx_word' id='word_1_43' title='bbox 930 331 1040 351; x_wconf 79' lang='lat' dir='ltr'><strong>uxorein</strong></span> 
     </span>
    </p>
   </div>
   <div class='ocr_carea' id='block_1_7' title="bbox 254 369 1045 406">
    <p class='ocr_par' dir='ltr' id='par_1_7' title="bbox 254 369 1045 406">
     <span class='ocr_line' id='line_1_7' title="bbox 254 369 1045 406; baseline -0.003 -8"><span class='ocrx_word' id='word_1_44' title='bbox 254 379 331 399; x_wconf 85' lang='lat' dir='ltr'><strong>suam</strong></span> <span class='ocrx_word' id='word_1_45' title='bbox 344 372 551 404; x_wconf 84' lang='lat' dir='ltr'><strong>consolaturum,</strong></span> <span class='ocrx_word' id='word_1_46' title='bbox 563 376 589 399; x_wconf 89' lang='lat' dir='ltr'><strong>et</strong></span> <span class='ocrx_word' id='word_1_47' title='bbox 601 371 625 399; x_wconf 84' lang='lat' dir='ltr'><strong>ei</strong></span> <span class='ocrx_word' id='word_1_48' title='bbox 638 371 746 406; x_wconf 89' lang='lat' dir='ltr'><strong>obsequi</strong></span> <span class='ocrx_word' id='word_1_49' title='bbox 758 370 900 402; x_wconf 86' lang='lat' dir='ltr'><strong>volentem,</strong></span> <span class='ocrx_word' id='word_1_50' title='bbox 913 369 981 397; x_wconf 89' lang='lat' dir='ltr'><strong>hanc</strong></span> <span class='ocrx_word' id='word_1_51' title='bbox 990 377 1045 397; x_wconf 89' lang='lat' dir='ltr'><strong>rem</strong></span> 
     </span>
    </p>
   </div>
   <div class='ocr_carea' id='block_1_8' title="bbox 256 415 1045 451">
    <p class='ocr_par' dir='ltr' id='par_1_8' title="bbox 256 415 1045 451">
     <span class='ocr_line' id='line_1_8' title="bbox 256 415 1045 451; baseline -0.004 -7"><span class='ocrx_word' id='word_1_52' title='bbox 256 417 362 445; x_wconf 78' lang='lat' dir='ltr'><strong>fecisse.</strong></span> <span class='ocrx_word' id='word_1_53' title='bbox 379 417 445 444; x_wconf 89' lang='lat' dir='ltr'><strong>Nam</strong></span> <span class='ocrx_word' id='word_1_54' title='bbox 461 422 488 444; x_wconf 89' lang='lat' dir='ltr'><strong>ut</strong></span> <span class='ocrx_word' id='word_1_55' title='bbox 501 417 639 444; x_wconf 77' lang='lat' dir='ltr'><strong>evidenter</strong></span> <span class='ocrx_word' id='word_1_56' title='bbox 653 417 720 444; x_wconf 84' lang='lat' dir='ltr'><strong>scias</strong></span> <span class='ocrx_word' id='word_1_57' title='bbox 736 415 891 451; x_wconf 77' lang='lat' dir='ltr'><strong>patriarcha:</strong></span> <span class='ocrx_word' id='word_1_58' title='bbox 904 415 1045 443; x_wconf 82' lang='lat' dir='ltr'><strong>continen-</strong></span> 
     </span>
    </p>
   </div>
   <div class='ocr_carea' id='block_1_9' title="bbox 255 461 1044 499">
    <p class='ocr_par' dir='ltr' id='par_1_9' title="bbox 255 461 1044 499">
     <span class='ocr_line' id='line_1_9' title="bbox 255 461 1044 499; baseline -0.001 -10"><span class='ocrx_word' id='word_1_59' title='bbox 255 464 317 490; x_wconf 92' lang='lat' dir='ltr'><strong>tiam</strong></span> <span class='ocrx_word' id='word_1_60' title='bbox 329 467 356 490; x_wconf 90' lang='lat' dir='ltr'><strong>et</strong></span> <span class='ocrx_word' id='word_1_61' title='bbox 369 462 492 499; x_wconf 79' lang='lat' dir='ltr'><strong>eximiam</strong></span> <span class='ocrx_word' id='word_1_62' title='bbox 508 462 710 497; x_wconf 84' lang='lat' dir='ltr'><strong>temperantiam</strong></span> <span class='ocrx_word' id='word_1_63' title='bbox 723 483 730 494; x_wconf 94' lang='lat'><strong>,</strong></span> <span class='ocrx_word' id='word_1_64' title='bbox 745 461 809 489; x_wconf 88' lang='lat' dir='ltr'><strong>dicit</strong></span> <span class='ocrx_word' id='word_1_65' title='bbox 826 470 832 488; x_wconf 93' lang='lat'>:</span> <span class='ocrx_word' id='word_1_66' title='bbox 851 461 986 496; x_wconf 77' lang='lat' dir='ltr'><strong>Postquam</strong></span> <span class='ocrx_word' id='word_1_67' title='bbox 999 461 1044 488; x_wconf 87' lang='lat' dir='ltr'><strong>de-</strong></span> 
     </span>
    </p>
   </div>
   <div class='ocr_carea' id='block_1_10' title="bbox 253 507 1044 536">
    <p class='ocr_par' dir='ltr' id='par_1_10' title="bbox 253 507 1044 536">
     <span class='ocr_line' id='line_1_10' title="bbox 253 507 1044 536; baseline -0.001 -2"><span class='ocrx_word' id='word_1_68' title='bbox 253 516 307 536; x_wconf 78' lang='lat' dir='ltr'><strong>cem</strong></span> <span class='ocrx_word' id='word_1_69' title='bbox 321 509 394 535; x_wconf 71' lang='lat' dir='ltr'><strong>annis</strong></span> <span class='ocrx_word' id='word_1_70' title='bbox 412 509 546 535; x_wconf 73' lang='lat' dir='ltr'><strong>habitasset</strong></span> <span class='ocrx_word' id='word_1_71' title='bbox 572 516 628 535; x_wconf 82' lang='lat' dir='ltr'><strong>cum</strong></span> <span class='ocrx_word' id='word_1_72' title='bbox 653 508 763 534; x_wconf 84' lang='lat' dir='ltr'><strong>Abramo</strong></span> <span class='ocrx_word' id='word_1_73' title='bbox 788 508 841 534; x_wconf 81' lang='lat' dir='ltr'><strong>viro</strong></span> <span class='ocrx_word' id='word_1_74' title='bbox 860 515 906 534; x_wconf 75' lang='lat' dir='ltr'><strong>suo</strong></span> <span class='ocrx_word' id='word_1_75' title='bbox 929 507 954 534; x_wconf 82' lang='lat' dir='ltr'><strong>in</strong></span> <span class='ocrx_word' id='word_1_76' title='bbox 978 511 1044 534; x_wconf 63' lang='lat' dir='ltr'><strong>ten‘a</strong></span> 
     </span>
    </p>
   </div>
   <div class='ocr_carea' id='block_1_11' title="bbox 251 553 1044 589">
    <p class='ocr_par' dir='ltr' id='par_1_11' title="bbox 251 553 1044 589">
     <span class='ocr_line' id='line_1_11' title="bbox 251 553 1044 589; baseline -0.003 -7"><span class='ocrx_word' id='word_1_77' title='bbox 251 553 384 582; x_wconf 81' lang='lat' dir='ltr'><strong>Chanaan.</strong></span> <span class='ocrx_word' id='word_1_78' title='bbox 398 554 456 582; x_wconf 87' lang='lat' dir='ltr'><strong>Non</strong></span> <span class='ocrx_word' id='word_1_79' title='bbox 471 555 571 589; x_wconf 77' lang='lat' dir='ltr'><strong>absque</strong></span> <span class='ocrx_word' id='word_1_80' title='bbox 585 561 665 581; x_wconf 57' lang='lat' dir='ltr'><strong>causa</strong></span> <span class='ocrx_word' id='word_1_81' title='bbox 677 558 780 588; x_wconf 87' lang='lat' dir='ltr'><strong>tempus</strong></span> <span class='ocrx_word' id='word_1_82' title='bbox 792 553 946 587; x_wconf 78' lang='lat' dir='ltr'><strong>assignavit,</strong></span> <span class='ocrx_word' id='word_1_83' title='bbox 956 553 1003 580; x_wconf 84' lang='lat' dir='ltr'><strong>sed</strong></span> <span class='ocrx_word' id='word_1_84' title='bbox 1015 557 1044 580; x_wconf 90' lang='lat' dir='ltr'><strong>ut</strong></span> 
     </span>
    </p>
   </div>
   <div class='ocr_carea' id='block_1_12' title="bbox 251 598 1042 634">
    <p class='ocr_par' dir='ltr' id='par_1_12' title="bbox 251 598 1042 634">
     <span class='ocr_line' id='line_1_12' title="bbox 251 598 1042 634; baseline -0.004 -7"><span class='ocrx_word' id='word_1_85' title='bbox 251 601 321 627; x_wconf 82' lang='lat' dir='ltr'><strong>scire</strong></span> <span class='ocrx_word' id='word_1_86' title='bbox 335 600 466 634; x_wconf 89' lang='lat' dir='ltr'><strong>possimus</strong></span> <span class='ocrx_word' id='word_1_87' title='bbox 479 604 544 634; x_wconf 85' lang='lat' dir='ltr'><strong>quot</strong></span> <span class='ocrx_word' id='word_1_88' title='bbox 557 599 633 627; x_wconf 81' lang='lat' dir='ltr'><strong>annis</strong></span> <span class='ocrx_word' id='word_1_89' title='bbox 646 599 733 634; x_wconf 89' lang='lat' dir='ltr'><strong>justus</strong></span> <span class='ocrx_word' id='word_1_90' title='bbox 747 599 851 626; x_wconf 76' lang='lat' dir='ltr'><strong>fortiter</strong></span> <span class='ocrx_word' id='word_1_91' title='bbox 864 598 1042 625; x_wconf 86' lang='lat' dir='ltr'><strong>infecundita-</strong></span> 
     </span>
    </p>
   </div>
   <div class='ocr_carea' id='block_1_13' title="bbox 253 644 1042 680">
    <p class='ocr_par' dir='ltr' id='par_1_13' title="bbox 253 644 1042 680">
     <span class='ocr_line' id='line_1_13' title="bbox 253 644 1042 680; baseline -0.004 -7"><span class='ocrx_word' id='word_1_92' title='bbox 253 651 304 673; x_wconf 72' lang='lat' dir='ltr'><strong>tem</strong></span> <span class='ocrx_word' id='word_1_93' title='bbox 321 646 419 678; x_wconf 81' lang='lat' dir='ltr'><strong>tulerit,</strong></span> <span class='ocrx_word' id='word_1_94' title='bbox 435 651 462 673; x_wconf 91' lang='lat' dir='ltr'><strong>et</strong></span> <span class='ocrx_word' id='word_1_95' title='bbox 474 645 611 673; x_wconf 84' lang='lat' dir='ltr'><strong>aﬁ‘ectibns</strong></span> <span class='ocrx_word' id='word_1_96' title='bbox 627 645 750 680; x_wconf 80' lang='lat' dir='ltr'><strong>superior</strong></span> <span class='ocrx_word' id='word_1_97' title='bbox 761 652 883 680; x_wconf 82' lang='lat' dir='ltr'><strong>magnam</strong></span> <span class='ocrx_word' id='word_1_98' title='bbox 892 644 1042 671; x_wconf 82' lang='lat' dir='ltr'><strong>exhibuerit</strong></span> 
     </span>
    </p>
   </div>
   <div class='ocr_carea' id='block_1_14' title="bbox 250 690 1041 728">
    <p class='ocr_par' dir='ltr' id='par_1_14' title="bbox 250 690 1041 728">
     <span class='ocr_line' id='line_1_14' title="bbox 250 690 1041 728; baseline -0.003 -9"><span class='ocrx_word' id='word_1_99' title='bbox 250 693 439 720; x_wconf 83' lang='lat' dir='ltr'><strong>continentiam</strong></span> <span class='ocrx_word' id='word_1_100' title='bbox 457 700 464 719; x_wconf 95' lang='lat'>:</span> <span class='ocrx_word' id='word_1_101' title='bbox 482 700 565 728; x_wconf 75' lang='lat' dir='ltr'><strong>neque</strong></span> <span class='ocrx_word' id='word_1_102' title='bbox 581 692 631 720; x_wconf 71' lang='lat' dir='ltr'><strong>hoc</strong></span> <span class='ocrx_word' id='word_1_103' title='bbox 641 692 738 724; x_wconf 88' lang='lat' dir='ltr'><strong>solum,</strong></span> <span class='ocrx_word' id='word_1_104' title='bbox 750 691 796 720; x_wconf 89' lang='lat' dir='ltr'><strong>sed</strong></span> <span class='ocrx_word' id='word_1_105' title='bbox 810 696 838 719; x_wconf 91' lang='lat' dir='ltr'><strong>ut</strong></span> <span class='ocrx_word' id='word_1_106' title='bbox 849 696 874 719; x_wconf 87' lang='lat' dir='ltr'><strong>et</strong></span> <span class='ocrx_word' id='word_1_107' title='bbox 885 691 955 718; x_wconf 89' lang='lat' dir='ltr'><strong>aliud</strong></span> <span class='ocrx_word' id='word_1_108' title='bbox 967 690 1041 726; x_wconf 84' lang='lat' dir='ltr'><strong>quid-</strong></span> 
     </span>
    </p>
   </div>
   <div class='ocr_carea' id='block_1_15' title="bbox 248 736 1040 772">
    <p class='ocr_par' dir='ltr' id='par_1_15' title="bbox 248 736 1040 772">
     <span class='ocr_line' id='line_1_15' title="bbox 248 736 1040 772; baseline -0.001 -8"><span class='ocrx_word' id='word_1_109' title='bbox 248 738 310 764; x_wconf 83' lang='lat' dir='ltr'><strong>dam</strong></span> <span class='ocrx_word' id='word_1_110' title='bbox 334 737 394 765; x_wconf 86' lang='lat' dir='ltr'><strong>inde</strong></span> <span class='ocrx_word' id='word_1_111' title='bbox 419 737 561 765; x_wconf 83' lang='lat' dir='ltr'><strong>discamus.</strong></span> <span class='ocrx_word' id='word_1_112' title='bbox 587 737 649 765; x_wconf 83' lang='lat' dir='ltr'><strong>ideo</strong></span> <span class='ocrx_word' id='word_1_113' title='bbox 672 739 744 765; x_wconf 87' lang='lat' dir='ltr'><strong>enim</strong></span> <span class='ocrx_word' id='word_1_114' title='bbox 770 737 886 772; x_wconf 85' lang='lat' dir='ltr'><strong>adjecit:</strong></span> <span class='ocrx_word' id='word_1_115' title='bbox 903 736 1040 771; x_wconf 78' lang='lat' dir='ltr'><strong>Postquam</strong></span> 
     </span>
    </p>
   </div>
   <div class='ocr_carea' id='block_1_16' title="bbox 249 782 1040 810">
    <p class='ocr_par' dir='ltr' id='par_1_16' title="bbox 249 782 1040 810">
     <span class='ocr_line' id='line_1_16' title="bbox 249 782 1040 810; baseline -0.003 0"><span class='ocrx_word' id='word_1_116' title='bbox 249 785 332 810; x_wconf 62' lang='lat' dir='ltr'><strong>decem</strong></span> <span class='ocrx_word' id='word_1_117' title='bbox 343 784 416 810; x_wconf 77' lang='lat' dir='ltr'><strong>annis</strong></span> <span class='ocrx_word' id='word_1_118' title='bbox 429 783 563 810; x_wconf 75' lang='lat' dir='ltr'><strong>habitasset</strong></span> <span class='ocrx_word' id='word_1_119' title='bbox 574 792 631 810; x_wconf 83' lang='lat' dir='ltr'><strong>cum</strong></span> <span class='ocrx_word' id='word_1_120' title='bbox 643 783 695 810; x_wconf 77' lang='lat' dir='ltr'><strong>viro</strong></span> <span class='ocrx_word' id='word_1_121' title='bbox 709 791 755 810; x_wconf 77' lang='lat' dir='ltr'><strong>suo</strong></span> <span class='ocrx_word' id='word_1_122' title='bbox 769 784 795 810; x_wconf 83' lang='lat' dir='ltr'><strong>in</strong></span> <span class='ocrx_word' id='word_1_123' title='bbox 810 787 876 810; x_wconf 84' lang='lat' dir='ltr'><strong>terra</strong></span> <span class='ocrx_word' id='word_1_124' title='bbox 895 782 1017 809; x_wconf 82' lang='lat' dir='ltr'><strong>Chanaan</strong></span> <span class='ocrx_word' id='word_1_125' title='bbox 1031 789 1040 809; x_wconf 89' lang='lat'><strong><em>:</em></strong></span> 
     </span>
    </p>
   </div>
   <div class='ocr_carea' id='block_1_17' title="bbox 248 827 1038 864">
    <p class='ocr_par' dir='ltr' id='par_1_17' title="bbox 248 827 1038 864">
     <span class='ocr_line' id='line_1_17' title="bbox 248 827 1038 864; baseline -0.003 -8"><span class='ocrx_word' id='word_1_126' title='bbox 248 836 300 856; x_wconf 81' lang='lat' dir='ltr'><strong>non</strong></span> <span class='ocrx_word' id='word_1_127' title='bbox 316 828 385 855; x_wconf 68' lang='lat' dir='ltr'><strong>enim</strong></span> <span class='ocrx_word' id='word_1_128' title='bbox 402 836 481 856; x_wconf 92' lang='lat' dir='ltr'><strong>omne</strong></span> <span class='ocrx_word' id='word_1_129' title='bbox 492 833 595 864; x_wconf 87' lang='lat' dir='ltr'><strong>tempus</strong></span> <span class='ocrx_word' id='word_1_130' title='bbox 608 828 810 856; x_wconf 85' lang='lat' dir='ltr'><strong>cohabitalionis</strong></span> <span class='ocrx_word' id='word_1_131' title='bbox 830 827 907 855; x_wconf 79' lang='lat' dir='ltr'><strong>nobis</strong></span> <span class='ocrx_word' id='word_1_132' title='bbox 918 827 1038 854; x_wconf 85' lang='lat' dir='ltr'><strong>declara-</strong></span> 
     </span>
    </p>
   </div>
   <div class='ocr_carea' id='block_1_18' title="bbox 247 874 1038 910">
    <p class='ocr_par' dir='ltr' id='par_1_18' title="bbox 247 874 1038 910">
     <span class='ocr_line' id='line_1_18' title="bbox 247 874 1038 910; baseline -0.003 -9"><span class='ocrx_word' id='word_1_133' title='bbox 247 876 294 908; x_wconf 84' lang='lat' dir='ltr'><strong>vit,</strong></span> <span class='ocrx_word' id='word_1_134' title='bbox 306 875 352 903; x_wconf 84' lang='lat' dir='ltr'><strong>sed</strong></span> <span class='ocrx_word' id='word_1_135' title='bbox 364 875 428 903; x_wconf 91' lang='lat' dir='ltr'><strong>illud</strong></span> <span class='ocrx_word' id='word_1_136' title='bbox 439 876 524 903; x_wconf 91' lang='lat' dir='ltr'><strong>solum</strong></span> <span class='ocrx_word' id='word_1_137' title='bbox 545 875 615 910; x_wconf 91' lang='lat' dir='ltr'><strong>quod</strong></span> <span class='ocrx_word' id='word_1_138' title='bbox 636 874 662 902; x_wconf 88' lang='lat' dir='ltr'><strong>in</strong></span> <span class='ocrx_word' id='word_1_139' title='bbox 685 874 832 902; x_wconf 65' lang='lat' dir='ltr'><strong>Chananxa</strong></span> <span class='ocrx_word' id='word_1_140' title='bbox 854 877 1038 908; x_wconf 84' lang='lat' dir='ltr'><strong>consumptum</strong></span> 
     </span>
    </p>
   </div>
   <div class='ocr_carea' id='block_1_19' title="bbox 246 919 1039 956">
    <p class='ocr_par' dir='ltr' id='par_1_19' title="bbox 246 919 1039 956">
     <span class='ocr_line' id='line_1_19' title="bbox 246 919 1039 956; baseline -0.004 -8"><span class='ocrx_word' id='word_1_141' title='bbox 246 927 296 949; x_wconf 75' lang='lat' dir='ltr'><strong>cst.</strong></span> <span class='ocrx_word' id='word_1_142' title='bbox 311 922 398 956; x_wconf 82' lang='lat' dir='ltr'><strong>Quare</strong></span> <span class='ocrx_word' id='word_1_143' title='bbox 413 923 462 949; x_wconf 88' lang='lat' dir='ltr'><strong>hoc</strong></span> <span class='ocrx_word' id='word_1_144' title='bbox 476 942 483 954; x_wconf 94' lang='lat'><strong>,</strong></span> <span class='ocrx_word' id='word_1_145' title='bbox 498 926 525 949; x_wconf 90' lang='lat' dir='ltr'><strong>et</strong></span> <span class='ocrx_word' id='word_1_146' title='bbox 539 929 618 956; x_wconf 86' lang='lat' dir='ltr'><strong>quam</strong></span> <span class='ocrx_word' id='word_1_147' title='bbox 633 921 668 948; x_wconf 86' lang='lat' dir='ltr'><strong>ob</strong></span> <span class='ocrx_word' id='word_1_148' title='bbox 681 921 812 948; x_wconf 85' lang='lat' dir='ltr'><strong>causam?</strong></span> <span class='ocrx_word' id='word_1_149' title='bbox 827 921 891 953; x_wconf 83' lang='lat' dir='ltr'><strong>Quia</strong></span> <span class='ocrx_word' id='word_1_150' title='bbox 908 919 996 946; x_wconf 88' lang='lat' dir='ltr'><strong>statim</strong></span> <span class='ocrx_word' id='word_1_151' title='bbox 1011 925 1039 946; x_wconf 90' lang='grc' dir='ltr'><strong>ιιι</strong></span> 
     </span>
    </p>
   </div>
   <div class='ocr_carea' id='block_1_20' title="bbox 247 965 1036 1001">
    <p class='ocr_par' dir='ltr' id='par_1_20' title="bbox 247 965 1036 1001">
     <span class='ocr_line' id='line_1_20' title="bbox 247 965 1036 1001; baseline -0.004 -8"><span class='ocrx_word' id='word_1_152' title='bbox 247 968 317 994; x_wconf 76' lang='lat' dir='ltr'><strong>venit</strong></span> <span class='ocrx_word' id='word_1_153' title='bbox 328 969 354 994; x_wconf 93' lang='lat' dir='ltr'><strong>in</strong></span> <span class='ocrx_word' id='word_1_154' title='bbox 363 967 550 999; x_wconf 72' lang='lat' dir='ltr'><strong>Chananaaam,</strong></span> <span class='ocrx_word' id='word_1_155' title='bbox 561 966 690 1001; x_wconf 74' lang='lat' dir='ltr'><strong>benignus</strong></span> <span class='ocrx_word' id='word_1_156' title='bbox 700 966 825 993; x_wconf 89' lang='lat' dir='ltr'><strong>Dominus</strong></span> <span class='ocrx_word' id='word_1_157' title='bbox 834 965 1036 1000; x_wconf 90' lang='lat' dir='ltr'><strong>promissionem</strong></span> 
     </span>
    </p>
   </div>
   <div class='ocr_carea' id='block_1_21' title="bbox 245 1011 1038 1045">
    <p class='ocr_par' dir='ltr' id='par_1_21' title="bbox 245 1011 1038 1045">
     <span class='ocr_line' id='line_1_21' title="bbox 245 1011 1038 1045; baseline -0.004 -5"><span class='ocrx_word' id='word_1_158' title='bbox 245 1014 306 1041; x_wconf 89' lang='lat' dir='ltr'><strong>fecit</strong></span> <span class='ocrx_word' id='word_1_159' title='bbox 322 1014 361 1040; x_wconf 74' lang='lat' dir='ltr'><strong>his</strong></span> <span class='ocrx_word' id='word_1_160' title='bbox 377 1014 465 1041; x_wconf 80' lang='lat' dir='ltr'><strong>verbis</strong></span> <span class='ocrx_word' id='word_1_161' title='bbox 480 1021 486 1039; x_wconf 91' lang='lat'><strong><em>:</em></strong></span> <span class='ocrx_word' id='word_1_162' title='bbox 505 1012 603 1040; x_wconf 76' lang='lat' dir='ltr'><strong>Semini</strong></span> <span class='ocrx_word' id='word_1_163' title='bbox 616 1017 659 1039; x_wconf 85' lang='lat' dir='ltr'><strong>tuo</strong></span> <span class='ocrx_word' id='word_1_164' title='bbox 671 1012 735 1038; x_wconf 84' lang='lat' dir='ltr'><strong>dabo</strong></span> <span class='ocrx_word' id='word_1_165' title='bbox 749 1016 840 1038; x_wconf 78' lang='lat' dir='ltr'><strong>terram</strong></span> <span class='ocrx_word' id='word_1_166' title='bbox 851 1011 916 1037; x_wconf 82' lang='lat' dir='ltr'><strong>hanc</strong></span> <span class='ocrx_word' id='word_1_167' title='bbox 926 1019 935 1037; x_wconf 92' lang='lat'><em>:</em></span> <span class='ocrx_word' id='word_1_168' title='bbox 946 1014 1038 1045; x_wconf 85' lang='lat' dir='ltr'><strong>etpost</strong></span> 
     </span>
    </p>
   </div>
   <div class='ocr_carea' id='block_1_22' title="bbox 245 1056 1035 1094">
    <p class='ocr_par' dir='ltr' id='par_1_22' title="bbox 245 1056 1035 1094">
     <span class='ocr_line' id='line_1_22' title="bbox 245 1056 1035 1094; baseline -0.005 -8"><span class='ocrx_word' id='word_1_169' title='bbox 245 1059 302 1086; x_wconf 75' lang='lat' dir='ltr'><strong>lucc</strong></span> <span class='ocrx_word' id='word_1_170' title='bbox 317 1067 422 1094; x_wconf 88' lang='lat' dir='ltr'><strong>quoque</strong></span> <span class='ocrx_word' id='word_1_171' title='bbox 436 1058 519 1087; x_wconf 86' lang='lat' dir='ltr'><strong>semel</strong></span> <span class='ocrx_word' id='word_1_172' title='bbox 529 1062 607 1092; x_wconf 85' lang='lat' dir='ltr'><strong>atque</strong></span> <span class='ocrx_word' id='word_1_173' title='bbox 618 1058 713 1084; x_wconf 84' lang='lat' dir='ltr'><strong>iterum</strong></span> <span class='ocrx_word' id='word_1_174' title='bbox 725 1056 913 1092; x_wconf 87' lang='lat' dir='ltr'><strong>promissiones</strong></span> <span class='ocrx_word' id='word_1_175' title='bbox 920 1056 1035 1091; x_wconf 76' lang='lat' dir='ltr'><strong>repetiit,</strong></span> 
     </span>
    </p>
   </div>
   <div class='ocr_carea' id='block_1_23' title="bbox 245 1101 1036 1138">
    <p class='ocr_par' dir='ltr' id='par_1_23' title="bbox 245 1101 1036 1138">
     <span class='ocr_line' id='line_1_23' title="bbox 245 1101 1036 1138; baseline -0.003 -8"><span class='ocrx_word' id='word_1_176' title='bbox 245 1108 273 1131; x_wconf 87' lang='lat' dir='ltr'><strong>ut</strong></span> <span class='ocrx_word' id='word_1_177' title='bbox 287 1104 354 1131; x_wconf 87' lang='lat' dir='ltr'><strong>scias</strong></span> <span class='ocrx_word' id='word_1_178' title='bbox 364 1125 371 1137; x_wconf 82' lang='lat'><strong>,</strong></span> <span class='ocrx_word' id='word_1_179' title='bbox 389 1105 485 1131; x_wconf 89' lang='lat' dir='ltr'><strong>dilecte</strong></span> <span class='ocrx_word' id='word_1_180' title='bbox 496 1125 504 1138; x_wconf 95' lang='lat'><strong>,</strong></span> <span class='ocrx_word' id='word_1_181' title='bbox 518 1103 638 1138; x_wconf 83' lang='lat' dir='ltr'><strong>quamvis</strong></span> <span class='ocrx_word' id='word_1_182' title='bbox 665 1107 740 1130; x_wconf 89' lang='lat' dir='ltr'><strong>tanto</strong></span> <span class='ocrx_word' id='word_1_183' title='bbox 764 1107 882 1137; x_wconf 88' lang='lat' dir='ltr'><strong>tempore</strong></span> <span class='ocrx_word' id='word_1_184' title='bbox 910 1101 1036 1129; x_wconf 86' lang='lat' dir='ltr'><strong>Dominus</strong></span> 
     </span>
    </p>
   </div>
   <div class='ocr_carea' id='block_1_24' title="bbox 243 1148 1034 1185">
    <p class='ocr_par' dir='ltr' id='par_1_24' title="bbox 243 1148 1034 1185">
     <span class='ocr_line' id='line_1_24' title="bbox 243 1148 1034 1185; baseline -0.001 -9"><span class='ocrx_word' id='word_1_185' title='bbox 243 1150 384 1182; x_wconf 77' lang='lat' dir='ltr'><strong>distulerit,</strong></span> <span class='ocrx_word' id='word_1_186' title='bbox 401 1155 428 1178; x_wconf 83' lang='lat' dir='ltr'><strong>et</strong></span> <span class='ocrx_word' id='word_1_187' title='bbox 450 1151 580 1185; x_wconf 87' lang='lat' dir='ltr'><strong>promissa</strong></span> <span class='ocrx_word' id='word_1_188' title='bbox 605 1158 658 1177; x_wconf 91' lang='lat' dir='ltr'><strong>non</strong></span> <span class='ocrx_word' id='word_1_189' title='bbox 680 1149 840 1184; x_wconf 80' lang='lat' dir='ltr'><strong>impleverit,</strong></span> <span class='ocrx_word' id='word_1_190' title='bbox 859 1148 1034 1184; x_wconf 79' lang='lat' dir='ltr'><strong>patriarchant</strong></span> 
     </span>
    </p>
   </div>
   <div class='ocr_carea' id='block_1_25' title="bbox 243 1195 1035 1229">
    <p class='ocr_par' dir='ltr' id='par_1_25' title="bbox 243 1195 1035 1229">
     <span class='ocr_line' id='line_1_25' title="bbox 243 1195 1035 1229; baseline 0 -7"><span class='ocrx_word' id='word_1_191' title='bbox 243 1201 331 1223; x_wconf 76' lang='lat' dir='ltr'><strong>Liinen</strong></span> <span class='ocrx_word' id='word_1_192' title='bbox 353 1205 405 1224; x_wconf 89' lang='lat' dir='ltr'><strong>non</strong></span> <span class='ocrx_word' id='word_1_193' title='bbox 422 1196 503 1224; x_wconf 88' lang='lat' dir='ltr'><strong>fuisse</strong></span> <span class='ocrx_word' id='word_1_194' title='bbox 527 1197 620 1224; x_wconf 88' lang='lat' dir='ltr'><strong>animo</strong></span> <span class='ocrx_word' id='word_1_195' title='bbox 645 1196 790 1229; x_wconf 87' lang='lat' dir='ltr'><strong>turbatum,</strong></span> <span class='ocrx_word' id='word_1_196' title='bbox 819 1195 865 1223; x_wconf 89' lang='lat' dir='ltr'><strong>sed</strong></span> <span class='ocrx_word' id='word_1_197' title='bbox 888 1195 1035 1223; x_wconf 83' lang='lat' dir='ltr'><strong>ratiociniis</strong></span> 
     </span>
    </p>
   </div>
   <div class='ocr_carea' id='block_1_26' title="bbox 241 1241 1035 1278">
    <p class='ocr_par' dir='ltr' id='par_1_26' title="bbox 241 1241 1035 1278">
     <span class='ocr_line' id='line_1_26' title="bbox 241 1241 1035 1278; baseline -0.003 -9"><span class='ocrx_word' id='word_1_198' title='bbox 241 1243 297 1269; x_wconf 76' lang='lat' dir='ltr'><strong>suis</strong></span> <span class='ocrx_word' id='word_1_199' title='bbox 320 1243 408 1270; x_wconf 82' lang='lat' dir='ltr'><strong>divina</strong></span> <span class='ocrx_word' id='word_1_200' title='bbox 424 1243 493 1270; x_wconf 86' lang='lat' dir='ltr'><strong>dicta</strong></span> <span class='ocrx_word' id='word_1_201' title='bbox 515 1243 673 1278; x_wconf 67' lang='lat' dir='ltr'><strong>prartulisse.</strong></span> <span class='ocrx_word' id='word_1_202' title='bbox 704 1242 847 1276; x_wconf 86' lang='lat' dir='ltr'><strong>Propterea</strong></span> <span class='ocrx_word' id='word_1_203' title='bbox 870 1241 943 1275; x_wconf 89' lang='lat' dir='ltr'><strong>dicit,</strong></span> <span class='ocrx_word' id='word_1_204' title='bbox 964 1241 1035 1268; x_wconf 76' lang='grc' dir='ltr'><strong>Ροει-</strong></span> 
     </span>
    </p>
   </div>
   <div class='ocr_carea' id='block_1_27' title="bbox 241 1286 1032 1322">
    <p class='ocr_par' dir='ltr' id='par_1_27' title="bbox 241 1286 1032 1322">
     <span class='ocr_line' id='line_1_27' title="bbox 241 1286 1032 1322; baseline -0.001 -9"><span class='ocrx_word' id='word_1_205' title='bbox 241 1296 317 1322; x_wconf 82' lang='lat' dir='ltr'><strong>quam</strong></span> <span class='ocrx_word' id='word_1_206' title='bbox 331 1288 415 1315; x_wconf 66' lang='lat' dir='ltr'><strong>decem</strong></span> <span class='ocrx_word' id='word_1_207' title='bbox 427 1297 508 1315; x_wconf 72' lang='lat' dir='ltr'><strong>annos</strong></span> <span class='ocrx_word' id='word_1_208' title='bbox 521 1289 596 1315; x_wconf 82' lang='lat' dir='ltr'><strong>simul</strong></span> <span class='ocrx_word' id='word_1_209' title='bbox 611 1288 763 1315; x_wconf 78' lang='lat' dir='ltr'><strong>Itabitasrent</strong></span> <span class='ocrx_word' id='word_1_210' title='bbox 779 1287 805 1314; x_wconf 82' lang='lat' dir='ltr'><strong>in</strong></span> <span class='ocrx_word' id='word_1_211' title='bbox 820 1292 886 1314; x_wconf 81' lang='lat' dir='ltr'><strong>terra</strong></span> <span class='ocrx_word' id='word_1_212' title='bbox 900 1286 1032 1314; x_wconf 83' lang='lat' dir='ltr'><strong>Chanaan.</strong></span> 
     </span>
    </p>
   </div>
   <div class='ocr_carea' id='block_1_28' title="bbox 243 1332 1035 1368">
    <p class='ocr_par' dir='ltr' id='par_1_28' title="bbox 243 1332 1035 1368">
     <span class='ocr_line' id='line_1_28' title="bbox 243 1332 1035 1368; baseline 0 -9"><span class='ocrx_word' id='word_1_213' title='bbox 243 1333 335 1361; x_wconf 82' lang='lat' dir='ltr'><strong>\‘idisti</strong></span> <span class='ocrx_word' id='word_1_214' title='bbox 359 1334 460 1361; x_wconf 75' lang='lat' dir='ltr'><strong>virilem</strong></span> <span class='ocrx_word' id='word_1_215' title='bbox 486 1333 623 1361; x_wconf 82' lang='lat' dir='ltr'><strong>animum?</strong></span> <span class='ocrx_word' id='word_1_216' title='bbox 644 1333 733 1360; x_wconf 88' lang='lat' dir='ltr'><strong>vidisti</strong></span> <span class='ocrx_word' id='word_1_217' title='bbox 760 1333 935 1368; x_wconf 75' lang='lat' dir='ltr'><strong>philosophia:</strong></span> <span class='ocrx_word' id='word_1_218' title='bbox 957 1332 1035 1367; x_wconf 88' lang='lat' dir='ltr'><strong>hujus</strong></span> 
     </span>
    </p>
   </div>
   <div class='ocr_carea' id='block_1_29' title="bbox 241 1378 1035 1415">
    <p class='ocr_par' dir='ltr' id='par_1_29' title="bbox 241 1378 1035 1415">
     <span class='ocr_line' id='line_1_29' title="bbox 241 1378 1035 1415; baseline -0.003 -9"><span class='ocrx_word' id='word_1_219' title='bbox 241 1379 478 1407; x_wconf 72' lang='lat' dir='ltr'><strong>exercitationem?</strong></span> <span class='ocrx_word' id='word_1_220' title='bbox 498 1379 633 1415; x_wconf 87' lang='lat' dir='ltr'><strong>quomodo</strong></span> <span class='ocrx_word' id='word_1_221' title='bbox 653 1379 780 1406; x_wconf 90' lang='lat' dir='ltr'><strong>Dominus</strong></span> <span class='ocrx_word' id='word_1_222' title='bbox 808 1383 838 1406; x_wconf 93' lang='lat' dir='ltr'><strong>ut</strong></span> <span class='ocrx_word' id='word_1_223' title='bbox 859 1386 917 1406; x_wconf 86' lang='lat' dir='ltr'><strong>eam</strong></span> <span class='ocrx_word' id='word_1_224' title='bbox 942 1378 1035 1405; x_wconf 87' lang='lat' dir='ltr'><strong>reddat</strong></span> 
     </span>
    </p>
   </div>
   <div class='ocr_carea' id='block_1_30' title="bbox 241 1424 1033 1460">
    <p class='ocr_par' dir='ltr' id='par_1_30' title="bbox 241 1424 1033 1460">
     <span class='ocr_line' id='line_1_30' title="bbox 241 1424 1033 1460; baseline -0.001 -9"><span class='ocrx_word' id='word_1_225' title='bbox 241 1425 421 1457; x_wconf 82' lang='lat' dir='ltr'><strong>illustriorem.</strong></span> <span class='ocrx_word' id='word_1_226' title='bbox 435 1430 521 1453; x_wconf 87' lang='lat' dir='ltr'><strong>cesset</strong></span> <span class='ocrx_word' id='word_1_227' title='bbox 536 1433 568 1452; x_wconf 91' lang='lat' dir='ltr'><strong>ac</strong></span> <span class='ocrx_word' id='word_1_228' title='bbox 587 1425 710 1453; x_wconf 80' lang='lat' dir='ltr'><strong>differat?</strong></span> <span class='ocrx_word' id='word_1_229' title='bbox 730 1425 795 1452; x_wconf 85' lang='lat' dir='ltr'><strong>Nam</strong></span> <span class='ocrx_word' id='word_1_230' title='bbox 811 1425 871 1460; x_wconf 83' lang='lat' dir='ltr'><strong>quia</strong></span> <span class='ocrx_word' id='word_1_231' title='bbox 891 1424 1033 1459; x_wconf 86' lang='lat' dir='ltr'><strong>plurimum</strong></span> 
     </span>
    </p>
   </div>
   <div class='ocr_carea' id='block_1_31' title="bbox 239 1471 1033 1506">
    <p class='ocr_par' dir='ltr' id='par_1_31' title="bbox 239 1471 1033 1506">
     <span class='ocr_line' id='line_1_31' title="bbox 239 1471 1033 1506; baseline -0.003 -7"><span class='ocrx_word' id='word_1_232' title='bbox 239 1473 264 1499; x_wconf 85' lang='lat' dir='ltr'><strong>ei</strong></span> <span class='ocrx_word' id='word_1_233' title='bbox 278 1480 349 1499; x_wconf 80' lang='lat' dir='ltr'><strong>cura:</strong></span> <span class='ocrx_word' id='word_1_234' title='bbox 366 1477 426 1499; x_wconf 89' lang='lat' dir='ltr'><strong>sunt</strong></span> <span class='ocrx_word' id='word_1_235' title='bbox 443 1472 534 1499; x_wconf 81' lang='lat' dir='ltr'><strong>famuli</strong></span> <span class='ocrx_word' id='word_1_236' title='bbox 548 1473 587 1499; x_wconf 88' lang='lat' dir='ltr'><strong>sui</strong></span> <span class='ocrx_word' id='word_1_237' title='bbox 601 1492 608 1504; x_wconf 94' lang='lat'><strong>,</strong></span> <span class='ocrx_word' id='word_1_238' title='bbox 624 1479 677 1499; x_wconf 93' lang='lat' dir='ltr'><strong>non</strong></span> <span class='ocrx_word' id='word_1_239' title='bbox 701 1472 736 1498; x_wconf 87' lang='lat' dir='ltr'><strong>ita</strong></span> <span class='ocrx_word' id='word_1_240' title='bbox 761 1472 917 1506; x_wconf 86' lang='lat' dir='ltr'><strong>simpliciter</strong></span> <span class='ocrx_word' id='word_1_241' title='bbox 942 1471 968 1498; x_wconf 94' lang='lat' dir='ltr'><strong>in</strong></span> <span class='ocrx_word' id='word_1_242' title='bbox 987 1478 1033 1497; x_wconf 90' lang='lat' dir='ltr'><strong>eos</strong></span> 
     </span>
    </p>
   </div>
   <div class='ocr_carea' id='block_1_32' title="bbox 240 1514 1033 1552">
    <p class='ocr_par' dir='ltr' id='par_1_32' title="bbox 240 1514 1033 1552">
     <span class='ocr_line' id='line_1_32' title="bbox 240 1514 1033 1552; baseline 0 -9"><span class='ocrx_word' id='word_1_243' title='bbox 240 1517 362 1545; x_wconf 80' lang='lat' dir='ltr'><strong>conferre</strong></span> <span class='ocrx_word' id='word_1_244' title='bbox 375 1517 512 1551; x_wconf 87' lang='lat' dir='ltr'><strong>beneﬁcia,</strong></span> <span class='ocrx_word' id='word_1_245' title='bbox 528 1517 574 1545; x_wconf 90' lang='lat' dir='ltr'><strong>sed</strong></span> <span class='ocrx_word' id='word_1_246' title='bbox 591 1514 669 1545; x_wconf 88' lang='lat' dir='ltr'><strong>simul</strong></span> <span class='ocrx_word' id='word_1_247' title='bbox 680 1517 759 1544; x_wconf 86' lang='lat' dir='ltr'><strong>etiam</strong></span> <span class='ocrx_word' id='word_1_248' title='bbox 769 1517 925 1552; x_wconf 89' lang='lat' dir='ltr'><strong>conspicuos</strong></span> <span class='ocrx_word' id='word_1_249' title='bbox 936 1515 1033 1544; x_wconf 84' lang='lat' dir='ltr'><strong>redde-</strong></span> 
     </span>
    </p>
   </div>
   <div class='ocr_carea' id='block_1_33' title="bbox 241 1561 1032 1598">
    <p class='ocr_par' dir='ltr' id='par_1_33' title="bbox 241 1561 1032 1598">
     <span class='ocr_line' id='line_1_33' title="bbox 241 1561 1032 1598; baseline 0 -9"><span class='ocrx_word' id='word_1_250' title='bbox 241 1571 280 1594; x_wconf 88' lang='lat' dir='ltr'><strong>re,</strong></span> <span class='ocrx_word' id='word_1_251' title='bbox 296 1562 429 1597; x_wconf 81' lang='lat' dir='ltr'><strong>iidemque</strong></span> <span class='ocrx_word' id='word_1_252' title='bbox 451 1563 568 1597; x_wconf 89' lang='lat' dir='ltr'><strong>ipsorum</strong></span> <span class='ocrx_word' id='word_1_253' title='bbox 584 1563 707 1590; x_wconf 88' lang='lat' dir='ltr'><strong>omnibus</strong></span> <span class='ocrx_word' id='word_1_254' title='bbox 719 1562 857 1590; x_wconf 85' lang='lat' dir='ltr'><strong>declarare</strong></span> <span class='ocrx_word' id='word_1_255' title='bbox 881 1561 984 1598; x_wconf 83' lang='lat' dir='ltr'><strong>satagit.</strong></span> <span class='ocrx_word' id='word_1_256' title='bbox 1005 1561 1032 1589; x_wconf 91' lang='lat' dir='ltr'><strong>Si</strong></span> 
     </span>
    </p>
   </div>
   <div class='ocr_carea' id='block_1_34' title="bbox 239 1608 1031 1644">
    <p class='ocr_par' dir='ltr' id='par_1_34' title="bbox 239 1608 1031 1644">
     <span class='ocr_line' id='line_1_34' title="bbox 239 1608 1031 1644; baseline 0.001 -10"><span class='ocrx_word' id='word_1_257' title='bbox 239 1609 310 1634; x_wconf 82' lang='lat' dir='ltr'><strong>rniin</strong></span> <span class='ocrx_word' id='word_1_258' title='bbox 319 1608 409 1635; x_wconf 89' lang='lat' dir='ltr'><strong>statim</strong></span> <span class='ocrx_word' id='word_1_259' title='bbox 421 1614 448 1635; x_wconf 89' lang='lat' dir='ltr'><strong>ut</strong></span> <span class='ocrx_word' id='word_1_260' title='bbox 459 1609 580 1643; x_wconf 84' lang='lat' dir='ltr'><strong>promisit</strong></span> <span class='ocrx_word' id='word_1_261' title='bbox 590 1616 619 1637; x_wconf 88' lang='lat' dir='ltr'><strong>se</strong></span> <span class='ocrx_word' id='word_1_262' title='bbox 632 1609 756 1636; x_wconf 87' lang='lat' dir='ltr'><strong>daturum</strong></span> <span class='ocrx_word' id='word_1_263' title='bbox 768 1609 1031 1644; x_wconf 76' lang='lat' dir='ltr'><strong>seminiejusterram</strong></span> 
     </span>
    </p>
   </div>
   <div class='ocr_carea' id='block_1_35' title="bbox 239 1653 1033 1688">
    <p class='ocr_par' dir='ltr' id='par_1_35' title="bbox 239 1653 1033 1688">
     <span class='ocr_line' id='line_1_35' title="bbox 239 1653 1033 1688; baseline 0 -8"><span class='ocrx_word' id='word_1_264' title='bbox 239 1653 318 1685; x_wconf 77' lang='lat' dir='ltr'><strong>hanc,</strong></span> <span class='ocrx_word' id='word_1_265' title='bbox 339 1654 485 1688; x_wconf 89' lang='lat' dir='ltr'><strong>aperuisset</strong></span> <span class='ocrx_word' id='word_1_266' title='bbox 512 1654 584 1682; x_wconf 71' lang='lat' dir='ltr'><strong>Sara:</strong></span> <span class='ocrx_word' id='word_1_267' title='bbox 610 1655 726 1688; x_wconf 88' lang='lat' dir='ltr'><strong>vulvam,</strong></span> <span class='ocrx_word' id='word_1_268' title='bbox 748 1660 775 1682; x_wconf 88' lang='lat' dir='ltr'><strong>et</strong></span> <span class='ocrx_word' id='word_1_269' title='bbox 800 1654 898 1682; x_wconf 87' lang='lat' dir='ltr'><strong>liberos</strong></span> <span class='ocrx_word' id='word_1_270' title='bbox 916 1653 1033 1681; x_wconf 84' lang='lat' dir='ltr'><strong>dedisset</strong></span> 
     </span>
    </p>
   </div>
   <div class='ocr_carea' id='block_1_36' title="bbox 239 1700 1030 1735">
    <p class='ocr_par' dir='ltr' id='par_1_36' title="bbox 239 1700 1030 1735">
     <span class='ocr_line' id='line_1_36' title="bbox 239 1700 1030 1735; baseline 0.003 -11"><span class='ocrx_word' id='word_1_271' title='bbox 239 1706 419 1732; x_wconf 86' lang='lat' dir='ltr'><strong>successores,</strong></span> <span class='ocrx_word' id='word_1_272' title='bbox 435 1707 520 1735; x_wconf 87' lang='lat' dir='ltr'><strong>neque</strong></span> <span class='ocrx_word' id='word_1_273' title='bbox 533 1705 584 1727; x_wconf 85' lang='lat' dir='ltr'><strong>tam</strong></span> <span class='ocrx_word' id='word_1_274' title='bbox 596 1708 719 1735; x_wconf 76' lang='lat' dir='ltr'><strong>magnum</strong></span> <span class='ocrx_word' id='word_1_275' title='bbox 739 1700 904 1728; x_wconf 82' lang='lat' dir='ltr'><strong>exhibuisset</strong></span> <span class='ocrx_word' id='word_1_276' title='bbox 916 1700 1030 1727; x_wconf 87' lang='lat' dir='ltr'><strong>miracu-</strong></span> 
     </span>
    </p>
   </div>
   <div class='ocr_carea' id='block_1_37' title="bbox 240 1746 1030 1782">
    <p class='ocr_par' dir='ltr' id='par_1_37' title="bbox 240 1746 1030 1782">
     <span class='ocr_line' id='line_1_37' title="bbox 240 1746 1030 1782; baseline 0 -10"><span class='ocrx_word' id='word_1_277' title='bbox 240 1746 305 1777; x_wconf 90' lang='lat' dir='ltr'><strong>lum,</strong></span> <span class='ocrx_word' id='word_1_278' title='bbox 320 1754 407 1781; x_wconf 88' lang='lat' dir='ltr'><strong>neque</strong></span> <span class='ocrx_word' id='word_1_279' title='bbox 420 1751 472 1774; x_wconf 85' lang='lat' dir='ltr'><strong>tam</strong></span> <span class='ocrx_word' id='word_1_280' title='bbox 483 1747 554 1774; x_wconf 84' lang='lat' dir='ltr'><strong>clara</strong></span> <span class='ocrx_word' id='word_1_281' title='bbox 568 1747 637 1782; x_wconf 87' lang='lat' dir='ltr'><strong>apud</strong></span> <span class='ocrx_word' id='word_1_282' title='bbox 649 1754 743 1775; x_wconf 86' lang='lat' dir='ltr'><strong>omnes</strong></span> <span class='ocrx_word' id='word_1_283' title='bbox 756 1747 849 1774; x_wconf 88' lang='lat' dir='ltr'><strong>fuisset</strong></span> <span class='ocrx_word' id='word_1_284' title='bbox 862 1746 924 1782; x_wconf 86' lang='lat' dir='ltr'><strong>justi</strong></span> <span class='ocrx_word' id='word_1_285' title='bbox 937 1747 1030 1773; x_wconf 86' lang='lat' dir='ltr'><strong>virtus.</strong></span> 
     </span>
    </p>
   </div>
   <div class='ocr_carea' id='block_1_38' title="bbox 239 1790 1030 1826">
    <p class='ocr_par' dir='ltr' id='par_1_38' title="bbox 239 1790 1030 1826">
     <span class='ocr_line' id='line_1_38' title="bbox 239 1790 1030 1826; baseline 0.001 -9"><span class='ocrx_word' id='word_1_286' title='bbox 239 1790 329 1818; x_wconf 81' lang='lat' dir='ltr'><strong>Virtus</strong></span> <span class='ocrx_word' id='word_1_287' title='bbox 344 1792 413 1818; x_wconf 92' lang='lat' dir='ltr'><strong>enim</strong></span> <span class='ocrx_word' id='word_1_288' title='bbox 437 1791 482 1818; x_wconf 90' lang='lat' dir='ltr'><strong>Dei</strong></span> <span class='ocrx_word' id='word_1_289' title='bbox 496 1797 523 1819; x_wconf 89' lang='lat' dir='ltr'><strong>et</strong></span> <span class='ocrx_word' id='word_1_290' title='bbox 538 1796 599 1819; x_wconf 91' lang='lat' dir='ltr'><strong>tunc</strong></span> <span class='ocrx_word' id='word_1_291' title='bbox 622 1792 761 1819; x_wconf 87' lang='lat' dir='ltr'><strong>manifesta</strong></span> <span class='ocrx_word' id='word_1_292' title='bbox 788 1792 894 1826; x_wconf 87' lang='lat' dir='ltr'><strong>quidem</strong></span> <span class='ocrx_word' id='word_1_293' title='bbox 921 1792 1030 1819; x_wconf 86' lang='lat' dir='ltr'><strong>fuisset:</strong></span> 
     </span>
    </p>
   </div>
   <div class='ocr_carea' id='block_1_39' title="bbox 240 1837 1031 1872">
    <p class='ocr_par' dir='ltr' id='par_1_39' title="bbox 240 1837 1031 1872">
     <span class='ocr_line' id='line_1_39' title="bbox 240 1837 1031 1872; baseline 0.001 -9"><span class='ocrx_word' id='word_1_294' title='bbox 240 1845 300 1863; x_wconf 88' lang='lat' dir='ltr'><strong>nam</strong></span> <span class='ocrx_word' id='word_1_295' title='bbox 317 1842 464 1864; x_wconf 88' lang='lat' dir='ltr'><strong>emortuam</strong></span> <span class='ocrx_word' id='word_1_296' title='bbox 479 1843 581 1864; x_wconf 73' lang='lat' dir='ltr'><strong>natura:</strong></span> <span class='ocrx_word' id='word_1_297' title='bbox 594 1837 737 1870; x_wconf 75' lang='lat' dir='ltr'><strong>officinam,</strong></span> <span class='ocrx_word' id='word_1_298' title='bbox 753 1843 778 1865; x_wconf 89' lang='lat' dir='ltr'><strong>et</strong></span> <span class='ocrx_word' id='word_1_299' title='bbox 794 1838 912 1864; x_wconf 89' lang='lat' dir='ltr'><strong>inutilem</strong></span> <span class='ocrx_word' id='word_1_300' title='bbox 922 1838 954 1864; x_wconf 89' lang='lat' dir='ltr'><strong>ad</strong></span> <span class='ocrx_word' id='word_1_301' title='bbox 969 1844 1031 1872; x_wconf 86' lang='lat' dir='ltr'><strong>pro-</strong></span> 
     </span>
    </p>
   </div>
   <div class='ocr_carea' id='block_1_40' title="bbox 239 1882 1031 1918">
    <p class='ocr_par' dir='ltr' id='par_1_40' title="bbox 239 1882 1031 1918">
     <span class='ocr_line' id='line_1_40' title="bbox 239 1882 1031 1918; baseline 0.001 -9"><span class='ocrx_word' id='word_1_302' title='bbox 239 1883 368 1910; x_wconf 78' lang='lat' dir='ltr'><strong>creandos</strong></span> <span class='ocrx_word' id='word_1_303' title='bbox 382 1883 451 1910; x_wconf 88' lang='lat' dir='ltr'><strong>ﬁlios</strong></span> <span class='ocrx_word' id='word_1_304' title='bbox 468 1882 572 1917; x_wconf 84' lang='lat' dir='ltr'><strong>factam,</strong></span> <span class='ocrx_word' id='word_1_305' title='bbox 590 1891 638 1910; x_wconf 90' lang='lat' dir='ltr'><strong>suo</strong></span> <span class='ocrx_word' id='word_1_306' title='bbox 652 1888 785 1918; x_wconf 76' lang='lat' dir='ltr'><strong>prmcepto</strong></span> <span class='ocrx_word' id='word_1_307' title='bbox 807 1884 901 1910; x_wconf 80' lang='lat' dir='ltr'><strong>iterum</strong></span> <span class='ocrx_word' id='word_1_308' title='bbox 913 1888 1031 1918; x_wconf 77' lang='lat' dir='ltr'><strong>vegetam</strong></span> 
     </span>
    </p>
   </div>
   <div class='ocr_carea' id='block_1_41' title="bbox 239 1929 1031 1956">
    <p class='ocr_par' dir='ltr' id='par_1_41' title="bbox 239 1929 1031 1956">
     <span class='ocr_line' id='line_1_41' title="bbox 239 1929 1031 1956; baseline -0.001 0"><span class='ocrx_word' id='word_1_309' title='bbox 239 1929 345 1956; x_wconf 85' lang='lat' dir='ltr'><strong>fecisset</strong></span> <span class='ocrx_word' id='word_1_310' title='bbox 361 1937 368 1956; x_wconf 84' lang='lat'>:</span> <span class='ocrx_word' id='word_1_311' title='bbox 384 1934 411 1956; x_wconf 87' lang='lat' dir='ltr'><strong>at</strong></span> <span class='ocrx_word' id='word_1_312' title='bbox 423 1938 475 1956; x_wconf 91' lang='lat' dir='ltr'><strong>non</strong></span> <span class='ocrx_word' id='word_1_313' title='bbox 488 1929 523 1956; x_wconf 86' lang='lat' dir='ltr'><strong>ita</strong></span> <span class='ocrx_word' id='word_1_314' title='bbox 539 1937 646 1956; x_wconf 88' lang='lat' dir='ltr'><strong>suarum</strong></span> <span class='ocrx_word' id='word_1_315' title='bbox 658 1929 763 1956; x_wconf 85' lang='lat' dir='ltr'><strong>laudum</strong></span> <span class='ocrx_word' id='word_1_316' title='bbox 779 1936 878 1956; x_wconf 88' lang='lat' dir='ltr'><strong>corona</strong></span> <span class='ocrx_word' id='word_1_317' title='bbox 891 1929 1031 1956; x_wconf 87' lang='lat' dir='ltr'><strong>redimitus</strong></span> 
     </span>
    </p>
   </div>
   <div class='ocr_carea' id='block_1_42' title="bbox 241 1974 1031 2009">
    <p class='ocr_par' dir='ltr' id='par_1_42' title="bbox 241 1974 1031 2009">
     <span class='ocr_line' id='line_1_42' title="bbox 241 1974 1031 2009; baseline 0.001 -8"><span class='ocrx_word' id='word_1_318' title='bbox 241 1974 331 2001; x_wconf 82' lang='lat' dir='ltr'><strong>fuisset</strong></span> <span class='ocrx_word' id='word_1_319' title='bbox 347 1974 507 2009; x_wconf 84' lang='lat' dir='ltr'><strong>patriarcha,</strong></span> <span class='ocrx_word' id='word_1_320' title='bbox 524 1979 550 2001; x_wconf 90' lang='lat' dir='ltr'><strong>ut</strong></span> <span class='ocrx_word' id='word_1_321' title='bbox 566 1982 636 2001; x_wconf 89' lang='lat' dir='ltr'><strong>nttnc</strong></span> <span class='ocrx_word' id='word_1_322' title='bbox 648 1982 709 2002; x_wconf 90' lang='lat' dir='ltr'><strong>cum</strong></span> <span class='ocrx_word' id='word_1_323' title='bbox 721 1978 794 2001; x_wconf 89' lang='lat' dir='ltr'><strong>tanto</strong></span> <span class='ocrx_word' id='word_1_324' title='bbox 814 1979 932 2008; x_wconf 87' lang='lat' dir='ltr'><strong>tempore</strong></span> <span class='ocrx_word' id='word_1_325' title='bbox 950 1974 1031 2008; x_wconf 80' lang='lat' dir='ltr'><strong>ipsius</strong></span> 
     </span>
    </p>
   </div>
   <div class='ocr_carea' id='block_1_43' title="bbox 240 2019 940 2055">
    <p class='ocr_par' dir='ltr' id='par_1_43' title="bbox 240 2019 940 2055">
     <span class='ocr_line' id='line_1_43' title="bbox 240 2019 940 2055; baseline 0.001 -10"><span class='ocrx_word' id='word_1_326' title='bbox 240 2021 349 2055; x_wconf 81' lang='lat' dir='ltr'><strong>probata</strong></span> <span class='ocrx_word' id='word_1_327' title='bbox 362 2025 402 2048; x_wconf 87' lang='lat' dir='ltr'><strong>est</strong></span> <span class='ocrx_word' id='word_1_328' title='bbox 416 2021 509 2052; x_wconf 89' lang='lat' dir='ltr'><strong>virtus,</strong></span> <span class='ocrx_word' id='word_1_329' title='bbox 525 2025 551 2048; x_wconf 90' lang='lat' dir='ltr'><strong>et</strong></span> <span class='ocrx_word' id='word_1_330' title='bbox 565 2020 682 2055; x_wconf 87' lang='lat' dir='ltr'><strong>quotidie</strong></span> <span class='ocrx_word' id='word_1_331' title='bbox 696 2020 763 2047; x_wconf 85' lang='lat' dir='ltr'><strong>facta</strong></span> <span class='ocrx_word' id='word_1_332' title='bbox 777 2024 818 2047; x_wconf 90' lang='lat' dir='ltr'><strong>est</strong></span> <span class='ocrx_word' id='word_1_333' title='bbox 832 2019 940 2047; x_wconf 90' lang='lat' dir='ltr'><strong>clarior.</strong></span> 
     </span>
    </p>
   </div>
   <div class='ocr_carea' id='block_1_44' title="bbox 274 2066 1031 2095">
    <p class='ocr_par' dir='ltr' id='par_1_44' title="bbox 274 2066 1031 2095">
     <span class='ocr_line' id='line_1_44' title="bbox 274 2066 1031 2095; baseline -0.001 -1"><span class='ocrx_word' id='word_1_334' title='bbox 274 2068 301 2095; x_wconf 81' lang='lat'><strong>5.</strong></span> <span class='ocrx_word' id='word_1_335' title='bbox 326 2067 359 2094; x_wconf 81' lang='lat' dir='ltr'><strong>Et</strong></span> <span class='ocrx_word' id='word_1_336' title='bbox 373 2073 400 2094; x_wconf 90' lang='lat' dir='ltr'><strong>ut</strong></span> <span class='ocrx_word' id='word_1_337' title='bbox 415 2068 483 2094; x_wconf 81' lang='lat' dir='ltr'><strong>scias</strong></span> <span class='ocrx_word' id='word_1_338' title='bbox 506 2067 587 2094; x_wconf 79' lang='lat' dir='ltr'><strong>Deum</strong></span> <span class='ocrx_word' id='word_1_339' title='bbox 603 2075 655 2094; x_wconf 92' lang='lat' dir='ltr'><strong>non</strong></span> <span class='ocrx_word' id='word_1_340' title='bbox 671 2067 758 2094; x_wconf 82' lang='lat' dir='ltr'><strong>solum</strong></span> <span class='ocrx_word' id='word_1_341' title='bbox 773 2066 900 2094; x_wconf 87' lang='lat' dir='ltr'><strong>beneﬁcia</strong></span> <span class='ocrx_word' id='word_1_342' title='bbox 913 2072 940 2094; x_wconf 89' lang='lat' dir='ltr'><strong>et</strong></span> <span class='ocrx_word' id='word_1_343' title='bbox 962 2066 1031 2093; x_wconf 86' lang='lat' dir='ltr'><strong>dona</strong></span> 
     </span>
    </p>
   </div>
   <div class='ocr_carea' id='block_1_45' title="bbox 239 2112 1031 2145">
    <p class='ocr_par' dir='ltr' id='par_1_45' title="bbox 239 2112 1031 2145">
     <span class='ocr_line' id='line_1_45' title="bbox 239 2112 1031 2145; baseline -0.001 -4"><span class='ocrx_word' id='word_1_344' title='bbox 239 2123 287 2141; x_wconf 79' lang='lat' dir='ltr'><strong>sua</strong></span> <span class='ocrx_word' id='word_1_345' title='bbox 309 2114 432 2140; x_wconf 80' lang='lat' dir='ltr'><strong>conferre</strong></span> <span class='ocrx_word' id='word_1_346' title='bbox 447 2113 524 2145; x_wconf 86' lang='lat' dir='ltr'><strong>velle,</strong></span> <span class='ocrx_word' id='word_1_347' title='bbox 542 2113 587 2141; x_wconf 82' lang='lat' dir='ltr'><strong>sed</strong></span> <span class='ocrx_word' id='word_1_348' title='bbox 602 2113 707 2140; x_wconf 85' lang='lat' dir='ltr'><strong>solitum</strong></span> <span class='ocrx_word' id='word_1_349' title='bbox 732 2120 792 2140; x_wconf 91' lang='lat' dir='ltr'><strong>esse</strong></span> <span class='ocrx_word' id='word_1_350' title='bbox 817 2112 941 2140; x_wconf 86' lang='lat' dir='ltr'><strong>beneﬁcia</strong></span> <span class='ocrx_word' id='word_1_351' title='bbox 957 2120 1031 2140; x_wconf 85' lang='lat' dir='ltr'><strong>acce-</strong></span> 
     </span>
    </p>
   </div>
   <div class='ocr_carea' id='block_1_46' title="bbox 242 2159 1032 2195">
    <p class='ocr_par' dir='ltr' id='par_1_46' title="bbox 242 2159 1032 2195">
     <span class='ocr_line' id='line_1_46' title="bbox 242 2159 1032 2195; baseline -0.003 -8"><span class='ocrx_word' id='word_1_352' title='bbox 242 2167 332 2195; x_wconf 74' lang='lat' dir='ltr'><strong>pturos</strong></span> <span class='ocrx_word' id='word_1_353' title='bbox 347 2160 458 2188; x_wconf 76' lang='lat' dir='ltr'><strong>reddere</strong></span> <span class='ocrx_word' id='word_1_354' title='bbox 469 2161 606 2192; x_wconf 74' lang='lat' dir='ltr'><strong>clariores,</strong></span> <span class='ocrx_word' id='word_1_355' title='bbox 622 2160 681 2187; x_wconf 84' lang='lat' dir='ltr'><strong>vide</strong></span> <span class='ocrx_word' id='word_1_356' title='bbox 696 2159 768 2186; x_wconf 92' lang='lat' dir='ltr'><strong>illum</strong></span> <span class='ocrx_word' id='word_1_357' title='bbox 785 2159 836 2186; x_wconf 91' lang='lat' dir='ltr'><strong>hoc</strong></span> <span class='ocrx_word' id='word_1_358' title='bbox 849 2164 873 2186; x_wconf 91' lang='lat' dir='ltr'><strong>ct</strong></span> <span class='ocrx_word' id='word_1_359' title='bbox 891 2159 915 2186; x_wconf 94' lang='lat' dir='ltr'><strong>in</strong></span> <span class='ocrx_word' id='word_1_360' title='bbox 930 2159 1032 2186; x_wconf 86' lang='lat' dir='ltr'><strong>Chana-</strong></span> 
     </span>
    </p>
   </div>
   <div class='ocr_carea' id='block_1_47' title="bbox 241 2204 1031 2240">
    <p class='ocr_par' dir='ltr' id='par_1_47' title="bbox 241 2204 1031 2240">
     <span class='ocr_line' id='line_1_47' title="bbox 241 2204 1031 2240; baseline -0.004 -6"><span class='ocrx_word' id='word_1_361' title='bbox 241 2214 296 2234; x_wconf 73' lang='lat' dir='ltr'><strong>ra-a</strong></span> <span class='ocrx_word' id='word_1_362' title='bbox 311 2207 354 2234; x_wconf 82' lang='lat' dir='ltr'><strong>illa</strong></span> <span class='ocrx_word' id='word_1_363' title='bbox 372 2207 468 2240; x_wconf 85' lang='lat' dir='ltr'><strong>facere,</strong></span> <span class='ocrx_word' id='word_1_364' title='bbox 484 2211 511 2233; x_wconf 91' lang='lat' dir='ltr'><strong>ct</strong></span> <span class='ocrx_word' id='word_1_365' title='bbox 534 2206 632 2233; x_wconf 81' lang='lat' dir='ltr'><strong>ideirco</strong></span> <span class='ocrx_word' id='word_1_366' title='bbox 645 2213 750 2233; x_wconf 83' lang='lat' dir='ltr'><strong>cessare</strong></span> <span class='ocrx_word' id='word_1_367' title='bbox 764 2212 794 2232; x_wconf 86' lang='lat' dir='ltr'><strong>ac</strong></span> <span class='ocrx_word' id='word_1_368' title='bbox 809 2204 923 2237; x_wconf 80' lang='lat' dir='ltr'><strong>dill‘erre,</strong></span> <span class='ocrx_word' id='word_1_369' title='bbox 937 2209 966 2232; x_wconf 92' lang='lat' dir='ltr'><strong>ut</strong></span> <span class='ocrx_word' id='word_1_370' title='bbox 980 2212 1031 2232; x_wconf 92' lang='lat' dir='ltr'><strong>non</strong></span> 
     </span>
    </p>
   </div>
   <div class='ocr_carea' id='block_1_48' title="bbox 239 2248 1032 2287">
    <p class='ocr_par' dir='ltr' id='par_1_48' title="bbox 239 2248 1032 2287">
     <span class='ocr_line' id='line_1_48' title="bbox 239 2248 1032 2287; baseline -0.001 -9"><span class='ocrx_word' id='word_1_371' title='bbox 239 2252 323 2278; x_wconf 83' lang='lat' dir='ltr'><strong>solum</strong></span> <span class='ocrx_word' id='word_1_372' title='bbox 340 2251 493 2287; x_wconf 79' lang='lat' dir='ltr'><strong>petitionem</strong></span> <span class='ocrx_word' id='word_1_373' title='bbox 514 2251 584 2278; x_wconf 88' lang='lat' dir='ltr'><strong>illius</strong></span> <span class='ocrx_word' id='word_1_374' title='bbox 608 2251 730 2278; x_wconf 83' lang='lat' dir='ltr'><strong>exaudiat</strong></span> <span class='ocrx_word' id='word_1_375' title='bbox 746 2249 851 2286; x_wconf 73' lang='lat' dir='ltr'><strong>(Matth.</strong></span> <span class='ocrx_word' id='word_1_376' title='bbox 876 2248 930 2285; x_wconf 79' lang='grc'><strong>15),</strong></span> <span class='ocrx_word' id='word_1_377' title='bbox 947 2249 993 2277; x_wconf 87' lang='lat' dir='ltr'><strong>sed</strong></span> <span class='ocrx_word' id='word_1_378' title='bbox 1006 2254 1032 2277; x_wconf 86' lang='lat' dir='ltr'><strong>et</strong></span> 
     </span>
    </p>
   </div>
   <div class='ocr_carea' id='block_1_49' title="bbox 241 2295 1033 2333">
    <p class='ocr_par' dir='ltr' id='par_1_49' title="bbox 241 2295 1033 2333">
     <span class='ocr_line' id='line_1_49' title="bbox 241 2295 1033 2333; baseline -0.004 -9"><span class='ocrx_word' id='word_1_379' title='bbox 241 2303 268 2324; x_wconf 90' lang='lat' dir='ltr'><strong>ut</strong></span> <span class='ocrx_word' id='word_1_380' title='bbox 281 2298 351 2325; x_wconf 91' lang='lat' dir='ltr'><strong>illam</strong></span> <span class='ocrx_word' id='word_1_381' title='bbox 367 2298 451 2333; x_wconf 89' lang='lat' dir='ltr'><strong>ipsam</strong></span> <span class='ocrx_word' id='word_1_382' title='bbox 468 2298 493 2325; x_wconf 90' lang='lat' dir='ltr'><strong>in</strong></span> <span class='ocrx_word' id='word_1_383' title='bbox 509 2302 563 2324; x_wconf 87' lang='lat' dir='ltr'><strong>toto</strong></span> <span class='ocrx_word' id='word_1_384' title='bbox 573 2297 636 2324; x_wconf 88' lang='lat' dir='ltr'><strong>orbe</strong></span> <span class='ocrx_word' id='word_1_385' title='bbox 646 2297 777 2324; x_wconf 87' lang='lat' dir='ltr'><strong>celebretn</strong></span> <span class='ocrx_word' id='word_1_386' title='bbox 792 2295 894 2323; x_wconf 82' lang='lat' dir='ltr'><strong>reddat.</strong></span> <span class='ocrx_word' id='word_1_387' title='bbox 909 2295 1033 2328; x_wconf 75' lang='lat' dir='ltr'><strong>Quando-</strong></span> 
     </span>
    </p>
   </div>
   <div class='ocr_carea' id='block_1_50' title="bbox 238 2341 1030 2379">
    <p class='ocr_par' dir='ltr' id='par_1_50' title="bbox 238 2341 1030 2379">
     <span class='ocr_line' id='line_1_50' title="bbox 238 2341 1030 2379; baseline -0.005 -8"><span class='ocrx_word' id='word_1_388' title='bbox 238 2345 345 2379; x_wconf 83' lang='lat' dir='ltr'><strong>quidem</strong></span> <span class='ocrx_word' id='word_1_389' title='bbox 365 2351 425 2371; x_wconf 90' lang='lat' dir='ltr'><strong>cum</strong></span> <span class='ocrx_word' id='word_1_390' title='bbox 449 2343 607 2378; x_wconf 82' lang='lat' dir='ltr'><strong>supplicaret</strong></span> <span class='ocrx_word' id='word_1_391' title='bbox 631 2350 662 2370; x_wconf 89' lang='lat' dir='ltr'><strong>ac</strong></span> <span class='ocrx_word' id='word_1_392' title='bbox 682 2342 780 2370; x_wconf 85' lang='lat' dir='ltr'><strong>diceret</strong></span> <span class='ocrx_word' id='word_1_393' title='bbox 797 2351 804 2369; x_wconf 93' lang='lat'>:</span> <span class='ocrx_word' id='word_1_394' title='bbox 821 2341 941 2369; x_wconf 79' lang='lat' dir='ltr'><strong>Miserere</strong></span> <span class='ocrx_word' id='word_1_395' title='bbox 962 2342 1030 2374; x_wconf 80' lang='lat' dir='ltr'><strong>mei,</strong></span> 
     </span>
    </p>
   </div>
   <div class='ocr_carea' id='block_1_51' title="bbox 240 2386 1030 2425">
    <p class='ocr_par' dir='ltr' id='par_1_51' title="bbox 240 2386 1030 2425">
     <span class='ocr_line' id='line_1_51' title="bbox 240 2386 1030 2425; baseline -0.004 -9"><span class='ocrx_word' id='word_1_396' title='bbox 240 2390 356 2423; x_wconf 82' lang='lat' dir='ltr'><strong>Domine,</strong></span> <span class='ocrx_word' id='word_1_397' title='bbox 369 2390 427 2425; x_wconf 83' lang='lat' dir='ltr'><strong>quia</strong></span> <span class='ocrx_word' id='word_1_398' title='bbox 442 2389 496 2424; x_wconf 84' lang='lat' dir='ltr'><strong>ﬁlia</strong></span> <span class='ocrx_word' id='word_1_399' title='bbox 508 2398 562 2416; x_wconf 86' lang='lat' dir='ltr'><strong>mea</strong></span> <span class='ocrx_word' id='word_1_400' title='bbox 573 2388 638 2416; x_wconf 84' lang='lat' dir='ltr'><strong>male</strong></span> <span class='ocrx_word' id='word_1_401' title='bbox 647 2397 662 2414; x_wconf 90' lang='lat' dir='ltr'><strong>a</strong></span> <span class='ocrx_word' id='word_1_402' title='bbox 672 2388 796 2415; x_wconf 76' lang='lat' dir='ltr'><strong>dwmonio</strong></span> <span class='ocrx_word' id='word_1_403' title='bbox 808 2392 934 2422; x_wconf 78' lang='lat' dir='ltr'><strong>torquetur</strong></span> <span class='ocrx_word' id='word_1_404' title='bbox 950 2386 1030 2419; x_wconf 82' lang='lat' dir='ltr'><strong>(Ibid.</strong></span> 
     </span>
    </p>
   </div>
   <div class='ocr_carea' id='block_1_52' title="bbox 240 2433 1033 2470">
    <p class='ocr_par' dir='ltr' id='par_1_52' title="bbox 240 2433 1033 2470">
     <span class='ocr_line' id='line_1_52' title="bbox 240 2433 1033 2470; baseline -0.003 -9"><span class='ocrx_word' id='word_1_405' title='bbox 240 2443 262 2461; x_wconf 84' lang='grc' dir='ltr'><strong>υ.</strong></span> <span class='ocrx_word' id='word_1_406' title='bbox 279 2434 325 2470; x_wconf 70' lang='grc'><strong>22)</strong></span> <span class='ocrx_word' id='word_1_407' title='bbox 347 2443 354 2461; x_wconf 90' lang='lat'><strong>:</strong></span> <span class='ocrx_word' id='word_1_408' title='bbox 371 2442 457 2469; x_wconf 82' lang='lat' dir='ltr'><strong>neque</strong></span> <span class='ocrx_word' id='word_1_409' title='bbox 476 2441 605 2468; x_wconf 85' lang='lat' dir='ltr'><strong>responso</strong></span> <span class='ocrx_word' id='word_1_410' title='bbox 623 2441 682 2461; x_wconf 84' lang='lat' dir='ltr'><strong>eam</strong></span> <span class='ocrx_word' id='word_1_411' title='bbox 705 2433 826 2468; x_wconf 73' lang='lat' dir='ltr'><strong>digmtnr</strong></span> <span class='ocrx_word' id='word_1_412' title='bbox 840 2434 991 2460; x_wconf 86' lang='lat' dir='ltr'><strong>misericors</strong></span> <span class='ocrx_word' id='word_1_413' title='bbox 1005 2437 1033 2459; x_wconf 89' lang='lat' dir='ltr'><strong>et</strong></span> 
     </span>
    </p>
   </div>
   <div class='ocr_carea' id='block_1_53' title="bbox 240 2478 1031 2515">
    <p class='ocr_par' dir='ltr' id='par_1_53' title="bbox 240 2478 1031 2515">
     <span class='ocr_line' id='line_1_53' title="bbox 240 2478 1031 2515; baseline -0.001 -8"><span class='ocrx_word' id='word_1_414' title='bbox 240 2480 463 2508; x_wconf 86' lang='lat' dir='ltr'><strong>clementissimus</strong></span> <span class='ocrx_word' id='word_1_415' title='bbox 482 2478 608 2506; x_wconf 87' lang='lat' dir='ltr'><strong>Dominus</strong></span> <span class='ocrx_word' id='word_1_416' title='bbox 628 2479 684 2515; x_wconf 88' lang='lat' dir='ltr'><strong>(a),</strong></span> <span class='ocrx_word' id='word_1_417' title='bbox 699 2479 794 2514; x_wconf 83' lang='lat' dir='ltr'><strong>alioqui</strong></span> <span class='ocrx_word' id='word_1_418' title='bbox 821 2487 912 2514; x_wconf 87' lang='lat' dir='ltr'><strong>preces</strong></span> <span class='ocrx_word' id='word_1_419' title='bbox 928 2483 1031 2506; x_wconf 68' lang='lat' dir='ltr'><strong>no.~tras</strong></span> 
     </span>
    </p>
   </div>
   <div class='ocr_carea' id='block_1_54' title="bbox 240 2524 1032 2560">
    <p class='ocr_par' dir='ltr' id='par_1_54' title="bbox 240 2524 1032 2560">
     <span class='ocr_line' id='line_1_54' title="bbox 240 2524 1032 2560; baseline -0.004 -7"><span class='ocrx_word' id='word_1_420' title='bbox 240 2533 346 2560; x_wconf 81' lang='lat' dir='ltr'><strong>semper</strong></span> <span class='ocrx_word' id='word_1_421' title='bbox 360 2525 536 2560; x_wconf 80' lang='lat' dir='ltr'><strong>praeveniens.</strong></span> <span class='ocrx_word' id='word_1_422' title='bbox 553 2525 585 2552; x_wconf 85' lang='lat' dir='ltr'><strong>Et</strong></span> <span class='ocrx_word' id='word_1_423' title='bbox 610 2524 730 2559; x_wconf 81' lang='lat' dir='ltr'><strong>discipuli</strong></span> <span class='ocrx_word' id='word_1_424' title='bbox 752 2524 859 2559; x_wconf 87' lang='lat' dir='ltr'><strong>quidem</strong></span> <span class='ocrx_word' id='word_1_425' title='bbox 882 2524 1032 2551; x_wconf 88' lang='lat' dir='ltr'><strong>nescientes</strong></span> 
     </span>
    </p>
   </div>
   <div class='ocr_carea' id='block_1_55' title="bbox 240 2570 1029 2607">
    <p class='ocr_par' dir='ltr' id='par_1_55' title="bbox 240 2570 1029 2607">
     <span class='ocr_line' id='line_1_55' title="bbox 240 2570 1029 2607; baseline 0 -10"><span class='ocrx_word' id='word_1_426' title='bbox 240 2570 302 2607; x_wconf 82' lang='lat' dir='ltr'><strong>quid</strong></span> <span class='ocrx_word' id='word_1_427' title='bbox 325 2570 441 2598; x_wconf 75' lang='lat' dir='ltr'><strong>futurum</strong></span> <span class='ocrx_word' id='word_1_428' title='bbox 457 2575 538 2604; x_wconf 83' lang='lat' dir='ltr'><strong>esset,</strong></span> <span class='ocrx_word' id='word_1_429' title='bbox 561 2575 661 2598; x_wconf 86' lang='lat' dir='ltr'><strong>eteum</strong></span> <span class='ocrx_word' id='word_1_430' title='bbox 684 2578 774 2597; x_wconf 87' lang='lat' dir='ltr'><strong>curam</strong></span> <span class='ocrx_word' id='word_1_431' title='bbox 798 2578 875 2605; x_wconf 77' lang='lat' dir='ltr'><strong>agere</strong></span> <span class='ocrx_word' id='word_1_432' title='bbox 890 2570 1029 2602; x_wconf 75' lang='lat' dir='ltr'><strong>mulieris,</strong></span> 
     </span>
    </p>
   </div>
   <div class='ocr_carea' id='block_1_56' title="bbox 243 2653 1025 2689">
    <p class='ocr_par' dir='ltr' id='par_1_56' title="bbox 243 2653 1025 2689">
     <span class='ocr_line' id='line_1_56' title="bbox 243 2653 1025 2689; baseline 0.001 -11"><span class='ocrx_word' id='word_1_433' title='bbox 243 2653 333 2689; x_wconf 60' lang='lat' dir='ltr'><strong>legitur</strong></span> <span class='ocrx_word' id='word_1_434' title='bbox 343 2654 407 2688; x_wconf 51' lang='grc' dir='ltr'>μετὰ.</span> <span class='ocrx_word' id='word_1_435' title='bbox 416 2654 473 2678; x_wconf 79' lang='grc' dir='ltr'><strong>δέκα</strong></span> <span class='ocrx_word' id='word_1_436' title='bbox 483 2654 523 2689; x_wconf 54' lang='lat' dir='ltr'><strong>im</strong></span> <span class='ocrx_word' id='word_1_437' title='bbox 533 2653 575 2689; x_wconf 60' lang='lat' dir='ltr'><strong>rei:</strong></span> <span class='ocrx_word' id='word_1_438' title='bbox 598 2654 650 2683; x_wconf 80' lang='grc' dir='ltr'><strong>οῑκῆ</strong></span> <span class='ocrx_word' id='word_1_439' title='bbox 655 2663 707 2689; x_wconf 57' lang='grc' dir='ltr'><strong>σαι-</strong></span> <span class='ocrx_word' id='word_1_440' title='bbox 717 2653 814 2689; x_wconf 42' lang='grc' dir='ltr'><strong>ἶᾹϐρᾳρῖ</strong></span> <span class='ocrx_word' id='word_1_441' title='bbox 828 2655 851 2678; x_wconf 85' lang='grc' dir='ltr'>ἐν</span> <span class='ocrx_word' id='word_1_442' title='bbox 867 2657 900 2689; x_wconf 44' lang='grc' dir='ltr'><strong>,γῇ</strong></span> <span class='ocrx_word' id='word_1_443' title='bbox 922 2654 1025 2689; x_wconf 73' lang='grc' dir='ltr'><strong>Χαναάγ.</strong></span> 
     </span>
    </p>
   </div>
   <div class='ocr_carea' id='block_1_57' title="bbox 242 2684 1027 2714">
    <p class='ocr_par' dir='ltr' id='par_1_57' title="bbox 242 2684 1027 2714">
     <span class='ocr_line' id='line_1_57' title="bbox 242 2684 1027 2714; baseline 0.003 -7"><span class='ocrx_word' id='word_1_444' title='bbox 242 2685 408 2714; x_wconf 68' lang='lat' dir='ltr'><strong>tjhrysostomi</strong></span> <span class='ocrx_word' id='word_1_445' title='bbox 423 2692 480 2709; x_wconf 77' lang='lat' dir='ltr'><strong>vero</strong></span> <span class='ocrx_word' id='word_1_446' title='bbox 491 2685 624 2709; x_wconf 85' lang='lat' dir='ltr'><strong>lectionem</strong></span> <span class='ocrx_word' id='word_1_447' title='bbox 636 2692 683 2709; x_wconf 87' lang='lat' dir='ltr'><strong>non</strong></span> <span class='ocrx_word' id='word_1_448' title='bbox 697 2684 772 2709; x_wconf 79' lang='lat' dir='ltr'><strong>fuisse</strong></span> <span class='ocrx_word' id='word_1_449' title='bbox 792 2684 944 2709; x_wconf 75' lang='lat' dir='ltr'><strong>librariorum</strong></span> <span class='ocrx_word' id='word_1_450' title='bbox 961 2685 1027 2710; x_wconf 78' lang='lat' dir='ltr'><strong>ausi-</strong></span> 
     </span>
    </p>
   </div>
   <div class='ocr_carea' id='block_1_58' title="bbox 244 2715 1026 2748">
    <p class='ocr_par' dir='ltr' id='par_1_58' title="bbox 244 2715 1026 2748">
     <span class='ocr_line' id='line_1_58' title="bbox 244 2715 1026 2748; baseline 0.003 -10"><span class='ocrx_word' id='word_1_451' title='bbox 244 2715 287 2748; x_wconf 62' lang='lat' dir='ltr'><strong>iius</strong></span> <span class='ocrx_word' id='word_1_452' title='bbox 300 2719 454 2748; x_wconf 73' lang='lat' dir='ltr'><strong>temeratam,</strong></span> <span class='ocrx_word' id='word_1_453' title='bbox 468 2716 524 2739; x_wconf 88' lang='lat' dir='ltr'><strong>hinc</strong></span> <span class='ocrx_word' id='word_1_454' title='bbox 538 2716 654 2748; x_wconf 75' lang='lat' dir='ltr'><strong>liquidum</strong></span> <span class='ocrx_word' id='word_1_455' title='bbox 668 2720 715 2746; x_wconf 84' lang='lat' dir='ltr'><strong>est,</strong></span> <span class='ocrx_word' id='word_1_456' title='bbox 727 2716 791 2747; x_wconf 84' lang='lat' dir='ltr'><strong>quod</strong></span> <span class='ocrx_word' id='word_1_457' title='bbox 807 2717 892 2740; x_wconf 82' lang='lat' dir='ltr'><strong>eadem</strong></span> <span class='ocrx_word' id='word_1_458' title='bbox 910 2715 960 2748; x_wconf 80' lang='lat' dir='ltr'><strong>ipsa</strong></span> <span class='ocrx_word' id='word_1_459' title='bbox 972 2715 1026 2741; x_wconf 85' lang='lat' dir='ltr'><strong>sine</strong></span> 
     </span>
    </p>
   </div>
   <div class='ocr_carea' id='block_1_59' title="bbox 243 2745 673 2776">
    <p class='ocr_par' dir='ltr' id='par_1_59' title="bbox 243 2745 673 2776">
     <span class='ocr_line' id='line_1_59' title="bbox 243 2745 673 2776; baseline 0.007 -9"><span class='ocrx_word' id='word_1_460' title='bbox 243 2746 383 2770; x_wconf 77' lang='lat' dir='ltr'><strong>discrimine</strong></span> <span class='ocrx_word' id='word_1_461' title='bbox 396 2746 434 2770; x_wconf 62' lang='lat' dir='ltr'><strong>bis~</strong></span> <span class='ocrx_word' id='word_1_462' title='bbox 446 2745 591 2776; x_wconf 78' lang='lat' dir='ltr'><strong>repetantur</strong></span> <span class='ocrx_word' id='word_1_463' title='bbox 605 2745 673 2770; x_wconf 82' lang='lat' dir='ltr'><strong>infra.</strong></span> 
     </span>
    </p>
   </div>
   <div class='ocr_carea' id='block_1_60' title="bbox 273 2776 1027 2811">
    <p class='ocr_par' dir='ltr' id='par_1_60' title="bbox 273 2776 1027 2811">
     <span class='ocr_line' id='line_1_60' title="bbox 273 2776 1027 2811; baseline 0.004 -11"><span class='ocrx_word' id='word_1_464' title='bbox 273 2777 308 2806; x_wconf 82' lang='grc' dir='ltr'><strong>(η)</strong></span> <span class='ocrx_word' id='word_1_465' title='bbox 324 2778 383 2811; x_wconf 66' lang='lat' dir='ltr'><strong>Qum</strong></span> <span class='ocrx_word' id='word_1_466' title='bbox 395 2776 435 2801; x_wconf 83' lang='lat' dir='ltr'><strong>hic</strong></span> <span class='ocrx_word' id='word_1_467' title='bbox 447 2778 479 2800; x_wconf 85' lang='lat' dir='ltr'><strong>de</strong></span> <span class='ocrx_word' id='word_1_468' title='bbox 492 2778 625 2811; x_wconf 49' lang='lat' dir='ltr'><strong>(lila‘flﬂllfDD</strong></span> <span class='ocrx_word' id='word_1_469' title='bbox 636 2777 760 2811; x_wconf 66' lang='lat' dir='ltr'><strong>dicuntur,</strong></span> <span class='ocrx_word' id='word_1_470' title='bbox 772 2777 857 2811; x_wconf 71' lang='lat' dir='ltr'><strong>eadem</strong></span> <span class='ocrx_word' id='word_1_471' title='bbox 872 2776 922 2808; x_wconf 82' lang='lat' dir='ltr'><strong>ipsa</strong></span> <span class='ocrx_word' id='word_1_472' title='bbox 940 2782 1027 2808; x_wconf 85' lang='lat' dir='ltr'><strong>perse-</strong></span> 
     </span>
    </p>
   </div>
   <div class='ocr_carea' id='block_1_61' title="bbox 244 2808 873 2838">
    <p class='ocr_par' dir='ltr' id='par_1_61' title="bbox 244 2808 873 2838">
     <span class='ocr_line' id='line_1_61' title="bbox 244 2808 873 2838; baseline 0.005 -8"><span class='ocrx_word' id='word_1_473' title='bbox 244 2811 327 2837; x_wconf 75' lang='lat' dir='ltr'><strong>quitur</strong></span> <span class='ocrx_word' id='word_1_474' title='bbox 339 2808 398 2838; x_wconf 61' lang='lat' dir='ltr'><strong>Clu-3</strong></span> <span class='ocrx_word' id='word_1_475' title='bbox 405 2812 527 2833; x_wconf 74' lang='lat' dir='ltr'><strong>sostumus</strong></span> <span class='ocrx_word' id='word_1_476' title='bbox 538 2808 628 2833; x_wconf 64' lang='lat' dir='ltr'><strong>llutnil.</strong></span> <span class='ocrx_word' id='word_1_477' title='bbox 644 2808 673 2832; x_wconf 72' lang='grc'><strong>55</strong></span> <span class='ocrx_word' id='word_1_478' title='bbox 686 2808 709 2832; x_wconf 80' lang='grc' dir='ltr'><strong>ιιι</strong></span> <span class='ocrx_word' id='word_1_479' title='bbox 726 2809 873 2834; x_wconf 70' lang='lat' dir='ltr'><strong>Mattheum.</strong></span> 
     </span>
    </p>
   </div>
   <div class='ocr_carea' id='block_1_62' title="bbox 721 79 1382 111">
    <p class='ocr_par' dir='ltr' id='par_1_62' title="bbox 721 79 1382 111">
     <span class='ocr_line' id='line_1_62' title="bbox 721 79 1382 111; baseline -0.002 0"><span class='ocrx_word' id='word_1_480' title='bbox 721 83 754 111; x_wconf 80' lang='lat' dir='ltr'><strong>IN</strong></span> <span class='ocrx_word' id='word_1_481' title='bbox 773 82 849 111; x_wconf 66' lang='lat' dir='ltr'><strong>CAP.</strong></span> <span class='ocrx_word' id='word_1_482' title='bbox 869 80 939 109; x_wconf 78' lang='lat' dir='ltr'><strong>XVI.</strong></span> <span class='ocrx_word' id='word_1_483' title='bbox 961 79 1085 109; x_wconf 81' lang='lat' dir='ltr'><strong>GENES.</strong></span> <span class='ocrx_word' id='word_1_484' title='bbox 1106 81 1219 109; x_wconf 76' lang='lat' dir='ltr'><strong>llOMlL.</strong></span> <span class='ocrx_word' id='word_1_485' title='bbox 1238 81 1382 110; x_wconf 66' lang='lat' dir='ltr'><strong>XXXVIII.</strong></span> 
     </span>
    </p>
   </div>
   <div class='ocr_carea' id='block_1_63' title="bbox 1841 88 1896 115">
    <p class='ocr_par' dir='ltr' id='par_1_63' title="bbox 1841 88 1896 115">
     <span class='ocr_line' id='line_1_63' title="bbox 1841 88 1896 115; baseline 0 0"><span class='ocrx_word' id='word_1_486' title='bbox 1841 88 1896 115; x_wconf 61' lang='grc' dir='ltr'><strong>ὅ.ῧᾶ</strong></span> 
     </span>
    </p>
   </div>
   <div class='ocr_carea' id='block_1_64' title="bbox 1104 137 1894 177">
    <p class='ocr_par' dir='ltr' id='par_1_64' title="bbox 1104 137 1894 177">
     <span class='ocr_line' id='line_1_64' title="bbox 1104 137 1894 177; baseline 0.011 -14"><span class='ocrx_word' id='word_1_487' title='bbox 1104 137 1228 173; x_wconf 87' lang='lat' dir='ltr'><strong>nolleque</strong></span> <span class='ocrx_word' id='word_1_488' title='bbox 1241 139 1394 166; x_wconf 86' lang='lat' dir='ltr'><strong>thesaurum</strong></span> <span class='ocrx_word' id='word_1_489' title='bbox 1417 139 1474 175; x_wconf 83' lang='lat' dir='ltr'><strong>ejus</strong></span> <span class='ocrx_word' id='word_1_490' title='bbox 1488 140 1582 174; x_wconf 83' lang='lat' dir='ltr'><strong>latere,</strong></span> <span class='ocrx_word' id='word_1_491' title='bbox 1597 146 1676 177; x_wconf 86' lang='lat' dir='ltr'><strong>atque</strong></span> <span class='ocrx_word' id='word_1_492' title='bbox 1699 142 1758 170; x_wconf 79' lang='lat' dir='ltr'><strong>ideo</strong></span> <span class='ocrx_word' id='word_1_493' title='bbox 1781 151 1833 171; x_wconf 77' lang='lat' dir='ltr'><strong>non</strong></span> <span class='ocrx_word' id='word_1_494' title='bbox 1851 153 1894 172; x_wconf 53' lang='lat' dir='ltr'><strong>rev</strong></span> 
     </span>
    </p>
   </div>
   <div class='ocr_carea' id='block_1_65' title="bbox 1102 183 1896 222">
    <p class='ocr_par' dir='ltr' id='par_1_65' title="bbox 1102 183 1896 222">
     <span class='ocr_line' id='line_1_65' title="bbox 1102 183 1896 222; baseline 0.011 -13"><span class='ocrx_word' id='word_1_495' title='bbox 1102 183 1245 218; x_wconf 85' lang='lat' dir='ltr'><strong>spondere,</strong></span> <span class='ocrx_word' id='word_1_496' title='bbox 1259 184 1334 219; x_wconf 80' lang='lat' dir='ltr'><strong>quasi</strong></span> <span class='ocrx_word' id='word_1_497' title='bbox 1349 185 1450 220; x_wconf 81' lang='lat' dir='ltr'><strong>maiore</strong></span> <span class='ocrx_word' id='word_1_498' title='bbox 1464 187 1695 215; x_wconf 82' lang='lat' dir='ltr'><strong>commiseratione</strong></span> <span class='ocrx_word' id='word_1_499' title='bbox 1710 187 1792 222; x_wconf 87' lang='lat' dir='ltr'><strong>ducti,</strong></span> <span class='ocrx_word' id='word_1_500' title='bbox 1807 197 1896 218; x_wconf 83' lang='lat' dir='ltr'><strong>acces-</strong></span> 
     </span>
    </p>
   </div>
   <div class='ocr_carea' id='block_1_66' title="bbox 1100 229 1894 272">
    <p class='ocr_par' dir='ltr' id='par_1_66' title="bbox 1100 229 1894 272">
     <span class='ocr_line' id='line_1_66' title="bbox 1100 229 1894 272; baseline 0.009 -16"><span class='ocrx_word' id='word_1_501' title='bbox 1100 233 1192 256; x_wconf 87' lang='lat' dir='ltr'><strong>serunt.</strong></span> <span class='ocrx_word' id='word_1_502' title='bbox 1213 233 1241 257; x_wconf 90' lang='lat' dir='ltr'><strong>et</strong></span> <span class='ocrx_word' id='word_1_503' title='bbox 1261 229 1436 258; x_wconf 81' lang='lat' dir='ltr'><strong>obseerabant</strong></span> <span class='ocrx_word' id='word_1_504' title='bbox 1460 239 1520 259; x_wconf 87' lang='lat' dir='ltr'><strong>cum</strong></span> <span class='ocrx_word' id='word_1_505' title='bbox 1542 233 1662 261; x_wconf 87' lang='lat' dir='ltr'><strong>dicentes</strong></span> <span class='ocrx_word' id='word_1_506' title='bbox 1678 243 1685 261; x_wconf 91' lang='lat'>:</span> <span class='ocrx_word' id='word_1_507' title='bbox 1702 234 1804 263; x_wconf 82' lang='lat' dir='ltr'><strong>Dimitte</strong></span> <span class='ocrx_word' id='word_1_508' title='bbox 1816 245 1871 263; x_wconf 83' lang='lat' dir='ltr'><strong>eam</strong></span> <span class='ocrx_word' id='word_1_509' title='bbox 1885 259 1894 272; x_wconf 85' lang='lat'><strong>,</strong></span> 
     </span>
    </p>
   </div>
   <div class='ocr_carea' id='block_1_67' title="bbox 1099 276 1895 314">
    <p class='ocr_par' dir='ltr' id='par_1_67' title="bbox 1099 276 1895 314">
     <span class='ocr_line' id='line_1_67' title="bbox 1099 276 1895 314; baseline 0.013 -13"><span class='ocrx_word' id='word_1_510' title='bbox 1099 276 1158 311; x_wconf 85' lang='lat' dir='ltr'><strong>quia</strong></span> <span class='ocrx_word' id='word_1_511' title='bbox 1165 276 1318 312; x_wconf 71' lang='lat' dir='ltr'><strong>clamatpost</strong></span> <span class='ocrx_word' id='word_1_512' title='bbox 1332 285 1377 304; x_wconf 78' lang='lat' dir='ltr'><strong>nos</strong></span> <span class='ocrx_word' id='word_1_513' title='bbox 1385 277 1489 313; x_wconf 82' lang='lat' dir='ltr'><strong>(Matth.</strong></span> <span class='ocrx_word' id='word_1_514' title='bbox 1502 279 1543 306; x_wconf 79' lang='grc'><strong>15.</strong></span> <span class='ocrx_word' id='word_1_515' title='bbox 1554 279 1601 314; x_wconf 73' lang='grc'><strong>25)</strong></span> <span class='ocrx_word' id='word_1_516' title='bbox 1612 281 1701 314; x_wconf 84' lang='lat' dir='ltr'><strong>:quasi</strong></span> <span class='ocrx_word' id='word_1_517' title='bbox 1716 286 1895 311; x_wconf 67' lang='lat' dir='ltr'><strong>monstrarent:</strong></span> 
     </span>
    </p>
   </div>
   <div class='ocr_carea' id='block_1_68' title="bbox 1100 321 1893 363">
    <p class='ocr_par' dir='ltr' id='par_1_68' title="bbox 1100 321 1893 363">
     <span class='ocr_line' id='line_1_68' title="bbox 1100 321 1893 363; baseline 0.011 -15"><span class='ocrx_word' id='word_1_518' title='bbox 1100 329 1128 348; x_wconf 84' lang='lat' dir='ltr'><strong>se</strong></span> <span class='ocrx_word' id='word_1_519' title='bbox 1137 321 1192 356; x_wconf 86' lang='lat' dir='ltr'><strong>jam</strong></span> <span class='ocrx_word' id='word_1_520' title='bbox 1206 330 1259 350; x_wconf 88' lang='lat' dir='ltr'><strong>non</strong></span> <span class='ocrx_word' id='word_1_521' title='bbox 1279 322 1349 351; x_wconf 89' lang='lat' dir='ltr'><strong>ferre</strong></span> <span class='ocrx_word' id='word_1_522' title='bbox 1362 323 1432 351; x_wconf 91' lang='lat' dir='ltr'><strong>illius</strong></span> <span class='ocrx_word' id='word_1_523' title='bbox 1446 325 1606 352; x_wconf 85' lang='lat' dir='ltr'><strong>molestiam.</strong></span> <span class='ocrx_word' id='word_1_524' title='bbox 1621 325 1725 353; x_wconf 82' lang='lat' dir='ltr'><strong>Dimitte</strong></span> <span class='ocrx_word' id='word_1_525' title='bbox 1735 328 1806 356; x_wconf 86' lang='lat' dir='ltr'><strong>enim</strong></span> <span class='ocrx_word' id='word_1_526' title='bbox 1819 337 1874 357; x_wconf 79' lang='lat' dir='ltr'><strong>eam</strong></span> <span class='ocrx_word' id='word_1_527' title='bbox 1885 351 1893 363; x_wconf 86' lang='lat'><strong>,</strong></span> 
     </span>
    </p>
   </div>
   <div class='ocr_carea' id='block_1_69' title="bbox 1099 367 1886 409">
    <p class='ocr_par' dir='ltr' id='par_1_69' title="bbox 1099 367 1886 409">
     <span class='ocr_line' id='line_1_69' title="bbox 1099 367 1886 409; baseline 0.01 -15"><span class='ocrx_word' id='word_1_528' title='bbox 1099 367 1232 403; x_wconf 88' lang='lat' dir='ltr'><strong>inquiunt,</strong></span> <span class='ocrx_word' id='word_1_529' title='bbox 1248 376 1300 397; x_wconf 87' lang='lat' dir='ltr'><strong>non</strong></span> <span class='ocrx_word' id='word_1_530' title='bbox 1321 369 1380 404; x_wconf 85' lang='lat' dir='ltr'><strong>quia</strong></span> <span class='ocrx_word' id='word_1_531' title='bbox 1395 373 1447 396; x_wconf 89' lang='lat' dir='ltr'><strong>tam</strong></span> <span class='ocrx_word' id='word_1_532' title='bbox 1462 378 1612 398; x_wconf 67' lang='lat' dir='ltr'><strong>aerumnosa</strong></span> <span class='ocrx_word' id='word_1_533' title='bbox 1626 376 1676 405; x_wconf 87' lang='lat' dir='ltr'><strong>est,</strong></span> <span class='ocrx_word' id='word_1_534' title='bbox 1692 379 1745 399; x_wconf 90' lang='lat' dir='ltr'><strong>non</strong></span> <span class='ocrx_word' id='word_1_535' title='bbox 1760 373 1820 408; x_wconf 89' lang='lat' dir='ltr'><strong>quia</strong></span> <span class='ocrx_word' id='word_1_536' title='bbox 1835 381 1886 409; x_wconf 35' lang='lat' dir='ltr'><strong>pre.</strong></span> 
     </span>
    </p>
   </div>
   <div class='ocr_carea' id='block_1_70' title="bbox 1098 414 1892 454">
    <p class='ocr_par' dir='ltr' id='par_1_70' title="bbox 1098 414 1892 454">
     <span class='ocr_line' id='line_1_70' title="bbox 1098 414 1892 454; baseline 0.009 -13"><span class='ocrx_word' id='word_1_537' title='bbox 1098 421 1143 441; x_wconf 91' lang='lat' dir='ltr'><strong>ces</strong></span> <span class='ocrx_word' id='word_1_538' title='bbox 1157 414 1214 449; x_wconf 87' lang='lat' dir='ltr'><strong>ejus</strong></span> <span class='ocrx_word' id='word_1_539' title='bbox 1229 415 1402 443; x_wconf 85' lang='lat' dir='ltr'><strong>rationabiles</strong></span> <span class='ocrx_word' id='word_1_540' title='bbox 1415 420 1486 448; x_wconf 89' lang='lat' dir='ltr'><strong>sunt,</strong></span> <span class='ocrx_word' id='word_1_541' title='bbox 1501 416 1547 444; x_wconf 90' lang='lat' dir='ltr'><strong>sed</strong></span> <span class='ocrx_word' id='word_1_542' title='bbox 1563 417 1628 450; x_wconf 84' lang='lat' dir='ltr'><strong>Quia</strong></span> <span class='ocrx_word' id='word_1_543' title='bbox 1649 418 1741 446; x_wconf 84' lang='lat' dir='ltr'><strong>clamat</strong></span> <span class='ocrx_word' id='word_1_544' title='bbox 1766 425 1822 454; x_wconf 72' lang='lat' dir='ltr'><strong>post</strong></span> <span class='ocrx_word' id='word_1_545' title='bbox 1836 429 1892 448; x_wconf 75' lang='lat' dir='ltr'><strong>nos.</strong></span> 
     </span>
    </p>
   </div>
   <div class='ocr_carea' id='block_1_71' title="bbox 1098 459 1895 497">
    <p class='ocr_par' dir='ltr' id='par_1_71' title="bbox 1098 459 1895 497">
     <span class='ocr_line' id='line_1_71' title="bbox 1098 459 1895 497; baseline 0.008 -11"><span class='ocrx_word' id='word_1_546' title='bbox 1098 459 1166 493; x_wconf 91' lang='lat' dir='ltr'><strong>Quid</strong></span> <span class='ocrx_word' id='word_1_547' title='bbox 1190 460 1268 494; x_wconf 79' lang='lat' dir='ltr'><strong>igitur</strong></span> <span class='ocrx_word' id='word_1_548' title='bbox 1283 460 1431 488; x_wconf 77' lang='lat' dir='ltr'><strong>Dominus?</strong></span> <span class='ocrx_word' id='word_1_549' title='bbox 1447 461 1545 490; x_wconf 80' lang='lat' dir='ltr'><strong>Volcns</strong></span> <span class='ocrx_word' id='word_1_550' title='bbox 1559 467 1585 490; x_wconf 90' lang='lat' dir='ltr'><strong>et</strong></span> <span class='ocrx_word' id='word_1_551' title='bbox 1600 463 1726 497; x_wconf 87' lang='lat' dir='ltr'><strong>paulatim</strong></span> <span class='ocrx_word' id='word_1_552' title='bbox 1743 465 1814 491; x_wconf 88' lang='lat' dir='ltr'><strong>illius</strong></span> <span class='ocrx_word' id='word_1_553' title='bbox 1837 466 1895 493; x_wconf 63' lang='lat' dir='ltr'><strong>the-</strong></span> 
     </span>
    </p>
   </div>
   <div class='ocr_carea' id='block_1_72' title="bbox 1097 506 1893 546">
    <p class='ocr_par' dir='ltr' id='par_1_72' title="bbox 1097 506 1893 546">
     <span class='ocr_line' id='line_1_72' title="bbox 1097 506 1893 546; baseline 0.008 -13"><span class='ocrx_word' id='word_1_554' title='bbox 1097 513 1205 534; x_wconf 88' lang='lat' dir='ltr'><strong>saurum</strong></span> <span class='ocrx_word' id='word_1_555' title='bbox 1231 506 1371 542; x_wconf 82' lang='lat' dir='ltr'><strong>detegere,</strong></span> <span class='ocrx_word' id='word_1_556' title='bbox 1396 511 1423 535; x_wconf 85' lang='lat' dir='ltr'><strong>et</strong></span> <span class='ocrx_word' id='word_1_557' title='bbox 1446 508 1543 536; x_wconf 78' lang='lat' dir='ltr'><strong>docere</strong></span> <span class='ocrx_word' id='word_1_558' title='bbox 1567 514 1693 544; x_wconf 86' lang='lat' dir='ltr'><strong>quantum</strong></span> <span class='ocrx_word' id='word_1_559' title='bbox 1717 510 1837 546; x_wconf 83' lang='lat' dir='ltr'><strong>discipuli</strong></span> <span class='ocrx_word' id='word_1_560' title='bbox 1860 513 1893 539; x_wconf 78' lang='lat' dir='ltr'><strong>ab</strong></span> 
     </span>
    </p>
   </div>
   <div class='ocr_carea' id='block_1_73' title="bbox 1097 551 1893 592">
    <p class='ocr_par' dir='ltr' id='par_1_73' title="bbox 1097 551 1893 592">
     <span class='ocr_line' id='line_1_73' title="bbox 1097 551 1893 592; baseline 0.009 -14"><span class='ocrx_word' id='word_1_561' title='bbox 1097 551 1262 580; x_wconf 87' lang='lat' dir='ltr'><strong>humanitate</strong></span> <span class='ocrx_word' id='word_1_562' title='bbox 1284 560 1331 580; x_wconf 84' lang='lat' dir='ltr'><strong>sua</strong></span> <span class='ocrx_word' id='word_1_563' title='bbox 1353 554 1488 587; x_wconf 85' lang='lat' dir='ltr'><strong>abessent,</strong></span> <span class='ocrx_word' id='word_1_564' title='bbox 1512 562 1668 589; x_wconf 84' lang='lat' dir='ltr'><strong>responsum</strong></span> <span class='ocrx_word' id='word_1_565' title='bbox 1692 556 1748 590; x_wconf 82' lang='lat' dir='ltr'><strong>dat,</strong></span> <span class='ocrx_word' id='word_1_566' title='bbox 1773 557 1843 592; x_wconf 88' lang='lat' dir='ltr'><strong>quod</strong></span> <span class='ocrx_word' id='word_1_567' title='bbox 1866 563 1893 586; x_wconf 90' lang='lat' dir='ltr'><strong>et</strong></span> 
     </span>
    </p>
   </div>
   <div class='ocr_carea' id='block_1_74' title="bbox 1096 599 1892 633">
    <p class='ocr_par' dir='ltr' id='par_1_74' title="bbox 1096 599 1892 633">
     <span class='ocr_line' id='line_1_74' title="bbox 1096 599 1892 633; baseline 0.006 -7"><span class='ocrx_word' id='word_1_568' title='bbox 1096 599 1215 626; x_wconf 86' lang='lat' dir='ltr'><strong>mulieris</strong></span> <span class='ocrx_word' id='word_1_569' title='bbox 1230 607 1365 627; x_wconf 80' lang='lat' dir='ltr'><strong>occaecare</strong></span> <span class='ocrx_word' id='word_1_570' title='bbox 1379 605 1506 633; x_wconf 87' lang='lat' dir='ltr'><strong>mentem,</strong></span> <span class='ocrx_word' id='word_1_571' title='bbox 1519 600 1570 628; x_wconf 90' lang='lat' dir='ltr'><strong>nisi</strong></span> <span class='ocrx_word' id='word_1_572' title='bbox 1581 605 1653 628; x_wconf 90' lang='lat' dir='ltr'><strong>tanto</strong></span> <span class='ocrx_word' id='word_1_573' title='bbox 1664 601 1754 630; x_wconf 87' lang='lat' dir='ltr'><strong>fuisset</strong></span> <span class='ocrx_word' id='word_1_574' title='bbox 1764 610 1892 631; x_wconf 82' lang='lat' dir='ltr'><strong>succensa</strong></span> 
     </span>
    </p>
   </div>
   <div class='ocr_carea' id='block_1_75' title="bbox 1096 645 1892 684">
    <p class='ocr_par' dir='ltr' id='par_1_75' title="bbox 1096 645 1892 684">
     <span class='ocr_line' id='line_1_75' title="bbox 1096 645 1892 684; baseline 0.006 -12"><span class='ocrx_word' id='word_1_575' title='bbox 1096 645 1230 673; x_wconf 87' lang='lat' dir='ltr'><strong>desiderio</strong></span> <span class='ocrx_word' id='word_1_576' title='bbox 1256 646 1444 681; x_wconf 82' lang='lat' dir='ltr'><strong>alacritateque</strong></span> <span class='ocrx_word' id='word_1_577' title='bbox 1473 646 1616 682; x_wconf 80' lang='lat' dir='ltr'><strong>viguisset,</strong></span> <span class='ocrx_word' id='word_1_578' title='bbox 1640 652 1668 675; x_wconf 89' lang='lat' dir='ltr'><strong>et</strong></span> <span class='ocrx_word' id='word_1_579' title='bbox 1691 647 1835 684; x_wconf 83' lang='lat' dir='ltr'><strong>discipulos</strong></span> <span class='ocrx_word' id='word_1_580' title='bbox 1858 650 1892 678; x_wconf 82' lang='lat' dir='ltr'><strong>ab</strong></span> 
     </span>
    </p>
   </div>
   <div class='ocr_carea' id='block_1_76' title="bbox 1096 691 1890 727">
    <p class='ocr_par' dir='ltr' id='par_1_76' title="bbox 1096 691 1890 727">
     <span class='ocr_line' id='line_1_76' title="bbox 1096 691 1890 727; baseline 0.006 -9"><span class='ocrx_word' id='word_1_581' title='bbox 1096 691 1309 726; x_wconf 81' lang='lat' dir='ltr'><strong>interpellatione</strong></span> <span class='ocrx_word' id='word_1_582' title='bbox 1334 692 1471 720; x_wconf 86' lang='lat' dir='ltr'><strong>deterrere</strong></span> <span class='ocrx_word' id='word_1_583' title='bbox 1494 693 1632 727; x_wconf 88' lang='lat' dir='ltr'><strong>potuisset.</strong></span> <span class='ocrx_word' id='word_1_584' title='bbox 1657 693 1717 721; x_wconf 86' lang='lat' dir='ltr'><strong>Non</strong></span> <span class='ocrx_word' id='word_1_585' title='bbox 1739 702 1795 722; x_wconf 76' lang='lat' dir='ltr'><strong>sum</strong></span> <span class='ocrx_word' id='word_1_586' title='bbox 1819 695 1890 722; x_wconf 81' lang='lat' dir='ltr'><strong>enim</strong></span> 
     </span>
    </p>
   </div>
   <div class='ocr_carea' id='block_1_77' title="bbox 1094 738 1891 776">
    <p class='ocr_par' dir='ltr' id='par_1_77' title="bbox 1094 738 1891 776">
     <span class='ocr_line' id='line_1_77' title="bbox 1094 738 1891 776; baseline 0.006 -12"><span class='ocrx_word' id='word_1_587' title='bbox 1094 738 1194 771; x_wconf 68' lang='lat' dir='ltr'><strong>minus,</strong></span> <span class='ocrx_word' id='word_1_588' title='bbox 1211 738 1313 773; x_wconf 88' lang='lat' dir='ltr'><strong>inquit,</strong></span> <span class='ocrx_word' id='word_1_589' title='bbox 1327 738 1376 766; x_wconf 78' lang='grc' dir='ltr'><strong>ιιίδὶ</strong></span> <span class='ocrx_word' id='word_1_590' title='bbox 1389 739 1424 766; x_wconf 86' lang='lat' dir='ltr'><strong>ad</strong></span> <span class='ocrx_word' id='word_1_591' title='bbox 1439 747 1496 766; x_wconf 74' lang='lat' dir='ltr'><strong>oves</strong></span> <span class='ocrx_word' id='word_1_592' title='bbox 1514 739 1604 767; x_wconf 69' lang='lat' dir='ltr'><strong>domus</strong></span> <span class='ocrx_word' id='word_1_593' title='bbox 1617 739 1710 773; x_wconf 82' lang='lat' dir='ltr'><strong>Israel,</strong></span> <span class='ocrx_word' id='word_1_594' title='bbox 1731 749 1788 775; x_wconf 64' lang='lat' dir='ltr'><strong>qua:</strong></span> <span class='ocrx_word' id='word_1_595' title='bbox 1806 741 1891 776; x_wconf 76' lang='lat' dir='ltr'><strong>perie-</strong></span> 
     </span>
    </p>
   </div>
   <div class='ocr_carea' id='block_1_78' title="bbox 1093 783 1891 820">
    <p class='ocr_par' dir='ltr' id='par_1_78' title="bbox 1093 783 1891 820">
     <span class='ocr_line' id='line_1_78' title="bbox 1093 783 1891 820; baseline 0.005 -10"><span class='ocrx_word' id='word_1_596' title='bbox 1093 788 1151 810; x_wconf 87' lang='lat' dir='ltr'><strong>runt</strong></span> <span class='ocrx_word' id='word_1_597' title='bbox 1165 783 1245 819; x_wconf 86' lang='lat' dir='ltr'><strong>(Ibid.</strong></span> <span class='ocrx_word' id='word_1_598' title='bbox 1262 792 1285 811; x_wconf 83' lang='grc' dir='ltr'><strong>υ.</strong></span> <span class='ocrx_word' id='word_1_599' title='bbox 1300 783 1357 820; x_wconf 72' lang='grc'><strong>24).</strong></span> <span class='ocrx_word' id='word_1_600' title='bbox 1372 784 1405 812; x_wconf 82' lang='grc' dir='ltr'>Ει</span> <span class='ocrx_word' id='word_1_601' title='bbox 1418 785 1467 813; x_wconf 87' lang='lat' dir='ltr'><strong>hoc</strong></span> <span class='ocrx_word' id='word_1_602' title='bbox 1480 784 1585 820; x_wconf 88' lang='lat' dir='ltr'><strong>quidem</strong></span> <span class='ocrx_word' id='word_1_603' title='bbox 1604 785 1703 813; x_wconf 88' lang='lat' dir='ltr'><strong>dictum</strong></span> <span class='ocrx_word' id='word_1_604' title='bbox 1715 786 1773 813; x_wconf 90' lang='lat' dir='ltr'><strong>illos</strong></span> <span class='ocrx_word' id='word_1_605' title='bbox 1786 787 1891 814; x_wconf 85' lang='lat' dir='ltr'><strong>abster-</strong></span> 
     </span>
    </p>
   </div>
   <div class='ocr_carea' id='block_1_79' title="bbox 1093 830 1891 867">
    <p class='ocr_par' dir='ltr' id='par_1_79' title="bbox 1093 830 1891 867">
     <span class='ocr_line' id='line_1_79' title="bbox 1093 830 1891 867; baseline 0.003 -10"><span class='ocrx_word' id='word_1_606' title='bbox 1093 830 1156 863; x_wconf 89' lang='lat' dir='ltr'><strong>ruit,</strong></span> <span class='ocrx_word' id='word_1_607' title='bbox 1174 838 1206 858; x_wconf 83' lang='lat' dir='ltr'><strong>ne</strong></span> <span class='ocrx_word' id='word_1_608' title='bbox 1222 837 1269 865; x_wconf 90' lang='lat' dir='ltr'><strong>pro</strong></span> <span class='ocrx_word' id='word_1_609' title='bbox 1282 831 1396 858; x_wconf 84' lang='lat' dir='ltr'><strong>muliere</strong></span> <span class='ocrx_word' id='word_1_610' title='bbox 1410 830 1624 863; x_wconf 86' lang='lat' dir='ltr'><strong>intercederent;</strong></span> <span class='ocrx_word' id='word_1_611' title='bbox 1641 831 1686 858; x_wconf 88' lang='lat' dir='ltr'><strong>scd</strong></span> <span class='ocrx_word' id='word_1_612' title='bbox 1703 831 1772 859; x_wconf 82' lang='lat' dir='ltr'><strong>illam</strong></span> <span class='ocrx_word' id='word_1_613' title='bbox 1785 833 1891 867; x_wconf 79' lang='lat' dir='ltr'><strong>segnio-</strong></span> 
     </span>
    </p>
   </div>
   <div class='ocr_carea' id='block_1_80' title="bbox 1092 875 1888 912">
    <p class='ocr_par' dir='ltr' id='par_1_80' title="bbox 1092 875 1888 912">
     <span class='ocr_line' id='line_1_80' title="bbox 1092 875 1888 912; baseline 0.001 -9"><span class='ocrx_word' id='word_1_614' title='bbox 1092 884 1148 903; x_wconf 89' lang='lat' dir='ltr'><strong>rem</strong></span> <span class='ocrx_word' id='word_1_615' title='bbox 1168 884 1219 903; x_wconf 92' lang='lat' dir='ltr'><strong>non</strong></span> <span class='ocrx_word' id='word_1_616' title='bbox 1234 875 1305 908; x_wconf 87' lang='lat' dir='ltr'><strong>fecit,</strong></span> <span class='ocrx_word' id='word_1_617' title='bbox 1322 877 1375 904; x_wconf 91' lang='lat' dir='ltr'><strong>imo</strong></span> <span class='ocrx_word' id='word_1_618' title='bbox 1388 876 1414 904; x_wconf 89' lang='lat' dir='ltr'><strong>in</strong></span> <span class='ocrx_word' id='word_1_619' title='bbox 1427 884 1505 904; x_wconf 83' lang='lat' dir='ltr'><strong>causa</strong></span> <span class='ocrx_word' id='word_1_620' title='bbox 1519 876 1566 904; x_wconf 93' lang='lat' dir='ltr'><strong>fuit</strong></span> <span class='ocrx_word' id='word_1_621' title='bbox 1582 881 1610 904; x_wconf 88' lang='lat' dir='ltr'><strong>ut</strong></span> <span class='ocrx_word' id='word_1_622' title='bbox 1624 877 1708 912; x_wconf 79' lang='lat' dir='ltr'><strong>magis</strong></span> <span class='ocrx_word' id='word_1_623' title='bbox 1722 882 1837 912; x_wconf 71' lang='lat' dir='ltr'><strong>urgeret.</strong></span> <span class='ocrx_word' id='word_1_624' title='bbox 1851 877 1888 904; x_wconf 82' lang='lat' dir='ltr'><strong>Ita</strong></span> 
     </span>
    </p>
   </div>
   <div class='ocr_carea' id='block_1_81' title="bbox 1091 922 1889 956">
    <p class='ocr_par' dir='ltr' id='par_1_81' title="bbox 1091 922 1889 956">
     <span class='ocr_line' id='line_1_81' title="bbox 1091 922 1889 956; baseline 0.003 -7"><span class='ocrx_word' id='word_1_625' title='bbox 1091 923 1160 949; x_wconf 93' lang='lat' dir='ltr'><strong>cnim</strong></span> <span class='ocrx_word' id='word_1_626' title='bbox 1174 930 1203 950; x_wconf 87' lang='lat' dir='ltr'><strong>se</strong></span> <span class='ocrx_word' id='word_1_627' title='bbox 1216 922 1295 950; x_wconf 90' lang='lat' dir='ltr'><strong>habet</strong></span> <span class='ocrx_word' id='word_1_628' title='bbox 1309 923 1396 950; x_wconf 86' lang='lat' dir='ltr'><strong>anima</strong></span> <span class='ocrx_word' id='word_1_629' title='bbox 1411 922 1515 956; x_wconf 87' lang='lat' dir='ltr'><strong>dolens,</strong></span> <span class='ocrx_word' id='word_1_630' title='bbox 1531 927 1558 950; x_wconf 87' lang='lat' dir='ltr'><strong>et</strong></span> <span class='ocrx_word' id='word_1_631' title='bbox 1570 922 1683 950; x_wconf 76' lang='lat' dir='ltr'><strong>ferventi</strong></span> <span class='ocrx_word' id='word_1_632' title='bbox 1695 923 1791 951; x_wconf 83' lang='lat' dir='ltr'><strong>affectu</strong></span> <span class='ocrx_word' id='word_1_633' title='bbox 1811 931 1889 952; x_wconf 83' lang='lat' dir='ltr'><strong>acce-</strong></span> 
     </span>
    </p>
   </div>
   <div class='ocr_carea' id='block_1_82' title="bbox 1090 967 1886 1004">
    <p class='ocr_par' dir='ltr' id='par_1_82' title="bbox 1090 967 1886 1004">
     <span class='ocr_line' id='line_1_82' title="bbox 1090 967 1886 1004; baseline 0.004 -10"><span class='ocrx_word' id='word_1_634' title='bbox 1090 967 1156 995; x_wconf 89' lang='lat' dir='ltr'><strong>dens</strong></span> <span class='ocrx_word' id='word_1_635' title='bbox 1169 977 1174 994; x_wconf 98' lang='lat'>:</span> <span class='ocrx_word' id='word_1_636' title='bbox 1190 968 1254 995; x_wconf 88' lang='lat' dir='ltr'><strong>nihil</strong></span> <span class='ocrx_word' id='word_1_637' title='bbox 1268 969 1380 996; x_wconf 87' lang='lat' dir='ltr'><strong>attendit</strong></span> <span class='ocrx_word' id='word_1_638' title='bbox 1398 975 1491 996; x_wconf 88' lang='lat' dir='ltr'><strong>eorum</strong></span> <span class='ocrx_word' id='word_1_639' title='bbox 1512 976 1571 1004; x_wconf 68' lang='lat' dir='ltr'><strong>qua:</strong></span> <span class='ocrx_word' id='word_1_640' title='bbox 1585 968 1727 1002; x_wconf 85' lang='lat' dir='ltr'><strong>dicuntur;</strong></span> <span class='ocrx_word' id='word_1_641' title='bbox 1742 968 1789 996; x_wconf 86' lang='lat' dir='ltr'><strong>sed</strong></span> <span class='ocrx_word' id='word_1_642' title='bbox 1804 977 1886 997; x_wconf 86' lang='lat' dir='ltr'><strong>unum</strong></span> 
     </span>
    </p>
   </div>
   <div class='ocr_carea' id='block_1_83' title="bbox 1090 1013 1889 1049">
    <p class='ocr_par' dir='ltr' id='par_1_83' title="bbox 1090 1013 1889 1049">
     <span class='ocr_line' id='line_1_83' title="bbox 1090 1013 1889 1049; baseline 0.003 -9"><span class='ocrx_word' id='word_1_643' title='bbox 1090 1013 1177 1041; x_wconf 70' lang='lat' dir='ltr'><strong>salum</strong></span> <span class='ocrx_word' id='word_1_644' title='bbox 1193 1018 1306 1048; x_wconf 88' lang='lat' dir='ltr'><strong>spectat,</strong></span> <span class='ocrx_word' id='word_1_645' title='bbox 1319 1013 1453 1049; x_wconf 84' lang='lat' dir='ltr'><strong>quomodo</strong></span> <span class='ocrx_word' id='word_1_646' title='bbox 1469 1021 1499 1041; x_wconf 88' lang='lat' dir='ltr'><strong>ea</strong></span> <span class='ocrx_word' id='word_1_647' title='bbox 1513 1022 1572 1049; x_wconf 72' lang='lat' dir='ltr'><strong>qum</strong></span> <span class='ocrx_word' id='word_1_648' title='bbox 1594 1014 1643 1042; x_wconf 87' lang='lat' dir='ltr'><strong>sibi</strong></span> <span class='ocrx_word' id='word_1_649' title='bbox 1657 1022 1728 1042; x_wconf 72' lang='lat' dir='ltr'><strong>cura:</strong></span> <span class='ocrx_word' id='word_1_650' title='bbox 1743 1019 1805 1042; x_wconf 90' lang='lat' dir='ltr'><strong>sunt</strong></span> <span class='ocrx_word' id='word_1_651' title='bbox 1816 1021 1889 1042; x_wconf 88' lang='lat' dir='ltr'><strong>asse-</strong></span> 
     </span>
    </p>
   </div>
   <div class='ocr_carea' id='block_1_84' title="bbox 1089 1059 1888 1094">
    <p class='ocr_par' dir='ltr' id='par_1_84' title="bbox 1089 1059 1888 1094">
     <span class='ocr_line' id='line_1_84' title="bbox 1089 1059 1888 1094; baseline 0.001 -9"><span class='ocrx_word' id='word_1_652' title='bbox 1089 1064 1185 1094; x_wconf 87' lang='lat' dir='ltr'><strong>quatur</strong></span> <span class='ocrx_word' id='word_1_653' title='bbox 1201 1069 1207 1087; x_wconf 91' lang='lat'>:</span> <span class='ocrx_word' id='word_1_654' title='bbox 1224 1059 1248 1086; x_wconf 91' lang='lat' dir='ltr'><strong>id</strong></span> <span class='ocrx_word' id='word_1_655' title='bbox 1262 1059 1332 1094; x_wconf 89' lang='lat' dir='ltr'><strong>quod</strong></span> <span class='ocrx_word' id='word_1_656' title='bbox 1347 1064 1373 1087; x_wconf 87' lang='lat' dir='ltr'><strong>et</strong></span> <span class='ocrx_word' id='word_1_657' title='bbox 1382 1059 1431 1086; x_wconf 81' lang='lat' dir='ltr'><strong>ista</strong></span> <span class='ocrx_word' id='word_1_658' title='bbox 1447 1059 1517 1086; x_wconf 88' lang='lat' dir='ltr'><strong>fecit.</strong></span> <span class='ocrx_word' id='word_1_659' title='bbox 1531 1059 1633 1087; x_wconf 84' lang='lat' dir='ltr'><strong>Auditis</strong></span> <span class='ocrx_word' id='word_1_660' title='bbox 1642 1059 1713 1087; x_wconf 86' lang='lat' dir='ltr'><strong>enim</strong></span> <span class='ocrx_word' id='word_1_661' title='bbox 1725 1059 1777 1092; x_wconf 90' lang='lat' dir='ltr'><strong>his,</strong></span> <span class='ocrx_word' id='word_1_662' title='bbox 1792 1059 1888 1087; x_wconf 83' lang='lat' dir='ltr'><strong>iterum</strong></span> 
     </span>
    </p>
   </div>
   <div class='ocr_carea' id='block_1_85' title="bbox 1091 1105 1890 1139">
    <p class='ocr_par' dir='ltr' id='par_1_85' title="bbox 1091 1105 1890 1139">
     <span class='ocr_line' id='line_1_85' title="bbox 1091 1105 1890 1139; baseline 0 -7"><span class='ocrx_word' id='word_1_663' title='bbox 1091 1105 1184 1139; x_wconf 89' lang='lat' dir='ltr'><strong>inquit,</strong></span> <span class='ocrx_word' id='word_1_664' title='bbox 1201 1105 1322 1132; x_wconf 82' lang='lat' dir='ltr'><strong>Adoravit</strong></span> <span class='ocrx_word' id='word_1_665' title='bbox 1345 1113 1411 1138; x_wconf 84' lang='lat' dir='ltr'><strong>eum,</strong></span> <span class='ocrx_word' id='word_1_666' title='bbox 1437 1105 1522 1132; x_wconf 73' lang='lat' dir='ltr'><strong>dicem</strong></span> <span class='ocrx_word' id='word_1_667' title='bbox 1537 1113 1546 1132; x_wconf 94' lang='lat'><em>:</em></span> <span class='ocrx_word' id='word_1_668' title='bbox 1562 1105 1683 1132; x_wconf 73' lang='lat' dir='ltr'><strong>Miserere</strong></span> <span class='ocrx_word' id='word_1_669' title='bbox 1706 1105 1764 1137; x_wconf 79' lang='lat' dir='ltr'><strong>mei,</strong></span> <span class='ocrx_word' id='word_1_670' title='bbox 1782 1105 1890 1132; x_wconf 74' lang='lat' dir='ltr'><strong>Domine</strong></span> 
     </span>
    </p>
   </div>
   <div class='ocr_carea' id='block_1_86' title="bbox 1090 1149 1887 1186">
    <p class='ocr_par' dir='ltr' id='par_1_86' title="bbox 1090 1149 1887 1186">
     <span class='ocr_line' id='line_1_86' title="bbox 1090 1149 1887 1186; baseline 0.003 -10"><span class='ocrx_word' id='word_1_671' title='bbox 1090 1149 1169 1185; x_wconf 85' lang='lat' dir='ltr'><strong>(Ibid.</strong></span> <span class='ocrx_word' id='word_1_672' title='bbox 1186 1158 1209 1177; x_wconf 82' lang='grc' dir='ltr'><strong>υ.</strong></span> <span class='ocrx_word' id='word_1_673' title='bbox 1223 1150 1281 1186; x_wconf 73' lang='lat'><strong>25).</strong></span> <span class='ocrx_word' id='word_1_674' title='bbox 1300 1150 1406 1178; x_wconf 88' lang='lat' dir='ltr'><strong>Sciebat</strong></span> <span class='ocrx_word' id='word_1_675' title='bbox 1418 1150 1525 1177; x_wconf 87' lang='lat' dir='ltr'><strong>Domini</strong></span> <span class='ocrx_word' id='word_1_676' title='bbox 1547 1149 1765 1182; x_wconf 86' lang='lat' dir='ltr'><strong>miscricordiam,</strong></span> <span class='ocrx_word' id='word_1_677' title='bbox 1782 1154 1809 1177; x_wconf 88' lang='lat' dir='ltr'><strong>et</strong></span> <span class='ocrx_word' id='word_1_678' title='bbox 1825 1157 1887 1185; x_wconf 81' lang='lat' dir='ltr'><strong>pro-</strong></span> 
     </span>
    </p>
   </div>
   <div class='ocr_carea' id='block_1_87' title="bbox 1089 1194 1887 1230">
    <p class='ocr_par' dir='ltr' id='par_1_87' title="bbox 1089 1194 1887 1230">
     <span class='ocr_line' id='line_1_87' title="bbox 1089 1194 1887 1230; baseline 0 -8"><span class='ocrx_word' id='word_1_679' title='bbox 1089 1195 1151 1222; x_wconf 91' lang='lat' dir='ltr'><strong>inde</strong></span> <span class='ocrx_word' id='word_1_680' title='bbox 1164 1203 1258 1230; x_wconf 78' lang='lat' dir='ltr'><strong>magna</strong></span> <span class='ocrx_word' id='word_1_681' title='bbox 1275 1195 1432 1223; x_wconf 82' lang='lat' dir='ltr'><strong>assiduitate</strong></span> <span class='ocrx_word' id='word_1_682' title='bbox 1446 1195 1578 1222; x_wconf 81' lang='lat' dir='ltr'><strong>utebatur.</strong></span> <span class='ocrx_word' id='word_1_683' title='bbox 1592 1194 1644 1222; x_wconf 82' lang='lat' dir='ltr'><strong>Sed</strong></span> <span class='ocrx_word' id='word_1_684' title='bbox 1667 1194 1727 1222; x_wconf 82' lang='lat' dir='ltr'><strong>vide</strong></span> <span class='ocrx_word' id='word_1_685' title='bbox 1741 1196 1887 1230; x_wconf 76' lang='lat' dir='ltr'><strong>sapientem</strong></span> 
     </span>
    </p>
   </div>
   <div class='ocr_carea' id='block_1_88' title="bbox 1089 1241 1888 1277">
    <p class='ocr_par' dir='ltr' id='par_1_88' title="bbox 1089 1241 1888 1277">
     <span class='ocr_line' id='line_1_88' title="bbox 1089 1241 1888 1277; baseline -0.001 -7"><span class='ocrx_word' id='word_1_686' title='bbox 1089 1242 1163 1270; x_wconf 94' lang='lat' dir='ltr'><strong>illum</strong></span> <span class='ocrx_word' id='word_1_687' title='bbox 1179 1248 1206 1270; x_wconf 85' lang='lat' dir='ltr'><strong>et</strong></span> <span class='ocrx_word' id='word_1_688' title='bbox 1225 1242 1362 1275; x_wconf 85' lang='lat' dir='ltr'><strong>solertem,</strong></span> <span class='ocrx_word' id='word_1_689' title='bbox 1386 1241 1520 1277; x_wconf 91' lang='lat' dir='ltr'><strong>quomodo</strong></span> <span class='ocrx_word' id='word_1_690' title='bbox 1543 1248 1630 1276; x_wconf 89' lang='lat' dir='ltr'><strong>neque</strong></span> <span class='ocrx_word' id='word_1_691' title='bbox 1650 1241 1688 1268; x_wconf 87' lang='lat' dir='ltr'><strong>sic</strong></span> <span class='ocrx_word' id='word_1_692' title='bbox 1708 1245 1817 1274; x_wconf 82' lang='lat' dir='ltr'><strong>annuat,</strong></span> <span class='ocrx_word' id='word_1_693' title='bbox 1839 1241 1888 1269; x_wconf 82' lang='lat' dir='ltr'><strong>sed</strong></span> 
     </span>
    </p>
   </div>
   <div class='ocr_carea' id='block_1_89' title="bbox 1089 1287 1887 1324">
    <p class='ocr_par' dir='ltr' id='par_1_89' title="bbox 1089 1287 1887 1324">
     <span class='ocr_line' id='line_1_89' title="bbox 1089 1287 1887 1324; baseline -0.004 -8"><span class='ocrx_word' id='word_1_694' title='bbox 1089 1289 1210 1324; x_wconf 85' lang='lat' dir='ltr'><strong>asperius</strong></span> <span class='ocrx_word' id='word_1_695' title='bbox 1224 1293 1252 1316; x_wconf 89' lang='lat' dir='ltr'><strong>et</strong></span> <span class='ocrx_word' id='word_1_696' title='bbox 1266 1288 1451 1316; x_wconf 83' lang='lat' dir='ltr'><strong>vehementius</strong></span> <span class='ocrx_word' id='word_1_697' title='bbox 1466 1287 1537 1314; x_wconf 89' lang='lat' dir='ltr'><strong>illam</strong></span> <span class='ocrx_word' id='word_1_698' title='bbox 1557 1287 1712 1314; x_wconf 88' lang='lat' dir='ltr'><strong>concutiens</strong></span> <span class='ocrx_word' id='word_1_699' title='bbox 1727 1293 1887 1322; x_wconf 73' lang='lat' dir='ltr'><strong>responsum</strong></span> 
     </span>
    </p>
   </div>
   <div class='ocr_carea' id='block_1_90' title="bbox 1087 1332 1888 1365">
    <p class='ocr_par' dir='ltr' id='par_1_90' title="bbox 1087 1332 1888 1365">
     <span class='ocr_line' id='line_1_90' title="bbox 1087 1332 1888 1365; baseline -0.004 -3"><span class='ocrx_word' id='word_1_700' title='bbox 1087 1335 1140 1362; x_wconf 89' lang='lat' dir='ltr'><strong>det.</strong></span> <span class='ocrx_word' id='word_1_701' title='bbox 1157 1334 1264 1362; x_wconf 88' lang='lat' dir='ltr'><strong>Sciebat</strong></span> <span class='ocrx_word' id='word_1_702' title='bbox 1285 1334 1356 1361; x_wconf 87' lang='lat' dir='ltr'><strong>enim</strong></span> <span class='ocrx_word' id='word_1_703' title='bbox 1383 1332 1563 1360; x_wconf 86' lang='lat' dir='ltr'><strong>fortitudinem</strong></span> <span class='ocrx_word' id='word_1_704' title='bbox 1586 1332 1716 1365; x_wconf 85' lang='lat' dir='ltr'><strong>mulieris,</strong></span> <span class='ocrx_word' id='word_1_705' title='bbox 1740 1336 1768 1359; x_wconf 90' lang='lat' dir='ltr'><strong>et</strong></span> <span class='ocrx_word' id='word_1_706' title='bbox 1781 1332 1888 1359; x_wconf 89' lang='lat' dir='ltr'><strong>volebat</strong></span> 
     </span>
    </p>
   </div>
   <div class='ocr_carea' id='block_1_91' title="bbox 1087 1377 1887 1413">
    <p class='ocr_par' dir='ltr' id='par_1_91' title="bbox 1087 1377 1887 1413">
     <span class='ocr_line' id='line_1_91' title="bbox 1087 1377 1887 1413; baseline -0.004 -6"><span class='ocrx_word' id='word_1_707' title='bbox 1087 1388 1145 1407; x_wconf 89' lang='lat' dir='ltr'><strong>eam</strong></span> <span class='ocrx_word' id='word_1_708' title='bbox 1162 1388 1213 1406; x_wconf 92' lang='lat' dir='ltr'><strong>non</strong></span> <span class='ocrx_word' id='word_1_709' title='bbox 1229 1379 1333 1407; x_wconf 90' lang='lat' dir='ltr'><strong>occulte</strong></span> <span class='ocrx_word' id='word_1_710' title='bbox 1348 1378 1470 1413; x_wconf 85' lang='lat' dir='ltr'><strong>accipere</strong></span> <span class='ocrx_word' id='word_1_711' title='bbox 1483 1377 1660 1411; x_wconf 86' lang='lat' dir='ltr'><strong>beneﬁcium;</strong></span> <span class='ocrx_word' id='word_1_712' title='bbox 1676 1377 1710 1404; x_wconf 87' lang='lat' dir='ltr'><strong>ita</strong></span> <span class='ocrx_word' id='word_1_713' title='bbox 1722 1382 1751 1404; x_wconf 87' lang='grc' dir='ltr'><strong>ιιι</strong></span> <span class='ocrx_word' id='word_1_714' title='bbox 1763 1377 1887 1412; x_wconf 89' lang='lat' dir='ltr'><strong>discipuli</strong></span> 
     </span>
    </p>
   </div>
   <div class='ocr_carea' id='block_1_92' title="bbox 1086 1423 1887 1456">
    <p class='ocr_par' dir='ltr' id='par_1_92' title="bbox 1086 1423 1887 1456">
     <span class='ocr_line' id='line_1_92' title="bbox 1086 1423 1887 1456; baseline -0.004 -3"><span class='ocrx_word' id='word_1_715' title='bbox 1086 1426 1221 1453; x_wconf 88' lang='lat' dir='ltr'><strong>discerent</strong></span> <span class='ocrx_word' id='word_1_716' title='bbox 1239 1433 1271 1452; x_wconf 80' lang='lat' dir='ltr'><strong>ex</strong></span> <span class='ocrx_word' id='word_1_717' title='bbox 1293 1425 1362 1452; x_wconf 86' lang='lat' dir='ltr'><strong>facto</strong></span> <span class='ocrx_word' id='word_1_718' title='bbox 1387 1424 1521 1451; x_wconf 87' lang='lat' dir='ltr'><strong>dilationis</strong></span> <span class='ocrx_word' id='word_1_719' title='bbox 1542 1430 1660 1456; x_wconf 84' lang='lat' dir='ltr'><strong>causam,</strong></span> <span class='ocrx_word' id='word_1_720' title='bbox 1676 1427 1703 1450; x_wconf 91' lang='lat' dir='ltr'><strong>et</strong></span> <span class='ocrx_word' id='word_1_721' title='bbox 1725 1423 1769 1450; x_wconf 89' lang='lat' dir='ltr'><strong>alii</strong></span> <span class='ocrx_word' id='word_1_722' title='bbox 1793 1430 1887 1450; x_wconf 69' lang='lat' dir='ltr'><strong>omnes</strong></span> 
     </span>
    </p>
   </div>
   <div class='ocr_carea' id='block_1_93' title="bbox 1086 1468 1887 1505">
    <p class='ocr_par' dir='ltr' id='par_1_93' title="bbox 1086 1468 1887 1505">
     <span class='ocr_line' id='line_1_93' title="bbox 1086 1468 1887 1505; baseline -0.005 -7"><span class='ocrx_word' id='word_1_723' title='bbox 1086 1472 1259 1504; x_wconf 86' lang='lat' dir='ltr'><strong>ducerentur,</strong></span> <span class='ocrx_word' id='word_1_724' title='bbox 1273 1473 1372 1505; x_wconf 86' lang='lat' dir='ltr'><strong>quanta</strong></span> <span class='ocrx_word' id='word_1_725' title='bbox 1396 1469 1431 1496; x_wconf 88' lang='lat' dir='ltr'><strong>sit</strong></span> <span class='ocrx_word' id='word_1_726' title='bbox 1455 1468 1618 1496; x_wconf 85' lang='lat' dir='ltr'><strong>assiduitatis</strong></span> <span class='ocrx_word' id='word_1_727' title='bbox 1631 1473 1659 1496; x_wconf 90' lang='lat' dir='ltr'><strong>et</strong></span> <span class='ocrx_word' id='word_1_728' title='bbox 1681 1468 1887 1503; x_wconf 77' lang='lat' dir='ltr'><strong>perseverantia:</strong></span> 
     </span>
    </p>
   </div>
   <div class='ocr_carea' id='block_1_94' title="bbox 1090 1514 1887 1552">
    <p class='ocr_par' dir='ltr' id='par_1_94' title="bbox 1090 1514 1887 1552">
     <span class='ocr_line' id='line_1_94' title="bbox 1090 1514 1887 1552; baseline -0.003 -9"><span class='ocrx_word' id='word_1_729' title='bbox 1090 1518 1215 1552; x_wconf 86' lang='lat' dir='ltr'><strong>potentia,</strong></span> <span class='ocrx_word' id='word_1_730' title='bbox 1231 1521 1257 1544; x_wconf 89' lang='lat' dir='ltr'><strong>et</strong></span> <span class='ocrx_word' id='word_1_731' title='bbox 1272 1516 1391 1544; x_wconf 89' lang='lat' dir='ltr'><strong>mulieris</strong></span> <span class='ocrx_word' id='word_1_732' title='bbox 1406 1516 1500 1543; x_wconf 88' lang='lat' dir='ltr'><strong>virtus.</strong></span> <span class='ocrx_word' id='word_1_733' title='bbox 1515 1515 1581 1542; x_wconf 86' lang='lat' dir='ltr'><strong>Nam</strong></span> <span class='ocrx_word' id='word_1_734' title='bbox 1604 1515 1669 1542; x_wconf 90' lang='lat' dir='ltr'><strong>dicit</strong></span> <span class='ocrx_word' id='word_1_735' title='bbox 1685 1523 1691 1541; x_wconf 94' lang='lat'><strong>:</strong></span> <span class='ocrx_word' id='word_1_736' title='bbox 1709 1514 1770 1542; x_wconf 83' lang='lat' dir='ltr'><strong>Non</strong></span> <span class='ocrx_word' id='word_1_737' title='bbox 1790 1518 1824 1541; x_wconf 72' lang='lat' dir='ltr'><strong>est</strong></span> <span class='ocrx_word' id='word_1_738' title='bbox 1842 1514 1887 1541; x_wconf 85' lang='lat' dir='ltr'><strong>bo-</strong></span> 
     </span>
    </p>
   </div>
   <div class='ocr_carea' id='block_1_95' title="bbox 1087 1558 1883 1597">
    <p class='ocr_par' dir='ltr' id='par_1_95' title="bbox 1087 1558 1883 1597">
     <span class='ocr_line' id='line_1_95' title="bbox 1087 1558 1883 1597; baseline -0.005 -7"><span class='ocrx_word' id='word_1_739' title='bbox 1087 1572 1147 1590; x_wconf 89' lang='lat' dir='ltr'><strong>num</strong></span> <span class='ocrx_word' id='word_1_740' title='bbox 1163 1570 1261 1590; x_wconf 79' lang='lat' dir='ltr'><strong>sumere</strong></span> <span class='ocrx_word' id='word_1_741' title='bbox 1280 1569 1369 1597; x_wconf 85' lang='lat' dir='ltr'><strong>panem</strong></span> <span class='ocrx_word' id='word_1_742' title='bbox 1388 1561 1510 1596; x_wconf 78' lang='lat' dir='ltr'><strong>ﬁliorum,</strong></span> <span class='ocrx_word' id='word_1_743' title='bbox 1526 1565 1550 1587; x_wconf 79' lang='lat' dir='ltr'><strong>et</strong></span> <span class='ocrx_word' id='word_1_744' title='bbox 1564 1560 1670 1594; x_wconf 81' lang='lat' dir='ltr'><strong>objicere</strong></span> <span class='ocrx_word' id='word_1_745' title='bbox 1684 1559 1788 1586; x_wconf 70' lang='lat' dir='ltr'><strong>canibus</strong></span> <span class='ocrx_word' id='word_1_746' title='bbox 1803 1558 1883 1595; x_wconf 82' lang='lat' dir='ltr'><strong>(Ibid.</strong></span> 
     </span>
    </p>
   </div>
   <div class='ocr_carea' id='block_1_96' title="bbox 1086 1606 1886 1645">
    <p class='ocr_par' dir='ltr' id='par_1_96' title="bbox 1086 1606 1886 1645">
     <span class='ocr_line' id='line_1_96' title="bbox 1086 1606 1886 1645; baseline -0.008 -8"><span class='ocrx_word' id='word_1_747' title='bbox 1086 1618 1108 1637; x_wconf 88' lang='grc' dir='ltr'><strong>υ.</strong></span> <span class='ocrx_word' id='word_1_748' title='bbox 1122 1609 1181 1645; x_wconf 69' lang='lat'><strong>26).</strong></span> <span class='ocrx_word' id='word_1_749' title='bbox 1204 1609 1263 1642; x_wconf 84' lang='lat' dir='ltr'><strong>Hie,</strong></span> <span class='ocrx_word' id='word_1_750' title='bbox 1280 1608 1402 1640; x_wconf 89' lang='lat' dir='ltr'><strong>obsecro,</strong></span> <span class='ocrx_word' id='word_1_751' title='bbox 1419 1606 1600 1635; x_wconf 77' lang='lat' dir='ltr'><strong>animadverte</strong></span> <span class='ocrx_word' id='word_1_752' title='bbox 1623 1606 1743 1633; x_wconf 86' lang='lat' dir='ltr'><strong>mulieris</strong></span> <span class='ocrx_word' id='word_1_753' title='bbox 1758 1609 1886 1632; x_wconf 84' lang='lat' dir='ltr'><strong>constan-</strong></span> 
     </span>
    </p>
   </div>
   <div class='ocr_carea' id='block_1_97' title="bbox 1086 1651 1885 1689">
    <p class='ocr_par' dir='ltr' id='par_1_97' title="bbox 1086 1651 1885 1689">
     <span class='ocr_line' id='line_1_97' title="bbox 1086 1651 1885 1689; baseline -0.006 -7"><span class='ocrx_word' id='word_1_754' title='bbox 1086 1657 1160 1688; x_wconf 90' lang='lat' dir='ltr'><strong>tiam,</strong></span> <span class='ocrx_word' id='word_1_755' title='bbox 1184 1659 1283 1689; x_wconf 85' lang='lat' dir='ltr'><strong>quanta</strong></span> <span class='ocrx_word' id='word_1_756' title='bbox 1307 1654 1443 1681; x_wconf 86' lang='lat' dir='ltr'><strong>alacritate</strong></span> <span class='ocrx_word' id='word_1_757' title='bbox 1467 1660 1597 1681; x_wconf 79' lang='lat' dir='ltr'><strong>succensa</strong></span> <span class='ocrx_word' id='word_1_758' title='bbox 1623 1652 1711 1685; x_wconf 89' lang='lat' dir='ltr'><strong>fuerit,</strong></span> <span class='ocrx_word' id='word_1_759' title='bbox 1738 1656 1836 1686; x_wconf 88' lang='lat' dir='ltr'><strong>quanta</strong></span> <span class='ocrx_word' id='word_1_760' title='bbox 1858 1651 1885 1678; x_wconf 79' lang='lat' dir='ltr'><strong>in</strong></span> 
     </span>
    </p>
   </div>
   <div class='ocr_carea' id='block_1_98' title="bbox 1086 1697 1886 1731">
    <p class='ocr_par' dir='ltr' id='par_1_98' title="bbox 1086 1697 1886 1731">
     <span class='ocr_line' id='line_1_98' title="bbox 1086 1697 1886 1731; baseline -0.005 -3"><span class='ocrx_word' id='word_1_761' title='bbox 1086 1702 1114 1728; x_wconf 69' lang='lat' dir='ltr'><strong>Di</strong></span> <span class='ocrx_word' id='word_1_762' title='bbox 1124 1709 1167 1728; x_wconf 87' lang='lat' dir='ltr'><strong>um</strong></span> <span class='ocrx_word' id='word_1_763' title='bbox 1183 1700 1233 1728; x_wconf 87' lang='lat' dir='ltr'><strong>ﬁde</strong></span> <span class='ocrx_word' id='word_1_764' title='bbox 1244 1699 1350 1727; x_wconf 88' lang='lat' dir='ltr'><strong>incitata</strong></span> <span class='ocrx_word' id='word_1_765' title='bbox 1365 1699 1451 1729; x_wconf 82' lang='lat' dir='ltr'><strong>fuerit,</strong></span> <span class='ocrx_word' id='word_1_766' title='bbox 1466 1706 1526 1725; x_wconf 91' lang='lat' dir='ltr'><strong>cum</strong></span> <span class='ocrx_word' id='word_1_767' title='bbox 1539 1698 1643 1725; x_wconf 87' lang='lat' dir='ltr'><strong>interim</strong></span> <span class='ocrx_word' id='word_1_768' title='bbox 1658 1697 1757 1724; x_wconf 82' lang='lat' dir='ltr'><strong>viscera</strong></span> <span class='ocrx_word' id='word_1_769' title='bbox 1773 1697 1841 1731; x_wconf 88' lang='lat' dir='ltr'><strong>ipsa,</strong></span> <span class='ocrx_word' id='word_1_770' title='bbox 1856 1701 1886 1724; x_wconf 77' lang='lat' dir='ltr'><strong>ut</strong></span> 
     </span>
    </p>
   </div>
   <div class='ocr_carea' id='block_1_99' title="bbox 1085 1743 1885 1781">
    <p class='ocr_par' dir='ltr' id='par_1_99' title="bbox 1085 1743 1885 1781">
     <span class='ocr_line' id='line_1_99' title="bbox 1085 1743 1885 1781; baseline -0.006 -7"><span class='ocrx_word' id='word_1_771' title='bbox 1085 1749 1119 1775; x_wconf 90' lang='lat' dir='ltr'><strong>ita</strong></span> <span class='ocrx_word' id='word_1_772' title='bbox 1135 1747 1232 1779; x_wconf 86' lang='lat' dir='ltr'><strong>dicam,</strong></span> <span class='ocrx_word' id='word_1_773' title='bbox 1257 1754 1310 1781; x_wconf 70' lang='lat' dir='ltr'><strong>przc</strong></span> <span class='ocrx_word' id='word_1_774' title='bbox 1325 1745 1419 1773; x_wconf 79' lang='lat' dir='ltr'><strong>dolere</strong></span> <span class='ocrx_word' id='word_1_775' title='bbox 1440 1745 1646 1776; x_wconf 82' lang='lat' dir='ltr'><strong>dissecarentur.</strong></span> <span class='ocrx_word' id='word_1_776' title='bbox 1669 1747 1697 1771; x_wconf 90' lang='lat' dir='ltr'><strong>et</strong></span> <span class='ocrx_word' id='word_1_777' title='bbox 1718 1743 1799 1770; x_wconf 81' lang='lat' dir='ltr'><strong>multa</strong></span> <span class='ocrx_word' id='word_1_778' title='bbox 1822 1743 1885 1770; x_wconf 67' lang='lat' dir='ltr'><strong>ﬁlia:</strong></span> 
     </span>
    </p>
   </div>
   <div class='ocr_carea' id='block_1_100' title="bbox 1085 1793 1885 1823">
    <p class='ocr_par' dir='ltr' id='par_1_100' title="bbox 1085 1793 1885 1823">
     <span class='ocr_line' id='line_1_100' title="bbox 1085 1793 1885 1823; baseline -0.006 -2"><span class='ocrx_word' id='word_1_779' title='bbox 1085 1794 1317 1822; x_wconf 86' lang='lat' dir='ltr'><strong>commiseratione</strong></span> <span class='ocrx_word' id='word_1_780' title='bbox 1333 1796 1468 1819; x_wconf 89' lang='lat' dir='ltr'><strong>teneretur</strong></span> <span class='ocrx_word' id='word_1_781' title='bbox 1485 1800 1491 1818; x_wconf 73' lang='grc' dir='ltr'>ζ</span> <span class='ocrx_word' id='word_1_782' title='bbox 1508 1798 1561 1818; x_wconf 84' lang='lat' dir='ltr'><strong>non</strong></span> <span class='ocrx_word' id='word_1_783' title='bbox 1573 1794 1728 1823; x_wconf 87' lang='lat' dir='ltr'><strong>aversatur,</strong></span> <span class='ocrx_word' id='word_1_784' title='bbox 1744 1797 1793 1817; x_wconf 92' lang='lat' dir='ltr'><strong>nec</strong></span> <span class='ocrx_word' id='word_1_785' title='bbox 1813 1793 1885 1816; x_wconf 73' lang='grc' dir='ltr'>τθιιο</span> 
     </span>
    </p>
   </div>
   <div class='ocr_carea' id='block_1_101' title="bbox 1084 1835 1883 1870">
    <p class='ocr_par' dir='ltr' id='par_1_101' title="bbox 1084 1835 1883 1870">
     <span class='ocr_line' id='line_1_101' title="bbox 1084 1835 1883 1870; baseline -0.009 -2"><span class='ocrx_word' id='word_1_786' title='bbox 1084 1840 1155 1868; x_wconf 88' lang='lat' dir='ltr'><strong>cedit</strong></span> <span class='ocrx_word' id='word_1_787' title='bbox 1169 1840 1203 1867; x_wconf 90' lang='lat' dir='ltr'><strong>ob</strong></span> <span class='ocrx_word' id='word_1_788' title='bbox 1213 1839 1285 1866; x_wconf 87' lang='lat' dir='ltr'><strong>verbi</strong></span> <span class='ocrx_word' id='word_1_789' title='bbox 1297 1838 1484 1866; x_wconf 87' lang='lat' dir='ltr'><strong>contumeliam</strong></span> <span class='ocrx_word' id='word_1_790' title='bbox 1497 1844 1504 1870; x_wconf 90' lang='lat'><strong>;</strong></span> <span class='ocrx_word' id='word_1_791' title='bbox 1520 1836 1565 1863; x_wconf 89' lang='lat' dir='ltr'><strong>sed</strong></span> <span class='ocrx_word' id='word_1_792' title='bbox 1578 1835 1668 1863; x_wconf 86' lang='lat' dir='ltr'><strong>audito</strong></span> <span class='ocrx_word' id='word_1_793' title='bbox 1678 1835 1751 1862; x_wconf 81' lang='lat' dir='ltr'><strong>canis</strong></span> <span class='ocrx_word' id='word_1_794' title='bbox 1765 1835 1883 1866; x_wconf 81' lang='lat' dir='ltr'><strong>nomine,</strong></span> 
     </span>
    </p>
   </div>
   <div class='ocr_carea' id='block_1_102' title="bbox 1085 1881 1885 1918">
    <p class='ocr_par' dir='ltr' id='par_1_102' title="bbox 1085 1881 1885 1918">
     <span class='ocr_line' id='line_1_102' title="bbox 1085 1881 1885 1918; baseline -0.009 -4"><span class='ocrx_word' id='word_1_795' title='bbox 1085 1887 1146 1915; x_wconf 88' lang='lat' dir='ltr'><strong>boni</strong></span> <span class='ocrx_word' id='word_1_796' title='bbox 1172 1886 1294 1918; x_wconf 90' lang='lat' dir='ltr'><strong>consulit,</strong></span> <span class='ocrx_word' id='word_1_797' title='bbox 1320 1890 1347 1912; x_wconf 86' lang='lat' dir='ltr'><strong>et</strong></span> <span class='ocrx_word' id='word_1_798' title='bbox 1360 1884 1457 1912; x_wconf 88' lang='lat' dir='ltr'><strong>fatetur</strong></span> <span class='ocrx_word' id='word_1_799' title='bbox 1471 1891 1500 1911; x_wconf 90' lang='lat' dir='ltr'><strong>se</strong></span> <span class='ocrx_word' id='word_1_800' title='bbox 1516 1882 1652 1914; x_wconf 86' lang='lat' dir='ltr'><strong>catellum,</strong></span> <span class='ocrx_word' id='word_1_801' title='bbox 1669 1886 1727 1909; x_wconf 88' lang='lat' dir='ltr'><strong>uta</strong></span> <span class='ocrx_word' id='word_1_802' title='bbox 1743 1888 1838 1908; x_wconf 88' lang='lat' dir='ltr'><strong>canum</strong></span> <span class='ocrx_word' id='word_1_803' title='bbox 1854 1881 1885 1908; x_wconf 89' lang='lat' dir='ltr'><strong>Ii-</strong></span> 
     </span>
    </p>
   </div>
   <div class='ocr_carea' id='block_1_103' title="bbox 1085 1925 1886 1963">
    <p class='ocr_par' dir='ltr' id='par_1_103' title="bbox 1085 1925 1886 1963">
     <span class='ocr_line' id='line_1_103' title="bbox 1085 1925 1886 1963; baseline -0.009 -3"><span class='ocrx_word' id='word_1_804' title='bbox 1085 1933 1192 1960; x_wconf 87' lang='lat' dir='ltr'><strong>beretur</strong></span> <span class='ocrx_word' id='word_1_805' title='bbox 1217 1931 1333 1963; x_wconf 81' lang='lat' dir='ltr'><strong>feritate,</strong></span> <span class='ocrx_word' id='word_1_806' title='bbox 1351 1934 1377 1957; x_wconf 89' lang='lat' dir='ltr'><strong>et</strong></span> <span class='ocrx_word' id='word_1_807' title='bbox 1393 1930 1418 1957; x_wconf 91' lang='lat' dir='ltr'><strong>in</strong></span> <span class='ocrx_word' id='word_1_808' title='bbox 1435 1929 1549 1956; x_wconf 90' lang='lat' dir='ltr'><strong>ﬁliorum</strong></span> <span class='ocrx_word' id='word_1_809' title='bbox 1569 1928 1657 1955; x_wconf 86' lang='lat' dir='ltr'><strong>statim</strong></span> <span class='ocrx_word' id='word_1_810' title='bbox 1671 1927 1800 1962; x_wconf 76' lang='lat' dir='ltr'><strong>allegatur</strong></span> <span class='ocrx_word' id='word_1_811' title='bbox 1812 1925 1886 1954; x_wconf 80' lang='lat' dir='ltr'><strong>ordi-</strong></span> 
     </span>
    </p>
   </div>
   <div class='ocr_carea' id='block_1_104' title="bbox 1085 1972 1885 2011">
    <p class='ocr_par' dir='ltr' id='par_1_104' title="bbox 1085 1972 1885 2011">
     <span class='ocr_line' id='line_1_104' title="bbox 1085 1972 1885 2011; baseline -0.01 -5"><span class='ocrx_word' id='word_1_812' title='bbox 1085 1987 1157 2006; x_wconf 89' lang='lat' dir='ltr'><strong>nem.</strong></span> <span class='ocrx_word' id='word_1_813' title='bbox 1174 1978 1241 2006; x_wconf 80' lang='lat' dir='ltr'><strong>Audi</strong></span> <span class='ocrx_word' id='word_1_814' title='bbox 1259 1977 1366 2004; x_wconf 81' lang='lat' dir='ltr'><strong>tondent</strong></span> <span class='ocrx_word' id='word_1_815' title='bbox 1390 1975 1453 2011; x_wconf 90' lang='lat' dir='ltr'><strong>quid</strong></span> <span class='ocrx_word' id='word_1_816' title='bbox 1477 1975 1510 2002; x_wconf 87' lang='lat' dir='ltr'><strong>ad</strong></span> <span class='ocrx_word' id='word_1_817' title='bbox 1533 1974 1590 2001; x_wconf 69' lang='lat' dir='ltr'><strong>haec</strong></span> <span class='ocrx_word' id='word_1_818' title='bbox 1614 1973 1711 2000; x_wconf 89' lang='lat' dir='ltr'><strong>mulier</strong></span> <span class='ocrx_word' id='word_1_819' title='bbox 1733 1972 1841 2004; x_wconf 76' lang='lat' dir='ltr'><strong>dixerit,</strong></span> <span class='ocrx_word' id='word_1_820' title='bbox 1856 1975 1885 1998; x_wconf 90' lang='lat' dir='ltr'><strong>ut</strong></span> 
     </span>
    </p>
   </div>
   <div class='ocr_carea' id='block_1_105' title="bbox 1084 2018 1884 2058">
    <p class='ocr_par' dir='ltr' id='par_1_105' title="bbox 1084 2018 1884 2058">
     <span class='ocr_line' id='line_1_105' title="bbox 1084 2018 1884 2058; baseline -0.01 -6"><span class='ocrx_word' id='word_1_821' title='bbox 1084 2025 1172 2052; x_wconf 87' lang='lat' dir='ltr'><strong>discas</strong></span> <span class='ocrx_word' id='word_1_822' title='bbox 1187 2029 1314 2058; x_wconf 86' lang='lat' dir='ltr'><strong>quantum</strong></span> <span class='ocrx_word' id='word_1_823' title='bbox 1329 2030 1360 2050; x_wconf 79' lang='lat' dir='ltr'><strong>ex</strong></span> <span class='ocrx_word' id='word_1_824' title='bbox 1378 2021 1614 2056; x_wconf 78' lang='lat' dir='ltr'><strong>procrastinatione</strong></span> <span class='ocrx_word' id='word_1_825' title='bbox 1638 2019 1684 2045; x_wconf 92' lang='lat' dir='ltr'><strong>Dci</strong></span> <span class='ocrx_word' id='word_1_826' title='bbox 1700 2018 1802 2046; x_wconf 89' lang='lat' dir='ltr'><strong>lucrum</strong></span> <span class='ocrx_word' id='word_1_827' title='bbox 1816 2025 1884 2045; x_wconf 85' lang='lat' dir='ltr'><strong>con-</strong></span> 
     </span>
    </p>
   </div>
   <div class='ocr_carea' id='block_1_106' title="bbox 1084 2060 1884 2096">
    <p class='ocr_par' dir='ltr' id='par_1_106' title="bbox 1084 2060 1884 2096">
     <span class='ocr_line' id='line_1_106' title="bbox 1084 2060 1884 2096; baseline -0.011 -1"><span class='ocrx_word' id='word_1_828' title='bbox 1084 2067 1202 2095; x_wconf 87' lang='lat' dir='ltr'><strong>cedatur.</strong></span> <span class='ocrx_word' id='word_1_829' title='bbox 1219 2066 1276 2093; x_wconf 88' lang='lat' dir='ltr'><strong>Non</strong></span> <span class='ocrx_word' id='word_1_830' title='bbox 1292 2065 1377 2092; x_wconf 88' lang='lat' dir='ltr'><strong>solum</strong></span> <span class='ocrx_word' id='word_1_831' title='bbox 1392 2065 1462 2091; x_wconf 88' lang='lat' dir='ltr'><strong>enim</strong></span> <span class='ocrx_word' id='word_1_832' title='bbox 1475 2071 1527 2090; x_wconf 91' lang='lat' dir='ltr'><strong>non</strong></span> <span class='ocrx_word' id='word_1_833' title='bbox 1541 2062 1632 2096; x_wconf 81' lang='lat' dir='ltr'><strong>abegit</strong></span> <span class='ocrx_word' id='word_1_834' title='bbox 1645 2061 1783 2088; x_wconf 88' lang='lat' dir='ltr'><strong>mulierem</strong></span> <span class='ocrx_word' id='word_1_835' title='bbox 1797 2060 1884 2087; x_wconf 90' lang='lat' dir='ltr'><strong>dicto-</strong></span> 
     </span>
    </p>
   </div>
   <div class='ocr_carea' id='block_1_107' title="bbox 1084 2106 1881 2147">
    <p class='ocr_par' dir='ltr' id='par_1_107' title="bbox 1084 2106 1881 2147">
     <span class='ocr_line' id='line_1_107' title="bbox 1084 2106 1881 2147; baseline -0.011 -7"><span class='ocrx_word' id='word_1_836' title='bbox 1084 2121 1144 2140; x_wconf 91' lang='lat' dir='ltr'><strong>rum</strong></span> <span class='ocrx_word' id='word_1_837' title='bbox 1158 2113 1298 2147; x_wconf 82' lang='lat' dir='ltr'><strong>asperitas,</strong></span> <span class='ocrx_word' id='word_1_838' title='bbox 1313 2111 1360 2139; x_wconf 87' lang='lat' dir='ltr'><strong>sed</strong></span> <span class='ocrx_word' id='word_1_839' title='bbox 1375 2111 1400 2138; x_wconf 93' lang='lat' dir='ltr'><strong>in</strong></span> <span class='ocrx_word' id='word_1_840' title='bbox 1413 2110 1542 2144; x_wconf 84' lang='lat' dir='ltr'><strong>majorem</strong></span> <span class='ocrx_word' id='word_1_841' title='bbox 1555 2107 1719 2135; x_wconf 84' lang='lat' dir='ltr'><strong>alacritatem</strong></span> <span class='ocrx_word' id='word_1_842' title='bbox 1735 2106 1860 2133; x_wconf 81' lang='lat' dir='ltr'><strong>excitavit</strong></span> <span class='ocrx_word' id='word_1_843' title='bbox 1872 2114 1881 2132; x_wconf 69' lang='grc' dir='ltr'><strong>τ</strong></span> 
     </span>
    </p>
   </div>
   <div class='ocr_carea' id='block_1_108' title="bbox 1085 2150 1882 2193">
    <p class='ocr_par' dir='ltr' id='par_1_108' title="bbox 1085 2150 1882 2193">
     <span class='ocr_line' id='line_1_108' title="bbox 1085 2150 1882 2193; baseline -0.013 -7"><span class='ocrx_word' id='word_1_844' title='bbox 1085 2166 1180 2193; x_wconf 87' lang='lat' dir='ltr'><strong>nempe</strong></span> <span class='ocrx_word' id='word_1_845' title='bbox 1194 2162 1334 2193; x_wconf 89' lang='lat' dir='ltr'><strong>postquam</strong></span> <span class='ocrx_word' id='word_1_846' title='bbox 1360 2156 1460 2183; x_wconf 87' lang='lat' dir='ltr'><strong>audivit</strong></span> <span class='ocrx_word' id='word_1_847' title='bbox 1475 2155 1532 2182; x_wconf 67' lang='lat' dir='ltr'><strong>ha‘c</strong></span> <span class='ocrx_word' id='word_1_848' title='bbox 1547 2153 1638 2186; x_wconf 88' lang='lat' dir='ltr'><strong>verba,</strong></span> <span class='ocrx_word' id='word_1_849' title='bbox 1653 2151 1737 2186; x_wconf 87' lang='lat' dir='ltr'><strong>inquit</strong></span> <span class='ocrx_word' id='word_1_850' title='bbox 1754 2160 1760 2179; x_wconf 92' lang='lat'>:</span> <span class='ocrx_word' id='word_1_851' title='bbox 1778 2150 1862 2177; x_wconf 85' lang='lat' dir='ltr'><strong>Etiam</strong></span> <span class='ocrx_word' id='word_1_852' title='bbox 1874 2171 1882 2184; x_wconf 80' lang='lat'><strong>,</strong></span> 
     </span>
    </p>
   </div>
   <div class='ocr_carea' id='block_1_109' title="bbox 1087 2197 1884 2236">
    <p class='ocr_par' dir='ltr' id='par_1_109' title="bbox 1087 2197 1884 2236">
     <span class='ocr_line' id='line_1_109' title="bbox 1087 2197 1884 2236; baseline -0.011 -5"><span class='ocrx_word' id='word_1_853' title='bbox 1087 2205 1211 2236; x_wconf 86' lang='lat' dir='ltr'><strong>Domine;</strong></span> <span class='ocrx_word' id='word_1_854' title='bbox 1226 2211 1285 2230; x_wconf 87' lang='lat' dir='ltr'><strong>nam</strong></span> <span class='ocrx_word' id='word_1_855' title='bbox 1306 2207 1329 2230; x_wconf 80' lang='lat' dir='ltr'><strong>et</strong></span> <span class='ocrx_word' id='word_1_856' title='bbox 1350 2201 1434 2229; x_wconf 72' lang='lat' dir='ltr'><strong>catelli</strong></span> <span class='ocrx_word' id='word_1_857' title='bbox 1448 2202 1523 2227; x_wconf 69' lang='lat' dir='ltr'><strong>edant</strong></span> <span class='ocrx_word' id='word_1_858' title='bbox 1549 2199 1580 2226; x_wconf 84' lang='lat' dir='ltr'><strong>de</strong></span> <span class='ocrx_word' id='word_1_859' title='bbox 1594 2198 1665 2225; x_wconf 70' lang='lat' dir='ltr'><strong>micis</strong></span> <span class='ocrx_word' id='word_1_860' title='bbox 1685 2205 1742 2233; x_wconf 67' lang='lat' dir='ltr'><strong>qua:</strong></span> <span class='ocrx_word' id='word_1_861' title='bbox 1761 2197 1854 2224; x_wconf 78' lang='lat' dir='ltr'><strong>cadunt</strong></span> <span class='ocrx_word' id='word_1_862' title='bbox 1868 2205 1884 2223; x_wconf 86' lang='lat' dir='ltr'><strong>a</strong></span> 
     </span>
    </p>
   </div>
   <div class='ocr_carea' id='block_1_110' title="bbox 1086 2244 1668 2282">
    <p class='ocr_par' dir='ltr' id='par_1_110' title="bbox 1086 2244 1668 2282">
     <span class='ocr_line' id='line_1_110' title="bbox 1086 2244 1668 2282; baseline -0.01 -5"><span class='ocrx_word' id='word_1_863' title='bbox 1086 2258 1170 2277; x_wconf 74' lang='lat' dir='ltr'><strong>iiieizsa</strong></span> <span class='ocrx_word' id='word_1_864' title='bbox 1186 2250 1347 2276; x_wconf 85' lang='lat' dir='ltr'><strong>dominorum</strong></span> <span class='ocrx_word' id='word_1_865' title='bbox 1363 2255 1465 2274; x_wconf 84' lang='lat' dir='ltr'><strong>suorum</strong></span> <span class='ocrx_word' id='word_1_866' title='bbox 1481 2246 1559 2282; x_wconf 83' lang='lat' dir='ltr'><strong>(Ibid.</strong></span> <span class='ocrx_word' id='word_1_867' title='bbox 1572 2253 1595 2272; x_wconf 79' lang='lat' dir='ltr'><strong>tt.</strong></span> <span class='ocrx_word' id='word_1_868' title='bbox 1612 2244 1668 2279; x_wconf 75' lang='lat'><strong>‘27).</strong></span> 
     </span>
    </p>
   </div>
   <div class='ocr_carea' id='block_1_111' title="bbox 1124 2289 1882 2329">
    <p class='ocr_par' dir='ltr' id='par_1_111' title="bbox 1124 2289 1882 2329">
     <span class='ocr_line' id='line_1_111' title="bbox 1124 2289 1882 2329; baseline -0.011 -6"><span class='ocrx_word' id='word_1_869' title='bbox 1124 2296 1276 2324; x_wconf 63' lang='lat' dir='ltr'><strong>Chanana’w</strong></span> <span class='ocrx_word' id='word_1_870' title='bbox 1293 2294 1356 2329; x_wconf 76' lang='lat' dir='ltr'><strong>ﬁdes</strong></span> <span class='ocrx_word' id='word_1_871' title='bbox 1370 2290 1632 2321; x_wconf 56' lang='lat' dir='ltr'><strong>laudatum—Vidisti</strong></span> <span class='ocrx_word' id='word_1_872' title='bbox 1647 2298 1730 2325; x_wconf 88' lang='lat' dir='ltr'><strong>quare</strong></span> <span class='ocrx_word' id='word_1_873' title='bbox 1745 2289 1882 2323; x_wconf 83' lang='lat' dir='ltr'><strong>hucusque</strong></span> 
     </span>
    </p>
   </div>
   <div class='ocr_carea' id='block_1_112' title="bbox 1085 2334 1881 2375">
    <p class='ocr_par' dir='ltr' id='par_1_112' title="bbox 1085 2334 1881 2375">
     <span class='ocr_line' id='line_1_112' title="bbox 1085 2334 1881 2375; baseline -0.011 -6"><span class='ocrx_word' id='word_1_874' title='bbox 1085 2341 1238 2370; x_wconf 87' lang='lat' dir='ltr'><strong>distulerit?</strong></span> <span class='ocrx_word' id='word_1_875' title='bbox 1253 2340 1287 2368; x_wconf 92' lang='lat' dir='ltr'><strong>Ut</strong></span> <span class='ocrx_word' id='word_1_876' title='bbox 1299 2348 1346 2375; x_wconf 93' lang='lat' dir='ltr'><strong>per</strong></span> <span class='ocrx_word' id='word_1_877' title='bbox 1359 2339 1438 2367; x_wconf 84' lang='lat' dir='ltr'><strong>verba</strong></span> <span class='ocrx_word' id='word_1_878' title='bbox 1450 2337 1568 2366; x_wconf 82' lang='lat' dir='ltr'><strong>mulieris</strong></span> <span class='ocrx_word' id='word_1_879' title='bbox 1580 2336 1658 2363; x_wconf 90' lang='lat' dir='ltr'><strong>ﬁdem</strong></span> <span class='ocrx_word' id='word_1_880' title='bbox 1673 2336 1743 2362; x_wconf 88' lang='lat' dir='ltr'><strong>illius</strong></span> <span class='ocrx_word' id='word_1_881' title='bbox 1757 2334 1881 2362; x_wconf 72' lang='lat' dir='ltr'><strong>eximiam</strong></span> 
     </span>
    </p>
   </div>
   <div class='ocr_carea' id='block_1_113' title="bbox 1084 2381 1883 2419">
    <p class='ocr_par' dir='ltr' id='par_1_113' title="bbox 1084 2381 1883 2419">
     <span class='ocr_line' id='line_1_113' title="bbox 1084 2381 1883 2419; baseline -0.011 -3"><span class='ocrx_word' id='word_1_882' title='bbox 1084 2389 1228 2416; x_wconf 81' lang='lat' dir='ltr'><strong>discamus.</strong></span> <span class='ocrx_word' id='word_1_883' title='bbox 1255 2387 1319 2415; x_wconf 81' lang='lat' dir='ltr'><strong>Vide</strong></span> <span class='ocrx_word' id='word_1_884' title='bbox 1341 2386 1411 2414; x_wconf 89' lang='lat' dir='ltr'><strong>enim</strong></span> <span class='ocrx_word' id='word_1_885' title='bbox 1434 2383 1567 2419; x_wconf 85' lang='lat' dir='ltr'><strong>quomodo</strong></span> <span class='ocrx_word' id='word_1_886' title='bbox 1589 2382 1677 2409; x_wconf 83' lang='lat' dir='ltr'><strong>statim</strong></span> <span class='ocrx_word' id='word_1_887' title='bbox 1693 2389 1752 2409; x_wconf 88' lang='lat' dir='ltr'><strong>eam</strong></span> <span class='ocrx_word' id='word_1_888' title='bbox 1768 2381 1883 2408; x_wconf 85' lang='lat' dir='ltr'><strong>laudavit</strong></span> 
     </span>
    </p>
   </div>
   <div class='ocr_carea' id='block_1_114' title="bbox 1084 2428 1883 2463">
    <p class='ocr_par' dir='ltr' id='par_1_114' title="bbox 1084 2428 1883 2463">
     <span class='ocr_line' id='line_1_114' title="bbox 1084 2428 1883 2463; baseline -0.014 0"><span class='ocrx_word' id='word_1_889' title='bbox 1084 2441 1109 2463; x_wconf 92' lang='lat' dir='ltr'><strong>ct</strong></span> <span class='ocrx_word' id='word_1_890' title='bbox 1123 2434 1261 2463; x_wconf 80' lang='lat' dir='ltr'><strong>coronavit</strong></span> <span class='ocrx_word' id='word_1_891' title='bbox 1283 2433 1411 2460; x_wconf 86' lang='lat' dir='ltr'><strong>Dominus</strong></span> <span class='ocrx_word' id='word_1_892' title='bbox 1422 2452 1428 2461; x_wconf 86' lang='lat'><strong>.</strong></span> <span class='ocrx_word' id='word_1_893' title='bbox 1440 2431 1536 2458; x_wconf 82' lang='lat' dir='ltr'><strong>dicens</strong></span> <span class='ocrx_word' id='word_1_894' title='bbox 1551 2437 1558 2456; x_wconf 79' lang='grc' dir='ltr'><strong>ε</strong></span> <span class='ocrx_word' id='word_1_895' title='bbox 1574 2428 1596 2455; x_wconf 84' lang='grc'><strong><em>0</em></strong></span> <span class='ocrx_word' id='word_1_896' title='bbox 1620 2428 1720 2461; x_wconf 78' lang='lat' dir='ltr'><strong>mulier,</strong></span> <span class='ocrx_word' id='word_1_897' title='bbox 1736 2435 1828 2462; x_wconf 87' lang='lat' dir='ltr'><strong>magna</strong></span> <span class='ocrx_word' id='word_1_898' title='bbox 1847 2431 1883 2453; x_wconf 73' lang='lat' dir='ltr'><strong>est</strong></span> 
     </span>
    </p>
   </div>
   <div class='ocr_carea' id='block_1_115' title="bbox 1084 2473 1882 2517">
    <p class='ocr_par' dir='ltr' id='par_1_115' title="bbox 1084 2473 1882 2517">
     <span class='ocr_line' id='line_1_115' title="bbox 1084 2473 1882 2517; baseline -0.014 -8"><span class='ocrx_word' id='word_1_899' title='bbox 1084 2483 1147 2517; x_wconf 75' lang='lat' dir='ltr'><strong>ﬁdes</strong></span> <span class='ocrx_word' id='word_1_900' title='bbox 1162 2486 1205 2508; x_wconf 86' lang='lat' dir='ltr'><strong>tua</strong></span> <span class='ocrx_word' id='word_1_901' title='bbox 1217 2480 1296 2517; x_wconf 82' lang='lat' dir='ltr'><strong>(Ibid.</strong></span> <span class='ocrx_word' id='word_1_902' title='bbox 1310 2487 1333 2505; x_wconf 82' lang='grc' dir='ltr'><strong><em>υ.</em></strong></span> <span class='ocrx_word' id='word_1_903' title='bbox 1343 2478 1400 2513; x_wconf 75' lang='lat'><strong>28).</strong></span> <span class='ocrx_word' id='word_1_904' title='bbox 1414 2477 1498 2509; x_wconf 87' lang='lat' dir='ltr'><strong>Quam</strong></span> <span class='ocrx_word' id='word_1_905' title='bbox 1513 2473 1641 2510; x_wconf 83' lang='lat' dir='ltr'><strong>principio</strong></span> <span class='ocrx_word' id='word_1_906' title='bbox 1652 2480 1738 2508; x_wconf 85' lang='lat' dir='ltr'><strong>neque</strong></span> <span class='ocrx_word' id='word_1_907' title='bbox 1754 2479 1882 2506; x_wconf 87' lang='lat' dir='ltr'><strong>responso</strong></span> 
     </span>
    </p>
   </div>
   <div class='ocr_carea' id='block_1_116' title="bbox 1084 2517 1880 2562">
    <p class='ocr_par' dir='ltr' id='par_1_116' title="bbox 1084 2517 1880 2562">
     <span class='ocr_line' id='line_1_116' title="bbox 1084 2517 1880 2562; baseline -0.015 -7"><span class='ocrx_word' id='word_1_908' title='bbox 1084 2528 1253 2562; x_wconf 75' lang='lat' dir='ltr'><strong>dignabatur,</strong></span> <span class='ocrx_word' id='word_1_909' title='bbox 1277 2533 1336 2552; x_wconf 89' lang='lat' dir='ltr'><strong>cum</strong></span> <span class='ocrx_word' id='word_1_910' title='bbox 1364 2522 1539 2550; x_wconf 85' lang='lat' dir='ltr'><strong>admiratione</strong></span> <span class='ocrx_word' id='word_1_911' title='bbox 1562 2525 1589 2547; x_wconf 88' lang='lat' dir='ltr'><strong>et</strong></span> <span class='ocrx_word' id='word_1_912' title='bbox 1617 2518 1738 2546; x_wconf 86' lang='lat' dir='ltr'><strong>laudibus</strong></span> <span class='ocrx_word' id='word_1_913' title='bbox 1762 2517 1880 2545; x_wconf 90' lang='lat' dir='ltr'><strong>dimittit.</strong></span> 
     </span>
    </p>
   </div>
   <div class='ocr_carea' id='block_1_117' title="bbox 1086 2565 1879 2608">
    <p class='ocr_par' dir='ltr' id='par_1_117' title="bbox 1086 2565 1879 2608">
     <span class='ocr_line' id='line_1_117' title="bbox 1086 2565 1879 2608; baseline -0.014 -9"><span class='ocrx_word' id='word_1_914' title='bbox 1086 2573 1192 2608; x_wconf 69' lang='lat' dir='ltr'><strong>Magna,</strong></span> <span class='ocrx_word' id='word_1_915' title='bbox 1207 2570 1300 2605; x_wconf 86' lang='lat' dir='ltr'><strong>inquit,</strong></span> <span class='ocrx_word' id='word_1_916' title='bbox 1316 2574 1352 2597; x_wconf 72' lang='lat' dir='ltr'><strong>est</strong></span> <span class='ocrx_word' id='word_1_917' title='bbox 1363 2569 1425 2603; x_wconf 74' lang='lat' dir='ltr'><strong>ﬁdes</strong></span> <span class='ocrx_word' id='word_1_918' title='bbox 1439 2572 1491 2594; x_wconf 87' lang='lat' dir='ltr'><strong>tua.</strong></span> <span class='ocrx_word' id='word_1_919' title='bbox 1507 2566 1570 2593; x_wconf 87' lang='lat' dir='ltr'><strong>Erat</strong></span> <span class='ocrx_word' id='word_1_920' title='bbox 1581 2565 1653 2593; x_wconf 88' lang='lat' dir='ltr'><strong>enim</strong></span> <span class='ocrx_word' id='word_1_921' title='bbox 1667 2571 1760 2591; x_wconf 87' lang='lat' dir='ltr'><strong>revera</strong></span> <span class='ocrx_word' id='word_1_922' title='bbox 1773 2569 1879 2598; x_wconf 75' lang='lat' dir='ltr'><strong>magna,</strong></span> 
     </span>
    </p>
   </div>
   <div class='ocr_carea' id='block_1_118' title="bbox 1084 2610 1881 2653">
    <p class='ocr_par' dir='ltr' id='par_1_118' title="bbox 1084 2610 1881 2653">
     <span class='ocr_line' id='line_1_118' title="bbox 1084 2610 1881 2653; baseline -0.013 -9"><span class='ocrx_word' id='word_1_923' title='bbox 1084 2618 1155 2653; x_wconf 85' lang='lat' dir='ltr'><strong>quod</strong></span> <span class='ocrx_word' id='word_1_924' title='bbox 1170 2624 1230 2644; x_wconf 88' lang='lat' dir='ltr'><strong>cum</strong></span> <span class='ocrx_word' id='word_1_925' title='bbox 1244 2616 1346 2644; x_wconf 85' lang='lat' dir='ltr'><strong>videret</strong></span> <span class='ocrx_word' id='word_1_926' title='bbox 1358 2614 1441 2642; x_wconf 89' lang='lat' dir='ltr'><strong>semel</strong></span> <span class='ocrx_word' id='word_1_927' title='bbox 1453 2619 1531 2648; x_wconf 82' lang='lat' dir='ltr'><strong>atque</strong></span> <span class='ocrx_word' id='word_1_928' title='bbox 1547 2615 1642 2640; x_wconf 81' lang='lat' dir='ltr'><strong>iterum</strong></span> <span class='ocrx_word' id='word_1_929' title='bbox 1658 2616 1684 2639; x_wconf 89' lang='lat' dir='ltr'><strong>et</strong></span> <span class='ocrx_word' id='word_1_930' title='bbox 1697 2610 1794 2644; x_wconf 65' lang='lat' dir='ltr'><strong>saepius</strong></span> <span class='ocrx_word' id='word_1_931' title='bbox 1806 2615 1881 2636; x_wconf 89' lang='lat' dir='ltr'><strong>aver-</strong></span> 
     </span>
    </p>
   </div>
   <div class='ocr_carea' id='block_1_119' title="bbox 1083 2657 1880 2698">
    <p class='ocr_par' dir='ltr' id='par_1_119' title="bbox 1083 2657 1880 2698">
     <span class='ocr_line' id='line_1_119' title="bbox 1083 2657 1880 2698; baseline -0.015 -6"><span class='ocrx_word' id='word_1_932' title='bbox 1083 2670 1186 2692; x_wconf 88' lang='lat' dir='ltr'><strong>santcm</strong></span> <span class='ocrx_word' id='word_1_933' title='bbox 1197 2669 1303 2698; x_wconf 82' lang='lat' dir='ltr'><strong>preces,</strong></span> <span class='ocrx_word' id='word_1_934' title='bbox 1318 2669 1370 2687; x_wconf 87' lang='lat' dir='ltr'><strong>non</strong></span> <span class='ocrx_word' id='word_1_935' title='bbox 1386 2661 1489 2694; x_wconf 81' lang='lat' dir='ltr'><strong>segnior</strong></span> <span class='ocrx_word' id='word_1_936' title='bbox 1504 2658 1572 2685; x_wconf 85' lang='lat' dir='ltr'><strong>facta</strong></span> <span class='ocrx_word' id='word_1_937' title='bbox 1589 2657 1677 2690; x_wconf 89' lang='lat' dir='ltr'><strong>fuerit,</strong></span> <span class='ocrx_word' id='word_1_938' title='bbox 1693 2663 1779 2690; x_wconf 88' lang='lat' dir='ltr'><strong>neque</strong></span> <span class='ocrx_word' id='word_1_939' title='bbox 1793 2658 1880 2682; x_wconf 88' lang='lat' dir='ltr'><strong>retro-</strong></span> 
     </span>
    </p>
   </div>
   <div class='ocr_carea' id='block_1_120' title="bbox 1083 2699 1882 2742">
    <p class='ocr_par' dir='ltr' id='par_1_120' title="bbox 1083 2699 1882 2742">
     <span class='ocr_line' id='line_1_120' title="bbox 1083 2699 1882 2742; baseline -0.015 -4"><span class='ocrx_word' id='word_1_940' title='bbox 1083 2710 1205 2742; x_wconf 76' lang='lat' dir='ltr'><strong>Ccsserit,</strong></span> <span class='ocrx_word' id='word_1_941' title='bbox 1229 2707 1276 2735; x_wconf 86' lang='lat' dir='ltr'><strong>sed</strong></span> <span class='ocrx_word' id='word_1_942' title='bbox 1299 2705 1504 2742; x_wconf 73' lang='lat' dir='ltr'><strong>persevcrantire</strong></span> <span class='ocrx_word' id='word_1_943' title='bbox 1525 2703 1679 2731; x_wconf 84' lang='lat' dir='ltr'><strong>assiduitate</strong></span> <span class='ocrx_word' id='word_1_944' title='bbox 1699 2699 1882 2737; x_wconf 74' lang='lat' dir='ltr'><strong>provocaverit</strong></span> 
     </span>
    </p>
   </div>
   <div class='ocr_carea' id='block_1_121' title="bbox 1085 2743 1879 2785">
    <p class='ocr_par' dir='ltr' id='par_1_121' title="bbox 1085 2743 1879 2785">
     <span class='ocr_line' id='line_1_121' title="bbox 1085 2743 1879 2785; baseline -0.014 -3"><span class='ocrx_word' id='word_1_945' title='bbox 1085 2755 1237 2785; x_wconf 86' lang='lat' dir='ltr'><strong>hominum,</strong></span> <span class='ocrx_word' id='word_1_946' title='bbox 1253 2753 1288 2779; x_wconf 85' lang='lat' dir='ltr'><strong>ita</strong></span> <span class='ocrx_word' id='word_1_947' title='bbox 1309 2757 1336 2779; x_wconf 90' lang='lat' dir='ltr'><strong>ut</strong></span> <span class='ocrx_word' id='word_1_948' title='bbox 1356 2751 1409 2778; x_wconf 87' lang='lat' dir='ltr'><strong>voti</strong></span> <span class='ocrx_word' id='word_1_949' title='bbox 1425 2757 1534 2784; x_wconf 85' lang='lat' dir='ltr'><strong>compos</strong></span> <span class='ocrx_word' id='word_1_950' title='bbox 1558 2749 1642 2776; x_wconf 86' lang='lat' dir='ltr'><strong>ﬁeret.</strong></span> <span class='ocrx_word' id='word_1_951' title='bbox 1659 2747 1718 2774; x_wconf 81' lang='lat' dir='ltr'><strong>Fiat</strong></span> <span class='ocrx_word' id='word_1_952' title='bbox 1733 2747 1803 2774; x_wconf 89' lang='lat' dir='ltr'><strong>enim</strong></span> <span class='ocrx_word' id='word_1_953' title='bbox 1818 2743 1879 2775; x_wconf 79' lang='lat' dir='ltr'><strong>tibi,</strong></span> 
     </span>
    </p>
   </div>
   <div class='ocr_carea' id='block_1_122' title="bbox 1083 2793 1880 2838">
    <p class='ocr_par' dir='ltr' id='par_1_122' title="bbox 1083 2793 1880 2838">
     <span class='ocr_line' id='line_1_122' title="bbox 1083 2793 1880 2838; baseline -0.016 -8"><span class='ocrx_word' id='word_1_954' title='bbox 1083 2801 1246 2838; x_wconf 70' lang='lat' dir='ltr'><strong>inquit,sicut</strong></span> <span class='ocrx_word' id='word_1_955' title='bbox 1262 2800 1306 2828; x_wconf 76' lang='lat' dir='ltr'><strong>vis.</strong></span> <span class='ocrx_word' id='word_1_956' title='bbox 1321 2798 1413 2826; x_wconf 67' lang='lat' dir='ltr'><strong>Vidisti</strong></span> <span class='ocrx_word' id='word_1_957' title='bbox 1429 2796 1561 2832; x_wconf 84' lang='lat' dir='ltr'><strong>quomodo</strong></span> <span class='ocrx_word' id='word_1_958' title='bbox 1573 2796 1615 2829; x_wconf 86' lang='lat' dir='ltr'><strong>qui</strong></span> <span class='ocrx_word' id='word_1_959' title='bbox 1629 2795 1700 2829; x_wconf 84' lang='lat' dir='ltr'><strong>prius</strong></span> <span class='ocrx_word' id='word_1_960' title='bbox 1712 2793 1781 2821; x_wconf 89' lang='lat' dir='ltr'><strong>illam</strong></span> <span class='ocrx_word' id='word_1_961' title='bbox 1793 2797 1880 2826; x_wconf 82' lang='lat' dir='ltr'><strong>neque</strong></span> 
     </span>
    </p>
   </div>
  </div>
