2055 3123
183 109 236 136 355

183 169 312 200 responso
325 161 448 197 dignatus
473 160 567 194 fuerat,
581 168 652 188 nunc
674 158 857 194 largitionibus
869 155 975 185 certati

183 209 240 238 Non
256 208 327 236 enim
341 207 499 242 simpliciter
512 206 605 233 annuit
619 205 740 240 precibus
753 204 833 238 illius,
850 203 896 231 sed
912 210 979 237 pra:-

182 255 280 282 dicavit
293 258 321 282 et
343 253 488 282 celebravit
501 252 583 280 illam.
606 251 671 278 Nam
686 250 810 283 dicendo,
827 249 849 276 0
868 247 978 281 mulier,

184 298 353 333 monstravit,
367 298 501 334 quomodo
512 297 590 325 ﬁdem
601 297 659 332 ejus
671 296 856 331 ohstupcseat:
866 293 979 321 dicendo

185 349 283 378 autem,
300 343 396 380 Magna
417 349 453 371 est
467 343 531 379 ﬁdes
552 348 605 375 tua,
620 341 728 370 divitias
742 348 846 376 quoque
861 339 980 367 mulieris

185 390 309 418 ostendit.
324 389 425 418 Deinde
448 389 533 424 inquit
549 396 556 415 :
573 387 633 415 Fiat
653 386 697 414 tibi
709 386 773 413 sicut
787 386 832 412 vis.
846 384 979 418 Quantum

182 440 234 472 vis,
249 441 377 474 quantum
389 437 480 465 animo
491 436 620 471 concipis,
637 439 739 461 tantum
763 431 881 468 pra-beo.
895 430 979 458 Tanta

184 485 255 512 enim
274 489 316 511 tua
331 482 531 519 perseverantia
551 481 659 516 dignam
674 484 700 507 te
713 477 858 506 declaravit
878 481 921 504 tua
936 483 982 511 pe-

186 530 291 558 titione.
304 528 414 556 Vidistis
427 527 546 555 mulieris
559 524 736 554 constantiam
746 523 759 550 τ
769 522 872 550 vidistis
884 520 981 548 divina:

186 575 321 604 t‘ilationis
345 581 469 607 causam,
491 572 616 600 videlicet
638 575 667 598 ut
687 569 824 597 mulierem
840 566 980 594 clariorem

189 619 330 648 redderet?
345 618 495 646 Redeamus
509 622 609 650 autem,
623 616 645 643 si
661 614 756 651 placet,
770 612 804 640 ad
819 611 981 648 propositam

187 665 335 698 historiam,
349 669 376 692 et
389 664 524 691 discamus
540 666 649 698 propter
667 660 732 688 nihil
743 659 814 686 aliud
830 656 983 693 promissio-

187 720 236 740 ues
256 709 416 747 patriarcha:
431 709 515 737 iactas
537 712 577 736 tot
600 707 677 734 annis
692 705 804 742 implere
824 703 960 732 distulisse
973 723 981 736 ,

188 765 268 794 quam
284 761 313 784 ut
325 755 407 784 multa
421 763 482 783 eum
506 753 590 788 gloria
602 760 649 781 eas
663 752 701 780 illi
714 750 883 784 concederet,
897 748 984 776 omni-

187 804 290 839 busque
304 805 464 830 monstraret
469 800 535 836 justi
548 799 640 827 ﬁdem.
651 798 753 826 Idcirco
763 797 836 830 dicit,
846 795 983 831 Postquam

187 851 273 877 decem
295 856 374 876 annos
399 847 476 875 sintut
497 847 633 874 habitasset
653 845 681 872 in
704 849 771 872 terra
797 843 919 872 Chanaan
934 850 943 869 :
956 846 985 869 ut

189 895 277 924 discas
288 897 417 930 quantum
433 892 606 928 praztcriisset
620 890 748 926 temporis
759 897 792 918 es
806 896 859 925 quo
873 887 987 924 mntis-

188 941 278 969 siones
288 940 444 975 accepisset.
455 938 550 967 Statim
558 937 629 965 enim
642 941 670 964 ut
679 936 753 964 venit
761 936 787 963 in
795 935 983 965 Chananteam,

187 986 289 1014 audivit
304 995 312 1014 :
327 985 424 1014 Senrini
434 989 477 1013 tuo
491 984 556 1011 dabo
570 989 662 1011 terram
675 984 740 1010 hanc
753 990 763 1010 :
777 987 805 1010 et
816 985 889 1008 tanto
902 980 985 1008 inter-

190 1034 262 1061 vallo
276 1032 404 1068 temporis
419 1031 520 1066 absque
534 1030 625 1058 liberis
648 1032 794 1062 manserat,
808 1026 986 1061 stcrilitasque

189 1079 263 1106 Sorae
277 1078 385 1105 inierint
404 1076 559 1112 augebatur.
574 1073 607 1102 Et
620 1074 700 1109 dedit,
720 1073 815 1109 inquit,
831 1072 900 1108 Agar
913 1071 987 1099 Abra:

190 1123 243 1151 viro
257 1131 304 1151 suo
317 1123 345 1149 in
356 1129 472 1150 uxorem.

226 1170 254 1198 4.
272 1169 338 1196 Vide
350 1172 448 1204 quanta
459 1167 539 1196 etiam
550 1166 614 1194 olim
624 1164 789 1201 philosophia
805 1162 874 1200 apud
883 1166 987 1191 veteres

191 1215 384 1247 exercebatur;
403 1212 538 1248 quomodo
563 1216 591 1240 et
611 1211 663 1239 viri
685 1214 865 1246 temperantes
890 1212 986 1240 erant,

192 1268 369 1297 magnamque
391 1259 562 1287 continentiae
577 1257 710 1286 habebant
733 1257 873 1289 rationem,
888 1263 918 1283 ac
931 1263 989 1283 mu-

192 1308 272 1335 lieres
286 1305 424 1342 zelotypim
437 1305 563 1333 carebant
573 1304 647 1331 vitio.
663 1303 753 1331 Dedita
764 1303 835 1330 enim
847 1309 928 1337 Opera
938 1309 987 1328 sar-

193 1355 252 1390 pius
266 1353 331 1381 dicit
341 1353 475 1388 Scriptum
489 1361 495 1379 :
507 1351 541 1379 Et
553 1356 579 1378 ut
590 1351 648 1378 tulit
662 1350 730 1378 Sara
738 1349 846 1385 Agarem
855 1348 988 1375 ancillam:

191 1403 219 1426 et
233 1400 328 1426 iterum
343 1407 350 1424 :
366 1397 444 1424 Dedit
458 1405 514 1424 eam
523 1397 551 1424 in
572 1404 677 1424 uxorem
693 1403 702 1423 :
716 1399 745 1422 ut
758 1395 845 1422 discas
856 1392 989 1429 quomodo

191 1445 292 1479 absque
304 1443 385 1471 animi
397 1442 555 1478 aegritudine
568 1441 704 1477 negotium
715 1441 810 1476 egerit,
823 1444 850 1468 et
862 1444 990 1474 quantum

193 1490 263 1526 apud
279 1498 326 1518 eos
340 1494 412 1518 esset
427 1489 531 1517 virtutis
554 1488 681 1516 studium.
695 1488 722 1515 4.
737 1486 770 1514 Ει
786 1487 913 1522 ingrmus
934 1490 988 1519 est,

192 1535 288 1572 inquit,
303 1535 337 1562 ad
358 1535 436 1572 Agar,
462 1539 487 1562 et
510 1535 633 1568 concepit.
661 1533 728 1561 Vide
753 1532 888 1568 quomodo
912 1531 991 1559 discit

193 1584 271 1616 Sara,
286 1590 339 1610 non
352 1581 453 1618 justum
467 1582 493 1609 in
507 1588 586 1609 causa
602 1580 694 1614 fuisse,
707 1580 778 1615 quod
788 1583 910 1607 carerent
919 1578 989 1611 ﬁliis,

193 1628 242 1656 sed
266 1635 314 1655 sua
338 1627 428 1662 potius
451 1627 578 1654 sterilitas
594 1625 704 1654 :statim
725 1625 797 1653 enim
818 1631 991 1660 congressum

196 1682 258 1702 cum
272 1673 368 1701 ancilla
392 1672 554 1707 subsequuta
568 1676 609 1699 est
624 1671 772 1706 conceptio.
786 1670 918 1698 Cmterum
932 1669 992 1697 vide

194 1725 223 1749 et
236 1720 339 1748 ancillae
355 1720 487 1755 ingratum
505 1719 624 1746 animum
635 1739 642 1750 ,
657 1722 683 1746 et
698 1717 834 1745 muliebris
855 1724 934 1744 sexus
950 1716 992 1743 iu-

195 1766 348 1794 ﬁrmitatem
364 1775 371 1793 :
385 1770 414 1794 ut
427 1765 517 1793 discas
535 1765 618 1794 etiam
632 1765 682 1792 hoc
697 1765 755 1791 loco
769 1763 925 1799 patriarcha:
940 1762 992 1790 mi-

195 1821 254 1841 ram
266 1813 413 1841 lenitatem.
431 1811 464 1839 Et
483 1811 556 1845 vidit,
571 1811 667 1845 inquit,
683 1811 750 1846 quod
765 1815 862 1838 uterum
879 1815 972 1846 gereret
985 1830 992 1842 ,

196 1863 220 1885 et
233 1862 375 1893 contempta
396 1862 432 1885 est
455 1856 557 1884 domina
580 1864 666 1884 coram
685 1865 724 1883 ea.
750 1856 796 1884 Ille
819 1856 890 1883 enim
912 1855 994 1883 ferme

196 1911 335 1931 servorum
350 1911 409 1931 nios
434 1907 486 1937 est,
512 1907 541 1930 ut
560 1910 620 1930 cutn
644 1909 737 1938 parum
760 1901 942 1937 prosperitatis
956 1901 994 1928 eis

197 1950 352 1983 accesserit,
368 1954 502 1985 nequeant
516 1949 585 1977 intra
607 1956 670 1977 suos
684 1948 783 1976 limites
804 1956 932 1981 manere;
947 1947 995 1975 sed

198 1997 290 2024 statim
303 1996 344 2023 sui
358 1995 461 2023 ordinis
475 1995 676 2028 obliviscantur,
693 1999 721 2023 et
735 1995 830 2030 ingrati
843 1994 920 2022 facile
931 2002 994 2022 eva-

198 2041 264 2069 dant
278 2050 285 2069 :
300 2041 327 2069 id
342 2041 413 2076 quod
429 2046 456 2068 et
480 2041 542 2069 huic
563 2041 665 2069 ancillae
687 2041 792 2069 accidit.
807 2041 872 2068 Nam
889 2045 917 2068 ut
931 2041 996 2068 vidit

198 2088 268 2115 uteri
284 2088 426 2121 sarcinam,
443 2095 530 2122 neque
545 2088 661 2115 domina:
676 2087 861 2115 admirabilem
875 2087 996 2122 philoso-

201 2133 301 2168 phiam,
316 2140 405 2168 neque
419 2141 475 2160 suze
487 2133 647 2160 conditionis
659 2133 787 2160 vilitatem
800 2132 939 2168 cogitavit:
949 2132 996 2159 sed

199 2179 290 2206 inﬁata
306 2183 334 2206 et
347 2178 504 2213 superbiens
518 2178 678 2213 contempsit
694 2178 840 2212 dominam,
854 2185 912 2213 quae
926 2178 997 2205 illam

201 2230 256 2252 tam
268 2223 481 2252 commendatam
496 2224 624 2258 habebat,
640 2229 669 2251 ut
691 2229 718 2252 et
741 2225 766 2252 in
781 2225 830 2252 viri
853 2225 997 2252 thalamum

202 2269 365 2297 admitteret.
388 2269 457 2302 Quid
481 2269 561 2305 igitur
582 2269 669 2297 Sara?
686 2270 713 2296 5.
735 2269 824 2302 Dixit,
848 2270 943 2304 inquit,
964 2270 999 2297 ad

203 2317 297 2344 Abram
309 2324 319 2343 :
334 2315 436 2350 Iniuria
451 2325 466 2343 α
476 2321 500 2343 te
513 2316 617 2351 αιπιίον.
636 2315 702 2342 Ecce
715 2316 772 2342 dedi
785 2316 905 2342 ancillam
918 2324 1000 2343 meam

202 2364 228 2391 in
240 2363 325 2391 sinunt
339 2367 410 2390 tuum
425 2370 435 2390 :
449 2370 505 2398 quia
516 2362 575 2397 quia
590 2361 651 2388 vidit
662 2361 730 2396 quod
740 2366 838 2388 uterum
849 2362 923 2397 gerit,
937 2370 999 2388 con-

203 2408 309 2444 temptui
317 2416 404 2435 coram
412 2415 441 2435 ea
449 2407 534 2434 habita
543 2414 608 2434 sum.
620 2405 722 2433 Judicet
731 2404 797 2433 Deus
807 2406 872 2433 inter
880 2415 920 2434 me
931 2411 955 2434 et
965 2411 1000 2434 te.

204 2453 262 2487 llic,
277 2460 381 2488 quasso,
393 2452 576 2480 animadverte
590 2451 774 2479 incredibilem
794 2452 960 2480 tolerantiam
974 2458 1001 2480 et

205 2499 383 2527 reverentiam
396 2498 471 2534 justi,
487 2505 565 2533 quam
588 2505 649 2533 erga
665 2497 758 2525 Saram
779 2498 932 2531 declaravit,
953 2506 999 2524 vc-

205 2545 277 2572 niam
298 2545 332 2572 ab
354 2552 386 2572 ea
408 2549 502 2579 petens
522 2549 574 2571 tam
597 2544 730 2572 immerito
753 2544 848 2579 objecti
869 2544 999 2572 criminis.

203 2591 269 2624 Quae
288 2590 359 2618 enim
374 2590 497 2617 manibus
511 2589 634 2617 ancillam
646 2590 702 2616 viro
717 2590 871 2624 tradiderat,
885 2594 911 2618 et
924 2590 1000 2618 dixe-
1012 2593 1016 2598 '

206 2641 247 2663 rat
264 2645 270 2663 :
285 2635 424 2670 Ingredere
438 2636 472 2662 ad
485 2635 605 2663 ancillam
627 2644 728 2668 meam;
751 2644 811 2671 qum
824 2644 838 2663 a
858 2636 1001 2670 semetipsa

206 2687 233 2709 ιιι
246 2689 293 2709 sua
307 2686 402 2716 sponte
412 2681 444 2709 ad
459 2689 631 2717 congressum
643 2682 747 2710 hortata
761 2682 855 2716 fuerat,
868 2683 916 2710 ista
930 2690 1002 2710 nunc

206 2731 306 2754 nuttato
321 2727 411 2754 animo
427 2727 522 2763 inquit,
539 2727 640 2763 lnjuria
659 2733 710 2756 ate
728 2729 832 2764 afﬁcior.
848 2728 871 2756 Ο
883 2727 978 2755 mulier
991 2747 999 2761 ,

206 2772 332 2808 numquid
346 2772 402 2807 ipse
415 2772 446 2801 ad
457 2774 560 2802 ancilla:
571 2782 744 2810 congressum
756 2773 911 2802 festinavit?
924 2781 1002 2801 num-

205 2816 269 2854 quid
293 2819 495 2855 intemperantia
521 2819 686 2856 impellente,
713 2820 746 2848 ad
769 2829 823 2849 rem
850 2819 999 2848 habendam

549 103 577 131 Β.
597 100 736 132 JOANNIS
755 98 992 129 CIIRYSUSTOMI
1014 98 1170 126 AliClllEP.
1191 96 1455 126 CONSTANTINOP.

1767 98 1819 126 556

1035 162 1096 182 etim
1110 155 1205 182 ancilla
1218 154 1396 183 acceleravit?
1411 155 1430 182 Α
1446 159 1471 183 te
1486 161 1629 190 persuasus
1642 160 1668 182 et
1683 160 1729 183 tuo
1743 163 1819 183 man-

1031 203 1094 229 dato
1117 202 1314 237 obtemperans,
1330 201 1382 229 hoc
1402 201 1507 229 tandem
1532 201 1603 229 fecit.
1623 201 1679 234 Qua
1695 207 1721 229 te
1743 202 1820 237 igitur

1032 248 1127 283 injuria
1149 248 1260 276 maritus
1279 247 1387 275 affecit?
1408 247 1473 274 Ecce
1486 247 1545 274 dedi
1567 247 1686 274 ancillam
1701 255 1781 274 meum
1794 249 1821 275 in

1031 294 1115 320 sinum
1130 298 1209 320 tuum.
1223 292 1250 321 Si
1267 293 1347 328 igitur
1361 292 1451 320 fateris
1463 297 1489 320 te
1502 293 1618 326 dedisse,
1634 301 1683 321 nec
1697 294 1753 328 ipso.
1764 301 1820 321 eam

1032 347 1078 366 sua
1092 344 1187 374 sponte
1205 339 1347 374 acceperit,
1367 347 1449 375 quare
1469 339 1622 374 injustitiam
1637 339 1819 375 improperas!

1033 385 1129 417 Etiam,
1147 385 1229 420 inquit
1241 393 1248 418 ;
1268 393 1328 412 nam
1342 386 1462 420 quamvis
1476 393 1525 420 ego
1535 385 1664 417 dederim,
1676 386 1722 413 sed
1731 386 1823 414 videns

1033 430 1092 465 ejus
1103 431 1288 464 temeritatem,
1304 430 1420 458 debebas
1438 431 1565 458 cohibere
1584 436 1699 459 mentem
1713 436 1765 459 tam
1780 440 1824 467 pe-

1034 476 1173 504 tulantem.
1194 475 1264 503 Nam
1286 481 1313 503 nt
1332 476 1393 503 vidit
1407 484 1433 503 se
1452 481 1550 502 uterum
1569 484 1663 511 gerere,
1677 478 1824 512 contempsit

1034 529 1082 548 me.
1096 521 1197 548 Judicet
1221 521 1368 548 Deut’intcr
1393 529 1433 548 me
1454 526 1478 548 et
1491 526 1524 548 te.
1541 521 1608 549 Vere
1627 521 1685 549 ltzcc
1707 522 1824 550 mulieris

1034 567 1114 595 verba
1128 572 1198 599 sunt,
1217 571 1243 595 et
1266 567 1362 594 inlirmi
1383 567 1453 594 illius
1465 575 1543 595 sexus
1557 576 1564 600 ;
1580 568 1620 595 his
1635 569 1705 595 cnim
1725 568 1780 596 fere
1795 570 1825 597 il-

1035 613 1090 640 lum
1100 613 1242 648 alloquitur
1253 622 1259 640 :
1272 613 1328 649 Ego
1345 613 1450 649 quidem
1464 614 1583 641 volebam
1598 620 1670 642 tuum
1683 623 1824 644 mterorem

1035 659 1125 691 solari,
1140 666 1218 694 quem
1231 658 1314 686 habes
1327 667 1358 687 ex
1374 659 1454 694 prolis
1473 659 1560 695 inopia
1573 668 1580 693 ;
1605 666 1658 688 tam
1679 661 1825 689 officiosam

1035 711 1066 732 ea
1081 704 1106 731 in
1121 712 1151 732 re
1165 712 1207 732 me
1222 705 1334 739 prtehni.
1357 709 1386 732 ut
1399 709 1426 732 et
1444 706 1568 733 ancillam
1586 714 1672 734 meam
1686 708 1752 734 meis
1772 715 1825 734 ma-

1035 750 1113 778 nibus
1136 750 1286 783 traderem,
1310 756 1337 778 et
1360 751 1393 779 ad
1413 759 1585 787 congressum
1609 753 1826 782 coltortarerztu

1035 801 1124 824 autem
1141 796 1234 824 videns
1255 797 1323 824 hanc
1345 797 1406 825 inde
1425 797 1483 825 ﬁeri
1505 799 1706 833 petulantiorem
1722 805 1827 835 propter

1037 841 1104 869 uteri
1117 842 1260 876 sarcinam,
1276 848 1303 870 et
1313 850 1409 878 magno
1428 844 1496 870 fastu
1507 843 1603 876 inflari,
1617 852 1676 872 eum
1692 845 1827 873 debuisses

1037 887 1183 922 reprimere
1196 892 1223 916 et
1243 888 1334 916 ulcisci
1358 889 1416 924 ejus
1433 889 1459 916 in
1473 897 1516 917 me
1538 890 1656 924 injurias,
1670 890 1696 918 id
1717 899 1768 918 non
1792 892 1828 919 fe~

1037 933 1097 961 eisti
1110 943 1117 967 ;
1132 933 1178 962 sed
1190 934 1264 969 quasi
1280 935 1397 962 omnium
1410 935 1527 970 priorum
1540 935 1648 969 oblitus,
1660 944 1703 964 me
1715 937 1829 972 despicis

1037 979 1117 1007 etiam
1139 984 1177 1014 tu,
1199 987 1242 1008 me
1255 987 1314 1015 quae
1337 985 1422 1008 tecum
1446 985 1483 1008 tot
1502 982 1578 1008 annis
1600 981 1725 1015 habitari,
1749 988 1775 1010 et
1796 983 1830 1010 ab

1038 1025 1162 1061 Egyptia
1188 1025 1283 1054 ancilla
1305 1033 1363 1053 mea
1378 1031 1543 1054 contemnor.
1559 1027 1661 1054 Iudice:
1684 1028 1750 1055 Deus
1768 1029 1829 1056 inter

1039 1079 1078 1098 me
1091 1075 1114 1098 et
1126 1076 1159 1098 te.
1176 1071 1294 1099 Dolcntis
1308 1072 1402 1099 anima:
1416 1072 1507 1100 verba.
1522 1072 1555 1100 Et
1569 1073 1618 1100 nisi
1634 1074 1714 1101 tantis
1729 1074 1829 1102 virtuti-

1039 1117 1089 1145 bus
1102 1117 1230 1152 prtrditus
1243 1116 1335 1145 fuisset
1346 1117 1505 1152 patriarcha,
1520 1123 1547 1146 et
1559 1119 1585 1146 in
1598 1123 1669 1147 tanta
1683 1122 1830 1149 reverentia

1039 1162 1132 1190 Saram
1147 1162 1293 1195 habuisset,
1308 1170 1378 1197 aegre
1392 1163 1496 1190 tulisset
1517 1163 1573 1191 hate
1587 1165 1678 1197 verba,
1699 1170 1726 1192 et
1743 1174 1776 1192 ex
1789 1166 1831 1193 di-

1039 1212 1144 1237 ctorum
1159 1209 1302 1244 asperitate
1319 1209 1440 1237 dolorem
1455 1211 1628 1245 concepisset.
1653 1211 1750 1239 Verum
1775 1213 1831 1240 esi-

1040 1255 1109 1283 mius
1123 1254 1169 1283 ille
1188 1255 1222 1282 ad
1243 1262 1323 1282 sexus
1342 1255 1508 1291 fragilitatem
1531 1261 1665 1292 spectans,
1687 1267 1792 1287 omnem
1808 1260 1832 1288 ei

1040 1301 1145 1328 veniam
1169 1301 1252 1329 dedit.
1277 1301 1379 1328 Judicet
1402 1301 1472 1329 Deus
1494 1303 1559 1330 inter
1583 1312 1622 1331 me
1640 1310 1663 1331 et
1685 1310 1718 1332 te.
1742 1305 1833 1340 Cogita

1040 1352 1166 1383 quantam
1183 1355 1240 1376 rem
1255 1349 1365 1384 egerim,
1382 1353 1410 1376 ut
1424 1353 1449 1376 te
1461 1350 1625 1384 consolarer,
1641 1351 1732 1379 volens
1747 1356 1773 1379 te
1793 1353 1834 1380 vel

1041 1393 1068 1421 in
1083 1398 1221 1422 senectute
1232 1399 1334 1430 patrem
1350 1396 1449 1427 vocari,
1463 1396 1586 1423 ancillam
1606 1404 1692 1424 meam
1708 1397 1734 1424 in
1751 1397 1835 1433 digni-

1042 1443 1124 1468 tatem
1138 1447 1226 1468 meam
1240 1441 1313 1468 erexi
1328 1449 1334 1468 :
1350 1445 1376 1468 tu
1391 1446 1478 1468 autem
1491 1441 1583 1470 videns
1596 1442 1668 1470 illam
1683 1447 1736 1470 tam
1749 1444 1836 1479 ingra-

1045 1491 1108 1520 tam,
1126 1494 1179 1514 non
1193 1487 1265 1514 ultus
1280 1494 1319 1520 es,
1336 1495 1388 1515 non
1404 1488 1549 1523 rependisti
1563 1489 1627 1516 mihi
1642 1489 1714 1517 vices
1726 1490 1834 1518 heuevo

1043 1533 1132 1561 lentia:
1143 1541 1223 1569 quam
1237 1533 1262 1561 in
1278 1538 1303 1562 te
1320 1534 1462 1562 deciaravi.
1476 1534 1579 1562 indicet
1599 1535 1668 1563 Deus
1680 1536 1744 1563 inter
1762 1546 1801 1564 ine
1813 1544 1836 1564 et

1044 1584 1076 1607 te.
1094 1579 1151 1612 Ille,
1167 1579 1263 1615 inquit,
1286 1581 1330 1615 qui
1353 1580 1507 1608 abscondita
1522 1582 1639 1609 omnium
1653 1583 1772 1611 cordium
1788 1592 1835 1611 no-

1044 1625 1093 1657 vit,
1107 1625 1164 1659 ipse
1178 1625 1229 1653 erit
1241 1625 1321 1660 judcx
1343 1626 1414 1654 inter
1428 1633 1478 1653 nos
1493 1636 1501 1654 :
1515 1632 1542 1655 et
1561 1628 1694 1662 quomodo
1709 1636 1758 1663 ego
1777 1629 1836 1663 qui-

1044 1670 1104 1698 dem
1119 1670 1196 1698 vietis
1209 1672 1331 1699 omnibus
1351 1672 1534 1700 affectionibus
1546 1677 1617 1700 tuam
1628 1675 1837 1702 consolationem

1045 1723 1112 1743 mea:
1131 1716 1248 1751 pnetuli,
1267 1721 1292 1744 et
1306 1717 1332 1744 in
1351 1717 1447 1745 lectqu
1462 1725 1551 1746 meum
1563 1719 1686 1747 ancillam
1699 1727 1785 1747 meam
1800 1720 1838 1747 in-

1045 1761 1108 1789 duxi
1127 1770 1133 1789 :
1150 1762 1206 1797 ipse
1216 1768 1304 1790 autem
1314 1762 1381 1790 nihil
1395 1771 1488 1791 eorum
1499 1771 1558 1799 quae
1570 1771 1584 1791 a
1598 1772 1641 1792 me
1652 1764 1718 1792 facta
1729 1770 1800 1798 sunt,
1812 1766 1836 1792 in

1046 1813 1164 1836 mentem
1189 1809 1342 1845 accipiens,
1366 1810 1497 1844 permittis
1518 1810 1555 1838 illi
1585 1815 1614 1838 ut
1636 1817 1729 1839 contra
1753 1820 1837 1839 meam

1048 1855 1167 1891 insurgat
1190 1855 1344 1883 lenitamm:
1362 1864 1412 1884 nec
1433 1856 1570 1884 audaciam
1594 1858 1726 1892 reprimis,
1754 1866 1839 1892 neque

1048 1902 1176 1936 ingratam
1192 1902 1314 1937 castigas.
1331 1902 1398 1937 Quid
1411 1903 1491 1938 igitur
1511 1904 1621 1932 adamas
1635 1904 1687 1936 ille,
1705 1904 1781 1932 fortis
1797 1904 1839 1933 ille

1048 1948 1095 1976 Dei
1108 1949 1218 1983 athleta,
1233 1949 1277 1984 qui
1290 1950 1406 1984 undique
1418 1957 1531 1978 coronas
1543 1950 1594 1978 sibi
1611 1951 1759 1986 plectebat?
1772 1951 1839 1978 Mon-

1047 2000 1135 2023 strans
1149 1996 1272 2024 etiamin
1294 1996 1344 2024 hoc
1366 2004 1441 2024 suam
1455 1997 1590 2030 virtutem,
1611 1996 1670 2024 vide
1690 1997 1752 2032 quid
1771 1997 1840 2025 dicat

1048 2041 1072 2070 ei
1090 2051 1096 2069 :
1111 2042 1138 2069 6.
1155 2041 1222 2069 Ecce
1247 2042 1341 2069 ancilla
1362 2048 1406 2069 tua
1428 2043 1455 2069 in
1477 2043 1593 2071 manibus
1607 2044 1654 2070 tuis
1667 2051 1676 2070 :
1689 2048 1758 2070 utere
1771 2053 1800 2071 ea
1814 2050 1839 2070 ut

1049 2088 1093 2115 tibi
1105 2088 1201 2115 libitum
1215 2088 1299 2123 fuerit.
1317 2087 1412 2122 lugens
1428 2089 1500 2122 justo
1513 2089 1615 2117 virtutis
1634 2089 1761 2121 studium,
1774 2089 1838 2115 mira

1049 2134 1196 2162 tolerantia:
1205 2133 1432 2162 excellentia.Non
1441 2134 1524 2161 solutn
1534 2136 1663 2164 enimnon
1670 2134 1837 2170 mgretulitea

1049 2187 1108 2215 qu:e
1121 2179 1185 2207 Sara
1197 2179 1311 2212 dixerat,
1325 2179 1371 2207 sed
1384 2184 1410 2206 et
1423 2179 1566 2207 admodum
1580 2185 1718 2207 mansuete
1731 2187 1839 2215 respon-

1049 2226 1089 2254 dit
1107 2230 1136 2254 et
1149 2226 1234 2261 inquit
1246 2235 1252 2252 :
1267 2225 1416 2260 SuSpicaris
1428 2233 1471 2254 me
1481 2229 1616 2253 auctorem
1631 2233 1692 2253 esse
1703 2230 1839 2253 contume-

1050 2272 1144 2300 liarum
1174 2272 1269 2308 quibus
1283 2272 1376 2299 atfecta
1390 2279 1430 2305 es,
1446 2276 1472 2299 et
1487 2276 1564 2306 putas
1575 2278 1618 2298 me
1630 2270 1757 2298 obiectari
1773 2271 1799 2298 in
1809 2270 1840 2298 iis

1050 2326 1110 2353 qua:
1131 2318 1225 2345 ancilla
1248 2317 1388 2345 adversum
1413 2321 1439 2344 te
1459 2324 1523 2344 ausa
1547 2316 1606 2350 fuit,
1622 2316 1745 2351 quoniam
1760 2315 1841 2344 semel

1051 2363 1257 2391 communicavit
1270 2363 1333 2390 mihi
1355 2364 1381 2390 in
1405 2363 1473 2390 lecto
1489 2362 1580 2390 :disce
1600 2369 1643 2390 me
1659 2366 1686 2389 et
1707 2360 1821 2397 primum
1832 2381 1841 2394 ,

1051 2409 1102 2436 nisi
1123 2408 1174 2436 hoc
1194 2409 1370 2444 suscepissem
1391 2412 1420 2435 ttt
1441 2408 1487 2435 tibi
1506 2407 1679 2443 gratiﬁcarer,
1700 2415 1841 2442 numquatn

1029 2464 1040 2471 ε
1051 2455 1229 2482 admissurum
1245 2454 1325 2482 fuisse
1338 2454 1459 2481 ancillam
1474 2453 1499 2480 in
1514 2453 1610 2480 lectutn
1627 2457 1699 2480 tuum
1716 2460 1723 2479 :
1739 2459 1844 2480 rerum-

1053 2503 1140 2526 tamen
1164 2504 1193 2526 ut
1204 2507 1234 2527 rc
1249 2499 1305 2534 ipsa
1325 2499 1424 2526 certior
1448 2499 1505 2532 fias,
1527 2505 1590 2525 ecce
1612 2498 1638 2525 in
1658 2497 1779 2525 manibus
1794 2497 1844 2524 tuis

1052 2548 1093 2570 est
1106 2551 1112 2575 ;
1127 2547 1200 2571 utere
1223 2552 1253 2572 ea
1270 2549 1298 2571 ut
1311 2544 1356 2571 tibi
1379 2543 1517 2579 placuerit.
1532 2543 1598 2570 Num
1613 2543 1673 2578 quis
1685 2547 1842 2577 potestatem

1054 2594 1124 2616 luam
1149 2590 1262 2617 minuit?
1278 2598 1340 2617 num
1362 2590 1508 2618 dominium
1532 2589 1557 2616 in
1573 2597 1632 2617 eam
1645 2596 1660 2616 a
1683 2593 1710 2616 tc
1727 2589 1843 2616 ablatum

1053 2635 1115 2663 est?
1129 2635 1194 2663 Nam
1215 2635 1277 2663 licet
1297 2644 1356 2663 cum
1380 2643 1410 2663 ea
1424 2643 1583 2670 congressus
1599 2634 1706 2668 luerim,
1721 2634 1793 2662 salva
1807 2639 1845 2661 ta—

1053 2689 1114 2708 men
1127 2681 1214 2708 adhuc
1227 2686 1267 2708 est
1282 2681 1308 2708 in
1319 2688 1378 2708 eam
1394 2685 1510 2716 potestas
1523 2685 1577 2713 tua,
1592 2680 1647 2715 ipsa
1661 2680 1711 2707 sub
1724 2679 1845 2706 manibus

1054 2727 1106 2755 tuis
1127 2732 1168 2755 est
1180 2736 1187 2760 ;
1201 2727 1275 2762 puni,
1299 2727 1408 2763 castiga,
1431 2727 1537 2762 increpa
1552 2735 1559 2753 τ
1576 2730 1606 2754 ιιι
1629 2725 1744 2754 volueris
1758 2729 1786 2752 et
1800 2724 1845 2752 tibi

1054 2774 1195 2809 placuerit,
1213 2775 1252 2801 sic
1267 2774 1345 2801 facito
1360 2781 1420 2801 cum
1432 2781 1462 2801 ea
1476 2782 1483 2806 ;
1506 2777 1606 2801 tantum
1620 2780 1652 2799 ne
1667 2777 1826 2799 succenseas
1836 2790 1844 2802 ,

1055 2823 1156 2848 tantum
1172 2827 1204 2848 ne
1220 2820 1283 2848 mihi
1298 2820 1418 2855 imputes,
1430 2828 1488 2855 qua:
1504 2820 1545 2848 illa
1560 2819 1706 2855 petulanter
1720 2817 1783 2853 egit.
1794 2815 1845 2844 Ne-
