2055 3123
119 119 173 147 355

118 176 215 208 ἅπλῶς
227 176 295 212 αὐτῇ
317 177 437 217 παρέσχε
457 177 505 212 τήν
522 177 640 212 αῖτησιν,
658 176 726 203 ἀλλὰ
740 175 891 211 ἀνεκήρυξε
909 175 956 201 καὶ

119 221 293 255 ἐστεφάνωσε
304 229 310 234 ·
324 221 372 247 καὶ
383 221 423 256 τῷ
441 222 537 253 εὶπεῐν,
548 219 582 248 Ὦ
597 221 695 256 γύναι,
707 219 807 253 ἔδειξεν
821 219 894 250 ὅπως
907 219 956 244 αύ-

117 265 169 300 τῆς
184 265 234 301 τὴν
249 264 340 292 πίστιν
356 265 491 300 ἐξεπλάγη
503 274 510 280 ·
530 266 576 292 καὶ
591 265 630 300 τῷ
645 265 742 295 εἰπεῖν,
762 263 884 299 Μεγάλη
898 271 956 290 σου

119 306 138 338 ὴ
161 306 281 338 πίστις,
297 306 448 341 κατάδηλον
474 307 540 342 ἡμῖν
564 306 675 341 ἐποίησε
692 305 742 341 τῆς
765 304 892 338 γυναικὸς
911 303 957 330 τὴν
978 325 985 329 .

118 348 245 376 πλοῦτον.
268 347 335 376 Εἶτά
358 358 434 385 φησι,
447 350 607 384 Γενηθήτω
623 357 672 376 σοι
689 349 729 381 ὡς
749 348 857 380 θέλεις.
875 348 956 373 Ὅσον

118 392 224 426 βούλει,
238 393 299 420 ὂσον
314 393 410 425 θέλεις,
428 394 555 421 τοσοῦτον
571 394 692 429 παρέχω.
714 392 747 419 Ἦ
765 391 818 427 γὰρ
836 390 955 426 τοσαύτη

118 436 270 472 προσεδρία
280 437 357 470 ἀξίαν
372 446 401 464 σε
421 438 564 472 ἀποφαίνει
581 437 630 473 τῆς
643 438 786 471 αἰτήσεως.
802 436 892 462 Είδετε
906 435 955 469 τῆς

117 481 247 513 γυναικὸς
261 480 309 516 τὴν
323 481 455 514 εὐτονίαν,
467 481 551 508 εἴδετε
565 482 612 516 τῆς
625 480 671 507 τοῦ
686 480 753 507 Θεοῦ
766 478 955 515 μακροθυμίας

116 523 167 559 τὴν
183 525 283 556 αἰτίαν,
300 525 347 552 καὶ
368 526 408 552 ὅτι
429 525 663 561 περιφανεστέραν
680 525 764 560 αὐτὴν
788 523 954 560 ἐργάσασθαι

119 567 292 604 βουλόμενος,
306 569 350 595 διὰ
365 569 444 596 τοῦτο
458 569 637 602 meme—.0;
657 568 864 602 Ἐπανέλοωμεν
874 567 913 597 δὲ,
929 567 953 593 εἰ

116 612 201 644 δοκεῖ,
217 613 263 639 ἐπὶ
278 613 328 649 τὴν
345 613 529 649 προκειμένην
552 613 683 649 ἱστορίαν,
700 613 743 639 ἵνα
763 612 892 648 μάθωμεν
912 611 953 638 ὃτι

116 655 150 682 δι’
162 656 239 683 οὐδὲν
258 656 350 692 ἕτερον
364 657 393 683 ὲν
414 657 550 688 τοσούτοις
566 657 638 683 ἔτεσι
657 657 707 688 τὰς
726 655 891 690 ἐπαγγελίας
903 655 953 686 τὰς

116 699 188 726 κατὰ
206 699 252 726 τὸν
267 699 441 736 πατριάρχην
457 700 643 735 γεγενημένας
660 701 700 732 εἰς
716 699 795 735 ἔργον
810 699 860 725 οὑκ
875 697 952 734 [588]

116 743 232 777 ἢγαγεν,
247 743 304 770 ἀλλ’
324 743 368 770 ἵνα
385 744 454 779 μετὰ
467 744 567 779 πολλῆς
587 743 636 779 τῆς
654 742 830 778 περιφανείας
851 741 952 773 ταύτας

115 786 192 822 αὐτῷ
207 787 346 823 παράσχῃ.
367 788 414 814 καὶ
433 788 500 814 πᾶσι
513 787 560 814 τοῦ
579 787 683 814 δικαίου
699 787 748 822 τὴν
764 787 854 813 πίστιν
865 785 951 812 κατά-

115 830 195 865 δηλον
208 831 368 866 ἐργάσηται.
386 831 434 858 Διὰ
455 831 534 858 τοῦτό
550 840 627 866 φησι,
650 831 729 858 Μετὰ
743 830 815 857 δέκα
829 831 879 863 ἐτη
898 829 951 856 τοῦ

115 872 299 906 συνοικῆσαι
323 874 433 907 αὐτοὺς
456 875 491 901 ἐν
507 873 545 908 τῇ
561 873 696 906 Χαναὰν,
719 873 761 899 ἵνα
780 873 868 908 μάθῃς
890 873 951 903 ὅσος

116 915 240 951 παρῆλθε
254 916 348 951 χρόνος
363 917 392 949 ἐξ
405 914 435 943 οὗ
450 917 484 944 τὰ
494 917 544 952 τῆς
558 917 722 951 ἐπαγγελίας
732 916 849 948 ἐδέξατο,
862 915 950 947 Εὐθὺς

115 958 170 994 γὰρ
189 960 306 992 ἐπιστάς
321 962 353 996 τῇ
376 961 527 996 Χαναναία,
543 962 670 996 ήκουσεν,
687 961 727 987 ὅτι
749 960 790 992 Τῷ
803 959 951 993 σπέρματί

114 1009 174 1028 σου
187 1001 273 1029 δώσω
287 1003 344 1037 τὴν
358 1002 416 1038 γῆν
426 1004 548 1038 ταύτην,
558 1005 604 1030 καὶ
619 1005 648 1031 ὲν
660 1003 778 1039 τοσούτῳ
792 1003 873 1038 μήκει
889 1002 950 1039 χρό-

114 1053 160 1072 νου
177 1046 225 1073 καὶ
238 1047 318 1078 αὐτὸς
336 1047 420 1079 ἄπαις
435 1047 564 1082 διέμεινε,
580 1048 626 1075 καὶ
639 1048 687 1083 τῆς
703 1049 793 1083 Σάρας
809 1049 825 1082 ή
842 1047 950 1082 στείρω-

115 1098 156 1122 σις
173 1090 336 1118 ἐπετείνετο.
360 1091 415 1118 Καὶ
430 1092 521 1119 ἔδωκε
537 1092 594 1126 τὴν
613 1092 716 1127 Ἅγαρ,
734 1092 826 1126 φησὶν,
837 1092 949 1125 Ἀϐριιμ

114 1132 154 1165 τῷ
167 1133 255 1167 ιινὸρί
275 1134 370 1169 αὐτῆς
384 1136 428 1168 εἰς
443 1136 581 1169 γυναῖκα.

148 1175 181 1203 δ’.
192 1177 262 1213 Ὅρα
274 1179 344 1214 πόση
353 1179 383 1205 τὸ
396 1179 510 1206 παλαιὸν
525 1178 695 1206 ἐπολιτεύετο
706 1179 769 1213 παρ’
777 1178 868 1209 αὐτοῖς
879 1179 895 1213 ἠ
905 1187 949 1213 φι-

113 1219 241 1255 λοσοφία·
258 1221 315 1254 πῶς
332 1223 384 1255 καὶ,
398 1223 422 1249 οἰ
439 1223 535 1258 ἄνδρες
558 1221 628 1259 ἦσαν
648 1224 803 1258 ἐγκρατεῖς,
830 1223 877 1249 καὶ
899 1222 949 1257 τῆς

115 1265 293 1301 σωφροσύνης
313 1266 397 1292 πολὺν
420 1266 576 1302 ποιούμενοι
596 1267 684 1300 λόγον,
710 1267 756 1293 καὶ¹
772 1268 800 1293 αἰ
821 1267 949 1301 γυναῖκες

113 1308 278 1344 ζηλοτυπίας
301 1311 379 1342 ὲκῑδς
402 1311 558 1346 ἐτύγχανον.
576 1311 714 1347 Ἐπίτηδες
739 1311 792 1347 γὰρ
813 1312 830 1346 ἡ
853 1311 872 1337 Γ
876 1310 949 1346 ραφὴ

113 1353 235 1388 συνεχῶς
253 1353 336 1388 λέγει,
350 1354 404 1381 Καὶ
422 1355 560 1382 λαϐοῦσα
575 1355 657 1389 Σάρα
665 1355 757 1390 "Ay-ap
776 1354 834 1388 τὴν
853 1354 949 1381 παιδί-

112 1404 212 1431 tum"
237 1398 284 1424 καὶ
310 1398 401 1431 πάλιν,
423 1398 551 1426 Ἔδωκεν
568 1399 666 1433 αὐτὴν
683 1401 727 1432 εἰς
741 1399 884 1434 γυναῖκα·
905 1399 948 1426 ἵνα

112 1441 204 1478 μάθῃς
216 1442 290 1475 ὅπως
305 1442 417 1475 ἀπαθῶς
431 1443 461 1469 τὸ
478 1444 593 1479 πρᾶγμα
617 1442 796 1478 μετεχείριζε,
813 1443 860 1470 καὶ
877 1443 948 1479 πόση

111 1486 179 1522 παρ’
200 1487 293 1519 αὐτοῖς
309 1485 343 1523 ἧν
360 1488 376 1523 ή
395 1487 548 1522 φιλοσοφία.
562 1487 617 1515 Καὶ
635 1487 769 1522 εἰσῆλθε,
782 1489 857 1524 φησὶ,
873 1489 948 1522 πρὸς

111 1530 214 1565 Ἅγαρ,
225 1531 274 1558 καὶ
291 1532 469 1558 συνέλαϐεν.
478 1532 550 1567 ’Ὀρα
562 1532 622 1564 πῶς
635 1532 764 1568 μανθάνει
777 1534 794 1568 ἡ
810 1533 894 1568 Σάρα,
907 1533 947 1560 ὄτι

109 1574 141 1601 ού
159 1575 236 1610 παρᾶ
260 1575 305 1601 τὸν
325 1575 428 1602 δίκαιον
444 1576 473 1603 ὲν
489 1576 600 1612 ἀπαιδίᾳ
615 1576 771 1612 ἐτύγχανεν,
787 1577 855 1603 ἀλλὰ
872 1577 948 1610 παρὰ

110 1618 160 1654 τὴν
176 1619 320 1653 στείρωσιν
340 1619 388 1654 τὴν
405 1620 504 1654 ἑαυτῆς
516 1626 523 1633 '
545 1619 645 1652 εὐθέως
657 1621 740 1656 γὰρὴ
757 1621 882 1648 συνουσία
900 1621 948 1657 τὴν

111 1662 245 1697 σύλληψιν
260 1663 417 1698 εἰργάσατο.
431 1664 501 1690 Ἀλλ’
518 1664 567 1700 ὅρα
583 1664 662 1691 πάλιν
676 1665 725 1699 τῆς
739 1665 884 1701 παιδίσκης
899 1666 948 1701 τήν

110 1706 319 1742 ἀγνωμοσύνην,
333 1707 380 1733 καὶ
394 1708 443 1743 τῆς
453 1709 610 1742 γυναικείας
621 1708 728 1743 φύσεως
737 1708 786 1744 τὴν
795 1709 946 1742 ἀσθένειαν,

110 1750 156 1776 ἵνα
182 1750 270 1786 μάθῃς
296 1752 343 1778 καὶ
365 1751 489 1780 ἐντεῦθεν
514 1752 560 1778 τοῦ
585 1752 754 1788 πατριάρχου
780 1753 828 1788 τὴν
848 1753 948 1788 πολλὴν

110 1793 273 1821 ἐπιείκειαν.
292 1795 348 1821 Καὶ
366 1793 436 1826 εἶδε,
452 1796 542 1830 φησὶν,
564 1795 607 1822 ὅτι
627 1796 662 1822 ἐν
680 1796 785 1831 γαστρὶ
806 1796 878 1831 ἔχει,
898 1797 948 1824 καὶ

110 1838 263 1872 ἡτιμὰσθη
282 1839 301 1872 ή
314 1840 402 1872 κιφία
414 1839 554 1866 ἐναντίον
570 1839 675 1873 αὐτῆς.
691 1840 816 1867 Τοιοῦτον
830 1841 884 1876 γὰρ
894 1841 947 1868 τῶν

111 1882 226 1909 οἰκετῶν
243 1882 274 1908 τὸ
293 1880 374 1918 ἦθος’
393 1882 426 1909 ἂν
453 1884 553 1919 μικρᾶς
581 1883 734 1919 εὐπραγίας
753 1884 945 1918 ἐπιλάϐωνται,

111 1925 162 1951 οὐκ
172 1925 314 1961 ἀνέχονται
329 1926 418 1961 μένειν
428 1927 493 1953 εἵσω
502 1927 556 1953 τῶν
566 1927 674 1953 οἰκείων
683 1927 764 1962 ὅρων,
778 1927 834 1955 ἀλλ’
846 1928 948 1958 εὐθέως

111 1969 336 1996 ἐπιλανθάνονται
350 1970 400 2006 τῆς
414 1970 517 2002 οἰκείας
537 1970 650 2004 τάξεως,
671 1971 718 1997 καὶ
738 1971 805 2006 πρὸς
821 1971 947 2007 ἀγνωμο-

113 2011 197 2047 σύνην
214 2013 387 2048 ἐπείγονται·
408 2014 476 2049 ὅπερ
490 2014 536 2040 καὶ
547 2014 616 2049 αὑτὴ
630 2015 646 2049 ἡ
661 2014 790 2049 παιδίσκη
802 2014 945 2041 πέπονθεν.

117 2055 228 2091 Ἐπειδὴ
245 2057 299 2092 γὰρ
311 2055 364 2083 εἶδε
379 2056 428 2092 τῆς
448 2057 565 2092 γαστρδς
587 2057 633 2084 τὸν
648 2057 739 2091 ὄγκον,
754 2058 804 2084 οὐκ
819 2058 947 2085 ἐννοοῦσα

111 2099 142 2125 οὐ
155 2099 206 2133 τῆς
216 2099 360 2135 δεσποίνης
372 2099 421 2135 τὴν
435 2100 536 2134 ἄφατον
553 2100 721 2135 φιλοσοφίαν,
735 2102 764 2127 οὐ
779 2102 827 2136 τῆς
843 2101 946 2134 οἰκείας

111 2142 189 2176 ἀξίας
201 2144 251 2178 τήν
261 2143 408 2176 εὐτέλειαν,
421 2144 477 2170 ἀλλ’
490 2144 638 2179 ἐπαρθεῖσα
649 2145 695 2171 καὶ
707 2145 778 2180 μέγα
789 2145 946 2180 φρονήσασα

111 2187 235 2222 ὑπερορᾷ
260 2187 309 2221 τῆς
328 2187 469 2222 δεσποίνης
487 2187 536 2223 τῆς
552 2187 687 2223 τοσαύτην
700 2188 766 2224 περὶ
787 2188 872 2225 αὐτὴν
887 2189 947 2216 ἐπι-

111 2230 273 2266 δειξαμένης
284 2230 333 2266 τὴν
346 2231 517 2266 κηδεμονίαν,
532 2231 570 2263 ὼς
585 2232 632 2258 καὶ
646 2232 692 2258 ἐπὶ
706 2232 756 2268 τὴν
769 2232 849 2268 εὐνὴν
862 2233 946 2268 αὐτὴν

110 2274 224 2308 ἀγαγεῖν
241 2273 288 2300 τοῦ
305 2274 410 2309 ἀνδρός.
426 2274 459 2300 Τί
472 2271 517 2301 οὖν
532 2275 548 2310 ή
564 2275 656 2311 Σάφας
674 2273 758 2308 Ehe,
776 2277 853 2311 φησὶ,
871 2277 946 2311 πρὸς

112 2317 220 2352 Ἅϐραμ
230 2326 237 2333 ·
259 2316 423 2352 Ἆδικοῦμαι
441 2318 474 2344 ἐκ
489 2317 558 2346 σοῦ.
574 2317 646 2345 Ἰδοὺ
661 2318 775 2346 δέδωκα
788 2320 864 2353 ’τὴν
878 2327 945 2347 παι-

110 2360 223 2394 δίσκην
238 2370 298 2395 μου
312 2362 355 2394 εἰς
373 2362 426 2388 τὸν
446 2362 562 2388 κόλπον
575 2370 633 2390 σου
644 2370 650 2376 ·
672 2362 779 2390 ἰδοῦσα
797 2363 831 2389 δὲ
846 2363 891 2391 ὅτι
911 2364 946 2391 ἐν

109 2404 217 2438 γαστρί
236 2404 311 2439 ἔχει,
335 2404 504 2439 ήτιμάσθην
521 2406 660 2432 ἐναντίον
677 2406 782 2440 αὐτῆς.
805 2408 909 2441 Κρίναι
929 2410 946 2435 ὁ

110 2448 183 2481 Θεὸς
200 2448 259 2475 ἀνὰ
271 2448 370 2483 μέσον
385 2449 458 2483 ἐμοῦ
474 2449 524 2475 καὶ
542 2449 610 2476 σοῦ.
629 2450 760 2476 Ἐνταῦθα
785 2459 830 2485 μοι
849 2451 945 2479 σκόπει

108 2491 156 2518 τοῦ
170 2491 275 2519 δικαίου
290 2493 340 2527 τὴν
357 2492 458 2527 ἄφατον
484 2493 683 2529 μακροθυμίαν,
706 2494 752 2521 καὶ
767 2494 815 2530 τὴν
831 2494 898 2522 αἰδὼ
912 2496 944 2531 ἣν

109 2536 174 2571 περὶ
187 2536 236 2571 τὴν
258 2536 348 2571 Σάραν
366 2536 560 2569 ἐπιδείκνυται,
577 2537 742 2573 συγγνώμην
764 2538 848 2574 αὐτὴν
862 2539 945 2566 αἰτῶν

107 2580 156 2614 τῆς
170 2580 268 2614 ἀλόγου
283 2579 384 2615 ταύτης
397 2581 495 2612 αἰτίας.
510 2580 541 2607 Ἡ
555 2580 609 2615 γὰρ
621 2582 680 2613 ταῖς
694 2582 772 2617 χερσὶ
787 2582 944 2617 παραδοῦσα

107 2623 157 2659 τὴν
170 2624 318 2659 παιδίσκην
330 2623 369 2659 τῷ
386 2624 473 2659 ἀνδρὶ,
489 2625 506 2659 ή
523 2624 647 2656 εἰποῦσα,
661 2625 789 2652 Εῖσελθε
799 2626 874 2660 πρὸς
889 2627 945 2660 τὴν

108 2667 275 2701 παιδίσκην
290 2676 365 2702 μου·
384 2669 401 2703 ή
425 2668 530 2695 οἴκοθεν
553 2668 600 2695 καὶ
623 2668 668 2703 ἀφ’
687 2669 786 2705 ἑαυτῆς
808 2670 875 2705 πρὸς
896 2671 944 2706 τὴν

109 2712 251 2739 συνουσίαν
260 2712 340 2739 αὑτὸν
351 2712 573 2748 προτρεψαμένη,
585 2712 655 2748 αὕτη
666 2712 712 2740 νῦν
724 2714 944 2751 μεταδαλλομένη

109 2756 203 2790 φησὶν,
220 2755 386 2791 Ἀδικοῦμαι
407 2757 441 2783 ἐκ
461 2756 530 2783 σοῦ.
546 2756 592 2792 Μὴ
607 2756 660 2793 γὰρ
681 2757 763 2789 αὐτὸς
779 2758 942 2794 ἐπέδραμεν,

107 2796 130 2827 ὧ
144 2799 236 2834 γύναι,
251 2800 284 2835 τῇ
299 2800 348 2834 τῆς
369 2800 515 2835 παιδίσκης
534 2800 676 2836 συνουσίας
696 2801 733 2836 μὴ
748 2801 801 2837 γὰρ
815 2802 843 2835 ἐξ
864 2803 944 2829 ἀσελ-

109 2844 185 2879 γείας
202 2844 332 2880 ὁρμηθεὶς
348 2845 387 2880 τῷ
401 2845 543 2881 πράγματι
566 2845 733 2881 ἐπεπήδησε,
752 2847 796 2873 Σοὶ
818 2848 942 2884 πειθόμε-

141 2926 154 2942 ι
168 2927 196 2951 λιι
217 2928 222 2951 ἶ
235 2928 299 2953 lblzis
320 2929 411 2960 legitur
425 2930 471 2961 ἰτὼ
486 2930 587 2955 δέδωκα.

668 116 700 146 IN
718 117 795 146 CAP.
816 115 873 144 XVI
893 115 1014 144 GENES.
1035 114 1151 144 1103111..
1172 116 1312 146 XXXVIII.

1009 182 1053 204 νος
1068 174 1115 201 καὶ
1129 174 1168 210 τῷ
1183 175 1220 210 σῷ
1236 176 1402 211 ὲπιτάγματι
1421 175 1500 203 τοῦτο
1516 175 1660 212 πεποίηκε.
1674 175 1706 202 Τί
1721 173 1766 202 οὖν
1782 177 1840 211 ἡδε-

1007 223 1088 250 κησαι
1109 217 1183 251 παρὰ
1199 216 1245 243 τοῦ
1262 217 1372 253 ἀνδρός
1390 217 1463 244 Ἰδοὺ
1480 217 1592 245 δέδωκα
1604 219 1662 252 τὴν
1674 217 1840 251 παιδίσκην

1004 265 1063 290 μου
1077 258 1119 290 εἰς
1136 257 1190 283 τὸν
1203 258 1319 284 κόλπον
1332 265 1400 285 σου.
1419 259 1450 285 EI
1466 259 1554 286 τοίνυν
1564 259 1704 294 ὁμολογεῖς
1715 259 1755 285 ὅτι
1769 259 1839 294 αὐτὴ

1005 298 1132 330 δέδωκας,
1149 298 1196 325 καὶ
1209 300 1259 326 οὐκ
1275 299 1320 334 ἀφ’
1336 300 1433 326 ἑαυτοῦ
1447 300 1522 336 [589]
1544 301 1645 336 ταύτην
1659 300 1750 333 ἔλαϐε,
1766 300 1839 331 τίνος

1006 339 1098 366 ἕνεκεν
1115 340 1222 367 ἀδικίαν
1243 341 1384 375 ὲγκαλεῖς;
1399 342 1454 368 Ναὶ
1465 362 1471 373 ,
1489 341 1585 376 φησίν·
1604 342 1627 368 εἰ
1643 341 1697 377 γὰρ
1719 342 1766 368 καὶ
1784 341 1839 375 ἐγὼ

1006 377 1120 409 δέδωκα.
1134 379 1191 406 ἀλλ’
1207 379 1278 415 δρῶν
1298 381 1384 415 αὐτῆς
1398 381 1448 417 τὴν
1470 381 1632 416 προπέτειαν
1652 380 1766 415 ὥφειλες
1779 382 1839 407 tm-

1006 421 1080 455 σχεῖν
1094 421 1179 456 αὐτῆς
1190 421 1239 456 τὴν
1252 422 1399 448 ἀκόλαστον
1411 421 1532 457 γνώμην.
1550 422 1665 449 Ἰδοῦσα
1677 422 1733 456 γὰρ
1747 422 1790 448 ὅτι
1805 423 1839 449 ἐν

1005 461 1110 495 γαστρὶ
1137 462 1209 496 ἔχει,
1236 462 1405 498 ήτιμάσθην
1421 463 1559 490 ἐναντιον
1575 462 1681 496 αὐτῆς.
1702 464 1807 497 Κρίναι
1822 465 1838 490 ὸ

1005 503 1077 535 Θεὸς
1088 503 1147 530 ἀνὰ
1156 503 1253 538 μέσον
1265 504 1337 539 ἐμοῦ
1348 505 1396 531 καὶ
1409 505 1477 532 σοῦ.
1489 505 1618 536 Γυναικός
1630 504 1737 540 άληθῶς
1751 504 1838 531 ταῦτα

1002 543 1037 569 τά
1046 544 1154 579 ῥήματα
1166 545 1212 571 καὶ
1226 545 1276 580 τῆς
1290 545 1428 578 ἀσθενείας
1441 545 1542 581 ταύτης
1553 546 1601 581 τῆς
1611 545 1717 580 φύσεως
1726 554 1733 560 '
1750 554 1839 580 μονον-

1004 585 1062 619 ουχὶ
1081 585 1134 620 γὰρ
1154 585 1240 613 ταῦτά
1263 595 1328 622 φησι
1347 588 1414 622 πρὸς
1431 587 1526 613 αὐτόν·
1551 587 1620 621 Ἐγὼ
1635 586 1684 621 μὲν
1696 586 1744 622 τὴν
1757 587 1838 612 ἁπαι-

1003 624 1062 651 δίαν
1081 625 1229 663 βουλομένη
1243 628 1492 663 παραμυθήσασθαι
1509 627 1557 664 τὴν
1569 628 1627 664 σὴν,
1642 627 1774 662 τοσαύτην
1790 628 1838 653 ἐπ-

1004 666 1148 703 εδειξάμην
1164 668 1212 704 τὴν
1235 669 1407 704 κηδεμονίαν,
1419 670 1456 701 ὡς
1473 670 1521 696 καὶ
1540 669 1589 705 τὴν
1610 669 1679 705 ὲμήν
1693 669 1837 703 παιδίσκην

1004 708 1050 735 καὶ
1061 711 1119 741 ταῖς
1133 711 1254 746 ἐμαυτῆς
1274 719 1314 738 σοι
1336 711 1414 747 χερσὶ
1432 711 1611 746 παραδοῦναι,
1631 711 1678 738 καὶ
1702 710 1770 746 πρὸς
1788 710 1838 745 τὴν

1004 751 1145 778 συνουσίαν
1164 752 1368 788 προτρέψασθαι
1379 760 1385 766 ·
1402 752 1473 788 ὁρῶν
1485 752 1513 779 δὲ
1527 753 1607 783 αὐτὸς
1618 752 1741 780 ἐντεῦθεν
1752 752 1836 786 αὐτὴν

1002 792 1150 828 γενομένην
1161 794 1380 829 προπετεστέραν
1393 793 1436 821 διὰ
1446 793 1492 820 τὸν
1501 794 1549 828 τῆς
1557 793 1673 828 γαστρὸς
1682 793 1774 827 δγκον,
1789 793 1836 820 καὶ

1002 834 1173 868 φρονήματος
1194 834 1436 869 ἐμπεπλησμένην,
1451 834 1510 861 δέον
1524 834 1678 861 ἀναστεῖλαι
1696 833 1744 860 καὶ⁸
1765 833 1837 859 ἐκδι-

1001 874 1083 909 κῆσαί
1099 884 1128 902 σε
1146 876 1194 907 τὰς
1207 875 1300 911 ὕϐρεις
1314 876 1364 907 τὰς
1379 877 1420 906 εἰς
1435 876 1484 910 ἐμὲ
1503 875 1658 910 γινομένας,
1674 875 1724 901 οὐκ
1743 874 1837 909 ὲποίη-

1002 923 1050 948 σας
1061 924 1068 932 ’
1088 916 1144 943 ἀλλ’
1159 918 1258 944 ὡσανεὶ
1279 918 1386 944 πάντων
1402 917 1456 943 τῶν
1477 917 1617 952 προτέρων
1632 915 1834 950 ἐπιλαθόμενος,

1001 958 1179 993 περιορᾶσθαι
1195 959 1244 994 ἐμὲ
1260 958 1407 995 καταδέχῃ,
1425 958 1474 993 τὴν
1488 959 1516 984 ὲν
1533 957 1671 989 τοσούτοις
1685 957 1757 983 ἔτεσι
1773 964 1836 982 συν-

1000 1000 1159 1035 οικήσασαν,
1176 1000 1228 1027 ὑπὸ
1250 1001 1298 1036 τῆς
1312 999 1464 1034 Αἰγυπτίας
1482 1000 1530 1034 τῆς
1542 999 1685 1034 παιδίσκης
1700 998 1748 1034 τῆς
1765 998 1836 1033 ἐμῆς

999 1041 1212 1077 ἀτιμαζομένην.
1236 1042 1339 1076 Κρίνιιι
1363 1043 1379 1068 ὁ
1399 1041 1471 1074 Θεὸς
1487 1040 1545 1067 ἀνὰ
1568 1039 1664 1075 μέσον
1686 1038 1760 1074 ἐμοῦ
1785 1039 1835 1066 καὶ

999 1083 1066 1110 σοῦ.
1077 1083 1261 1119 Ὸδυνωμένης
1275 1083 1362 1118 ψυχῆς
1378 1082 1409 1109 τὸ
1424 1083 1510 1118 ῥῆμα.
1531 1082 1584 1120 Καί
1600 1082 1623 1107 εί
1640 1082 1676 1116 μὴ
1689 1081 1834 1116 φιλόσοφός

999 1133 1040 1156 τις
1055 1122 1089 1160 ἦν
1103 1125 1118 1151 6
1134 1125 1317 1160 πατριάρχης,
1330 1125 1378 1151 καὶ
1391 1123 1491 1159 πολλὴν
1505 1123 1554 1159 τήν
1568 1122 1634 1149 αἰδὼ
1645 1123 1708 1158 περὶ
1721 1123 1770 1157 τὴν
1782 1122 1834 1150 Σά-

1000 1175 1048 1201 ραν
1060 1166 1241 1198 ἐπεδείκνυτο,
1260 1167 1307 1192 καὶ
1324 1165 1501 1201 ἐδυσχέρανεν
1519 1165 1552 1192 ἂν
1572 1165 1640 1200 πρὸς
1653 1165 1689 1191 τὰ
1711 1166 1833 1200 ῥήματα.
1851 1190 1858 1196 ,

999 1207 1045 1234 καὶ
1060 1208 1177 1242 ήλγησεν
1191 1207 1237 1234 ἐπὶ
1260 1208 1292 1242 τῇ
1316 1207 1447 1243 βαρύτητι
1465 1206 1520 1233 τῶν
1541 1206 1700 1241 λεχθέντων,
1728 1205 1797 1232 Ἀλλ’
1820 1207 1835 1232 ὁ

999 1248 1147 1283 θαυμάσιος
1160 1246 1236 1280 οὗτος
1252 1249 1320 1284 πρὸς
1333 1249 1363 1275 τὸ
1378 1248 1427 1283 τῆς
1447 1248 1556 1282 φύσεως
1579 1246 1693 1278 ἀσθενὲς
1714 1246 1834 1282 ἀφορῶν,

999 1291 1089 1316 πᾶσαν
1105 1290 1204 1317 ἔδωκεν
1225 1291 1293 1325 αὐτῇ
1318 1289 1494 1325 συγγνώμην.
1515 1289 1619 1324 Κρίναι
1643 1291 1659 1315 ό
1683 1289 1756 1321 Θεὸς
1777 1287 1835 1314 ἀνὰ

995 1330 1094 1365 μέσον
1109 1331 1182 1366 ἐμοῦ
1201 1331 1250 1358 καὶ
1267 1331 1335 1358 σοῦ.
1353 1330 1507 1365 Ἐννόησον,
1523 1330 1600 1365 φησὶ,
1622 1329 1703 1356 πόσον
1718 1329 1835 1364 πρᾶγμα

999 1372 1184 1407 κατεδεξάμην
1205 1372 1249 1399 διὰ
1272 1372 1322 1407 τὴν
1345 1371 1394 1407 σὴν
1419 1371 1605 1408 παραμυθίαν,
1630 1370 1778 1406 βουλομένη
1804 1378 1834 1396 σε

998 1413 1049 1440 κᾶν
1065 1414 1128 1448 γοῦν
1145 1414 1174 1440 ὲν
1187 1414 1261 1450 γήρᾳ
1274 1413 1379 1449 πατέρα
1395 1412 1537 1448 κληθῆναι,
1559 1413 1605 1439 καὶ
1620 1411 1669 1447 τὴν
1687 1411 1833 1445 παιδίσκην

998 1455 1048 1491 τὴν
1060 1455 1129 1490 ἐμὴν
1144 1456 1183 1487 εἰς
1199 1456 1249 1491 τὴν
1261 1455 1339 1487 ἀξίαν
1353 1455 1368 1474 ιδ
1382 1454 1430 1489 τὴν
1445 1454 1567 1488 ἐμαυτῆς
1584 1454 1719 1488 ἀνήγαγον
1729 1460 1736 1467 ·
1753 1452 1785 1478 σὺ
1804 1451 1834 1477 δὲ

998 1497 1068 1532 ὁρῶν
1084 1497 1250 1532 ἀγνωμόνως
1265 1496 1350 1532 αὐτὴν
1367 1495 1490 1523 ἐντεῦθεν
1502 1494 1679 1527 διατεθεῖσαν,
1695 1494 1745 1520 οὐκ
1760 1493 1832 1528 ημυ-

998 1546 1057 1570 νας,
1073 1538 1122 1564 οὐκ
1135 1537 1246 1574 ὴμείψω
1262 1546 1295 1573 με
1315 1538 1364 1573 τῆς
1385 1537 1507 1573 γνώμης.
1524 1537 1556 1573 ἡν
1571 1536 1635 1572 περὶ
1648 1536 1678 1562 σὲ
1695 1534 1834 1567 ἐπεδειξά-

1000 1588 1062 1614 μην.
1075 1580 1178 1613 Κρίναι
1195 1581 1211 1606 ὁ
1226 1580 1298 1612 Θεὸς
1317 1579 1376 1606 ἀνὰ
1391 1579 1489 1614 μέσον
1507 1578 1581 1613 ἐμοῦ
1597 1578 1646 1604 καί
1663 1576 1730 1604 σοῦ.
1748 1577 1834 1603 Ἐκεῖ-

998 1629 1052 1653 νος,
1068 1621 1159 1656 φησὶν,
1172 1622 1186 1648 6
1196 1621 1229 1648 τὰ
1241 1621 1388 1657 ἀπόρρητα
1400 1621 1515 1648 ἑκάστου
1530 1620 1709 1656 ἐπιστάμενος
1721 1619 1768 1654 τῆς
1779 1618 1834 1644 δια-

999 1662 1082 1694 νοίας,
1095 1663 1175 1695 αὐτὸς
1197 1663 1274 1690 ἐσται
1294 1663 1389 1698 κριτὴς
1407 1662 1508 1698 μεταξὺ
1525 1662 1614 1698 ἡμῶν,
1631 1661 1679 1688 καὶ
1696 1660 1754 1691 πῶς
1777 1659 1832 1694 ἐγὼ

1000 1703 1049 1739 μὲν
1059 1705 1158 1736 παντὸς
1172 1704 1274 1736 πάθους
1284 1704 1408 1739 ἀνωτέρα
1418 1703 1551 1739 γενομένη
1564 1702 1734 1738 προετίμησα
1751 1702 1833 1736 ἐμαυ-

998 1746 1047 1781 τῆς
1061 1746 1111 1781 τὴν
1130 1745 1306 1781 παραμυθίαν
1323 1746 1372 1779 τὴν
1397 1746 1457 1781 σὴν,
1482 1745 1528 1772 καὶ
1548 1745 1588 1776 εἰς
1609 1743 1658 1779 τὴν
1682 1742 1762 1778 εὐνὴν
1781 1743 1832 1777 τὴν

999 1787 1068 1822 ὲμὴν
1084 1787 1132 1822 τὴν
1146 1787 1289 1822 παιδίσκην
1300 1788 1447 1822 ἀνήγαγον·
1468 1786 1548 1817 αὐτὸς
1570 1785 1598 1812 δὲ
1613 1785 1687 1812 οὐδὲν
1697 1784 1751 1810 τῶν
1766 1784 1831 1819 παρ’

999 1828 1066 1863 ἐμοῦ
1084 1828 1238 1863 γενομένων
1255 1830 1283 1855 ἐν
1301 1827 1406 1864 διανοίᾳ
1433 1827 1532 1859 λαϐὼν,
1555 1828 1703 1862 συγχωρεῖς
1725 1825 1831 1860 ἐκείνην

999 1869 1241 1902 κατεξανίστασθαι
1256 1870 1305 1905 τῆς
1323 1869 1394 1905 ἐμῆς
1412 1868 1573 1900 ἐπιεικείας,
1590 1868 1640 1894 οὐκ
1659 1867 1832 1898 ἀναστέλλεις

997 1911 1047 1945 τὴν
1062 1911 1174 1945 τόλμαν,
1199 1910 1260 1937 οὐδὲ
1284 1910 1459 1946 σωφρονίζεις
1479 1910 1528 1945 τὴν
1542 1909 1695 1944 ἀγνώμονα.
1712 1907 1744 1933 Τί
1757 1906 1802 1934 οὖν
1816 1909 1831 1934 6

998 1952 1115 1987 ἀδάμας,
1139 1953 1153 1978 6
1175 1953 1299 1986 γενναῖος
1323 1951 1507 1990 ἀθληεῂίλοῦ
1535 1950 1612 1983 Θεοῦ,
1629 1951 1644 1976 6
1662 1948 1860 1990 πανταχόθεν-

998 1992 1087 2028 ὲαυτῷ
1106 1992 1215 2019 πλέκων
1231 1992 1293 2024 τοὺς
1316 1989 1479 2026 στεφάνουςς
1504 1991 1616 2022 Δεικνὺς
1632 1991 1678 2017 καὶ
1692 1989 1735 2016 διὰ
1753 1989 1831 2016 τοῦτο

997 2033 1046 2069 τὴν
1061 2035 1163 2061 οἰκείαν
1177 2033 1287 2068 ἀρετὴν,
1302 2033 1353 2068 ὅρα
1371 2033 1396 2059 τί
1412 2041 1478 2068 φησι
1502 2032 1569 2068 πρὸς
1587 2032 1673 2066 αὑτήν
1685 2039 1691 2045 ·
1717 2030 1794 2058 Ἰδοὺ
1810 2031 1830 2064 ἠ

998 2075 1142 2109 παιδίσκη
1157 2081 1216 2101 σου
1230 2074 1264 2101 ὲν
1282 2074 1346 2107 ταῖς
1360 2075 1448 2109 χερσί
1464 2082 1521 2101 σου
1534 2082 1540 2089 ·
1562 2073 1622 2108 χρῶ
1637 2071 1725 2106 αὐτῇ,
1737 2073 1777 2105 ὡς
1792 2071 1831 2098 ἄν

997 2125 1046 2144 σοι
1061 2116 1189 2150 ἀρεστὸν
1199 2113 1230 2151 ᾖ.
1239 2116 1352 2150 Μεγάλη
1365 2115 1411 2142 τοῦ
1428 2115 1533 2143 δικαίου
1549 2116 1565 2151 ἡ
1578 2114 1730 2150 φιλοσοφία,
1743 2113 1829 2148 πολλὴ

996 2158 1047 2193 τῆς
1063 2157 1250 2194 μακροθυμίας
1266 2159 1283 2192 ή
1303 2156 1448 2193 ὑπερϐολή.
1461 2157 1497 2183 Οὐ
1521 2157 1600 2192 μόνον
1621 2156 1675 2192 γὰρ
1691 2156 1742 2183 οὐκ
1754 2155 1830 2182 ὲδυσ-

997 2199 1093 2235 χέρανε
1122 2198 1191 2235 πρὸς
1207 2198 1242 2225 τὰ
1261 2198 1336 2234 παρὰ
1352 2199 1400 2233 τῆς
1420 2198 1510 2234 Σάρας
1536 2198 1676 2234 εἰρημένα,
1695 2195 1763 2224 ἀλλὰ
1782 2195 1829 2222 καὶ

998 2241 1067 2276 μετὰ
1080 2240 1179 2276 πολλῆς
1208 2240 1259 2275 τῆς
1282 2240 1432 2272 ἐπιεικείας
1456 2240 1573 2266 ποιεῖται
1598 2239 1647 2274 τήν
1671 2238 1826 2274 ἀπόκρισιν,

995 2283 1042 2309 καί
1055 2289 1147 2317 φησιν·
1170 2280 1347 2313 Ύποπτεύεις
1360 2289 1393 2316 με
1407 2280 1493 2308 αίτιον
1504 2280 1666 2316 γεγενῆσθαι
1679 2279 1733 2306 τῶν
1746 2279 1785 2310 είς
1798 2278 1829 2305 at

996 2323 1110 2359 ὕϐρεων,
1128 2323 1175 2349 καὶ
1190 2322 1312 2358 νομίζεις
1334 2330 1368 2358 με
1386 2322 1497 2357 ἥδεσθαι
1513 2323 1568 2353 τοῖς
1585 2321 1660 2356 παρὰ
1675 2321 1723 2355 τῆς
1740 2319 1828 2346 παιδί-

996 2373 1064 2399 σκης
1080 2363 1242 2399 γινομένοις,
1254 2364 1349 2399 ἐπειδὴ
1360 2363 1432 2396 me
1446 2362 1607 2398 ἐκοινώνησέ
1619 2371 1664 2397 μοι
1674 2362 1724 2397 τῆς
1735 2361 1826 2394 εὐνῆς·

997 2406 1115 2441 μάνθανε
1129 2406 1171 2432 ὅτι
1186 2405 1232 2432 καὶ
1249 2405 1390 2440 πρότερον,
1408 2405 1433 2431 εἰ
1451 2405 1487 2440 μή
1502 2413 1544 2431 σοι
1565 2403 1717 2430 ὑπακοῦσαι
1735 2402 1828 2437 βουλό·

997 2456 1076 2482 μενος
1094 2447 1173 2474 τοῦτο
1194 2447 1390 2482 κατεδεξάμην,
1405 2447 1456 2472 οὐκ
1471 2446 1504 2472 ἄν
1520 2454 1585 2472 ποτε
1603 2444 1755 2480 ἠνεσχόμην
1777 2444 1827 2478 τὴν

995 2489 1141 2524 παιδίσκην
1157 2489 1197 2520 εἰς
1212 2488 1261 2523 τὴν
1275 2488 1355 2522 εὐνὴν
1370 2488 1483 2521 ἀγαγεῖν
1499 2486 1547 2521 τὴν
1565 2486 1614 2521 σήν
1626 2493 1633 2500 ·
1656 2485 1703 2511 καὶ
1722 2484 1769 2511 νῦν
1784 2485 1828 2511 ίνα

994 2530 1038 2557 διὰ
1052 2529 1106 2557 τῶν
1120 2529 1290 2565 πραγμάτων
1302 2527 1524 2564 πληροφορηθῇς,
1545 2527 1599 2553 ίδοὺ
1622 2525 1697 2562 [390]
1711 2526 1763 2552 ὑπὸ
1776 2525 1827 2557 τὰς

999 2572 1092 2608 χεῖράς
1105 2571 1151 2598 σού
1167 2572 1224 2598 ἐστι
1233 2579 1239 2585 ·
1250 2569 1314 2604 Χρῶ
1327 2570 1414 2604 αὐτῇ,
1428 2569 1467 2602 ὡς
1481 2569 1520 2596 ἄν
1533 2575 1582 2595 σοι
1594 2565 1759 2603 ἀρεστὸνῇ
1779 2567 1826 2603 Μὴ

995 2615 1049 2648 γάρ
1065 2612 1214 2648 ὐπετέμετό
1227 2611 1273 2638 σού
1287 2619 1329 2642 τις
1342 2610 1392 2646 τὴν
1406 2610 1546 2643 ὲξουσίαν;
1563 2610 1600 2645 μὴ
1616 2609 1669 2645 γὰρ
1684 2610 1826 2645 ἀφῃρέθης

995 2655 1078 2690 αὐτῆς
1091 2654 1140 2690 τὴν
1152 2652 1325 2684 δεσποτείαν;
1338 2653 1369 2678 Εἰ
1387 2651 1440 2688 γὰρ
1455 2651 1501 2678 καὶ
1515 2651 1564 2686 τὴν
1581 2652 1649 2687 πρὸς
1663 2651 1746 2686 αὐτὴν
1764 2660 1826 2678 συν-

994 2696 1088 2723 ουσίαν
1107 2694 1303 2729 κατεδεξάμην,
1326 2693 1383 2720 ἀλλ’
1394 2693 1464 2728 ἔχεις
1475 2693 1559 2728 αὐτῆς
1570 2692 1618 2728 τὴν
1631 2692 1764 2725 ἐξουσίαν,
1779 2693 1826 2720 καὶ

995 2738 1047 2764 ὑπὸ
1060 2736 1109 2767 τὰς
1123 2735 1217 2771 χεῖράς
1237 2734 1283 2762 σού
1298 2736 1356 2761 ἐστι
1366 2742 1372 2748 ·
1393 2734 1500 2766 κόλαζε,
1516 2734 1676 2770 σωφρόνιζε,
1692 2735 1805 2769 έπιτίμα
1816 2743 1823 2751 ·

994 2779 1008 2805 ὃ
1025 2778 1111 2814 βούλει
1129 2778 1175 2804 καὶ
1193 2777 1230 2809 ὠς
1253 2776 1363 2812 ἀρέσκει
1383 2785 1434 2809 σοι,
1450 2776 1521 2803 οὕτω
1541 2776 1704 2813 διαπράττου
1729 2776 1763 2803 τὰ
1784 2778 1823 2808 εἰς

996 2819 1097 2855 αὑτήν·
1124 2819 1204 2852 μόνον
1223 2819 1261 2854 μὴ
1273 2819 1442 2854 δυσχέραινε,
1461 2819 1541 2855 μόνον
1556 2820 1592 2856 μὴ
1611 2820 1672 2854 ἐμοὶ
1689 2819 1825 2854 ὲπίγραφε

997 2860 1030 2888 τὰ
1055 2861 1118 2896 παρ’
1143 2860 1227 2896 αὐτῆς
1252 2861 1394 2896 προπετῶς
1411 2865 1588 2898 γεγενημένα.
1616 2862 1682 2890 Οὐδὲ
1704 2861 1756 2898 γὰρ
1773 2860 1826 2889 ἁπὸ

1027 2937 1039 2958 h
1054 2932 1165 2964 Quinque
1179 2938 1235 2957 nm.
1254 2933 1284 2960 ιῐς,
1303 2932 1343 2961 rip
1354 2933 1424 2960 ιάξι-ι.

1878 1920 1910 1940 ν
