2055 3123
149 127 205 154 557

148 191 203 218 que
226 183 298 211 enim
323 183 390 211 meis
415 182 598 211 affectionibus
620 183 744 211 incitatus
764 191 821 211 rem
841 190 901 210 cum
914 190 945 209 ea

149 229 242 261 habui,
258 235 286 256 ut
309 237 371 263 erga
386 237 443 256 eam
457 230 496 256 sic
506 228 617 261 alliciar,
639 234 667 256 ut
681 234 773 257 contra
795 229 946 265 mquitatcm

148 277 173 303 ei
196 276 359 310 patrociner.
375 275 438 303 Scio
450 284 528 311 quem
544 276 589 303 tibi
603 275 715 304 debeam
731 275 879 310 honorem;
895 284 948 303 non

149 321 245 356 ignoro
259 321 417 348 famulorum
431 324 562 357 ingratum
577 322 705 350 animum.
716 321 792 349 Nulla
811 322 875 350 mihi
891 322 948 357 ejns

149 367 189 394 rei
210 374 274 394 cura
291 367 331 394 vel
347 368 414 394 ratio
430 375 436 393 :
455 375 536 394 unum
554 372 654 395 tantum
668 372 710 395 est
727 368 770 395 cui
792 368 896 401 studeo,
920 371 949 395 ut

149 416 178 438 tu
195 419 310 440 nimrore
324 419 416 440 careas
437 416 465 440 et
480 413 642 446 turbatione,
655 420 686 441 ac
708 413 734 440 in
750 413 824 441 omni
847 414 884 441 sis
901 413 950 441 ho-

150 467 227 486 nore.

194 503 221 531 5.
242 503 385 540 Conjugum
407 504 498 540 officia.
513 520 550 525 ——-
562 505 618 533 Hoc
632 509 673 533 est
694 513 786 533 verum
802 505 946 533 coatuber-

150 549 237 583 nium,
254 549 305 577 hoc
327 549 417 577 mariti
431 550 680 586 officium,quando
701 559 753 579 non
774 559 869 587 magna
889 551 950 579 dili-

151 595 242 630 gentia
265 595 298 623 ad
322 596 443 624 mulieris
468 602 569 632 spectat
593 598 685 630 verba,
702 597 749 626 sed
773 597 948 626 imbecillitati

150 649 233 668 sexus
248 642 332 669 \‘CnItl!
353 642 474 670 nonnihil
496 643 628 676 concedit,
645 643 697 671 hoc
716 651 798 671 unum
814 649 947 679 satagens,

151 692 182 714 ut
196 695 211 715 e
225 687 313 714 medio
335 688 444 716 tollatur
463 689 580 723 tristitia,
595 694 622 717 et
640 697 691 726 pax
706 694 786 726 atque
807 691 949 719 concordia

150 732 370 768 eonstringanlur
393 734 502 761 arctius.
533 734 649 762 Audiant
672 736 732 769 viri,
759 740 786 763 et
812 736 949 764 imitentur

150 778 215 812 justi
230 779 377 813 tenuitatem,
398 784 426 807 et
446 785 547 808 tantum
571 781 700 810 honorem
722 790 754 810 ac
771 784 947 811 reverentiam

151 825 309 853 ninlieribus
335 826 462 859 tribuant,
484 831 511 854 et
533 831 666 862 tamquam
691 828 816 857 imbecilli
840 830 949 857 vasculo

152 875 275 904 parcant,
297 876 326 898 ut
348 872 500 900 concordiae
524 873 659 901 vinculum
685 874 788 903 firmius
809 876 947 902 consistat.

153 916 207 944 Illa:
223 917 293 945 enim
308 925 377 945 verat
388 923 451 946 sunt
464 918 574 950 divitia).
588 919 640 946 illa;
652 920 777 947 maximae
795 925 857 948 sunt
867 920 949 948 tacul-

154 967 233 997 tates,
247 963 269 990 si
284 963 324 990 vir
335 971 395 991 cum
410 963 522 992 muliere
533 972 585 991 non
600 965 744 998 discordet,
756 966 803 993 sed
813 966 949 1000 conjuncti

151 1009 207 1036 sint
221 1013 249 1035 ut
265 1016 362 1043 corpus
377 1017 469 1037 unum.
482 1009 563 1037 Erunt
577 1011 660 1042 enim,
675 1011 770 1046 inquit,
780 1011 832 1039 duo
844 1012 871 1040 in
889 1020 946 1039 car-

152 1063 210 1080 nem
225 1062 300 1081 unant
317 1054 393 1088 (Gen.
403 1054 430 1082 2.
443 1055 501 1091 24).
518 1055 596 1083 Tales
611 1056 660 1084 etsi
676 1057 702 1084 in
717 1062 873 1093 paupertate
883 1058 946 1092 sint,

152 1100 204 1127 etsi
219 1100 245 1127 in
261 1100 371 1134 vilitate,
391 1102 510 1129 omnium
526 1107 588 1130 sunt
609 1103 766 1138 beatissimi,
779 1113 870 1132 veram
885 1113 947 1140 per-

151 1146 254 1181 cipiunt
268 1147 441 1182 voluptatem,
453 1153 481 1175 et
498 1147 523 1175 in
543 1149 667 1176 continua
682 1149 783 1185 degunt
799 1152 949 1187 tranquilli-

153 1197 225 1220 tate:
239 1193 409 1221 sicntcontra
423 1195 468 1229 qui
483 1195 533 1222 hac
547 1202 599 1222 non
616 1195 748 1230 fruuntur,
759 1196 807 1224 sed
818 1197 948 1234 zelotypia

153 1239 285 1271 laborant,
301 1244 328 1267 et
352 1239 450 1268 bonum
473 1241 546 1276 pacis
569 1242 703 1275 amittunt,
716 1243 821 1271 etiamsi
846 1245 949 1280 magnis

152 1284 264 1312 afﬂuant
278 1285 386 1319 divitiis,
398 1286 502 1314 etiamsi
518 1292 688 1322 sumptuosas
701 1288 815 1317 habeant
830 1297 947 1325 mensas,

152 1331 259 1359 etiamsi
282 1331 346 1359 clari
364 1331 462 1360 fuerint
477 1341 509 1361 ac
533 1333 646 1368 nobiles,
663 1335 805 1363 miserrimi
828 1336 948 1365 omnium

152 1381 217 1404 sunt
235 1386 240 1403 :
257 1378 347 1405 turbas
362 1383 389 1405 ct
403 1378 500 1406 ﬂuctus
512 1379 563 1407 sibi
580 1380 697 1415 quotidie
711 1382 873 1417 excogitant,
887 1390 949 1411 sese

153 1422 268 1450 invicem
295 1428 434 1458 suspectos
458 1423 575 1458 habent,
605 1425 759 1461 nullamque
784 1427 947 1462 voluptatem

147 1468 256 1497 habere
278 1475 399 1505 possunt,
415 1472 519 1499 interno
547 1472 618 1501 bello
641 1474 730 1501 omnia
756 1475 947 1511 confundente,

153 1514 319 1550 multamque
343 1516 382 1544 eis
402 1518 606 1546 amaritudinem
628 1519 780 1548 invehenle.
794 1521 891 1549 Verum
905 1521 949 1550 hic

153 1560 221 1588 nihil
238 1561 306 1595 tale;
321 1561 368 1589 sed
385 1563 534 1598 patriarcha
546 1564 753 1600 indignationem
765 1567 949 1596 matris-fami-

152 1607 204 1634 lias
218 1615 265 1635 sua
281 1608 393 1643 placavit
407 1609 531 1644 lenitate,
552 1615 579 1638 et
596 1611 656 1639 data
672 1612 696 1640 ei
711 1617 803 1640 contra
822 1614 946 1642 ancillam

154 1657 297 1687 potestate,
308 1654 414 1682 domum
427 1663 491 1690 pace
504 1656 623 1691 replevit.
633 1656 668 1684 Et
679 1658 766 1694 afflixit
777 1667 842 1693 eam,
852 1661 947 1695 inquit,

153 1698 232 1732 Sura,
245 1700 377 1736 etaufugit
398 1710 414 1728 a
431 1702 496 1737 facie
509 1703 574 1738 ejus.
594 1703 735 1740 Postquam
751 1705 859 1734 domina
879 1707 948 1736 illius

152 1746 257 1780 punivit
270 1746 449 1782 insolentiam,
466 1748 552 1783 fugam
569 1749 628 1777 iniit
642 1751 747 1778 ancilla.
764 1751 835 1780 Talis
847 1753 947 1782 scilicet

153 1798 292 1818 servorum
308 1800 366 1820 mos
382 1798 423 1821 est
438 1803 444 1820 :
460 1795 567 1829 quando
578 1803 630 1823 non
646 1797 808 1831 permittitur
821 1799 860 1826 eis
873 1807 947 1827 more

151 1844 201 1865 suo
219 1845 308 1874 agere,
330 1840 376 1867 sed
399 1840 580 1876 impediuntur
600 1849 693 1870 eorum
715 1849 835 1877 conatus,
858 1846 946 1873 statim

152 1884 324 1913 dominorum
340 1886 426 1921 ruptis
436 1886 528 1922 frenis,
544 1887 630 1923 fugam
645 1894 796 1924 capessunt.
814 1890 945 1918 Ca'terum

153 1930 204 1957 hoc
219 1930 299 1957 etiam
315 1931 384 1963 vide,
396 1931 529 1966 quomodo
543 1933 647 1960 ancillae
661 1941 805 1968 supernum
819 1936 944 1963 auxilium

152 1983 204 2003 non
218 1975 299 2007 desit,
309 1976 416 2012 objnsti
434 1977 558 2006 videlicet
573 1977 712 2006 honorem.
728 1979 794 2007 Nam
809 1981 870 2016 quia
881 1981 944 2015 justi

151 2028 244 2049 semen
261 2022 328 2048 intra
347 2029 377 2049 se
393 2022 513 2057 gerebat,
530 2023 590 2051 ideo
602 2029 629 2051 et
645 2025 731 2060 angeli
747 2032 883 2060 aspectum
905 2027 944 2053 vi-

151 2066 215 2094 dcre
229 2068 335 2094 meruit.
347 2068 372 2094 7.
387 2067 485 2095 Invenit
499 2069 570 2096 enim
585 2078 651 2102 eam,
667 2070 760 2105 inquit,
774 2072 879 2107 angelus
894 2072 944 2099 Do-

151 2112 214 2138 mini
234 2121 314 2148 prope
331 2114 425 2149 fantem
447 2122 520 2149 aqua
544 2115 571 2142 in
594 2115 739 2148 solitudine,
762 2117 788 2143 in
814 2117 854 2144 via
880 2118 943 2146 Sur.

150 2158 298 2186 Considera
322 2159 512 2194 benignitatem
538 2160 660 2194 Domini,
683 2161 817 2196 quomodo
843 2163 943 2190 nullum

151 2203 290 2238 deSpieiat,
300 2204 347 2231 sed
360 2204 464 2232 etiarnsi
475 2212 568 2232 scrvns
579 2205 612 2232 sit
625 2205 665 2233 vel
676 2206 782 2240 ancilla,
793 2214 868 2234 suam
882 2215 943 2244 erga

150 2256 211 2276 cum
226 2249 344 2277 declaret
359 2250 562 2284 providentiam,
573 2259 625 2278 non
640 2251 672 2278 ad
686 2251 843 2287 dignitatum
859 2255 944 2289 respi-

150 2296 224 2323 ciens
239 2295 429 2330 dill'ercntiam,
452 2296 498 2324 sed
520 2296 553 2324 ad
576 2297 672 2325 anima:
694 2297 871 2327 affectionem.
895 2300 944 2327 Ilic

149 2346 239 2370 autem
256 2350 307 2369 non
323 2349 432 2377 propter
444 2344 549 2371 ancillae
566 2344 690 2371 meritum
709 2345 819 2380 angelus
831 2346 941 2379 assistit,

149 2387 196 2415 sed
211 2388 246 2415 ob
258 2388 386 2416 honorem
399 2388 475 2423 justi.
490 2389 554 2416 Nam
565 2390 633 2417 sicut
646 2389 710 2423 dixi,
725 2390 802 2426 digna
815 2396 873 2418 erat
882 2400 942 2427 qua:

149 2441 202 2460 non
227 2433 416 2468 negligeretur,
433 2442 465 2462 eo
479 2435 549 2470 quod
565 2435 642 2471 digna
665 2435 759 2463 fuisset
775 2444 834 2471 qure
849 2443 940 2465 semen

145 2479 211 2513 justi
226 2480 384 2514 susciperet.
399 2479 424 2507 8L
444 2480 475 2507 Et
489 2484 515 2507 ut
528 2489 582 2507 eam
593 2481 685 2508 invenit
697 2481 812 2516 angelus,
826 2482 890 2510 dixit
902 2483 941 2510 ei:

149 2525 217 2560 Agar
227 2525 323 2552 ancilla
336 2525 419 2556 Sarw,
429 2525 495 2552 unde
507 2526 581 2558 venis,
594 2531 618 2553 et
631 2534 679 2560 qua
691 2527 760 2554 vadis
769 2527 782 2554 ?
798 2526 862 2555 Vide
875 2535 942 2563 quo-

148 2571 228 2598 modo
243 2576 271 2598 et
291 2572 378 2606 angeli
393 2572 462 2599 dicta
477 2580 535 2600 eam
552 2572 578 2599 in
598 2573 754 2601 memoriam
777 2581 831 2601 sua:
846 2573 940 2601 condi-

149 2617 229 2644 tionis
253 2617 391 2645 indueant.
415 2618 481 2645 Nam
506 2623 534 2646 ut
557 2619 725 2647 attentiorem
752 2627 810 2647 eam
835 2620 939 2652 reddat,

148 2663 238 2689 statim
253 2663 460 2698 appellationem
474 2664 590 2691 nominis
603 2665 661 2698 ejus
675 2665 703 2692 in
721 2665 837 2692 medium
852 2666 938 2699 allert,

148 2711 175 2734 et
189 2707 253 2734 dicit
265 2717 272 2734 :
293 2708 372 2743 Agar.
386 2708 508 2736 Solemus
520 2709 591 2736 enim
606 2709 760 2745 diligentius
776 2711 937 2745 auscultare,

147 2752 255 2785 quando
278 2753 429 2780 nominibus
454 2754 553 2781 nostris
582 2763 714 2782 vocamur.
741 2756 840 2784 Deinde
863 2757 938 2791 dicit,

149 2794 248 2824 Ancilla
259 2797 352 2826 Sui-az:
367 2807 419 2834 quo
437 2800 570 2827 recordari
585 2808 643 2828 cam
653 2801 728 2836 jubet
740 2803 855 2830 domina:
871 2811 937 2837 sum,

148 2844 178 2866 ut
197 2842 265 2869 Sciat
285 2850 324 2878 sc,
340 2843 400 2872 licet
421 2846 553 2881 particeps
576 2846 653 2875 luerit
673 2847 763 2876 herilis
785 2849 855 2883 lccti,
872 2853 939 2877 atta-

649 124 681 152 I.\'
700 125 776 153 CAP.
798 125 865 154 XVI.
888 121 1010 152 GENES.
1034 121 1145 150 lIOP-lll...
1169 122 1310 150 XXXVIII.

1740 124 1793 152 338

1003 187 1064 206 men
1080 178 1214 207 dominam
1235 187 1381 215 agnoscere
1401 180 1499 210 debere
1518 181 1622 210 Suram.
1636 181 1702 209 Vide
1715 182 1795 218 igitur

996 218 1125 260 angelum
1140 225 1360 261 interrogantem,
1377 231 1405 254 ut
1425 234 1483 254 eam
1497 226 1531 254 ad
1545 227 1724 263 respondendi
1746 236 1794 255 ne-

1001 271 1151 298 cessitatem
1166 276 1285 306 cogeret.
1302 271 1386 304 Unde,
1397 272 1491 308 inquit,
1503 279 1573 300 nunc
1585 273 1610 300 in
1624 272 1794 301 solitudinem

1003 316 1073 344 hanc
1097 317 1240 352 advenisti,
1256 324 1283 346 et
1297 326 1350 354 quo
1363 319 1522 346 contendis?
1548 320 1634 355 Atque
1647 320 1682 347 ob
1697 320 1748 348 ltoc
1769 322 1794 348 in

1002 361 1051 389 hac
1064 363 1209 391 solitudine
1223 369 1361 399 comparet
1374 366 1494 400 angelus,
1505 369 1533 392 ut
1547 373 1579 393 ne
1593 370 1666 400 putet
1680 366 1794 402 aliquem

1002 415 1035 436 ex
1058 409 1210 444 vulgaribus
1235 410 1381 438 viatoribus
1402 418 1463 438 eum
1485 418 1545 438 esse
1566 411 1610 446 qui
1634 412 1797 448 interrogat:

1002 454 1118 481 solitudo
1131 455 1200 482 enim
1216 461 1283 490 erat,
1298 459 1326 484 et
1340 456 1428 484 nullus
1450 457 1518 484 alius
1540 457 1632 485 aderat
1647 467 1653 484 :
1671 463 1698 485 ut
1718 459 1797 494 igitur

1002 499 1070 526 scire
1085 501 1167 535 possit
1181 509 1234 528 non
1249 509 1309 529 esse
1325 501 1462 537 vulgarem
1478 502 1605 538 aliquem,
1617 504 1661 538 qni
1677 504 1725 531 sibi
1740 506 1797 532 col-

1003 543 1128 579 loqnitur,
1144 551 1285 581 eapropter
1309 547 1333 573 in
1346 554 1437 574 eremo
1452 549 1584 582 apparuit,
1600 553 1627 575 et
1648 549 1797 576 sciscitatus

1003 589 1074 616 illam
1091 595 1131 617 est
1148 600 1153 617 :
1178 591 1209 617 Et
1222 591 1303 625 inquit
1318 591 1360 619 illa
1378 601 1383 618 :
1402 593 1422 618 Α
1438 593 1503 629 facie
1516 593 1590 620 Sara:
1609 593 1716 622 dominw
1735 603 1798 622 metr

1002 643 1047 670 ego
1061 636 1143 672 fugio.
1157 636 1238 664 Vides
1252 637 1386 672 quomodo
1405 645 1457 665 non
1472 643 1550 674 negat
1560 639 1735 673 dominatum,
1749 641 1796 667 sed

1001 682 1144 709 confitetur
1157 689 1220 710 vere
1231 683 1339 710 omnia?
1352 683 1410 710 Non
1423 688 1474 716 est,
1491 684 1585 718 inquit.
1600 685 1679 712 homo
1694 686 1738 720 qui
1754 686 1796 712 in-

1003 730 1129 762 terrogat,
1155 733 1179 754 ut
1203 729 1303 763 possim
1318 728 1452 764 decipere.
1471 729 1588 757 Primum
1611 729 1677 758 dixit
1699 739 1796 759 nomen

1002 779 1102 806 meum,
1116 777 1143 800 et
1157 773 1272 801 domintc
1284 782 1350 801 mea:
1365 774 1486 802 meminit
1500 783 1507 801 :
1523 783 1570 809 par
1581 780 1621 803 est
1635 777 1714 811 igitur
1725 782 1753 803 nt
1769 782 1798 805 et

1002 824 1051 851 ego
1066 818 1154 844 omnia
1169 826 1232 846 vere
1250 819 1346 846 dicam.
1359 819 1378 846 Λ
1394 820 1469 855 facie,
1482 820 1578 855 inquit,
1595 820 1670 848 Sum
1689 823 1797 850 domina:

1002 871 1063 890 mea
1077 872 1121 899 ego
1142 865 1222 900 fugio.
1245 865 1310 893 Vide
1324 865 1457 900 quomodo
1480 867 1545 894 citra
1562 867 1652 894 odium
1677 869 1798 897 meminit

1002 910 1127 938 domina»
1141 911 1198 939 Non
1218 912 1294 946 dixit,
1310 913 1350 940 Me
1365 913 1459 941 afﬂixit
1475 923 1481 941 :
1499 923 1550 941 non
1573 914 1650 947 dixit.
1666 916 1707 944 Me
1728 917 1797 945 male

1003 957 1152 992 mulctavit,
1168 966 1221 986 non
1238 967 1345 994 possum
1357 960 1426 988 ferre
1447 961 1596 989 molestiam
1608 963 1676 998 ejus,
1693 968 1720 991 et
1738 964 1797 992 ideo

1002 1002 1090 1039 fugam
1105 1005 1151 1032 inii
1165 1014 1172 1032 ι
1189 1006 1254 1033 nihil
1268 1014 1392 1041 asperum
1408 1007 1515 1043 qunuta
1528 1013 1578 1042 est,
1593 1010 1639 1037 sed
1656 1010 1741 1037 Solum
1756 1018 1797 1039 sc-

1001 1049 1086 1084 ipsam
1101 1055 1128 1078 ut
1140 1050 1275 1086 fugitivam
1291 1053 1537 1081 accnsavit.Vidisti
1548 1055 1605 1088 ejus
1619 1056 1797 1090 probitatem?

1002 1094 1070 1123 Vide
1083 1096 1145 1131 quid
1162 1097 1258 1125 iterum
1278 1098 1388 1133 angelus
1401 1099 1425 1126 ei
1446 1099 1523 1127 dixit.
1545 1100 1571 1128 9.
1588 1100 1659 1128 Dixit
1677 1107 1760 1130 autent
1775 1104 1797 1130 ei

1001 1141 1107 1177 angelus
1130 1142 1252 1170 Domini:
1270 1143 1403 1172 Revertere
1417 1145 1450 1172 ad
1471 1145 1600 1173 dominam
1619 1153 1699 1181 tuam,
1714 1153 1737 1176 et
1750 1149 1798 1176 [ηις

1002 1187 1101 1214 milium
1115 1189 1161 1215 sub
1175 1190 1291 1216 manibus
1305 1190 1369 1225 eius.
1383 1190 1423 1217 Ad
1440 1191 1489 1219 hoc
1503 1192 1622 1226 quidem,
1633 1194 1702 1228 quod
1713 1194 1796 1222 dixit:

1001 1233 1023 1259 Α
1038 1234 1104 1269 facie
1115 1234 1226 1262 domina:
1240 1244 1303 1263 mea:
1315 1236 1395 1271 fugio,
1411 1237 1505 1272 inquit,
1519 1237 1661 1272 Revertere,
1674 1243 1701 1266 ct
1715 1248 1748 1267 ne
1760 1241 1798 1268 sis

1003 1278 1105 1314 ingrata
1126 1287 1189 1315 erga
1212 1280 1347 1308 dominam
1374 1286 1456 1314 tuam,
1470 1290 1528 1317 qua:
1547 1283 1581 1311 de
1606 1288 1630 1312 te
1654 1291 1706 1312 tam
1731 1286 1798 1314 bene

1002 1326 1096 1353 merita
1112 1332 1163 1354 est.
1180 1327 1291 1360 Deinde,
1305 1329 1366 1363 quia
1389 1337 1422 1356 ex
1436 1329 1504 1357 fastu
1519 1335 1545 1358 et
1559 1331 1682 1366 superbia
1702 1334 1798 1360 mentis

1001 1370 1137 1399 dominam
1151 1380 1226 1400 suam
1241 1374 1266 1400 in
1290 1374 1356 1400 iram
1368 1374 1542 1409 excitaverat,
1558 1376 1653 1412 inquit,
1667 1376 1701 1404 Et
1714 1378 1798 1406 humi-

1001 1418 1065 1445 [iure
1086 1419 1131 1446 sub
1151 1420 1266 1447 manibus
1286 1421 1352 1456 ejus,
1365 1421 1484 1456 subjecta
1507 1427 1564 1450 esto
1582 1423 1606 1451 ei
1623 1433 1630 1452 :
1655 1424 1706 1452 hoc
1725 1426 1795 1453 enim

1002 1464 1049 1492 tibi
1061 1465 1190 1500 proderit.
1206 1467 1328 1502 Agnosce
1349 1469 1518 1502 servitutem,
1532 1477 1566 1504 ne
1586 1470 1691 1505 ignores
1712 1471 1798 1500 domi-

1002 1510 1086 1544 nium,
1099 1511 1166 1539 nihil
1179 1512 1293 1541 snblime
1308 1514 1406 1548 sapito,
1418 1522 1451 1542 ne
1464 1515 1524 1550 plus
1538 1515 1572 1543 de
1587 1520 1612 1544 te
1623 1524 1702 1552 quam
1718 1526 1798 1554 opor-

1003 1562 1040 1585 tet
1067 1559 1191 1587 sentias:
1218 1559 1363 1588 Humiliare
1383 1562 1428 1588 sub
1452 1561 1566 1590 manibus
1586 1563 1651 1598 ejus,
1675 1571 1797 1600 magnam

1002 1612 1056 1640 pra:
1075 1609 1100 1633 te
1114 1606 1152 1634 fer
1167 1606 1357 1634 obedientiam.
1372 1607 1443 1635 Satis
1457 1608 1516 1643 ejus
1531 1608 1647 1636 animam
1661 1609 1797 1639 demulse-

1003 1655 1064 1678 rant
1078 1652 1164 1687 angeli
1176 1652 1256 1687 dicta,
1271 1657 1350 1688 atque
1361 1654 1419 1689 ejus
1434 1654 1556 1689 spiritum
1571 1661 1797 1690 compresserant,

1002 1697 1068 1724 satis
1086 1697 1256 1725 frenavcrant
1269 1698 1326 1733 ejus
1345 1698 1520 1734 iracundiam,
1534 1700 1644 1728 multam
1659 1702 1685 1729 in
1699 1701 1799 1737 cogita-

1002 1743 1118 1771 tionibus
1132 1744 1303 1772 serenitatem
1317 1743 1442 1772 fecerant.

1037 1791 1063 1818 ti.
1086 1790 1185 1819 Deinde
1198 1799 1232 1818 ne
1246 1796 1319 1826 putet
1334 1796 1435 1820 temere
1450 1797 1477 1821 et
1490 1794 1592 1829 absque
1605 1802 1684 1822 causa
1699 1803 1730 1823 se
1748 1796 1797 1824 hu-

998 1836 1115 1871 jnsmodi
1141 1837 1308 1872 providentia
1331 1838 1466 1874 dignatam
1490 1847 1566 1873 esse,
1591 1840 1639 1868 sed
1661 1840 1746 1869 discat
1767 1850 1798 1870 se

1002 1887 1109 1918 propter
1122 1890 1214 1911 semen
1231 1884 1296 1918 justi
1319 1889 1420 1912 tantam
1434 1885 1647 1913 benevolentiam
1669 1894 1798 1921 assequu-

1002 1933 1054 1956 tam
1074 1936 1144 1962 esse,
1161 1929 1221 1957 vide
1233 1930 1367 1964 quomodo
1384 1938 1443 1958 eam
1459 1931 1623 1965 consolatur,
1638 1937 1666 1959 et
1678 1936 1796 1961 mentem

1000 1974 1059 2009 ejus
1072 1975 1161 2010 erigit,
1177 1979 1203 2002 et
1218 1976 1430 2003 consolationem
1445 1976 1500 2010 dat,
1514 1985 1574 2012 qua:
1594 1977 1700 2006 abunde
1721 1979 1796 2006 suffi-

1000 2020 1063 2053 ciat,
1073 2028 1132 2048 cum
1145 2021 1180 2048 ita
1193 2021 1343 2056 sulijungit:
1355 2022 1398 2050 IO.
1412 2022 1444 2049 Et
1454 2022 1518 2049 dixit
1528 2023 1551 2050 ei
1560 2024 1665 2058 angelus
1674 2023 1796 2053 Domini:

1002 2065 1179 2102 Multiplicaus
1193 2067 1366 2102 multiplicabo
1380 2076 1464 2095 semen
1480 2073 1560 2101 tuum,
1577 2073 1601 2096 et
1613 2077 1666 2103 pra:
1682 2071 1797 2098 multitu-

1002 2114 1061 2140 dine
1072 2121 1122 2140 non
1135 2113 1317 2141 numerabitur.
1332 2114 1364 2141 Et
1380 2114 1437 2148 tibi,
1452 2114 1547 2150 inquit,
1563 2115 1678 2149 pra-dico
1691 2120 1796 2144 tantum

1004 2158 1061 2186 fore
1084 2166 1175 2186 semen
1200 2164 1283 2192 tuum,
1300 2164 1328 2187 ut
1349 2167 1436 2195 neque
1452 2168 1565 2188 numero
1585 2161 1730 2196 subjaccat.
1756 2162 1798 2190 Ne

1004 2204 1083 2240 igitur
1103 2209 1198 2231 tumsta
1221 2205 1268 2237 sis,
1285 2213 1371 2240 neque
1385 2205 1558 2239 succumbas,
1574 2214 1661 2241 neque
1679 2207 1795 2236 turberis

1003 2251 1103 2283 animo,
1120 2250 1167 2278 sed
1181 2259 1235 2285 pne
1250 2255 1275 2278 te
1290 2251 1330 2278 fer
1343 2259 1448 2278 omnem
1469 2251 1658 2280 obedientiam.
1670 2253 1713 2280 ll.
1729 2252 1797 2281 Ecce

1003 2298 1069 2324 enim
1084 2302 1183 2324 uterum
1203 2297 1278 2332 geris,
1293 2302 1316 2324 et
1329 2298 1412 2332 paries
1432 2298 1525 2332 ﬁliuni,
1541 2303 1564 2324 et
1583 2298 1682 2325 vocabis
1703 2307 1795 2326 nomen

996 2344 1052 2378 ejus
1074 2342 1180 2370 Ismael.
1196 2343 1268 2376 Ideo,
1283 2343 1378 2378 inquit,
1393 2348 1420 2370 et
1436 2347 1540 2378 partum
1558 2343 1605 2371 tibi
1621 2343 1750 2378 pra'dico,
1765 2350 1793 2372 et

996 2397 1093 2418 nomen
1104 2390 1158 2424 jam
1178 2389 1288 2424 impono
1303 2396 1386 2424 puero
1398 2389 1442 2424 qui
1459 2394 1592 2421 nascetur,
1602 2394 1632 2416 ut
1649 2396 1678 2416 re
1691 2389 1791 2416 certius

995 2440 1143 2470 comperta,
1153 2434 1192 2461 sic
1203 2433 1374 2470 regrediaris,
1384 2438 1411 2461 et
1421 2434 1547 2461 emendes
1557 2433 1627 2468 quod
1638 2433 1789 2469 dcliquisti:

997 2481 1063 2515 Quia
1083 2479 1178 2506 audit-it
1195 2479 1317 2506 Dominus
1329 2479 1495 2506 humilitatem
1509 2483 1589 2505 tuum.

1033 2527 1162 2559 Quantum
1183 2533 1353 2553 wrunmarum
1375 2525 1484 2552 lucrum.
1497 2539 1532 2544 —
1554 2524 1621 2552 Ilinc
1642 2523 1788 2553 discamus.

995 2578 1123 2609 quantum
1138 2572 1171 2599 sit
1188 2571 1214 2598 in
1230 2570 1420 2598 afﬂictionibus
1439 2570 1552 2602 lucrum,
1569 2575 1667 2605 quanta
1683 2569 1792 2598 calami-

996 2622 1058 2648 tatis
1073 2618 1184 2646 utilitas.
1205 2618 1347 2652 Postquam
1362 2617 1433 2644 enim
1453 2617 1575 2649 seceSsit.
1595 2621 1621 2644 et
1640 2616 1717 2645 dolor
1738 2624 1786 2644 au—

996 2671 1055 2694 ctus
1067 2664 1271 2698 est,mnltisque
1284 2662 1446 2690 circumdata
1460 2668 1500 2690 est
1513 2662 1685 2690 afﬂictionnm
1701 2663 1789 2691 moie—

997 2713 1065 2745 stiis,
1083 2713 1108 2738 in
1130 2710 1282 2742 solitudine,
1299 2710 1324 2736 in
1339 2709 1446 2737 deserto
1468 2715 1494 2737 et
1516 2710 1644 2745 angustiis
1665 2718 1794 2745 versans,

995 2761 1057 2793 post
1081 2760 1181 2783 tantam
1205 2754 1425 2790 prosperitatem,
1440 2761 1467 2782 et
1490 2760 1628 2790 postquam
1652 2756 1678 2783 in
1697 2764 1792 2792 parem

996 2810 1056 2830 cum
1081 2801 1187 2828 domina
1217 2808 1264 2827 sua
1291 2800 1448 2835 dignitatem
1474 2806 1565 2828 evecta
1593 2801 1704 2835 fuisset;
1728 2801 1794 2830 ideo

997 2849 1173 2877 accclcratum
1201 2852 1275 2874 nacta
1302 2851 1344 2874 est
1372 2847 1529 2875 subsidium.
1561 2848 1622 2876 Iltcc
1648 2849 1721 2876 enirn
1739 2848 1794 2877 tibi
