2055 3123
283 135 336 162 359

283 195 373 225 erunt,
384 190 479 225 inquit,
488 198 548 227 qua:
559 191 680 227 promisi,
690 196 716 219 et
732 193 820 227 paries
834 191 926 225 ﬁlium,
941 196 968 219 et
982 199 1074 220 semen

285 243 358 265 tuum
372 237 565 266 innumerabile
584 238 646 270 erit,
665 238 731 273 Quia
751 238 878 266 exaudivit
892 238 1015 266 Dorrrinus
1028 238 1076 265 Iru-

282 284 414 312 nrilitalern
427 289 506 311 tuam.
520 282 559 312 Nc
571 284 650 320 igitur
661 284 791 320 gravatim
811 284 938 317 feramus,
954 284 976 311 si
992 284 1076 312 mole-

280 331 338 356 stiis
356 331 537 364 prcnrenlibus
552 330 732 358 humiliemur.
746 331 817 358 Nihil
833 331 905 358 enim
929 331 964 358 ita
977 338 1075 358 nostra:

282 381 384 403 natura:
407 375 542 409 conducit,
558 381 587 404 ut
607 384 667 404 sese
689 377 861 410 submittere,
884 382 912 405 et
935 377 1076 405 humiliarc

281 421 427 457 superbum
449 422 582 457 spiritum,
597 426 624 450 et
645 422 762 450 inﬂatam
782 427 898 450 mentem
913 422 1074 458 deprimere.

279 468 355 496 Tunc
374 469 446 496 enim
470 477 518 496 nos
534 469 617 504 magis
639 468 714 496 audit
730 469 869 501 Dominus,
892 469 999 504 quando
1014 476 1074 496 cum

280 513 373 541 dolore
396 514 494 541 anima:
508 518 536 541 et
556 513 637 542 corde
657 514 773 541 contrito
797 514 883 549 ip5um
909 513 1073 548 invocamus,

280 558 409 594 nrajorem
432 560 457 586 iu
480 559 604 595 precibus
617 559 798 587 aSsiduitatcru
813 559 971 587 adhibentes
985 569 991 586 :
1009 559 1076 592 Quia

280 604 375 631 audivit
398 603 523 632 Dominus
546 605 713 631 humilitatem
733 610 812 631 tuam.
838 605 932 632 Postea
956 605 1075 640 praedicit

280 650 355 686 pueri
368 651 413 686 qui
430 651 581 678 nasciturus
590 656 646 678 crat
661 651 788 678 studium.
799 651 842 678 l2.
855 650 904 678 Hic
911 651 968 684 erit,
979 651 1072 686 inquit,

279 696 384 731 agrestis
405 695 480 723 homo
502 703 512 723 ξ
536 704 626 723 manus
646 696 700 731 ejus
722 700 810 723 contra
834 704 930 729 omnes,
944 701 967 723 et
984 705 1074 724 manus

280 742 393 769 omnium
407 747 495 768 contra
510 750 567 769 eum
576 750 586 769 :
600 747 623 769 et
637 746 725 769 contra
740 742 829 778 facient
844 742 954 769 omnium
964 743 1073 778 fratrum

279 796 382 815 suorum
398 787 530 814 habitabit.
545 787 667 818 I‘ra'dicit
679 788 715 821 ei,
726 787 799 814 illum
813 787 916 815 virilem
930 792 958 815 et
978 788 1073 816 fortem

279 834 395 861 futurum
411 841 482 867 esse,
503 833 673 866 bellatorem,
688 841 721 861 ac
736 838 814 862 terra:
828 834 947 862 colenda:
967 839 1074 862 vacatu-

279 888 347 907 rum.
357 879 453 907 Vidisti
464 888 496 908 ex
510 880 541 907 iis
557 889 616 915 qum
628 880 653 908 in
670 881 793 908 ancillam
807 888 882 916 gesta
894 886 1073 916 sunt,quanto

278 926 305 952 in
322 925 424 953 honore
437 931 509 953 esset
531 926 702 960 patriarcha?
718 926 851 961 Quidquid
872 926 942 954 enim
965 927 1000 954 illi
1021 926 1071 953 im-

278 978 390 1005 pensum
405 974 457 1004 est,
474 965 579 998 Dornini
596 970 623 998 in
639 971 741 1005 justum
756 972 969 999 benevolentiam
982 976 1074 1000 osten-

277 1016 324 1043 dit.
343 1015 405 1043 llarc
428 1016 471 1044 ubi
485 1016 596 1051 angelus
609 1016 742 1044 consuluit
754 1021 780 1044 et
797 1017 881 1045 felicia
905 1018 1073 1045 annuntiavit

278 1061 368 1096 Agztri,
384 1064 508 1089 recessit.
519 1062 652 1090 Caeterum
667 1062 728 1090 vide
748 1062 843 1090 ilertrrn
859 1063 962 1091 ancilla:
981 1064 1072 1099 probi-

276 1112 370 1135 tatem.
396 1108 439 1135 l5.
457 1107 488 1134 Et
506 1108 614 1141 vocavit,
644 1108 744 1144 inquit,
772 1117 862 1136 nomen
887 1108 1002 1143 Domini,
1030 1110 1072 1145 qui

277 1152 423 1188 loquebatur
436 1153 483 1180 sibi
494 1161 503 1181 :
513 1152 553 1180 Tu
566 1162 593 1181 es
602 1153 682 1187 Deus,
694 1154 737 1189 qui
749 1154 832 1181 vidisti
848 1163 887 1181 me
900 1163 910 1182 :
921 1155 980 1190 quia
990 1155 1071 1183 dixit:

276 1198 379 1226 Etenim
393 1207 479 1226 coram
494 1200 546 1226 vidi
557 1209 614 1227 eum
627 1201 670 1236 qui
684 1201 802 1236 apparuit
816 1201 887 1228 mihi.
903 1202 943 1229 11.
961 1201 1071 1237 Propter

278 1247 323 1272 I-oc
338 1246 432 1272 vocavit
443 1250 556 1280 puteum,
569 1245 677 1273 Puterrm
688 1247 729 1273 ubi
740 1255 825 1274 coram
839 1247 900 1280 vidi,
911 1248 976 1274 inter
988 1247 1070 1276 Gades

274 1297 298 1319 et
311 1293 376 1319 inter
386 1292 497 1319 Barach.
506 1291 574 1320 Vide
583 1293 719 1328 quomodo
733 1297 759 1321 et
773 1294 830 1321 inec
840 1294 904 1322 velit
915 1300 1070 1330 perpetuam

275 1339 431 1365 memoriam
456 1338 549 1366 indere
573 1339 632 1366 loco
660 1347 706 1374 per
720 1339 841 1367 vocabuli
861 1340 1068 1376 impositionem.

277 1384 390 1411 Vocavit
403 1384 474 1411 enim
498 1384 596 1419 locum,
615 1385 725 1412 Puteum
737 1385 780 1412 ubi
801 1394 886 1413 coram
899 1387 959 1414 uidi.
973 1387 1070 1416 Vidisti

274 1435 299 1458 et
316 1430 442 1458 ancillam
464 1431 590 1466 paulatim
610 1439 643 1458 ex
658 1431 849 1460 afflictionibus
869 1432 1007 1468 aliquanto
1021 1441 1069 1461 ca-

279 1476 459 1511 stigationibus
480 1476 599 1504 moribus
614 1476 682 1510 ﬂeri,
693 1481 721 1504 et
732 1481 836 1513 gratum
851 1478 969 1505 animum
992 1486 1069 1506 suum

273 1521 410 1548 declarare
422 1529 484 1556 erga
505 1521 634 1549 beneficia
656 1522 755 1556 quibus
776 1523 909 1550 cumulata
934 1523 1029 1558 fuerat,
1042 1528 1070 1552 et

272 1567 385 1602 gratiam
403 1568 500 1602 quibus
514 1568 610 1602 potuit,
632 1567 734 1596 referre
750 1569 924 1603 prm'idcntitc
939 1577 998 1604 qua:
1011 1573 1070 1597 tan-

275 1617 329 1639 tam
353 1612 436 1647 ipsius
450 1617 571 1647 gesserat
592 1613 703 1640 curam?
728 1613 772 1641 15.
787 1613 821 1640 Ει
844 1615 950 1650 peperit,
973 1615 1068 1650 inquit,

276 1658 345 1693 Agar
357 1657 431 1686 Abrat
445 1659 541 1693 ﬁliuni,
558 1664 581 1686 et
593 1659 689 1686 uocauit
704 1660 798 1687 Abram
810 1669 899 1688 nomen
915 1661 980 1696 ejus,
994 1669 1067 1696 quem

278 1704 374 1740 peperit
389 1704 436 1732 sibi
450 1705 528 1740 Agar,
544 1705 648 1732 Ismael.

308 1752 336 1779 ’1.
368 1751 518 1779 Exhortatio
548 1752 583 1779 ad
611 1752 775 1788 patientiam.
806 1753 1023 1780 mansuetudinem
1045 1759 1069 1780 et

271 1798 443 1825 concordiam.
460 1797 533 1825 Uxor
543 1798 657 1833 adjatrix
668 1798 715 1825 uiri
727 1799 861 1832 quonrodo.
869 1813 904 1819 —
912 1799 977 1826 llinc
987 1799 1067 1826 discis

274 1851 333 1870 unus
347 1848 475 1878 quantum
491 1843 589 1871 bonum
608 1844 641 1871 sit
655 1844 841 1877 mansuetudo,
857 1850 984 1879 quantum
1004 1845 1068 1872 lucri

274 1888 391 1922 habeat,
416 1893 442 1916 ct
464 1889 555 1924 quanti
580 1889 681 1916 fruetus
704 1897 736 1917 ex
761 1889 948 1917 afﬂictionibus
971 1898 1068 1925 prove-

269 1934 356 1962 niant.
372 1933 437 1962 Nam
451 1935 655 1962 mansuetudine
677 1935 826 1970 patriarcha
847 1936 959 1970 placavit
973 1936 1067 1964 Sanam

270 1979 517 2015 indiguabundam,
541 1986 569 2009 et
597 1981 701 2008 famulae
733 1985 891 2015 potestatem
921 1982 945 2009 ei
978 1981 1067 2016 dedit,

276 2025 439 2062 donrumque
461 2035 525 2062 pace
549 2027 677 2062 replevit.
693 2027 843 2055 aﬂlictionis
858 2032 945 2055 autem
968 2028 1067 2057 fructus

275 2073 302 2099 in
316 2073 411 2100 ancilla
426 2073 516 2101 videre
538 2074 608 2101 licet.
624 2074 690 2107 Quia
714 2080 852 2110 postquam
873 2075 908 2103 ab
923 2076 986 2103 hera
1000 2076 1069 2103 aﬂli-

272 2122 314 2144 vta
328 2118 408 2153 fugit,
421 2122 449 2145 et
468 2119 579 2145 multum
598 2126 748 2147 a-rumnosa
773 2119 836 2152 fuit,
855 2127 886 2147 ac
908 2128 967 2148 cum
985 2121 1066 2149 animi

271 2162 365 2190 dolore
390 2163 529 2190 Dominunr
555 2163 704 2197 invocavit,
738 2165 826 2191 statim
846 2173 986 2200 supernam
1001 2167 1066 2194 visi-

273 2209 399 2236 tationem
414 2214 555 2244 assequuta
568 2213 618 2237 est.
632 2209 665 2237 Ut
678 2211 750 2237 enim
772 2210 856 2237 discat
868 2218 897 2238 se
916 2219 963 2245 per
976 2212 1064 2240 humi-

274 2255 374 2283 litatem
396 2259 424 2283 et
439 2255 609 2284 afﬂictionem
639 2260 710 2283 tanta
739 2256 905 2290 providentia
930 2257 1064 2292 dignatam

271 2308 348 2333 esse,
363 2300 548 2336 dicitangelus
560 2302 584 2329 ei
597 2310 604 2329 :
623 2301 726 2329 Uterurn
737 2302 819 2337 geris,
835 2307 859 2329 et
870 2303 953 2337 paries
966 2304 1063 2338 ﬁlium,

271 2351 294 2373 et
307 2347 405 2374 vacabis
419 2355 508 2374 nomen
522 2347 576 2382 ejus
597 2347 692 2374 Ismaef
702 2369 709 2380 ,
724 2348 843 2382 quoniam
862 2350 957 2376 audivit
976 2350 1064 2378 Domi-

273 2399 321 2419 nus
341 2391 506 2419 humilitatem
522 2397 600 2419 tuarrr.
617 2392 707 2427 Itaque
719 2413 726 2425 ,
742 2392 850 2426 dilecti,
874 2402 933 2422 cum
949 2395 1064 2424 sciamus

273 2445 322 2465 nos
333 2459 341 2471 ,
358 2438 380 2465 si
404 2437 600 2473 vigilaverimus
611 2459 618 2471 ,
632 2446 665 2466 ex
680 2439 806 2466 aerumnis
821 2440 905 2476 magis
918 2441 951 2468 ad
972 2442 1063 2470 Darni-

272 2491 335 2510 nunr
351 2490 506 2511 accessuros
516 2503 523 2516 ,
543 2487 571 2511 et
590 2483 647 2519 ejus
658 2485 769 2519 gratiam
780 2486 857 2513 nobis
870 2491 924 2514 tum
940 2489 1064 2516 concilia-

271 2533 359 2561 turos,
382 2535 442 2556 eum
467 2528 575 2556 dolente
599 2530 687 2558 anima
709 2535 734 2559 el
759 2531 867 2560 fervidis
889 2533 1013 2569 lacrymis
1029 2535 1063 2563 ad

271 2575 356 2609 ipsum
372 2575 564 2603 accesserimus
579 2585 584 2602 :
600 2584 634 2603 ne
652 2576 792 2606 doleamus
806 2579 831 2606 in
856 2579 1044 2609 afﬂictionibus
1054 2603 1061 2615 ,

271 2620 319 2647 sed
330 2620 433 2647 lucrum
445 2620 515 2656 quod
526 2628 557 2649 ex
569 2621 756 2651 afﬂictionibus
768 2625 889 2659 provenit
901 2626 1062 2661 cogitantes,

270 2666 358 2694 omnia
381 2673 441 2701 quae
458 2666 535 2695 nobis
557 2669 681 2696 eveniunt
697 2669 798 2705 placido
822 2670 940 2700 feramus
963 2673 1062 2707 animo,

273 2716 302 2738 et
319 2710 452 2741 discamus
473 2711 579 2741 humani
594 2722 654 2742 esse
677 2720 704 2743 et
729 2718 861 2745 mansueti
887 2726 949 2753 erga
971 2726 1064 2748 omnes

271 2756 399 2790 quidem,
421 2759 535 2787 maxime
557 2764 645 2787 autem
666 2768 728 2797 erga
752 2770 849 2790 uxores
876 2771 980 2792 nosrras
999 2773 1008 2791 :
1033 2773 1065 2793 ac

270 2809 439 2838 summopere
453 2811 577 2833 curemus
588 2827 596 2839 ,
612 2810 640 2833 ut
651 2807 709 2835 sive
720 2807 791 2843 juste
803 2829 811 2841 ,
826 2809 882 2837 sive
903 2810 1000 2844 injuste
1014 2819 1064 2838 nos

268 2852 393 2884 arguant,
421 2856 454 2877 ne
469 2850 504 2878 ita
534 2856 659 2880 accurato
681 2855 848 2883 excutiamus
875 2863 990 2884 causas:
1015 2856 1062 2885 sed

671 134 700 163 S.
720 132 857 162 JO.\l\NlS
876 132 1111 163 CIIRYSOSTOMI
1131 133 1289 163 ARClllEP.
1310 136 1572 168 CONSTANTINOP.

1875 142 1926 170 360

1131 192 1207 220 unius
1221 194 1259 220 rei
1276 194 1352 222 nobis
1373 201 1436 223 cura
1460 196 1503 230 sit,
1520 201 1548 223 ut
1563 196 1676 224 tristitiae
1697 205 1776 226 causa
1797 206 1813 227 e
1836 200 1926 228 modio

1130 239 1254 272 tollatur,
1268 245 1423 276 crescatque
1445 249 1476 269 ac
1489 242 1629 270 roboretur
1642 250 1692 277 pas
1715 243 1863 272 domestica
1876 255 1882 271 :
1898 251 1925 273 ut

1128 289 1155 312 ct
1169 285 1212 312 illa
1228 285 1261 313 ad
1285 286 1369 314 virum
1391 294 1468 315 suum
1493 287 1589 315 habeat
1604 289 1826 322 conversionem,
1844 296 1871 318 et
1887 292 1925 318 vir

1125 330 1162 357 ab
1185 332 1303 359 externis
1327 340 1358 360 ac
1372 331 1523 360 forensibus
1543 334 1657 369 negotiis
1677 340 1705 362 et
1729 335 1925 364 turbationibus

1128 377 1162 404 ad
1185 386 1243 405 eam
1258 379 1333 414 quasi
1355 379 1388 406 ad
1403 384 1508 414 portum
1530 380 1689 416 confugere,
1705 385 1732 409 et
1755 383 1924 418 omnigenum

1129 424 1248 452 invenire
1272 427 1355 461 possit
1379 427 1600 455 consolationem.
1622 428 1649 455 lrr
1665 428 1828 464 adjutorium
1852 430 1922 457 enirn

1128 469 1189 497 data
1213 476 1254 498 est
1270 480 1354 505 uxor,
1372 477 1401 500 ιιι
1425 479 1565 502 contentus
1585 475 1643 510 ejus
1665 476 1868 510 consolatione,
1886 478 1925 504 vir

1128 516 1255 544 adversus
1275 518 1420 554 ingruentia
1443 519 1511 546 mala
1538 528 1567 547 re
1583 520 1663 548 isterc
1687 521 1783 549 valeat.
1811 521 1878 550 Nam
1903 523 1925 550 si

1128 561 1205 588 fuerit
1218 567 1312 590 ornata
1336 564 1478 591 virtutibus
1493 569 1520 592 et
1533 570 1688 598 mansueta,
1703 574 1755 594 non
1769 567 1855 595 solum
1868 568 1925 596 viro

1127 614 1176 634 suo
1191 608 1327 636 societatis
1341 610 1552 638 consolationem
1564 632 1571 643 ,
1592 611 1675 639 sedet
1688 612 1714 639 in
1727 613 1788 641 aliis
1800 614 1924 641 omnibus

1127 653 1239 680 nrulturu
1255 654 1307 682 erit
1321 655 1393 682 utilis
1407 664 1413 681 :
1427 656 1517 683 omnia
1532 655 1571 683 illi
1584 657 1652 684 levia
1664 662 1691 685 et
1708 657 1794 686 facilia
1810 658 1922 692 reddet,

1126 703 1153 726 et
1166 700 1301 735 percipere
1312 709 1365 728 non
1379 702 1449 729 sinet
1460 702 1535 729 illum
1550 707 1596 730 aut
1617 707 1742 731 externas
1752 710 1797 732 aut
1806 712 1853 732 cas
1863 714 1922 740 qua:

1126 746 1244 780 quotidie
1267 746 1340 774 domi
1369 752 1514 776 nascuntur
1539 748 1732 777 difficultates:
1758 750 1824 784 sed,
1847 752 1921 786 quasi

1125 793 1287 827 gubernator
1308 794 1424 829 optimus
1436 815 1443 827 ,
1458 801 1566 822 omnem
1580 795 1661 823 animi
1685 800 1870 831 tempestatem
1896 798 1920 824 in

1126 839 1299 867 serenitatem
1329 848 1375 867 sua
1400 841 1529 876 sapientia
1553 846 1704 875 convertet,
1728 843 1922 879 prudentiaque

1125 893 1173 913 sua
1189 894 1310 921 magnam
1334 887 1456 915 conferet
1473 888 1695 916 consulatiouem.
1712 889 1857 917 Enimvero
1876 891 1921 925 qui

1124 932 1164 959 sic
1195 932 1329 967 conjuncti
1361 932 1479 967 fuerint,
1502 942 1516 961 a
1551 934 1623 962 nulla
1651 943 1741 962 rerum
1765 935 1922 964 difficultate

1124 977 1194 1005 male
1214 977 1360 1006 habebunt.
1374 979 1486 1013 Quando
1507 981 1578 1008 enim
1602 980 1755 1015 concordia,
1772 986 1799 1009 et
1812 989 1861 1017 pax
1873 1004 1879 1015 .
1895 987 1921 1011 et

1127 1024 1262 1052 vinculum
1289 1025 1440 1053 dilectionis
1471 1033 1532 1054 cum
1554 1027 1666 1055 muliere
1685 1031 1713 1055 et
1732 1028 1789 1054 viro
1821 1027 1918 1060 fuerit,

1124 1072 1212 1099 omnia
1234 1072 1313 1099 simul
1327 1072 1436 1100 afﬂuent
1450 1073 1518 1100 bona
1530 1094 1536 1106 ,
1550 1078 1576 1100 et
1593 1073 1673 1101 nullis
1689 1074 1791 1102 insidiis
1804 1075 1920 1109 expositi

1123 1123 1201 1145 crnrrt
1210 1139 1217 1150 ,
1234 1126 1329 1154 magno
1341 1124 1368 1147 et
1380 1119 1577 1155 inexpugnabili
1591 1120 1706 1155 quodam
1720 1129 1797 1149 muro
1809 1122 1920 1149 circuat-

1123 1165 1188 1197 dati,
1205 1165 1256 1193 hoc
1268 1171 1319 1198 est,
1336 1174 1369 1194 ex
1390 1173 1421 1194 ea
1445 1174 1505 1202 qua:
1527 1167 1674 1194 secundum
1698 1168 1780 1195 Deum
1800 1172 1840 1195 est
1854 1175 1919 1196 con<

1122 1210 1223 1238 cordia.
1242 1211 1297 1238 lloc
1310 1211 1451 1240 adamante
1465 1212 1613 1246 firmiores,
1637 1212 1688 1240 hoc
1710 1212 1780 1240 ferro
1796 1213 1921 1241 fortiores

1122 1263 1169 1284 eos
1183 1256 1295 1290 reddet,
1311 1256 1362 1284 hoc
1372 1258 1497 1285 omnibus
1509 1257 1606 1286 divitiis
1619 1263 1645 1286 ct
1657 1259 1818 1287 abundantia
1835 1261 1920 1296 magis

1123 1301 1292 1336 locupletabil
1303 1323 1310 1335 ,
1323 1302 1375 1330 hoc
1386 1303 1418 1330 ad
1435 1310 1576 1338 supernam
1588 1304 1621 1339 gl'
1633 1305 1700 1332 riam
1715 1305 1774 1332 illos
1787 1305 1918 1339 deducet,

1122 1346 1173 1374 hoc
1193 1352 1220 1375 ct
1249 1348 1294 1375 Dei
1318 1348 1531 1377 bcrrevoleutiam
1556 1349 1595 1377 eis
1618 1350 1731 1378 ubertim
1754 1352 1917 1380 conciliabit.

1122 1392 1237 1420 Proinde
1250 1401 1297 1421 oro
1308 1415 1314 1426 ,
1331 1403 1365 1422 ne
1377 1395 1438 1429 quid
1451 1395 1488 1422 illi
1502 1396 1697 1431 przefercndum
1711 1398 1896 1426 existimemus
1909 1408 1916 1427 :

1121 1439 1168 1467 sed
1192 1440 1281 1467 omnia
1304 1440 1429 1468 faciamus
1451 1445 1478 1468 ct
1500 1449 1629 1477 agamus,
1654 1447 1682 1470 ut
1705 1445 1882 1479 tranquillitas
1892 1450 1919 1473 et

1123 1493 1173 1520 pax
1196 1486 1231 1513 sit
1256 1485 1328 1513 inter
1351 1486 1546 1514 colrabitanles.
1568 1487 1643 1515 Tunc
1668 1489 1738 1516 enim
1763 1495 1791 1517 et
1814 1490 1861 1517 filii
1874 1491 1918 1525 qui

1121 1536 1267 1560 nascuntur
1281 1537 1422 1568 parentum
1447 1533 1572 1561 virtutem
1595 1539 1762 1569 sequentur;
1778 1544 1847 1571 quos
1861 1537 1918 1564 imi-

1124 1578 1251 1605 taburrtur
1266 1582 1293 1605 et
1305 1578 1387 1611 serti,
1401 1583 1427 1605 et
1442 1578 1558 1614 undique
1572 1579 1668 1607 domus
1683 1581 1779 1609 virtute
1794 1581 1916 1615 ﬂorebit,

1121 1624 1225 1659 eritque
1249 1624 1386 1659 multiplex
1410 1632 1500 1652 rerum
1523 1627 1697 1661 prosperitas.
1720 1627 1833 1662 Quando
1846 1629 1916 1657 enim

1121 1670 1211 1697 divina
1224 1669 1328 1697 caeteris
1343 1670 1509 1705 prmferimus
1518 1692 1525 1703 ,
1539 1670 1614 1699 facile
1628 1672 1678 1700 alia
1690 1673 1778 1701 omnia
1791 1681 1917 1710 prospere

1122 1716 1200 1743 turbis
1219 1716 1382 1749 succedent,
1409 1721 1436 1744 et
1455 1718 1553 1744 nullam
1581 1719 1726 1746 sentiemus
1749 1720 1915 1755 moles:iam,

1120 1762 1307 1797 suppeditante
1331 1763 1408 1790 nobis
1433 1765 1520 1791 omnia
1546 1764 1655 1800 largiter
1676 1766 1764 1793 divina
1787 1767 1914 1797 bonitate.

1120 1808 1156 1836 Ut
1170 1809 1248 1844 igitur
1261 1809 1340 1836 etiam
1355 1809 1404 1844 ipsi
1417 1809 1516 1845 absque
1531 1811 1636 1838 tristitia
1655 1818 1682 1840 et
1698 1814 1826 1848 temporis
1841 1815 1916 1843 istius

1120 1855 1200 1882 vitam
1217 1856 1393 1891 transigamus
1404 1877 1411 1888 ,
1428 1861 1454 1884 et
1469 1857 1597 1892 majorem
1623 1858 1727 1886 Domini
1751 1860 1914 1890 benevolen-

1121 1901 1184 1929 tiam
1207 1902 1291 1937 magis
1312 1910 1342 1930 ac
1366 1903 1450 1938 magis
1474 1903 1550 1930 nobis
1573 1904 1766 1939 conciliemus,
1790 1907 1913 1936 virtutem

1120 1953 1269 1980 sectentur,
1291 1949 1460 1976 concordiam
1480 1953 1507 1977 et
1521 1957 1611 1985 pacem
1632 1951 1658 1978 in
1670 1951 1779 1980 domum
1795 1958 1912 1982 nostram

1120 1992 1288 2021 introducere
1301 2001 1446 2027 conemur;
1462 2002 1534 2022 cura:
1549 1996 1625 2023 nobis
1642 1997 1695 2024 sint
1709 1997 1834 2026 educatio
1847 1999 1912 2027 libc~

1120 2045 1209 2065 r0rum
1223 2046 1364 2073 moresque
1376 2039 1542 2072 famulorum,
1553 2045 1581 2067 ut
1589 2048 1637 2075 pro
1644 2041 1767 2070 omnibus
1782 2044 1863 2080 largis
1870 2053 1912 2072 ac-

1118 2084 1202 2118 ceptis
1211 2085 1478 2119 remunerationibus,
1489 2094 1640 2114 mereamur
1648 2091 1676 2115 et
1688 2090 1819 2122 promissa
1834 2091 1910 2124 bona,

1117 2130 1201 2164 gratia
1215 2135 1242 2157 et
1260 2129 1423 2166 benignitate
1437 2132 1540 2159 Domini
1555 2134 1637 2160 nostri
1652 2133 1714 2161 Jesu
1738 2135 1836 2163 Christi
1847 2158 1855 2171 ,
1871 2139 1911 2166 cui

1117 2181 1177 2201 cum
1193 2175 1270 2202 Patre
1285 2180 1311 2202 ct
1323 2180 1416 2203 sancto
1426 2176 1537 2212 Spiritu,
1551 2178 1586 2205 sit
1599 2178 1681 2213 gloria
1693 2200 1700 2212 ,
1717 2179 1858 2216 imperium
1868 2203 1876 2216 ,
1887 2187 1912 2211 et

1118 2221 1213 2255 honor,
1223 2229 1293 2249 nunc
1301 2227 1327 2250 et
1335 2230 1452 2258 semper,
1463 2228 1490 2251 et
1504 2226 1528 2251 lrr
1536 2225 1631 2252 smeula
1641 2226 1910 2257 saeculorumAmen.

1368 2293 1508 2322 HOMILIA
1530 2293 1653 2322 XXXIX.

1118 2368 1227 2402 Quando
1238 2375 1322 2397 autent
1333 2371 1416 2406 [actus
1429 2375 1465 2397 est
1475 2371 1568 2398 Abram
1580 2372 1718 2408 nonaginta
1736 2381 1824 2401 norem
1834 2383 1912 2402 anuo-

1239 2424 1305 2448 rurn,
1319 2417 1438 2451 apparuit
1447 2417 1470 2443 ei
1484 2416 1552 2444 Deus
1567 2417 1652 2453 (Gen.
1670 2419 1712 2446 l7.
1727 2419 1772 2455 1).

1152 2491 1177 2518 1.
1200 2491 1318 2524 Vidistis,
1329 2492 1505 2527 dilectissimi,
1515 2494 1648 2529 quomodo
1662 2495 1727 2523 nihil
1738 2496 1870 2525 sitotiose
1888 2499 1912 2525 in

1116 2537 1205 2565 divina
1226 2538 1362 2574 Scriptura
1374 2539 1489 2574 positum
1501 2540 1513 2566 ’ἒ
1526 2540 1630 2568 vidistis
1640 2546 1769 2576 quantum
1793 2544 1912 2572 utilitatis

1117 2582 1172 2610 heri
1188 2584 1365 2618 percepimus,
1380 2592 1440 2612 cum
1463 2586 1496 2613 de
1507 2586 1577 2622 Agar
1592 2587 1689 2614 ancilla
1704 2588 1812 2623 fugitiva
1826 2589 1912 2618 disse-

1117 2629 1260 2656 rercmus?
1277 2629 1421 2658 Didicimus
1433 2631 1504 2658 enim
1520 2632 1678 2666 patriarcha:
1691 2633 1842 2667 leuitatem,
1857 2636 1911 2662 esi-

1117 2682 1196 2702 mtam
1215 2676 1416 2709 continentiam,
1432 2678 1609 2705 reverentiam
1624 2686 1704 2713 quant
1728 2687 1792 2715 erga
1819 2681 1911 2708 Saranr

1115 2720 1246 2754 exhibuit,
1260 2726 1286 2749 et
1295 2722 1429 2757 quomodo
1438 2724 1607 2751 concordiam
1620 2724 1697 2752 bonis
1710 2726 1836 2754 omnibus
1847 2734 1911 2762 pra:—

1116 2767 1253 2795 ferendam
1267 2768 1382 2796 duxerit.
1399 2769 1522 2798 Vidimus
1544 2770 1592 2798 Dei
1611 2770 1773 2799 ineffabilem
1792 2772 1911 2809 benigni-

1118 2816 1210 2846 tatem,
1227 2813 1362 2848 quornodo
1376 2819 1403 2842 et
1415 2815 1441 2842 in
1455 2815 1584 2843 honorem
1596 2816 1660 2851 justi
1671 2825 1724 2844 non
1739 2818 1827 2845 solum
1837 2819 1911 2846 redu-

1118 2858 1156 2886 xit
1171 2859 1241 2895 Agar
1252 2876 1260 2891 ,
1271 2867 1327 2895 qua:
1346 2860 1372 2888 in
1386 2861 1529 2890 solitudine
1544 2862 1665 2897 errabat,
1682 2866 1709 2891 ct
1727 2863 1761 2891 ob
1786 2865 1909 2892 timorem
