2055 3123
141 153 192 181 361

139 211 259 240 domina
270 212 420 249 aufugerat,
434 214 480 242 sed
493 216 555 243 etei
567 215 704 244 lsmaelem
732 219 833 253 prolem
855 220 937 255 dedit,

140 258 206 286 inde
219 258 293 293 justo
318 267 443 295 magnum
469 261 593 290 solatium
617 264 781 300 exeogitans,
806 271 939 304 tantaque

138 305 275 339 patientia:
289 307 427 334 mercedes
439 308 463 335 ei
476 309 636 337 retribuens.
650 310 682 338 Et
696 316 834 347 postquant
860 319 938 343 natus

136 355 180 377 est
199 350 305 383 lsmael,
319 352 413 380 volens
428 360 476 381 nos
489 353 586 383 docere
607 355 743 391 Scriptura
767 362 870 394 tetnptts
897 368 938 395 pa-

137 396 274 430 triarehm,
285 398 365 425 etiam
390 406 530 427 numerum
545 409 674 428 annortttn
697 403 774 430 nobis
789 404 937 440 designavit

137 442 234 470 dicens
248 452 256 471 :
270 443 313 472 i6.
329 443 437 477 Quando
448 450 523 472 natus
533 452 568 473 est
590 446 695 480 lsmael,
720 457 845 477 annorum
868 457 937 478 octo-

134 489 206 523 ginta
220 497 263 516 sca:
274 494 327 516 erat
344 490 437 517 Abram
451 491 535 528 (Cap.
550 493 580 519 l6
597 493 615 527 ).
632 493 775 522 Videamus
798 500 886 524 autem
908 501 936 525 et

135 534 188 563 hoc
198 536 265 568 loco,
277 536 302 563 id
313 537 383 572 quod
394 542 418 564 et
428 546 459 565 ex
471 540 642 573 sequentibus
653 540 796 574 discemus,
805 542 933 578 insignem

135 581 290 616 patietttiam
301 581 375 617 justi.
389 589 414 611 et
423 584 668 621 ineﬂiibih-matque
677 586 800 614 eximiam
813 589 934 625 benigni-

135 631 217 654 tatem
239 627 354 655 Domini.
375 629 497 657 Sciemus
508 635 596 658 autent
614 636 725 668 utraque
738 633 887 668 evidenter,
909 636 932 663 si

134 672 232 701 iterum
254 678 371 709 tempora
394 676 454 703 vita:
478 676 544 711 justi
561 677 704 706 addiscere
724 680 890 714 poterimus:
906 688 933 710 et

132 719 271 752 quomodo
286 719 374 748 bonus
391 721 460 749 Deus
474 730 532 756 qtnc
545 723 578 750 ad
593 731 622 751 se
639 724 752 752 attinent
772 727 845 754 omni
866 732 931 754 teut-

129 772 198 797 pnre
213 766 360 801 dispenset,
380 767 495 802 probans
508 776 584 797 suum
599 769 737 803 famulum,
752 777 777 800 et
790 773 860 808 piam
873 773 931 808 ejus

129 815 250 839 mentem
262 812 399 848 detegens.
415 813 473 849 ipse
483 815 554 842 enim
568 815 641 843 clare
657 817 814 851 pneseiebat
835 819 927 846 [annuli

129 857 173 884 sui
196 863 300 893 gratum
332 859 460 893 animum,
481 860 579 888 anima:
599 862 657 896 ejus
692 863 928 897 pulchritudinem,

129 904 357 941 ntargaritamque
370 905 439 934 hanc
449 906 585 935 evidenter
607 909 770 943 agnoscebat
784 918 791 937 :
806 910 852 937 sed
867 911 929 945 quia

127 949 217 977 voluit.
226 950 351 978 omnibus
367 955 429 979 tunc
443 953 622 987 prresentibus
635 961 698 981 eum
711 959 803 982 notum
828 956 926 990 facere,

127 999 157 1022 ttt
169 998 196 1022 et
209 996 402 1030 posterioribus
415 998 520 1025 satculis
535 998 590 1034 ipsa
604 999 668 1034 justi
684 1000 766 1027 virtus
780 1001 814 1028 ad
839 1002 926 1029 imita-

128 1039 229 1068 tionem
242 1048 274 1069 ae
286 1041 372 1069 zelum
382 1049 429 1070 eos
438 1043 481 1078 qui
495 1044 615 1072 aemulari
630 1045 730 1074 vellent
744 1052 903 1081 provocaret
917 1056 924 1075 :

126 1084 228 1113 idcirco
246 1087 371 1121 paulatim
387 1093 501 1116 mentem
522 1089 586 1124 justi
608 1095 661 1118 tam
680 1093 834 1126 opulentam
849 1094 926 1122 nobis

125 1130 243 1167 detegit:
255 1136 283 1159 ut
291 1132 424 1161 discamus
432 1139 460 1161 et
472 1143 521 1162 ttos
530 1135 627 1163 divinis
637 1138 859 1172 promiSsionibus
871 1148 923 1167 non

124 1176 259 1210 difﬁdere,
276 1186 362 1214 neque
372 1179 527 1208 dilationem
542 1183 671 1216 gravatim
685 1183 766 1218 ferre,
780 1185 826 1212 sed
841 1186 925 1220 majo-

123 1229 183 1250 rem
199 1230 273 1258 spem
287 1224 312 1252 in
331 1225 508 1254 invisibilibus
522 1235 601 1262 qttatn
612 1229 638 1256 in
651 1230 797 1258 visibilibus
812 1239 922 1266 ponere,

126 1275 190 1303 qua:
205 1269 333 1297 Dominus
345 1271 464 1298 omnium
477 1274 630 1307 promiserit
657 1283 664 1301 :
681 1279 707 1302 et
728 1276 844 1304 sciamus
869 1285 921 1304 non

122 1321 185 1341 esse
197 1316 324 1350 possibile
336 1321 364 1344 ut
375 1325 499 1353 umquam
511 1319 634 1347 excidant
648 1322 778 1356 promissa
793 1323 838 1350 Dei
851 1332 859 1355 ;
874 1325 920 1351 sed

122 1365 151 1388 et
165 1362 186 1388 si
199 1362 278 1396 longo
291 1368 352 1397 post
368 1369 486 1399 tempore
507 1367 725 1403 et‘ettiantaliqua
741 1368 837 1396 divinis
860 1378 920 1405 pro-

121 1406 213 1433 missis
223 1407 339 1442 diversa,
356 1417 389 1436 ne
405 1416 543 1445 propterea
556 1420 632 1440 mens
646 1413 776 1447 turbetur,
803 1416 849 1443 sed
874 1424 919 1444 co—

119 1460 285 1486 gnoscamus
296 1453 353 1490 ejtts
366 1456 412 1490 qui
432 1457 553 1490 promisit
571 1459 727 1493 sapientiam
742 1464 769 1488 et
795 1461 918 1490 invictam

119 1499 247 1527 virtutem
270 1505 321 1529 :et
347 1509 408 1528 eum
436 1503 658 1540 quandocumque
682 1506 807 1539 voluerit,
838 1515 919 1543 opere

117 1553 180 1580 quin
191 1547 240 1573 sibi
257 1547 351 1582 placita
367 1554 428 1576 sunt
458 1551 594 1585 complere
615 1559 704 1586 posse,
731 1554 872 1589 omniaque
893 1555 916 1582 ei

117 1598 231 1619 cessura
246 1596 273 1620 et
293 1593 511 1629 obtemperatum
525 1603 593 1624 eSse.
610 1597 675 1624 Nant
701 1599 762 1633 quia
789 1599 917 1628 Dominus

117 1643 159 1664 est
169 1643 270 1665 naturae
285 1643 309 1666 et
330 1639 436 1674 Opifcx,
451 1646 536 1675 potest
547 1642 625 1669 etiam
639 1643 703 1672 dare
716 1652 746 1672 ea
757 1653 816 1681 qua:
835 1653 915 1681 supra

116 1687 243 1711 naturam
258 1688 329 1712 sunt.
345 1684 383 1712 Ne
399 1685 477 1721 igitur
491 1687 524 1714 ad
552 1690 685 1723 propriam
706 1690 914 1720 imbecillitatem

116 1729 304 1764 rc-picientes,
319 1732 451 1760 curiosius
470 1741 530 1768 qua:
542 1742 557 1761 a
579 1734 635 1762 Deo
653 1736 718 1764 liuttt
737 1737 912 1774 inquiramus,

117 1783 206 1811 neque
229 1776 263 1804 ad
290 1782 393 1806 naturae
427 1779 548 1807 ordinem
578 1781 758 1817 intendentes,
797 1789 913 1813 mentem

116 1821 268 1850 dividamus
284 1823 350 1851 :sed
371 1824 441 1852 sicut
462 1827 529 1860 grati
558 1825 660 1860 famuli,
686 1828 843 1858 immensam
863 1832 914 1860 Do-

116 1868 183 1895 mini
202 1870 286 1897 nnstri
313 1871 461 1905 potentiam
506 1880 558 1900 non
579 1873 742 1909 ignorantes,
773 1878 913 1906 credamus

114 1914 175 1948 ejus
209 1915 440 1951 promissionibus,
466 1922 494 1945 ut
525 1918 648 1948 humanis
673 1921 773 1950 viribus
792 1925 913 1960 superioo

115 1967 161 1987 res
175 1960 390 1996 facti,.promissa
404 1971 578 2000 assequamur
593 1967 714 2001 omnino,
728 1972 756 1996 et
769 1969 827 2004 ejus
839 1969 913 1998 frua-

115 2014 177 2034 mur
201 2007 398 2044 benevolentia,
412 2017 443 2038 ac
456 2018 504 2046 pro
515 2016 608 2040 nostro
627 2014 696 2041 virili
709 2015 792 2042 Deum
805 2025 912 2052 quoque

116 2053 270 2082 timeamus.
299 2055 429 2084 Maximus
449 2059 519 2085 enim
547 2058 591 2087 hic
615 2064 657 2087 est
691 2066 781 2089 noster
813 2062 909 2098 Itonos,

115 2108 195 2135 quem
217 2101 315 2130 oiTet're
335 2110 486 2138 possumus,
516 2109 545 2132 ut
565 2106 655 2134 virtuti
681 2107 762 2143 ipsius
786 2110 908 2145 tidumus,

114 2147 219 2174 etiamsi
233 2149 338 2176 carneis
351 2149 434 2178 oculis
447 2158 506 2185 qua:
518 2156 580 2179 sunt
601 2154 734 2181 contraria
761 2155 909 2185 videamus.

116 2193 149 2220 Et
170 2193 234 2229 quid
257 2195 408 2228 admiraris,
424 2196 446 2224 si
466 2197 536 2232 apud
562 2198 645 2226 Deum
668 2199 754 2228 honor
768 2202 803 2229 sit
825 2203 911 2230 maxi-

115 2245 174 2265 nms
203 2247 258 2267 non
290 2240 433 2269 dubitare?
458 2242 543 2270 Etiam
582 2245 653 2279 apud
683 2245 817 2282 homines,
846 2256 908 2276 cum

114 2283 177 2318 quid
191 2292 227 2312 ex
238 2284 279 2313 Itis
291 2285 368 2314 ﬂuxis
383 2292 408 2314 et
421 2289 584 2323 corruptioni
609 2290 731 2319 obnoxiis
756 2293 836 2320 rebus
861 2301 910 2321 no-

115 2329 155 2357 bis
178 2332 352 2366 promittitur,
379 2333 401 2360 si
415 2341 464 2362 uos
475 2334 508 2362 de
518 2336 658 2370 promissis
678 2344 730 2364 non
745 2338 907 2375 dubitemus,

115 2377 161 2404 sed
178 2378 344 2412 promittenti
359 2379 438 2407 ﬁdem
464 2380 620 2414 habeamus,
642 2382 667 2410 id
681 2384 796 2412 maximo
814 2385 908 2414 honori

114 2423 231 2458 ducitur,
257 2425 328 2460 quod
341 2433 439 2462 nempe
452 2434 506 2454 non
521 2427 686 2463 dubitemus,
698 2430 744 2457 sed
769 2432 908 2466 promissis

114 2468 238 2497 ﬁdamus.
255 2470 330 2504 Quod
344 2471 365 2498 si
380 2471 431 2500 hoc
454 2472 479 2500 in
495 2472 660 2508 ltominibus,
671 2475 716 2510 qui
734 2479 786 2503 tam
813 2477 909 2506 crebro

113 2515 153 2542 vel
167 2520 313 2550 mutantur,
329 2517 370 2545 vel
393 2518 427 2545 ob
443 2518 624 2547 inﬁrmitatem
640 2526 765 2555 praestare
778 2523 843 2550 nihil
868 2532 910 2551 va-

112 2560 166 2588 lent
175 2570 183 2588 :
192 2566 295 2597 quanto
303 2563 387 2598 magis
395 2564 584 2599 omnipotentis
596 2565 641 2593 Dei
650 2567 788 2601 promissis
798 2568 909 2596 credere

112 2606 252 2640 debemus,
265 2609 369 2637 etiamsi
380 2609 486 2637 interim
494 2611 605 2638 multutn
617 2612 745 2647 temporis
755 2612 908 2641 interﬂuat?

113 2651 176 2680 Have
183 2658 273 2681 autem
288 2662 302 2681 a
317 2662 360 2683 me
373 2663 444 2684 nunc
457 2663 509 2684 non
524 2656 625 2693 absque
638 2665 718 2685 causa
741 2658 811 2687 dieta
834 2665 905 2694 sunt,

114 2699 161 2726 sed
173 2703 202 2726 ut
215 2700 286 2727 scire
300 2701 442 2736 possimus,
459 2709 519 2730 cum
534 2704 686 2731 venerimus
695 2705 728 2732 ad
749 2706 907 2742 principium

112 2752 206 2773 eorum
222 2754 283 2782 qua:
297 2745 376 2775 hodie
390 2747 466 2775 nobis
481 2752 543 2774 sunt
554 2749 697 2783 proposita,
713 2751 847 2784 quomodo
860 2752 907 2778 be-

112 2791 209 2827 nignus
235 2792 305 2820 Deus
325 2792 419 2820 volens
442 2793 512 2828 apud
537 2801 630 2821 omnes
657 2795 773 2822 nobilem
796 2796 909 2824 reddere

113 2837 304 2872 patriarcham,
321 2842 359 2866 tot
372 2839 450 2866 annis
466 2840 681 2874 procrastinavit,
693 2845 720 2868 et
733 2841 839 2870 interim
862 2844 907 2878 ju-

110 2889 166 2913 stus
178 2892 232 2913 non
243 2892 316 2920 aegre
326 2884 437 2919 ferebat,
449 2893 503 2913 non
511 2886 545 2914 ob
559 2886 759 2916 diuturnitatem
768 2892 906 2924 torpesce-

692 159 723 186 l.\'
743 160 817 188 CAP.
837 161 915 189 XVII.
936 163 1057 192 GENES.
1076 166 1189 197 ﬂOJllL.
1208 170 1326 200 ΧΧΧΙΧ.

1738 186 1791 214 362

1000 225 1054 257 bat,
1067 231 1117 253 nee
1127 226 1294 264 desperabat,
1311 232 1356 258 sed
1370 232 1440 261 bona
1456 242 1504 271 spe
1519 244 1666 276 vegetatus,
1679 245 1786 280 religio-

991 276 1049 296 sum
1065 271 1183 300 animum
1200 274 1225 301 in
1241 277 1366 306 omnibus
1378 286 1434 315 pra:
1445 289 1474 309 se
1487 271 1597 313 terebat.
1610 271 1786 319 Seiemus‘hu-

991 318 1043 343 tem
1058 317 1156 352 liquido
1170 327 1276 349 omnem
1299 325 1456 358 patriarcha:
1468 329 1600 366 virtutem,
1611 334 1634 361 si
1660 335 1784 366 didiceri-

990 368 1049 389 mus
1063 368 1189 398 quantum
1204 366 1304 395 interea
1321 373 1424 406 tempus
1439 373 1560 409 elapsunt
1573 377 1662 408 fuerit.
1689 382 1782 412 Omnia
1807 411 1809 415 ,

989 407 1059 434 enim
1075 409 1169 438 beatus
1179 411 1266 440 Moses
1280 414 1379 450 Spiritu
1391 407 1604 451 sanctoraiilattts
1616 407 1783 456 clare—doce:

989 451 1036 501 pii.
1051 454 1119 488 Quid
1135 456 1213 491 igitur
1233 459 1277 486 ille
1290 461 1377 489 dicit?
1392 463 1503 498 Quando
1513 451 1782 501 obcdivitﬂmanduui

990 497 1046 532 Dei,
1063 504 1089 526 et
1115 502 1232 537 migrans
1246 512 1262 531 a
1276 505 1404 542 Charran,
1423 510 1448 537 in
1469 511 1649 543 Cbanaumaut
1669 523 1781 546 conten-

987 543 1035 577 dit,
1052 553 1182 575 annortnn
1196 555 1253 578 erat
1267 555 1433 588 septuaginta
1448 557 1575 593 quinque.
1591 561 1623 587 Et
1640 543 1729 591 statim
1753 571 1780 592 ut

987 592 1059 618 venit
1070 592 1095 619 in
1110 593 1298 630 Chananmatn,
1312 599 1441 629 Dominus
1467 605 1587 637 promisit
1603 608 1628 635 ei
1644 613 1670 635 ct
1683 612 1791 639 semini.

986 637 1043 670 ejus
1054 638 1175 668 daturum
1187 650 1217 670 se
1228 651 1334 673 onmem
1347 651 1455 682 terram,
1467 655 1493 677 et
1504 656 1578 679 tanto
1589 662 1700 683 munero
1712 659 1779 684 inni-

986 681 1173 720 tiplicaturutn,
1193 693 1217 715 ut
1236 689 1427 721 innumerabJe
1442 695 1487 722 ﬁat
1501 697 1570 724 sicut
1580 706 1662 727 arena
1675 707 1702 729 et
1714 704 1778 730 stel—

985 727 1027 754 Ιω.
1044 729 1076 757 Ει
1091 737 1151 766 post
1175 736 1376 768 promissionem
1392 740 1461 768 hanc
1474 743 1556 770 multa
1571 745 1676 774 interim
1704 751 1776 777 acci-

984 773 1081 803 derunt
1089 777 1173 811 justo,
1187 787 1282 816 nempe
1294 782 1438 813 descensus
1452 787 1477 814 in
1492 787 1636 824 Egyptum
1664 799 1775 829 propter

984 819 1092 856 ﬂuitem,
1114 829 1204 859 raptus
1223 827 1310 863 Sarzr,
1330 835 1357 857 et
1375 833 1464 860 statim
1477 819 1570 862 divin-a-
1593 819 1773 871 providentia.

984 865 1081 904 lterum
1108 875 1168 905 post
1200 873 1314 901 reditum
1342 876 1375 904 ab
1404 877 1530 914 Egypto,
1557 865 1608 910 alii:
1634 886 1775 914 occasione

981 911 1054 939 Sara:
1071 915 1225 945 ntolestirea
1248 927 1311 955 rege
1331 920 1502 957 Gerarorum,
1527 932 1555 954 et
1573 929 1661 957 statim
1681 939 1695 958 a
1718 932 1774 960 Deo

981 958 1140 988 subsidium.
1149 962 1235 998 Atque
1245 964 1302 993 haec
1316 967 1366 994 sibi
1376 969 1523 998 accidentia
1531 974 1618 1001 omnia
1629 977 1721 1004 videris
1731 979 1787 1013 ju-.

980 1008 1040 1031 stus
1050 1011 1111 1040 post
1124 1009 1327 1042 promissionem
1342 1013 1425 1048 illam,
1440 1023 1492 1044 non
1508 1019 1663 1049 turbabatur
1672 1008 1771 1057 animo,

980 1057 1067 1085 neque
1088 1053 1220 1084 curiosius
1243 1056 1407 1092 disquirebat
1432 1069 1514 1096 quare
1533 1071 1640 1100 accepta
1657 1053 1772 1102 promis;

978 1097 1052 1124 sione
1066 1098 1121 1132 tali,
1135 1099 1160 1127 in
1178 1105 1264 1130 tantas
1276 1103 1395 1140 talesque
1405 1108 1563 1138 tentationes
1577 1097 1695 1146 quotidie
1708 1115 1772 1142 iui-i-

977 1142 1062 1178 deret,
1075 1150 1101 1172 et
1113 1150 1185 1174 tanto
1201 1152 1321 1184 tempore
1335 1158 1456 1180 maneret
1468 1154 1569 1190 absque
1581 1142 1664 1192 prole.
1679 1161 1779 1189 Nuluit'

977 1188 1047 1216 enim
1062 1195 1153 1225 utpote
1166 1193 1234 1227 pius,
1247 1193 1370 1223 humanis
1390 1188 1537 1228 rationibus
1555 1188 1588 1229 ea
1607 1211 1665 1238 qua:
1679 1213 1694 1232 a
1715 1207 1770 1235 Deo

976 1233 1075 1263 ﬁebant
1092 1237 1233 1273 subjicere,
1248 1244 1275 1267 et
1287 1240 1349 1268 boni
1363 1244 1530 1279 consulebat,
1546 1233 1671 1284 grate-quc
1683 1233 1769 1279 susei;

975 1281 1064 1314 picbat
1076 1290 1250 1319 qtta‘cumque
1262 1285 1317 1314 Deo
1328 1286 1434 1316 fuerant
1450 1290 1514 1319 visa.

1008 1326 1034 1354 2.
1050 1326 1101 1355 Cur
1114 1327 1182 1356 Deus
1204 1330 1240 1357 sic
1262 1333 1404 1361 cuitcttmdo
1425 1335 1566 1370 probaverit
1585 1339 1691 1375 Abram;
1704 1352 1768 1379 quo-

973 1373 1048 1400 modo
1069 1374 1122 1401 lucc
1142 1383 1191 1404 eoa:
1206 1386 1216 1403 ι
1230 1380 1348 1414 apparuit
1361 1390 1370 1406 ι
1384 1382 1532 1417 accipienda
1550 1385 1592 1412 sit.
1608 1401 1644 1406 —
1708 1373 1768 1424 post

972 1418 1103 1447 decimum
1123 1429 1222 1450 annutn
1237 1427 1354 1461 suscepit
1366 1427 1508 1457 lstnaelem
1519 1438 1552 1458 ex
1568 1434 1675 1468 ancilla,
1692 1442 1766 1471 post-

971 1473 1056 1501 eaque
1082 1466 1108 1494 in
1137 1467 1181 1496 illo
1204 1471 1306 1504 putavit
1327 1473 1532 1508 promissionem
1556 1466 1763 1514 adiitiplettdant.

971 1510 1036 1538 Erat
1057 1513 1127 1540 enim
1148 1515 1307 1550 patriarcha,
1333 1520 1439 1553 quando
1460 1526 1537 1550 natus
1560 1529 1601 1551 est
1615 1526 1640 1552 ci
1655 1526 1762 1561 lsmael,

970 1564 1100 1586 annorum
1113 1561 1247 1597 octoginta
1263 1570 1319 1591 sex.
1348 1564 1401 1593 Sed
1424 1567 1519 1596 iterum
1541 1570 1668 1600 tredecim
1686 1575 1765 1602 annis

969 1609 1109 1632 exercetur
1120 1613 1135 1633 a
1149 1607 1262 1643 benigno
1278 1610 1331 1637 Deo
1350 1611 1408 1646 ejus
1431 1614 1566 1649 patientia,
1581 1617 1666 1646 donec
1680 1619 1778 1654 ipsius

969 1650 1110 1683 promissio
1121 1651 1271 1688 impleatur.
1287 1655 1353 1684 Nam
1366 1658 1427 1692 quia
1441 1660 1522 1693 probe
1535 1668 1653 1698 noverat,
1665 1650 1761 1700 quem-

967 1696 1109 1725 admodum
1131 1706 1224 1728 aurum
1252 1701 1279 1728 in
1307 1702 1413 1731 fornace
1428 1707 1555 1741 temporis
1575 1696 1759 1745 diuturnitate,

967 1740 1002 1768 ita
1014 1741 1113 1776 justum
1126 1746 1243 1781 purgari,
1259 1747 1368 1783 ejusque
1380 1740 1502 1779 virtutem
1515 1753 1655 1782 clariorem
1664 1761 1689 1784 et
1700 1740 1761 1785 ill";

966 1787 1089 1816 striorem
1100 1789 1174 1818 ﬁeri:
1189 1792 1198 1818 i
1209 1791 1283 1828 (Cap.
1293 1793 1347 1830 i7).
1360 1795 1466 1828 Quando
1476 1800 1559 1834 facta:
1568 1806 1602 1827 est
1611 1802 1704 1830 Abram
1714 1813 1753 1831 an-

967 1833 1056 1861 nbrtmt
1065 1837 1203 1872 nonaginta
1213 1847 1309 1874 navem,
1320 1841 1414 1877 inquit,
1425 1833 1543 1879 apparuit
1552 1847 1574 1873 ei
1580 1846 1648 1874 Deus
1657 1849 1755 1877 iterum.

967 1879 1000 1906 Et
1018 1888 1163 1916 qttarenam
1189 1888 1263 1913 tanto
1289 1891 1408 1923 tempore
1432 1890 1553 1919 distulit?
1575 1892 1609 1921 Ut
1633 1902 1685 1922 non
1711 1904 1755 1924 so-

966 1924 1019 1952 lum
1041 1926 1105 1961 justi
1128 1930 1283 1964 patientiam
1306 1937 1334 1960 et
1354 1935 1477 1963 virtutem
1501 1937 1647 1973 discamus,
1669 1941 1715 1969 sed
1730 1948 1756 1970 et

964 1969 1121 2000 immensam
1148 1974 1231 2010 ipsius
1257 1980 1399 2012 potentiam
1423 1981 1570 2010 videamus.
1595 1985 1661 2013 Cum
1686 1988 1761 2015 enim

964 2016 1030 2043 nihil
1052 2018 1109 2052 spei
1131 2023 1158 2046 et
1178 2023 1383 2056 exspectationis
1404 2031 1475 2053 esset
1489 2027 1514 2054 in
1532 2034 1625 2058 natura
1649 2039 1709 2066 qua:
1722 2034 1758 2061 ad

965 2064 1156 2096 procreandam
1168 2067 1269 2100 prolem
1285 2069 1383 2097 inutilis
1397 2076 1455 2099 erat
1468 2077 1495 2101 et
1508 2075 1626 2104 membra
1642 2064 1696 2113 prie
1710 2087 1754 2107 se-

964 2113 1071 2137 nectute
1084 2110 1205 2146 languida
1218 2118 1245 2141 et
1258 2113 1350 2149 frigida
1364 2123 1465 2150 essent.
1482 2123 1544 2147 tunc
1566 2110 1671 2150 tandem
1691 2124 1757 2160 justi

963 2153 1086 2182 virtutem
1102 2156 1213 2192 detexit,
1230 2163 1256 2186 et
1277 2167 1352 2188 suam
1375 2164 1519 2197 potentiam
1545 2153 1757 2205 indicavit,pro-

963 2200 1116 2230 missionem
1128 2203 1272 2239 implendo.
1287 2206 1341 2235 Sed
1355 2215 1443 2244 operae
1465 2212 1577 2245 pretium
1599 2220 1650 2247 est,
1666 2200 1756 2246 ut'itet-

963 2252 1021 2272 rutn
1032 2246 1169 2276 audiamus
1177 2257 1207 2277 ea
1219 2250 1275 2286 ipsa
1287 2259 1346 2287 qua:
1358 2261 1419 2281 cum
1434 2255 1482 2283 illo
1495 2256 1564 2286 Deus
1577 2246 1700 2295 loquutus
1715 2269 1758 2291 est

963 2292 1054 2320 verba.
1067 2293 1132 2322 Cum
1145 2297 1229 2330 factus
1241 2298 1308 2325 enim
1323 2305 1394 2334 esset,
1408 2301 1502 2337 inquit,
1516 2306 1654 2341 nonaginta
1667 2315 1760 2336 novem

962 2345 1095 2372 annorum,
1119 2344 1236 2377 apparuit
1258 2348 1281 2371 et
1301 2344 1382 2380 Deus,
1407 2352 1430 2374 et
1449 2348 1514 2376 dixit
1527 2351 1560 2377 ei.
1581 2352 1646 2380 Cum
1666 2359 1759 2383 autent

962 2385 1097 2418 audieris,
1121 2387 1256 2423 Apparuit,
1282 2390 1347 2418 nihil
1371 2392 1470 2421 humile
1491 2395 1644 2430 suspiceris,
1670 2407 1760 2435 neque

963 2435 1039 2465 putes
1052 2432 1137 2460 oculis
1150 2435 1301 2463 carnalibus
1317 2437 1400 2465 videri
1415 2438 1530 2468 divinam
1541 2441 1613 2469 illam
1626 2448 1652 2470 et
1666 2432 1755 2472 incor-

963 2477 1114 2512 ruptibilem
1128 2480 1286 2514 potentiam,
1297 2482 1344 2509 sed
1360 2483 1402 2517 pie
1417 2485 1505 2512 omnia
1517 2485 1644 2523 intelligo.
1664 2490 1757 2525 Appa—

961 2523 1012 2548 ruit
1025 2522 1114 2558 igitur,
1127 2524 1151 2551 εἰ
1165 2524 1233 2552 Deus
1244 2533 1254 2552 :
1268 2526 1318 2554 hoc
1335 2532 1385 2562 est,
1399 2529 1550 2558 visitatione
1568 2522 1615 2560 sua
1629 2522 1757 2562 iitum'di—

961 2573 1056 2603 gnatus
1067 2575 1117 2603 est,
1132 2575 1159 2598 et
1173 2571 1280 2607 dignunt
1302 2573 1377 2601 duxit
1391 2582 1451 2602 eum
1462 2576 1537 2611 cujus
1546 2584 1637 2606 curam
1653 2586 1754 2616 ageret,

964 2623 1028 2643 usus
1039 2624 1132 2651 magna
1152 2619 1285 2645 sermonis
1295 2621 1523 2654 attemperatione.
1540 2622 1612 2651 Dixit
1624 2626 1701 2660 enim,
1716 2627 1757 2653 in—

963 2661 1029 2695 quit,
1044 2662 1078 2688 ad
1091 2670 1158 2690 eum.
1185 2662 1240 2698 Ego
1262 2672 1317 2690 sunt
1334 2664 1401 2692 Deus
1425 2670 1500 2699 tutu;
1513 2668 1585 2703 place
1604 2677 1691 2697 coram
1706 2680 1756 2705 me,

962 2712 986 2734 et
998 2712 1050 2734 asto
1062 2708 1296 2743 irrepreltemt'bilt‘s,
1305 2710 1332 2737 ἓ.
1342 2715 1364 2738 et
1379 2720 1472 2745 ponam
1486 2718 1659 2743 testamentum
1675 2725 1760 2744 meum

959 2751 1025 2780 inter
1036 2762 1075 2780 me
1087 2759 1109 2780 et
1122 2754 1186 2781 inter
1200 2759 1232 2788 le,
1249 2759 1273 2783 et
1288 2756 1461 2791 multiplicabo
1472 2763 1496 2786 te
1509 2760 1589 2787 valde.
1605 2762 1631 2789 δι
1647 2761 1681 2789 Et
1692 2772 1754 2798 pre-

961 2799 1021 2825 cidit
1032 2799 1125 2826 Abram
1140 2808 1216 2834 super
1229 2801 1317 2836 facient
1325 2809 1409 2830 suam.
1425 2804 1517 2840 Magna
1535 2805 1600 2840 justi
1624 2809 1760 2842 probitas,

961 2845 1100 2872 excellens
1116 2846 1178 2873 item
1193 2847 1392 2876 clementissimi
1409 2849 1455 2877 Dei
1470 2851 1495 2878 iit
1507 2852 1581 2879 illuni
1596 2853 1761 2889 benig..itas.

962 2887 1018 2926 Ego
1033 2899 1099 2924 sum,
1115 2891 1209 2927 inquit,
1222 2891 1294 2921 Deus
1307 2899 1364 2922 tuus
1379 2903 1388 2922 :
1401 2897 1476 2932 quasi
1494 2897 1603 2934 diceret,
1618 2887 1674 2937 Ego
1698 2910 1765 2929 sulm
