2055 3123
246 178 300 207 363

247 235 292 270 qui
307 241 389 269 usque
400 231 429 259 in
443 237 560 266 praesens
571 237 615 258 res
627 235 687 258 tuas
701 229 781 256 variis
801 226 886 254 modis
896 225 1036 259 dispenso;

247 269 298 315 ego
307 286 377 310 sum,
390 278 435 313 qui
449 281 475 304 te
489 284 504 304 e
519 276 599 304 domo
612 280 655 302 tua
667 274 784 306 evocavi,
797 277 825 300 et
839 272 889 299 huc
902 270 964 298 duxi
976 278 983 302 ;
997 269 1040 303 qui

249 314 322 353 «mini
345 329 465 359 tempore
486 325 665 358 propugnator
687 324 747 347 tuus
768 325 838 349 sum,
861 322 888 344 et
907 316 952 351 qui
969 320 995 342 te
1008 314 1043 341 de

249 370 363 398 inimicis
377 369 504 396 victorem
519 366 609 400 etl‘eci,
623 373 673 402 ego
690 372 748 392 sum
759 372 766 397 ;
779 368 807 392 et
820 370 871 390 non
894 361 961 389 dixit
980 360 1042 387 sim-

251 415 366 451 pliciter,
382 413 438 450 Ego
452 421 513 441 sum
538 413 607 440 Deus
623 420 629 438 :
645 410 704 443 sed,
728 409 784 445 Ego
805 416 860 436 sum
885 406 954 434 Deus
974 410 1041 432 tuus.

253 450 320 488 Vide
333 459 427 486 miram
442 458 596 490 bonitatem,
614 454 747 492 quomodo
768 454 819 481 hoc
840 452 920 480 etiam
941 450 1043 478 addita-

253 510 343 534 mento
364 512 482 533 amorem
504 511 581 532 suum
604 510 666 538 erga
688 501 788 537 justum
809 498 965 527 declaravit.
978 496 1045 523 Nam

253 553 298 588 qui
312 553 392 580 totius
404 550 495 578 mundi
505 555 546 578 est
562 550 640 581 Deus,
652 553 678 575 et
690 545 805 574 universi
818 543 924 580 Opifex,
935 543 1045 570 Creator

252 599 310 626 (zeli
325 603 352 626 et
366 602 453 629 terrm,
467 596 531 623 dicit
545 605 552 623 :
566 594 623 630 Ego
643 602 697 621 sum
710 591 778 619 Deus
792 596 859 618 tuus.
876 589 970 624 Ingens
985 595 1046 623 pro-

254 645 324 672 fecto
347 643 443 676 honor,
457 641 501 677 qni
522 641 595 676 justo
609 639 743 667 tribuitur.
757 637 801 666 Sic
813 641 841 664 et
854 634 990 671 prophetis
1005 633 1045 660 Io-

253 691 299 726 qui
310 696 369 717 mos
382 693 432 717 est.
443 687 508 715 Nam
524 687 593 714 sicut
613 686 670 720 ipse
687 691 766 717 nunc,
781 690 841 710 cum
863 682 898 709 sit
920 681 1047 708 Dominus

254 725 405 762 communis
427 732 557 764 omnium,
572 738 587 758 a
601 737 679 758 servo
697 733 724 756 ut
743 727 883 764 peculiaris
896 725 985 754 vocari
998 731 1046 752 vo-

254 781 313 814 luit,
326 779 491 808 inveniemus
505 777 584 805 etiam
597 783 657 804 cum
673 779 734 811 post
755 774 813 801 hinc
833 773 976 802 dicentem,
993 770 1047 806 Ego

255 836 310 855 sunt
326 826 392 853 Deus
408 824 545 856 Abraham,
565 823 631 850 Deus
647 821 763 854 lsaac,et
774 820 841 847 Deus
853 818 934 846 Iacob
950 816 1046 854 (Exod.

255 874 282 900 3.
306 872 334 907 6)
349 880 356 898 :
369 871 404 898 ita
419 875 446 898 et
467 869 603 905 propheta:
625 867 716 895 dicere
740 868 953 896 consueverunt,
981 862 1057 897 Deus,

258 918 325 945 Deus
345 925 414 944 mens
427 923 437 943 :
452 923 503 942 non
527 913 718 942 concludentes
741 912 798 946 ejus
820 909 966 938 dominium
979 928 987 939 ,
1002 907 1049 935 sed

256 971 374 992 amorem
390 963 550 989 immensum
574 959 750 987 declarantes.
771 957 830 984 Non
851 955 930 990 igitur
952 954 1049 981 mirum

257 1011 279 1037 si
296 1009 415 1036 homines
431 1007 481 1035 hoc
493 1006 604 1039 faciant;
620 1005 667 1032 sed
687 1004 758 1039 quod
773 1004 829 1038 ipse
844 1009 906 1036 erga
929 1000 1050 1027 homines

258 1057 284 1084 id
299 1056 385 1088 faciat,
398 1055 422 1082 id
437 1062 501 1082 vero
523 1061 620 1080 novum
634 1056 709 1079 estet
724 1049 854 1078 mirabile.
869 1047 1000 1076 Caeterum
1017 1053 1050 1073 ne

259 1102 397 1131 miremur,
408 1099 508 1131 dilecti,
518 1098 565 1126 sed
578 1097 716 1124 audiamus
727 1094 881 1130 prophetam
897 1092 1030 1120 dicentem
1041 1099 1050 1117 ε

260 1148 352 1175 Melior
365 1151 401 1174 est
421 1154 487 1173 unus
509 1145 605 1181 faciens
627 1143 779 1170 voluntatem
796 1140 909 1172 Domini,
923 1146 1000 1173 quam
1013 1138 1052 1164 in-

259 1192 355 1220 numeri
378 1196 520 1227 peccatorcs
531 1189 622 1225 (Eccli.
638 1188 680 1215 l6.
695 1188 722 1222 5)
735 1196 742 1220 ;
754 1191 780 1213 et
795 1186 890 1212 iterum
913 1184 1052 1211 audiamus

261 1241 369 1268 Paulum
389 1239 521 1266 dicentem
535 1246 542 1264 :
559 1235 785 1263 Obambulauerunt
800 1233 826 1259 in
837 1231 943 1262 melotis,
955 1231 981 1257 in
996 1229 1052 1265 pel-

262 1286 327 1312 libus
341 1285 464 1320 caprinis,
474 1287 583 1319 egentes,
600 1280 743 1316 angustiati,
754 1278 851 1314 amicti,
863 1277 952 1313 quibus
962 1276 1053 1311 digitus

261 1339 310 1357 non
323 1336 376 1357 erat
392 1329 500 1356 ntundus
510 1327 602 1363 (Hebr.
616 1327 659 1354 ll.
671 1326 715 1354 57.
726 1324 782 1360 58).
799 1324 842 1351 Sic
857 1322 983 1358 propheta
996 1321 1054 1357 qui-

261 1377 321 1405 dem
337 1376 501 1412 pronuntiat,
516 1381 596 1401 unum
611 1373 654 1408 qui
671 1371 733 1398 facit
758 1370 921 1397 voluntatem
936 1366 1051 1399 Domini,

264 1423 352 1458 impiis
367 1421 514 1449 innumeris
534 1420 682 1447 meliorem.
694 1417 790 1445 Beatus
805 1423 868 1443 vero
883 1414 988 1446 Paulus,
1003 1412 1053 1440 do-

261 1473 320 1496 ctor
342 1468 426 1500 orbis,
449 1473 601 1494 memorans
622 1465 706 1492 bonos
720 1469 813 1490 omnes
827 1460 854 1488 in
868 1458 1054 1487 afﬂictionibus

263 1514 305 1541 hic
318 1516 437 1548 agentes,
452 1511 537 1547 inquit
551 1521 558 1538 :
574 1510 668 1544 Quibus
679 1509 771 1544 dignus
789 1515 839 1534 non
863 1511 916 1533 erat
935 1505 1054 1531 mundus.

263 1559 301 1587 Ita
324 1567 385 1587 cum
409 1558 524 1586 dixisset
545 1561 629 1584 totum
652 1554 795 1588 mundum,
816 1552 915 1580 mundo
934 1551 1056 1587 opposait

263 1613 311 1633 eos
328 1604 372 1640 qui
387 1604 431 1631 hic
445 1607 575 1631 vexantur
587 1607 614 1630 et
628 1601 790 1636 afﬂiguntur,
806 1603 834 1626 ut
847 1598 936 1626 discas
958 1601 1055 1633 quanta

264 1651 298 1678 sit
318 1650 423 1677 virtutis
445 1648 606 1684 magnitudo.
629 1647 716 1682 Atque
725 1653 756 1673 ea
771 1646 805 1673 de
829 1651 907 1672 causa
928 1643 1056 1671 Dominus

265 1697 337 1724 Deus
360 1696 445 1731 inquit
467 1694 500 1722 ad
525 1693 700 1730 patriareham
717 1701 723 1719 :
740 1692 794 1727 Ego
814 1699 870 1718 sum
888 1689 958 1717 Deus
978 1693 1035 1716 tuus
1049 1708 1057 1721 ,

266 1743 337 1777 place
355 1750 440 1768 coram
453 1748 502 1773 me,
517 1744 540 1767 et
552 1743 604 1767 esto
627 1736 860 1773 irreprehensibilis.
873 1735 965 1770 Neque
986 1734 1057 1762 enim

265 1793 435 1816 contemnam
449 1791 501 1814 tuae
523 1785 628 1813 virtutis
652 1784 772 1815 sudores,
787 1782 835 1810 sed
857 1781 958 1809 Ponant
981 1784 1058 1807 testa-

266 1839 377 1861 mentum
396 1841 479 1859 meum
499 1832 563 1858 inter
582 1839 621 1857 me
641 1834 664 1857 et
683 1830 748 1856 inter
771 1833 804 1861 te,
816 1833 838 1855 et
854 1826 1026 1862 multiplicabo
1037 1830 1060 1852 te

266 1879 349 1907 valde.
364 1877 422 1905 Non
437 1881 537 1904 tantum
549 1875 642 1903 faciam
654 1878 680 1902 te
690 1875 715 1901 in
727 1872 922 1900 multitudinem
937 1878 1059 1906 magnam

267 1930 398 1956 crescere,
413 1922 460 1950 scd
485 1921 576 1955 Valde,
599 1920 737 1948 declarans
756 1919 950 1946 incrementum
977 1916 1060 1951 pluri-

269 1977 351 1995 llllllll.
376 1967 452 2001 Quod
474 1974 553 2001 supra
573 1964 748 1997 memorabat,
772 1971 832 1991 cum
853 1962 965 1995 diceret,
987 1962 1061 1989 Sicut

269 2021 376 2041 arenam
387 2018 413 2041 et
423 2012 513 2040 stellas
527 2021 534 2039 :
547 2011 572 2038 id
585 2011 626 2038 hic
641 2007 687 2045 per
699 2008 863 2041 adverbium,
877 2007 968 2041 Valde,
979 2006 1061 2042 signi-

271 2060 368 2088 ﬁcavit.
383 2060 416 2086 At
437 2063 528 2094 gratus
540 2061 567 2085 et
582 2056 721 2092 religiosus
745 2055 868 2088 famulus,
891 2054 984 2082 videns
1004 2058 1063 2080 tan-

271 2111 325 2134 tam
341 2106 386 2133 Dei
402 2104 592 2139 indulgentiam
605 2107 632 2130 et
644 2109 707 2137 erga
727 2100 855 2128 famulum
869 2107 945 2127 suum
959 2107 1060 2132 curam,

271 2153 471 2186 obstupescens,
492 2151 634 2184 animoque
657 2155 766 2175 versans
784 2152 811 2174 et
834 2151 954 2174 naturam
976 2154 1062 2178 suam,

271 2203 300 2225 et
321 2197 465 2224 bonitatem
490 2195 700 2229 immensamque
722 2193 845 2220 virtutem
870 2192 926 2225 Dei,
952 2190 1062 2223 Cecidit,

275 2242 369 2278 inquit,
382 2243 409 2268 in
426 2241 516 2276 [aciem
537 2247 607 2267 suam
623 2243 747 2273 :gratum
769 2237 886 2264 animum
912 2237 962 2263 hoc
984 2236 1064 2263 modo

274 2288 423 2315 declarans.
439 2286 496 2314 Νοη
512 2285 599 2312 solum
612 2284 682 2312 enim
706 2291 758 2310 non
783 2287 845 2310 tunc
868 2282 916 2309 fuit
937 2290 1064 2318 arrogan-

277 2334 337 2366 tior,
359 2339 445 2367 neque
468 2329 638 2366 superbiebat
657 2333 764 2364 propter
786 2327 904 2355 favorem
920 2327 968 2355 Dei
987 2336 1064 2363 quem

275 2377 470 2414 experiebatur,
494 2375 540 2403 sed
554 2379 580 2402 et
598 2374 680 2401 multo
702 2373 785 2409 magis
807 2372 993 2400 humiliabatur
1009 2381 1015 2400 :
1034 2372 1066 2400 Et

273 2425 373 2457 cecidit,
394 2423 487 2458 inquit,
514 2421 541 2448 in
563 2420 663 2456 faciem.
686 2419 724 2446 Ita
745 2419 816 2446 enim
840 2424 930 2454 gratus
951 2419 1066 2450 animus,

273 2475 375 2508 quanto
385 2469 478 2504 majori
490 2468 584 2496 fruitur
593 2466 697 2499 ﬁducia,
708 2469 781 2493 tanto
789 2465 916 2500 majorem
928 2465 982 2492 Deo
990 2473 1068 2493 reve-

275 2517 389 2546 rentiam
400 2514 508 2543 exhibet
522 2522 529 2541 :
545 2512 638 2541 Cecidit
650 2512 730 2544 enim,
743 2511 837 2546 inquit,
849 2511 874 2538 in
883 2511 971 2547 faciem
985 2519 1068 2538 suam.

278 2565 311 2591 Et
324 2563 385 2598 quia
405 2565 464 2597 post
478 2565 578 2588 tantam
592 2559 713 2586 ﬁduciam
724 2558 812 2593 justus
827 2558 943 2592 seipsum
956 2562 983 2585 et
993 2562 1071 2585 uatu-

278 2617 315 2638 τω
326 2616 381 2637 suae
391 2606 597 2635 imbecillitatem
607 2603 789 2637 considerans,
798 2610 884 2639 neque
892 2603 982 2630 oculos
993 2602 1071 2629 attol-

278 2656 334 2684 lere
348 2653 471 2686 audebat,
480 2652 528 2680 sed
538 2652 563 2679 in
576 2651 670 2679 faciem
685 2658 787 2685 pronus
797 2650 906 2677 multam
919 2648 1071 2677 declambat

279 2701 454 2730 reverentiam
471 2709 478 2727 :
493 2699 554 2727 vide
568 2699 664 2726 iterum
677 2697 738 2725 boni
755 2697 802 2724 Dei
816 2696 976 2724 ineﬁ‘abilem
996 2696 1071 2723 beni-

279 2749 417 2785 gnitatem.
441 2746 572 2781 Loquatur
592 2750 628 2772 est
651 2745 727 2778 enim,
739 2743 833 2779 inquit,
847 2743 869 2770 ei
879 2742 948 2770 Deus
967 2742 1051 2769 dicens
1063 2749 1073 2768 :

280 2795 307 2822 ι.
327 2794 391 2822 Ecce
411 2801 456 2830 ego
467 2798 490 2820 et
503 2795 676 2820 testamentum
691 2798 773 2818 meum
792 2794 883 2823 tecum,
895 2794 918 2816 et
931 2789 981 2816 eris
1002 2793 1073 2823 pater

274 2840 448 2869 multitudinis
462 2840 585 2875 gentium,
601 2837 627 2865 5.
638 2841 662 2864 et
676 2844 726 2864 non
748 2836 877 2863 vocabitur
894 2835 961 2862 ultra
984 2842 1074 2861 nomen

275 2895 348 2916 tuum
365 2887 469 2920 Abram,
480 2885 524 2914 sed
536 2885 581 2914 erit
595 2892 684 2912 nomen
707 2888 777 2911 tuum
801 2882 926 2910 Abraham
940 2881 1017 2917 :quia
1027 2889 1073 2917 pa-

640 173 668 202 S.
688 168 827 200 JOANNIS
846 162 1083 196 Cl-lRYSOSTOMl
1103 161 1260 191 ARClllEP.
1280 161 1544 191 CONSTANTINOP.

1835 162 1888 190 361

1096 224 1158 246 trem
1177 221 1311 246 multarum
1333 221 1442 255 gentium
1461 220 1579 247 constitui
1596 224 1629 252 te,
1651 219 1676 247 6.
1700 219 1842 254 faciantque
1865 225 1890 246 te

1094 274 1204 293 crescere
1224 266 1296 293 valde
1309 274 1318 293 :
1331 271 1353 293 et
1375 274 1467 300 ponam
1490 271 1514 293 te
1531 266 1557 293 in
1579 270 1687 301 gentem,
1701 270 1724 293 et
1736 273 1805 301 reges
1822 274 1853 293 ea:
1866 271 1891 292 te

1096 312 1263 347 egredientur.

1131 359 1158 386 5.
1167 358 1335 395 Etymologite
1354 358 1482 386 nominum
1502 358 1595 385 Abram
1624 363 1649 386 et
1672 358 1739 386 Noe.
1767 358 1890 393 [nﬁdeles

1096 406 1170 433 etiam
1196 406 1356 440 prophetam.
1371 421 1408 426 —
1425 405 1571 433 Considera
1583 426 1591 440 ,
1616 406 1711 433 dilecte
1723 426 1730 439 ,
1753 405 1890 441 quomodo

1096 453 1184 480 omnia
1194 452 1266 487 justo
1276 451 1416 479 manifeste
1430 451 1556 486 prtedicat
1565 472 1572 484 ,
1586 456 1614 478 et
1628 456 1656 479 ut
1668 452 1814 486 majoribus
1827 458 1891 479 cum

1097 498 1261 533 argumentis
1284 502 1386 525 certum
1408 497 1518 533 reddat,
1531 498 1611 525 etiam
1627 497 1731 525 literam
1750 497 1823 524 addit
1838 505 1890 524 no-

1098 544 1161 571 mini
1174 544 1232 578 ejus
1242 564 1249 576 ,
1263 548 1290 571 et
1302 543 1388 578 inquit
1406 552 1412 570 :
1428 541 1488 570 Eri;
1502 547 1573 578 pater
1586 542 1755 570 multitudinis
1767 543 1889 578 gentium.

1100 589 1160 616 Non
1173 589 1301 616 vocabitur
1314 589 1380 615 enim
1394 596 1485 615 nomen
1500 592 1569 614 tuum
1579 587 1681 620 Abram,
1694 588 1738 615 sed
1750 588 1890 621 Abraham,

1098 635 1156 670 quia
1170 639 1266 670 patrem
1280 634 1417 660 multarum
1435 633 1545 668 gentium
1560 633 1678 660 constitui
1696 638 1728 659 te.
1743 633 1808 660 Nam
1823 633 1893 660 sicut

1100 681 1173 715 prius
1194 688 1291 708 nomen
1306 680 1364 715 ejus
1376 679 1514 707 transitum
1536 678 1797 714 indicabat(Abram
1819 679 1891 706 enim

1101 727 1271 754 transitorem
1279 730 1367 759 sonat,
1377 725 1522 753 secundum
1533 725 1705 752 Hebrtcorum
1715 725 1831 760 linguam
1841 725 1892 759 (n);

1100 777 1128 800 et
1154 772 1203 800 hoc
1227 772 1314 800 sciunt
1327 772 1371 807 qui
1388 772 1484 807 lingua:
1507 771 1578 798 illius
1592 774 1654 798 sunt
1676 770 1782 807 periti),
1805 771 1894 806 itaque

1102 822 1226 853 parentes
1235 818 1293 851 ejus
1307 825 1403 845 nomen
1418 817 1468 844 hoc
1481 816 1642 849 indiderant,
1652 824 1684 843 co
1698 816 1768 852 quod
1782 824 1797 843 a
1809 817 1893 851 patria

1102 872 1150 892 sua
1173 865 1199 891 in
1224 864 1402 892 Chananaeam
1426 863 1587 891 transiturus
1609 868 1676 892 erat.
1699 863 1757 891 Jam
1782 863 1895 890 fortasse

1102 911 1198 938 dixerit
1212 910 1342 945 quispiam
1357 909 1442 937 :Cum
1463 913 1587 944 parentes
1607 909 1665 943 ejus
1691 908 1811 936 inﬁdeles
1837 908 1896 935 fue-

1103 957 1166 991 rint,
1182 956 1252 984 unde
1264 956 1314 983 illis
1330 955 1496 990 prmscientia
1507 955 1565 982 inec
1577 976 1584 988 ,
1601 959 1628 982 ut
1643 955 1713 990 quod
1729 954 1813 982 multo
1827 959 1897 982 tem-

1104 1010 1168 1038 pore
1182 1007 1273 1037 postea
1287 1002 1403 1029 futurum
1426 1006 1482 1028 erat
1493 1021 1499 1033 ,
1517 1001 1624 1028 nomine
1641 1000 1897 1035 cornplccterentur?

1104 1048 1157 1076 Sed
1173 1053 1214 1076 est
1224 1048 1303 1076 etiam
1326 1047 1376 1075 hoc
1395 1047 1584 1082 omnipotentis
1600 1047 1737 1081 sapientia:
1757 1046 1801 1074 Dei
1817 1053 1897 1081 argn-

1105 1100 1235 1127 mentum,
1251 1102 1309 1128 quze
1323 1100 1507 1128 Saepenumero
1519 1100 1566 1128 per
1582 1092 1700 1119 infideles
1711 1091 1840 1126 ejusmodi
1855 1099 1899 1118 res

1105 1141 1240 1176 dispensat
1260 1150 1266 1167 :
1283 1144 1309 1167 ct
1325 1141 1405 1167 multa
1419 1139 1515 1167 similia
1539 1139 1686 1166 invenimus
1703 1139 1783 1165 etiam
1799 1138 1825 1165 in
1840 1138 1899 1165 aliis

1106 1188 1183 1214 facta.
1195 1187 1290 1214 Statim
1303 1187 1373 1214 enim
1389 1185 1505 1213 occurrit
1520 1185 1596 1212 nobis
1608 1189 1634 1212 et
1649 1184 1705 1212 Noe
1719 1183 1878 1210 vocabulum
1891 1191 1897 1209 :

1107 1241 1193 1268 neque
1208 1233 1279 1261 enim
1292 1233 1392 1268 absque
1405 1239 1483 1260 causa
1498 1236 1524 1259 ct
1535 1231 1561 1259 in
1576 1238 1671 1258 vanum
1687 1231 1767 1257 etiam
1779 1230 1841 1257 huic
1852 1237 1900 1256 no-

1107 1288 1168 1307 men
1191 1279 1342 1306 indiderunt
1364 1282 1504 1313 parentes,
1525 1277 1572 1305 sed
1593 1276 1786 1313 przcsignnrtml
1807 1275 1901 1302 subse-

1107 1331 1250 1361 quuturum
1273 1325 1412 1353 diluvium.
1430 1324 1575 1351 Enimvero
1588 1327 1613 1350 et
1637 1326 1738 1357 patrem
1755 1321 1833 1355 hujus
1847 1328 1900 1348 non

1108 1374 1169 1401 ideo
1182 1380 1277 1400 nomen
1295 1378 1377 1407 puero
1398 1370 1540 1401 indidisse,
1555 1369 1625 1404 quod
1640 1369 1696 1403 ipse
1708 1368 1795 1403 justus
1810 1372 1901 1399 esset,

1108 1419 1169 1447 audi
1182 1419 1346 1453 Scripturam
1359 1416 1502 1449 dicentem,
1519 1415 1574 1442 Noe
1585 1415 1671 1442 solum
1687 1415 1823 1442 inventum
1841 1422 1904 1442 esse

1106 1466 1225 1501 justum,
1246 1464 1393 1500 perfectum
1421 1462 1447 1490 in
1466 1461 1638 1497 generatione
1659 1468 1706 1488 sua
1727 1460 1804 1496 (Gen.
1818 1461 1845 1487 6.
1861 1460 1902 1495 9).

1108 1511 1167 1540 Non
1191 1515 1279 1538 autem
1305 1509 1462 1537 obticuisset
1484 1508 1639 1543 Scriptura,
1664 1514 1749 1542 neque
1772 1506 1903 1539 dixisset,

1110 1559 1165 1587 Noe
1180 1559 1253 1586 solus
1264 1557 1352 1592 justus
1364 1560 1436 1588 erat,
1452 1556 1473 1582 si
1488 1559 1514 1582 et
1531 1553 1644 1582 Lamech
1657 1559 1731 1589 pater
1749 1553 1808 1588 ejus
1819 1553 1905 1580 virtu-

1111 1610 1163 1632 tem
1181 1604 1245 1639 justi
1267 1603 1362 1630 fuisset
1375 1601 1503 1629 imitatus.
1528 1600 1700 1635 lmpositnrus
1720 1599 1807 1634 itaque
1823 1606 1856 1633 lu
1868 1607 1906 1625 -ro

1111 1657 1219 1683 nomen,
1232 1648 1315 1684 inquit
1331 1657 1338 1674 :
1352 1647 1386 1674 Et
1400 1646 1528 1674 vocabitur
1539 1654 1628 1672 nomen
1641 1646 1697 1680 ejus
1714 1643 1770 1671 Noe
1782 1651 1792 1676 ,'
1808 1644 1849 1670 hic
1864 1646 1906 1679 fu-

1111 1697 1158 1723 ciet
1180 1703 1226 1722 nos
1247 1694 1375 1729 quiescere
1397 1692 1427 1719 ab
1442 1691 1558 1727 operibus
1575 1691 1686 1723 nostris,
1707 1694 1730 1716 ct
1750 1698 1765 1716 a
1786 1689 1907 1716 molestiis

1112 1751 1232 1770 manuum
1243 1746 1385 1768 nostrarum
1394 1761 1401 1772 ,
1415 1745 1437 1766 et
1450 1747 1465 1765 ιι
1486 1743 1552 1766 terra
1564 1759 1571 1771 ,
1582 1746 1658 1773 quant
1672 1737 1804 1764 maledixit
1819 1736 1907 1763 Domi-

1113 1797 1161 1816 nus
1177 1788 1243 1815 Deus
1259 1786 1334 1823 (Gen.
1351 1786 1378 1814 5.
1392 1785 1451 1820 ‘29).
1463 1783 1538 1812 Unde
1553 1783 1607 1816 illi,
1624 1790 1729 1817 quassu,
1750 1786 1822 1809 esset
1837 1789 1907 1816 prm-

1113 1835 1223 1863 scientia
1246 1841 1338 1861 eorum
1353 1840 1412 1867 quas
1425 1835 1484 1866 post
1505 1834 1544 1857 tot
1557 1829 1654 1857 smeula
1672 1833 1747 1855 erant
1760 1827 1908 1856 eventura?

1115 1882 1182 1909 Dicit
1205 1880 1275 1908 enim
1292 1887 1299 1907 :
1319 1878 1470 1908 Vocabitur,
1494 1874 1596 1910 inquit,
1623 1873 1697 1906 Noe,-
1711 1874 1752 1901 hic
1773 1874 1839 1900 enim
1863 1881 1908 1899 nos

1113 1929 1238 1963 quiescere
1247 1925 1331 1961 faciet.
1347 1924 1447 1952 Nomen
1463 1927 1551 1950 autem
1564 1922 1620 1949 Noe
1634 1921 1722 1956 lingua
1736 1920 1907 1948 Hebraeorum

1114 1975 1190 2010 quies
1205 1973 1311 2001 dicitur.
1330 1971 1420 2005 Itaque
1433 1969 1493 2004 quia
1504 1989 1511 2000 ,
1526 1968 1663 2002 ingruente
1678 1966 1795 1999 diluvio,
1811 1965 1855 1992 hic
1865 1972 1908 1992 so-

1117 2021 1157 2047 lus
1181 2018 1310 2047 mundum
1327 2021 1495 2048 servaturos,
1509 2019 1536 2042 et
1555 2012 1709 2048 posterioris
1728 2011 1909 2047 generationis

1116 2067 1220 2094 futurus
1232 2069 1324 2092 auctor
1338 2068 1410 2096 erat,
1426 2062 1524 2089 idcirco
1537 2059 1623 2095 inquit
1635 2080 1642 2092 ,
1657 2058 1708 2085 Hic
1720 2058 1796 2093 faciet
1810 2065 1856 2085 nos
1870 2065 1910 2084 re-

1115 2113 1241 2148 quiescere
1254 2119 1262 2138 :
1273 2109 1391 2145 requiem
1402 2107 1529 2136 diluvium
1543 2113 1650 2134 vocans.
1664 2104 1730 2132 Nam
1743 2110 1850 2132 omnem
1862 2107 1911 2130 ter-

1118 2166 1174 2186 ram
1190 2157 1265 2193 quasi
1281 2155 1417 2190 fatigatam
1439 2158 1466 2182 et
1489 2151 1692 2180 inhabitantium
1715 2150 1816 2177 malitia
1832 2148 1911 2177 valde

1118 2205 1278 2233 deteriorem
1312 2203 1407 2230 factam
1436 2199 1630 2235 superveniens
1653 2197 1745 2225 diluvii
1780 2203 1910 2231 aquarum

1119 2250 1283 2284 inundantia,
1298 2257 1356 2284 quas
1368 2249 1447 2276 linem
1470 2246 1577 2274 malitia:
1591 2244 1721 2272 maiorum
1736 2244 1848 2270 istorum
1861 2242 1911 2269 ho-

1119 2298 1220 2325 minum
1237 2295 1363 2326 faciebat,
1377 2299 1404 2322 et
1418 2298 1516 2320 terram
1535 2290 1703 2326 repurgavit,
1716 2297 1795 2324 quam
1809 2288 1913 2316 inhabi-

1120 2345 1231 2372 tantium
1245 2342 1344 2370 malitia
1356 2339 1518 2368 immundam
1533 2338 1649 2370 fecerat,
1665 2341 1693 2364 et
1703 2336 1764 2363 illos
1779 2334 1914 2370 puniendo

1121 2391 1147 2417 in
1163 2389 1277 2424 quietem
1298 2387 1410 2414 induxit.
1426 2385 1498 2412 Mors
1507 2384 1578 2411 enim
1589 2404 1595 2416 ,
1611 2387 1640 2410 ut
1650 2382 1735 2417 inquit
1749 2380 1804 2414 ille,
1817 2381 1914 2414 requies

1121 2436 1174 2462 tiro
1187 2433 1246 2470 (Job
1261 2433 1289 2460 ‘5.
1302 2433 1347 2460 23.
1361 2430 1431 2467 apud
1440 2429 1514 2465 axx).
1525 2428 1618 2456 Vidisti
1627 2426 1761 2463 quomodo
1771 2426 1853 2454 etiam
1867 2432 1916 2460 per

1123 2481 1273 2510 incredulos
1288 2479 1371 2507 multa
1382 2486 1454 2513 saepe
1476 2475 1674 2512 prmsiguiﬁcari
1697 2473 1794 2502 curat?
1813 2471 1916 2501 Eodem

1154 2560 1190 2591 (tl)
1207 2559 1333 2591 Hebraice_
1343 2557 1428 2591 doctus
1445 2562 1492 2581 non
1512 2557 1565 2591 erat
1584 2553 1764 2591 (‘brysostﬂilus
1775 2551 1823 2591 Δ(ιιιὶ
1843 2548 1918 2574 talem

1124 2585 1291 2623 etymologiam
1304 2588 1407 2614 ediderit
1423 2595 1429 2612 :
1443 2594 1491 2612 non
1504 2587 1569 2610 enim
1582 2591 1595 2623 a
1606 2591 1677 2612 voce,
1688 2586 1750 2612 Ὧν,
1770 2585 1859 2623 ἔτρεις,-
1875 2587 1920 2604 no-

1125 2616 1191 2655 men,
1203 2616 1291 2655 D'lnn,
1302 2624 1357 2649 duci
1377 2626 1470 2655 potest;
1483 2620 1665 2653 cognominatus
1677 2623 1758 2644 tamen
1770 2618 1814 2642 fuit
1834 2616 1920 2640 Abram

1123 2666 1195 2697 mu,
1207 2672 1279 2698 quam
1290 2670 1375 2690 vocem
1386 2663 1426 2698 alii
1445 2662 1582 2698 tuteln'teum2
1595 2660 1634 2698 alii
1645 2658 1919 2698 transitoremvertuﬁul.

1124 2689 1224 2727 caece:
1228 2689 1315 2728 1.4a...
1327 2699 1384 2728 Item
1398 2694 1513 2728 pluribus
1525 2693 1678 2728 tractavimus
1729 2689 1857 2728 Ite_st.apli_s1
1864 2693 1919 2728 inp;

1128 2720 1309 2758 ᾗᾟῖιίθὲῖἒῖὺ.
1323 2727 1362 2756 15,
1380 2720 1422 2750 ubi
1434 2724 1593 2758 plurimorum
1601 2722 1736 2758 sententias
1747 2720 1882 2758 attulimus,
1895 2720 1921 2742 et

1128 2753 1919 2797 inimicistemtatas}.‘1‘95:-‘“Iﬂ.£l‘£"¥?ﬁﬂi‘:li."€’ii

1127 2780 1455 2824 ﬁwiiﬁig'gaadigi'v‘eran
1468 2790 1524 2824 est:
1540 2791 1587 2809 non
1611 2780 1722 2820 periude‘
1736 2780 1863 2816 probabile

1128 2810 1480 2854 illam
1492 2821 1539 2853 Npe
1552 2810 1650 2854 nomine
1663 2810 1815 2854 expressam,
1831 2810 1921 2854 signifi-

1128 2819 1192 2854 quod
1201 2820 1289 2852 adjicit,
1303 2819 1404 2850 quietem
1415 2819 1480 2842 illam
1492 2821 1539 2841 Noe
1552 2819 1650 2840 nomine
1663 2819 1815 2845 expressam,
1831 2819 1920 2866 διὲξιιιιι-

1127 2859 1184 2878 mre
1196 2851 1320 2880 dilutium,
1330 2851 1354 2874 in
1366 2856 1414 2881 quo
1425 2848 1581 2881 mortuisuut
1592 2851 1676 2881 omnes
1685 2844 1804 2874 homines,
1817 2849 1850 2874 qn
1860 2848 1873 2866 a
1886 2842 1920 2865 vi-

1129 2876 1219 2910 delicet
1230 2888 1295 2908 mors
1307 2876 1345 2907 est
1353 2876 1424 2913 quies
1432 2879 1541 2904 hominis.
1551 2878 1586 2903 sic
1598 2876 1650 2902 ille.
