2055 3123
224 100 276 127 565

223 157 304 185 modo
316 161 344 185 et
357 157 513 192 patriarcha:
530 164 626 186 nomen
640 162 764 193 parentes
778 157 927 185 indiderant
939 177 946 189 .
959 162 1015 183 sta-

223 204 270 230 tim
283 203 316 230 ab
329 203 404 231 initio
423 203 588 231 declarantes
600 203 686 238 ipsum
706 203 874 239 peregrinum
894 202 969 236 fore,
988 206 1016 230 et

224 250 398 277 transiturum
413 249 511 277 ﬂumen
524 269 533 283 ,
553 253 582 276 ut
607 249 634 276 in
654 253 753 277 terram
765 249 879 276 alienam
899 249 1013 276 veniret.

223 295 353 328 Quoniam
370 295 464 329 igitur,
480 294 582 329 inquit,
600 302 696 322 nomen
709 301 725 321 a
746 294 898 329 parentibus
913 293 958 320 libi
975 293 1015 320 in-

224 341 308 368 ditmn
323 340 385 368 illud
401 340 629 375 prmsignilicavit,
645 345 672 368 te
694 340 756 368 inde
770 339 821 367 huc
843 339 1014 367 transiturum

223 393 284 414 esse
298 395 305 413 :
320 386 412 421 accipe
422 391 449 413 et
465 386 542 414 unius
556 386 681 414 elementi
702 385 864 413 additionem
874 405 882 419 ,
899 390 927 412 ut
945 385 1015 413 scias

226 433 276 459 hoc
287 432 332 459 tibi
347 431 488 465 declarari,
503 436 530 459 te
542 432 684 459 multarum
694 432 813 467 gentium
829 431 885 459 fore
899 436 1014 466 patrem.

226 478 259 506 Et
272 478 334 505 vide
354 485 433 513 quam
457 482 581 506 accurate
603 478 637 506 sit
655 478 788 513 loquutus.
803 477 860 505 Non
875 478 941 505 dixit
955 485 1015 504 ont-

224 525 297 552 nium
320 525 456 560 gentium,
482 523 530 552 sed
555 524 698 551 Multarum
721 524 831 560 gentium
845 531 854 550 :
869 531 929 551 nam
954 523 1015 558 quia

224 575 302 597 erant
314 575 340 597 et
359 570 419 598 alia:
435 574 528 605 gentes
542 569 603 597 inde
615 569 791 604 expellendis,
805 574 833 596 ut
848 577 938 597 semen
950 569 1014 603 justi

226 617 400 645 hereditatem
421 617 570 652 acciperet.
582 616 642 644 ideo
657 616 738 650 dicit,
752 615 855 643 Patrem
878 616 1015 643 multarunt

226 664 335 699 gentium
349 663 466 691 constitui
480 668 514 691 te.
527 663 620 691 Sciens
629 684 635 695 ,
653 663 754 699 inquit,
775 667 826 690 tum
841 662 945 690 virtutis
957 669 1015 688 ma-

224 710 388 746 gnitudinem
400 730 408 743 ,
422 710 564 737 multarum
579 709 696 745 gentium
711 709 848 737 doctorem
865 714 890 736 te
900 707 993 735 faciam
1006 728 1014 740 ,

226 756 259 783 Et
274 764 384 783 crescere
397 761 422 783 te
436 756 529 791 faciam
543 764 574 782 ac
595 755 758 790 multiplicari
779 755 852 782 valde
861 775 868 787 ,
884 755 957 781 ualde
969 761 980 781 :
993 758 1015 781 et

225 810 318 837 ponam
330 806 352 828 te
361 801 387 828 in
401 806 485 836 gentes
495 821 503 834 ,
514 807 538 828 et
550 809 620 836 reges
633 809 665 828 ea:
678 805 702 828 te
717 799 885 836 egrediantur.
899 799 938 827 Ne
954 807 1015 834 per-

226 848 355 875 functorie
371 853 536 875 transeamus
544 855 604 883 qua:
615 847 749 879 dicuntur,
758 846 934 875 dilectissimi.
948 845 1014 873 Nam

225 894 247 921 si
260 894 465 929 cogitaverimus
485 893 645 928 patriarcha:
657 897 763 920 attatem
776 913 784 926 ,
798 897 824 920 et
836 900 896 920 eum
917 891 975 919 hate
988 892 1015 919 in

225 944 346 968 extrema
360 945 467 968 senecta
480 939 586 967 audisse
598 959 605 972 ,
627 938 918 974 obstupescemusjusti
932 938 1016 965 virtu-

226 990 291 1020 tem,
306 991 332 1013 et
347 985 452 1020 benigni
470 985 516 1013 Dei
529 985 654 1013 eximiam
670 984 814 1019 potentiam
829 992 836 1010 :
852 983 913 1018 quia
923 991 957 1011 ex
972 983 1017 1011 bo.

226 1032 298 1059 mine
322 1031 514 1066 propemodum
540 1035 659 1063 mortuo,
687 1035 716 1058 et
738 1029 866 1058 membris
879 1029 1014 1062 invalido,

225 1077 270 1112 qui
291 1081 318 1105 et
335 1076 454 1112 quotidie
476 1081 588 1104 mortem
601 1084 655 1111 pra:
676 1076 761 1103 oculis
774 1075 976 1110 imaginabatur,
989 1075 1015 1102 in

226 1127 327 1150 tantum
341 1127 447 1150 auctunt
459 1121 491 1149 iri
502 1121 658 1157 signiﬁcavit
670 1128 761 1149 semen
772 1141 779 1153 ,
794 1125 824 1147 ut
837 1125 864 1148 et
879 1120 904 1147 in
920 1120 1016 1146 inultas

226 1173 319 1204 gentes
332 1168 427 1201 exiret;
440 1175 526 1203 neque
537 1167 563 1195 id
577 1167 675 1200 solum,
688 1166 736 1194 sed
750 1167 831 1194 etiam
845 1172 922 1201 rcges
936 1173 968 1193 ex
982 1172 1016 1192 eo

227 1214 426 1248 egrederentur.
457 1213 551 1240 Vidisti
585 1212 770 1247 promissionis
799 1210 1016 1238 incrementum?

227 1259 332 1286 Faciam
354 1264 376 1287 te
391 1267 499 1286 crescere
510 1279 516 1290 ,
535 1258 637 1293 inquit,
653 1258 726 1285 valde
736 1278 744 1291 ,
760 1257 842 1284 valde.
858 1256 1016 1291 Duplicatio-

226 1313 288 1333 nem
300 1305 377 1340 hujus
390 1304 509 1333 adverbii
522 1313 575 1331 non
589 1304 685 1331 frustra
699 1303 797 1339 adjecit
809 1324 817 1337 ,
831 1303 878 1330 sed
893 1308 920 1330 ut
932 1302 1015 1337 signi-

227 1350 288 1378 ticet
301 1358 333 1380 ex
345 1351 418 1385 justo
440 1351 534 1378 miram
556 1349 751 1380 multitudinem
765 1349 924 1377 exeundam.
945 1348 1017 1383 Quo.

227 1397 297 1424 niam
313 1397 391 1432 igitur
401 1405 447 1431 per
456 1396 580 1424 elementi
590 1395 763 1429 additionem,
772 1396 847 1431 quasi
860 1395 886 1422 in
893 1395 1017 1423 columna

226 1442 340 1478 quadam
352 1463 360 1475 ,
375 1441 545 1470 indelebilem
555 1441 757 1477 promissionem
771 1442 796 1469 ei
807 1441 950 1476 inscripsit,
965 1442 1015 1469 ite.

227 1496 285 1516 t'um
297 1488 360 1516 dicit
378 1497 385 1516 :
401 1489 427 1515 7.
443 1488 476 1516 Ει
489 1493 598 1516 statuam
611 1492 784 1515 testamentum
804 1495 886 1515 meum
899 1488 963 1514 inter
976 1492 1016 1520 te,

227 1539 250 1562 et
271 1535 336 1562 inter
346 1543 429 1562 semen
442 1540 511 1562 tuum
534 1539 588 1570 post
603 1539 627 1562 te
646 1535 673 1561 in
692 1534 863 1569 generationes
877 1542 977 1566 eorum,
991 1534 1017 1560 in

228 1585 401 1608 tutamentum
422 1581 618 1615 sempiternum,
633 1585 660 1607 ut
681 1580 728 1607 sint
742 1579 810 1607 Deus
824 1584 889 1606 tuus.
903 1579 959 1606 Non
972 1586 1017 1606 s0-

229 1627 283 1654 lum
296 1634 358 1662 erga
374 1631 400 1654 te
420 1634 541 1662 magnam
561 1625 704 1654 declarabo
717 1625 909 1661 providentiam
930 1629 958 1652 et
969 1632 1017 1651 cu-

228 1680 296 1706 ram,
307 1672 354 1700 sed
366 1678 394 1700 et
406 1680 467 1708 erga
480 1680 572 1700 semen
587 1677 659 1699 tuum
671 1692 678 1705 ,
697 1677 724 1699 et
736 1676 795 1707 post
808 1676 880 1699 tuam
892 1675 1017 1698 mortem.

230 1718 295 1746 \‘ide
309 1718 443 1754 quomodo
452 1722 554 1747 recreet
566 1718 681 1746 animam
689 1717 764 1752 justi,
779 1717 937 1752 promittens
948 1716 973 1743 ei
988 1723 1019 1743 se

228 1764 339 1791 seminis
356 1771 460 1800 quoque
484 1764 542 1799 ejus
560 1764 668 1792 multam
695 1771 785 1791 curam
806 1763 968 1790 habiturum.
985 1762 1019 1789 Et

228 1819 288 1846 qua:
301 1812 383 1838 virttts
405 1811 574 1839 testamenti?
591 1811 624 1839 Ut
636 1812 684 1839 sint
697 1810 766 1838 Deus
781 1815 839 1838 tuus
850 1830 858 1843 ,
879 1809 981 1845 inquit,
995 1813 1019 1835 et

228 1857 332 1885 seminis
356 1857 392 1884 tui
414 1862 470 1892 post
482 1862 515 1884 te.
527 1857 582 1885 Hoc
599 1857 671 1885 enim
685 1857 736 1885 erit
749 1856 795 1884 tibi
809 1860 836 1883 et
856 1855 950 1883 semini
973 1859 1019 1882 tuo

229 1909 308 1939 caput
330 1904 471 1932 honorum.
493 1904 521 1932 8.
535 1903 567 1931 Et
583 1904 648 1932 dabo
663 1903 706 1930 tibi
719 1908 743 1930 et
767 1903 856 1930 sentiat"
869 1907 911 1929 tuo
925 1905 981 1936 post
995 1905 1019 1928 ts

229 1956 321 1977 terram
334 1950 360 1977 in
373 1958 423 1985 qua
437 1950 583 1986 peregrinus
596 1958 622 1977 es
634 1970 641 1983 ,
657 1957 755 1977 onmem
771 1954 864 1976 terram
877 1948 999 1975 Chanaan
1009 1966 1017 1979 ,

229 1998 255 2023 in
269 1997 449 2032 possessionem
462 1998 652 2032 sempiternam;
664 2000 687 2023 et
701 2004 744 2023 ero
758 2003 844 2022 eorum
858 1994 936 2021 Deus.
955 1993 1020 2020 Pro-

230 2047 290 2077 pter
302 2047 372 2070 tuam
384 2063 392 2077 ,
408 2043 491 2078 inquit
503 2063 510 2075 ,
523 2043 647 2070 virtutem
664 2042 761 2077 posteri
775 2049 880 2076 quoque
899 2040 936 2068 tui
961 2047 1019 2067 mea

230 2088 351 2116 l‘ruentur
372 2088 538 2123 providentia
552 2108 558 2120 ,
572 2092 600 2116 et
618 2087 688 2115 dabo
712 2088 752 2115 eis
776 2088 802 2114 in
823 2086 1019 2122 possessionem

229 2138 357 2161 aeternam
373 2138 471 2161 terram
484 2132 621 2165 Chanaan,
633 2132 667 2160 Et
679 2141 722 2160 ero
736 2140 822 2159 eorum
833 2131 901 2159 Deus
916 2131 936 2157 ί.
950 2130 1020 2164 Quid

230 2183 286 2211 est,
301 2178 334 2206 Et
346 2187 388 2206 ero
403 2187 489 2206 eorum
505 2177 593 2206 Deus?
607 2178 664 2206 Hoc
678 2182 734 2210 est.
747 2177 854 2204 Multam
870 2184 914 2204 me
926 2183 1019 2204 eorum

229 2231 321 2251 curam
346 2228 374 2251 et
388 2223 580 2259 providentiam
599 2223 698 2251 habere
711 2223 868 2255 ostendam,
882 2226 909 2250 et
932 2229 1020 2249 mcum

231 2270 257 2296 in
268 2269 391 2297 omnibus
411 2269 559 2297 subsidium
574 2269 625 2297 illis
640 2270 782 2304 praestabo.
797 2269 910 2296 Tantum
938 2268 964 2296 9.
983 2267 1021 2294 Tu

231 2321 406 2342 testamentum
429 2324 511 2343 meum
528 2316 631 2343 observa
643 2336 650 2349 ,
665 2321 689 2342 et
704 2323 787 2343 semen
800 2320 870 2342 tuum
884 2320 941 2350 post
956 2320 980 2342 te
995 2315 1022 2342 in

232 2361 433 2396 generationibus
454 2370 551 2388 eorum.
574 2361 646 2389 Nihil
668 2361 739 2388 aliud
763 2369 777 2388 a
793 2361 868 2389 vobis
892 2361 1020 2396 requiro,

231 2415 311 2442 quam
324 2407 500 2436 obedientiam
521 2413 658 2443 gratumvc
671 2408 788 2435 animum
802 2429 809 2440 ,
826 2412 913 2443 rtego
932 2407 1021 2436 omnia

232 2461 406 2489 quacumque
416 2455 548 2489 pollicitus
559 2463 618 2482 sum
632 2462 711 2490 opere
728 2455 877 2489 complebo.

267 2501 294 2527 4.
307 2500 416 2536 insuper
430 2501 520 2528 volens
533 2509 579 2529 eos
599 2502 642 2536 qui
657 2509 689 2528 ex
706 2501 764 2536 ipso
786 2501 911 2529 nascituri
929 2506 1021 2534 erant,

233 2546 394 2580 peculiarem
413 2555 490 2574 suum
515 2547 603 2575 facere
623 2547 748 2583 populum
763 2556 769 2574 :
784 2552 812 2574 ιιι
837 2551 927 2582 postea
940 2568 947 2580 ,
961 2555 1022 2575 eum

232 2592 374 2620 multitudo
401 2597 600 2628 propagaretur.
620 2601 672 2620 non
689 2600 718 2620 se
735 2593 857 2628 gentibus
874 2593 925 2619 illis
937 2613 944 2624 ,
958 2601 1024 2627 qua-

233 2647 292 2666 rum
308 2638 483 2666 hereditatem
496 2643 655 2672 occupatura
665 2644 721 2665 erat
734 2659 741 2669 .
757 2638 944 2665 eotnmisceret
959 2638 1022 2667 :in-

234 2691 384 2719 superque,
408 2684 469 2719 quia
495 2683 641 2711 secundant
669 2684 867 2718 praedictionem
895 2691 969 2710 suam
995 2683 1022 2710 in

238 2729 351 2765 Egypto
363 2730 485 2757 servituri
498 2734 584 2762 erant;
599 2734 625 2757 ut
640 2738 673 2757 ne
685 2730 805 2765 gentibus
815 2729 1022 2757 commisceren-

267 2805 274 2823 ί
287 2805 313 2831 ln
326 2805 410 2832 Dibliis
417 2807 516 2840 legitur,
528 2810 550 2833 et
557 2814 599 2833 ero
606 2808 640 2833 eis
651 2807 676 2833 in
690 2812 772 2833 Deum.

737 99 770 127 IN
789 99 864 128 CAP.
884 98 966 127 XVII.
980 97 1103 126 GENES.
1124 98 1238 127 ll0.\lll..
1262 101 1381 129 XXXIX.

1809 107 1863 136 560

1069 161 1111 183 tur
1130 157 1156 206 in
1169 158 1304 206 .Egypto,
1319 161 1549 192 circumcisioncm
1563 185 1570 199 ,
1584 166 1653 202 signi
1673 168 1774 203 gratia,
1786 169 1860 206 justo

1069 204 1188 251 prmcipit
1210 209 1238 232 et
1256 205 1341 241 inquit
1355 216 1362 234 :
1379 207 1422 236 10.
1437 208 1496 237 Hoc
1517 216 1555 239 est
1575 216 1752 242 testamentum
1768 216 1777 231 ¹
1788 204 1861 251 quod

1067 250 1177 277 servabis
1189 251 1254 278 inter
1262 260 1303 280 me
1318 258 1341 280 et
1355 262 1408 289 vos,
1418 260 1441 283 et
1455 257 1523 285 inter
1535 266 1618 287 semen
1633 265 1702 288 tuum
1717 267 1774 296 post
1787 250 1812 290 te
1830 266 1860 292 in

1067 297 1270 330 generationibus
1292 299 1402 328 illorum.
1429 301 1629 332 Cirrumcidetur
1649 307 1675 334 in
1695 308 1764 337 vobis
1784 318 1861 338 omne

1068 341 1246 388 masculinum.
1263 345 1306 372 ll.
1321 345 1510 377 Circumcidetis
1523 358 1624 378 carnem
1639 355 1755 388 prteputii
1770 357 1856 384 vestri.

1069 385 1169 415 Deinde
1188 392 1216 415 ut
1236 388 1330 418 doceat
1349 397 1377 420 et
1389 392 1450 421 illos
1472 398 1500 422 et
1521 403 1613 424 omnes
1634 385 1698 431 nos,
1711 407 1792 435 quare
1806 401 1858 431 hoc

1068 434 1233 469 prmceperit,
1247 440 1275 464 et
1286 444 1315 464 se
1330 445 1384 466 non
1400 439 1509 468 alterius
1521 443 1668 478 cujuspiam
1683 446 1766 480 gratia
1781 447 1808 475 id
1820 447 1858 476 fa-

1067 485 1129 528 cere
1138 500 1145 512 ,
1157 487 1237 528 quam
1251 486 1281 509 ut
1299 489 1371 511 esset
1384 485 1532 521 assignatus
1546 492 1572 514 et
1585 489 1634 517 sibi
1646 496 1800 526 segregatus
1810 501 1858 528 po-

1068 526 1156 560 pulus.
1170 527 1274 563 inquit,
1291 529 1324 556 Et
1338 530 1384 557 erit
1394 531 1421 558 in
1432 532 1532 568 signant
1546 537 1687 563 leuamenti
1698 537 1764 565 inter
1834 544 1859 566 et

1068 579 1121 599 vos.
1142 572 1175 600 Et
1189 579 1280 608 postea
1302 576 1382 603 etiam
1395 577 1428 605 de
1444 582 1563 614 tempore
1575 580 1704 615 imperat,
1719 591 1773 618 quo
1793 591 1859 612 eon-

1068 618 1157 646 veniat
1170 619 1221 648 hoc
1232 620 1299 648 ﬁeri.
1315 622 1358 650 12.
1371 622 1477 652 Puella;
1487 625 1564 659 enim,
1577 626 1678 662 inquit,
1691 634 1748 656 octo
1760 629 1857 657 dierum

1064 665 1259 700 circumcidetur
1265 667 1342 702 vobis,
1353 674 1377 696 et
1390 671 1537 698 vernaculus
1547 691 1555 705 ,
1568 677 1592 700 et
1603 674 1731 709 emptitius
1744 682 1754 702 :
1767 681 1791 702 et
1802 684 1858 704 ont-

1068 720 1112 739 nes
1124 712 1150 740 in
1162 721 1272 748 summa,
1287 722 1314 742 ut
1328 716 1363 743 ita
1375 717 1458 744 dicant
1470 739 1477 749 ,
1488 720 1532 754 qui
1544 720 1614 754 apud
1627 729 1669 749 uos
1681 727 1749 756 sunt,
1762 723 1810 751 hoc
1822 725 1858 752 si-

1067 765 1144 792 gnant
1166 759 1312 794 suscipient.
1324 761 1368 788 M.
1383 762 1416 789 Et
1431 764 1544 799 quisquis
1556 773 1606 793 non
1627 766 1819 796 circumsidetur
1830 769 1857 796 in

1068 803 1108 830 die
1135 805 1286 840 constituto,
1309 807 1427 841 perdatur
1449 817 1459 836 :
1483 810 1544 844 quia
1572 815 1747 840 testamentum
1772 822 1857 842 meum

1069 849 1219 885 dissipauit;
1243 853 1304 888 quia
1330 858 1510 891 transgressus
1533 862 1594 892 est,
1621 860 1726 894 inquit.
1754 868 1855 896 prace-

1068 899 1153 929 ptum.

1083 942 1135 970 Cur
1140 944 1452 977 circumcisionemludaeis
1460 948 1606 984 imposuerit
1613 948 1857 980 Deus.Circumcisio

1068 987 1133 1015 nihil
1144 989 1236 1016 aninue
1248 992 1345 1026 confert
1357 992 1425 1019 boni.
1435 1007 1472 1013 -—
1486 993 1553 1022 Vide
1568 995 1725 1029 sapientiam
1739 997 1856 1032 Domini,

1068 1033 1201 1066 quomodo
1209 1042 1269 1063 cum
1277 1037 1358 1065 sciret
1366 1038 1532 1073 imperleetas
1540 1046 1565 1068 et
1577 1048 1672 1076 pravas
1681 1050 1774 1071 eorum
1782 1051 1859 1073 men-

1069 1083 1109 1126 tes
1120 1079 1230 1113 futuras,
1240 1082 1343 1118 signum
1353 1084 1562 1114 circumcisionis
1572 1089 1646 1123 quasi
1658 1088 1762 1117 frenum
1773 1092 1858 1126 quod-

1067 1125 1129 1153 dam
1144 1127 1284 1162 imposuit,
1300 1129 1333 1156 ad
1349 1130 1491 1160 indomitos
1502 1140 1595 1161 eorum
1607 1135 1721 1170 impetus
1730 1125 1857 1165 cohiben—

1068 1171 1126 1203 dos.
1141 1177 1169 1200 ut
1182 1181 1215 1201 ne
1224 1175 1346 1208 gentibus
1356 1177 1600 1206 commiscerentur.
1612 1180 1678 1208 Nam
1688 1182 1748 1216 quia
1758 1182 1858 1210 sciebat

1067 1224 1160 1245 eorum
1169 1218 1314 1252 lasciviant.
1330 1225 1358 1248 et
1367 1229 1423 1253 eos,
1438 1222 1499 1250 licet
1509 1224 1634 1252 inlinities
1647 1228 1773 1261 monitos,
1785 1232 1814 1255 ut
1823 1228 1859 1254 ab

1069 1262 1161 1292 illicito
1172 1264 1270 1299 impetu
1279 1265 1458 1300 abstinerent,
1473 1268 1627 1297 obedituros
1642 1279 1693 1298 non
1701 1279 1762 1300 esse
1775 1281 1782 1299 :
1799 1273 1859 1301 ideo

1068 1308 1130 1336 dato
1142 1309 1182 1337 eis
1190 1315 1317 1346 perpetuo
1327 1313 1486 1346 memoriali,
1500 1314 1590 1349 injecit
1600 1315 1638 1343 eis
1648 1317 1858 1347 circumcisionit

1068 1355 1183 1390 signum,
1199 1357 1273 1391 quasi
1287 1357 1423 1386 vinculum
1436 1359 1579 1394 quoddam.
1595 1361 1721 1397 deditque
1732 1363 1772 1391 eis
1785 1363 1859 1399 leges

1068 1405 1096 1428 et
1108 1402 1222 1437 regulas,
1239 1403 1307 1431 ultra
1320 1411 1387 1439 quas
1401 1405 1513 1434 transire
1527 1408 1566 1434 eis
1581 1415 1634 1435 non
1649 1408 1750 1441 liceret,
1767 1414 1794 1436 ut
1810 1417 1857 1438 sua

1068 1451 1147 1482 gente
1158 1450 1276 1477 contenti
1289 1456 1388 1483 essent.
1403 1456 1430 1479 et
1442 1452 1516 1480 nullo
1527 1453 1607 1481 modo
1619 1461 1680 1482 cum
1694 1456 1817 1491 gentibus
1829 1463 1860 1485 se

1069 1493 1290 1528 commiscerent;
1308 1496 1354 1523 sed
1369 1497 1526 1531 patriarchae
1543 1506 1635 1527 semen
1660 1500 1858 1535 impermixtum

1070 1544 1190 1567 maneret
1203 1544 1231 1567 ut
1245 1540 1283 1568 sic
1297 1545 1325 1568 et
1345 1543 1475 1576 promissa
1495 1544 1521 1571 in
1534 1545 1574 1572 eis
1586 1545 1714 1581 compleri
1738 1553 1858 1582 possent.

1072 1585 1104 1612 Et
1116 1587 1340 1620 quemadmodum
1353 1589 1393 1615 vir
1405 1589 1500 1625 aliquis
1515 1595 1664 1626 temperans
1677 1597 1704 1621 et
1719 1593 1798 1628 lenis,
1811 1602 1860 1622 an-

1069 1631 1157 1658 cillam
1179 1632 1280 1660 habens
1305 1634 1489 1668 petulantem.
1507 1637 1634 1665 terminos
1655 1643 1682 1666 et
1703 1640 1809 1675 regulas
1823 1640 1860 1668 illi

1070 1675 1132 1709 dat,
1145 1685 1178 1705 ne
1199 1685 1323 1713 umquant
1338 1683 1413 1707 extra
1425 1680 1553 1709 vestibula
1570 1682 1690 1717 prodeat,
1702 1692 1787 1720 neque
1798 1693 1859 1713 cuin

1070 1725 1291 1758 praetereuntibus
1303 1728 1452 1761 conveniat,
1468 1728 1521 1756 imo
1535 1737 1734 1765 nonnumquam
1749 1731 1861 1764 pedibus

1070 1770 1213 1804 compedes
1229 1771 1320 1805 addit,
1337 1776 1365 1800 ut
1380 1773 1419 1801 sic
1440 1773 1510 1802 illius
1532 1775 1761 1810 intemperantiam
1779 1783 1858 1804 coer-

1070 1823 1132 1844 cere
1145 1817 1231 1844 valeat
1246 1825 1253 1844 :
1267 1818 1303 1846 ita
1316 1824 1344 1846 et
1358 1819 1487 1855 benignus
1502 1821 1629 1852 Dominus
1650 1822 1861 1851 circumcisionis

1071 1861 1174 1896 signum
1194 1863 1267 1890 carni
1278 1870 1371 1891 eorum
1394 1864 1489 1892 indidit
1499 1885 1507 1896 ,
1518 1866 1593 1900 quasi
1605 1867 1716 1901 pedibus
1725 1867 1860 1896 vinculum

1071 1907 1215 1942 quoddam,
1230 1913 1258 1936 nt
1268 1908 1442 1937 domesticum
1454 1909 1582 1939 habentes
1595 1911 1712 1946 signum,
1727 1920 1780 1941 non
1793 1913 1862 1941 ultra
1899 1914 1905 1924 ‘

1071 1953 1192 1981 doctrina
1212 1954 1324 1982 aliorutn
1339 1963 1407 1991 opus
1422 1956 1560 1984 haberent.
1575 1958 1652 1991 Atqui
1667 1958 1761 1992 ingrati
1773 1959 1862 1986 insen-

1072 1999 1177 2034 salique
1199 1999 1284 2027 Judati
1312 2001 1393 2028 etiam
1419 2009 1508 2034 nunc,
1522 2009 1581 2029 cum
1606 2006 1712 2037 tempus
1730 2011 1782 2031 non
1803 2007 1861 2036 est,

1072 2045 1302 2073 circumeisionem
1322 2054 1430 2075 servnre
1455 2047 1561 2079 volunt,
1576 2048 1759 2083 pucrilemque
1774 2049 1863 2076 deela-

1072 2097 1133 2119 rant
1147 2097 1274 2120 mentem.
1290 2092 1372 2127 Cujus
1386 2093 1457 2120 enim
1470 2093 1508 2120 rei
1518 2094 1602 2128 gratia
1612 2115 1620 2126 ,
1634 2093 1677 2120 dic
1697 2094 1760 2122 mihi
1772 2114 1779 2126 ,
1793 2102 1863 2121 nunc

1073 2138 1224 2166 circumcidi
1240 2138 1352 2166 volunt?
1364 2138 1430 2166 Nam
1456 2143 1519 2166 tunc
1532 2139 1638 2174 quidem
1651 2162 1658 2172 ,
1671 2144 1700 2167 ut
1723 2148 1756 2168 ne
1776 2141 1864 2176 impiis

1074 2184 1125 2212 illis
1137 2185 1260 2219 gentibus
1269 2192 1299 2213 se
1309 2186 1524 2218 commiscerent,
1540 2186 1590 2213 hoc
1603 2186 1628 2212 in
1643 2186 1775 2214 mandatis
1785 2194 1864 2214 acce-

1074 2235 1168 2265 perant
1185 2239 1190 2257 :
1205 2239 1275 2259 nunc
1286 2236 1375 2259 autem
1395 2239 1442 2266 per
1455 2231 1501 2259 Dei
1516 2232 1628 2266 gratiam
1642 2233 1765 2260 omnibus
1778 2233 1812 2260 ad
1826 2233 1866 2260 lu-

1073 2284 1131 2304 eum
1146 2277 1264 2304 veritatis
1277 2277 1397 2305 adductis
1407 2298 1414 2310 ,
1428 2285 1488 2312 qua:
1510 2278 1720 2306 circumcisiouis
1740 2279 1839 2307 utilitas
1852 2279 1864 2306 ?

1074 2323 1206 2358 Numquid
1227 2323 1259 2350 ad
1275 2324 1372 2351 animae.
1384 2323 1531 2351 libertatem
1551 2324 1649 2359 aliquid
1662 2324 1765 2353 confert
1777 2325 1865 2352 carnis

1073 2369 1226 2404 depositio?
1239 2369 1296 2396 Non
1307 2369 1450 2397 audierunt
1461 2370 1600 2397 manifeste
1618 2370 1698 2397 Deum
1709 2370 1841 2399 dicentem
1855 2380 1862 2398 :

1076 2414 1109 2442 Et
1122 2416 1168 2442 erit
1196 2416 1222 2442 in
1245 2415 1346 2450 signum
1360 2416 1522 2442 testamenti:
1539 2416 1613 2450 quasi
1637 2415 1864 2443 demonstrantem

1076 2460 1148 2494 ipsos
1160 2461 1194 2488 ob
1208 2461 1317 2488 multum
1333 2460 1482 2488 socordiam
1501 2460 1545 2487 tali
1564 2461 1640 2495 signo
1653 2461 1812 2495 indiguisse?
1827 2461 1865 2489 Ita

1075 2507 1145 2533 enim
1161 2511 1188 2534 et
1208 2507 1236 2533 in
1258 2506 1380 2533 humanis
1394 2507 1474 2533 rebus
1497 2513 1694 2540 nonnumquam
1713 2506 1769 2534 licri
1784 2507 1864 2534 solet.

1075 2553 1186 2585 Quando
1204 2560 1256 2581 non
1272 2552 1400 2579 habemus
1410 2552 1541 2587 aliquibus
1552 2552 1642 2584 tidem,
1654 2559 1777 2579 curamus
1790 2557 1819 2580 ut
1832 2553 1867 2581 ab

1077 2598 1141 2632 ipsis
1159 2598 1262 2631 signum
1288 2598 1404 2632 pignoris
1424 2598 1482 2624 luco
1510 2598 1668 2631 recipiamus
1683 2607 1689 2625 ε
1703 2598 1826 2626 similiter
1840 2603 1868 2626 et

1076 2644 1194 2670 otttuiutn
1221 2643 1346 2670 Dominus
1371 2643 1457 2669 sciens
1479 2643 1595 2678 ipsorutu
1618 2643 1698 2670 auinti
1715 2643 1868 2672 inconstan-

1078 2690 1156 2722 liam,
1173 2690 1270 2716 hocab
1282 2689 1321 2716 eis
1339 2689 1443 2724 signum
1468 2694 1557 2724 petere
1573 2690 1673 2717 voluit:
1688 2697 1740 2717 non
1756 2696 1865 2718 utsenr

1109 2774 1115 2788 I
1135 2777 1192 2797 tm.
1211 2774 1386 2804 ιιιδιιιηιιηιιιψιἶ
1405 2770 1443 2794 hic
1463 2769 1563 2804 intelligi
1580 2770 1772 2804 «lebetmacmm
1781 2769 1868 2800 Italus,

1078 2805 1145 2836 cuius
1156 2804 1251 2835 signum
1263 2806 1288 2827 et
1296 2801 1429 2834 symbolum
1442 2805 1494 2826 erat
1504 2801 1666 2826 circumcisio.
