2055 3123
217 103 270 131 ισι

218 166 265 194 per
278 163 385 187 niancat
395 159 500 194 signum
512 158 562 186 hoc
574 177 582 191 ,
591 157 638 186 sed
653 164 680 186 ut
692 163 831 193 postquam
844 156 1009 192 antiquailla

219 206 299 233 tinem
321 204 483 240 occeperint,
496 208 524 231 et
538 203 606 239 signi
621 210 686 231 usus
698 203 844 231 auferatur.
859 202 926 231 Nam
942 203 1011 230 sicut

215 252 260 287 qui
275 252 379 286 signum
390 255 518 286 expetunt
528 271 535 282 ,
549 255 576 278 et
584 250 681 286 pigutts
694 251 817 285 accipere
833 250 936 282 volunt,
950 254 1011 276 cum

217 297 352 332 negotium
374 296 520 332 perlectum
541 295 638 328 fuerit,
653 301 715 323 tunc
732 300 759 322 et
772 295 876 330 signum
892 294 986 322 tollunt
1003 302 1010 321 :

216 345 251 370 ita
262 344 342 371 etiam
357 343 401 371 hic
412 350 473 371 cum
485 364 492 373 .
512 347 541 371 ut
562 341 675 378 pOptdus
686 341 731 369 ille
745 345 820 369 ortus
831 349 845 368 a
860 340 1011 376 patriarcha

215 391 375 426 conspicuus
400 390 476 418 ﬂeret
489 410 496 422 .
518 390 622 425 signum
645 388 695 417 hoc
719 388 790 424 apud
808 388 876 415 vos‘
892 387 1013 415 introdu-

215 441 287 463 ctum
299 436 344 468 sit,
359 435 500 472 oportebat
509 440 648 471 postquam
657 438 750 470 gentes
760 433 812 461 illa:
826 437 936 469 propter
945 438 1012 468 quas

215 483 320 516 signum
345 481 486 518 accepistis
497 503 505 516 ,
523 482 619 517 partim
633 481 730 510 deletae
745 485 827 514 sunt,
842 479 937 515 partim
952 484 1012 514 post

215 528 277 556 illos
288 528 321 556 ad
337 528 455 556 veritatis
465 528 551 556 lucem
560 532 729 556 accesserunt
741 548 748 560 ,
764 535 816 554 non
826 528 882 562 jam
895 526 1010 561 amplius

215 574 329 610 propria:
345 574 521 609 improbitatis
543 574 668 602 indicium
681 573 869 604 circumferre,
885 572 932 600 sed
947 573 1012 600 libe-

217 627 261 647 ros
272 627 349 653 esse.
361 625 389 647 et
410 620 443 647 ad
458 621 597 655 pristinm
613 620 777 648 nobilitatem
793 618 891 646 redire.
918 617 1010 654 Cogita

215 666 288 694 enim
313 667 440 694 eximium
457 666 530 694 illum
545 665 724 702 patriarcham
736 686 743 699 ,
760 666 914 702 priusquam
940 665 1011 692 acci-

216 716 291 746 peret
305 712 517 740 eireutncisionis
537 712 691 740 mandatum
713 711 869 746 (nonaginta
894 711 965 739 enim
983 715 1010 738 et

215 765 310 786 norem
322 766 454 786 annorum
467 763 525 786 erat
537 757 645 794 quando
667 758 718 786 hoc
732 758 756 786 ei
769 762 932 793 praeceptum
946 757 1007 792 est),

213 808 350 839 acceptum
361 803 444 832 fuisse
455 803 520 836 Deo,
534 808 562 831 et
573 804 724 832 sexcenties
735 811 750 831 a
766 804 879 831 Domino
891 803 1010 831 celebra-

214 856 279 878 tum.
294 850 327 878 Et
335 850 394 885 quia
407 850 561 885 propediem
570 851 760 886 promissiones
769 855 845 878 erant
857 850 1007 886 implendze,

214 895 417 931 uasciturusque
431 896 503 924 lsaac
515 917 523 930 ,
535 900 562 924 et
575 896 725 931 augendum
739 904 823 931 genus
832 916 840 929 ,
855 901 882 924 et
897 896 1007 931 patriar.

212 941 271 968 elue
290 941 475 976 emigrandum
497 947 556 969 erat
569 949 602 969 es
617 942 666 969 hac
683 942 735 969 vita
746 962 754 974 ,
770 947 832 969 tunc
844 943 950 969 domum
964 948 1010 968 ac-

213 987 275 1022 cipit
290 987 443 1015 mandatum
467 987 682 1016 circumcisionls
692 1009 699 1020 ,
714 992 742 1015 ct
754 988 780 1014 in
794 988 838 1014 tali
852 991 932 1015 aetate
954 988 1008 1015 cir—

212 1033 382 1066 cumciditur,
392 1037 421 1060 ut
434 1033 549 1069 posteris
558 1034 682 1061 omnibus
696 1033 737 1061 lex
749 1033 870 1068 quoniam
879 1039 906 1061 et
918 1034 1008 1069 regula

214 1079 309 1118 tierent
321 1087 352 1106 ea
367 1087 428 1114 qute
443 1079 591 1114 patriarcha
606 1080 679 1113 prior
691 1078 800 1107 fecerat.

247 1125 275 1152 5.
293 1124 326 1152 Et
349 1130 378 1152 ut
400 1124 538 1152 evidenter
555 1125 664 1152 disratis
676 1145 684 1158 ,
699 1125 809 1159 dilecti,
824 1125 875 1152 hoc
897 1125 961 1152 nihil
976 1125 1008 1152 ad

212 1169 308 1197 animos
319 1170 441 1197 virtutem
450 1170 612 1202 conducere.
624 1177 656 1198 ex
666 1170 699 1197 iis
706 1178 765 1205 qua;
777 1169 847 1198 facta
855 1174 916 1198 sunt
926 1170 1009 1198 vidi-ri

212 1219 309 1251 ﬁttest.
323 1216 377 1243 Cur
385 1216 455 1244 cuitu
467 1216 512 1248 ait,
527 1216 589 1243 Octo
601 1217 698 1244 dierum
709 1217 793 1253 infans
807 1218 1011 1245 circumcidetur.’

212 1261 329 1297 Tempus
337 1261 476 1289 deﬁnitum
487 1270 546 1290 esse
556 1270 571 1289 a
583 1262 696 1298 benigno
706 1263 759 1290 Deo
769 1263 872 1290 duabus
882 1264 916 1292 de
923 1264 1010 1291 causis

213 1308 311 1343 opinor
325 1317 332 1336 :
346 1315 399 1336 una
411 1329 418 1340 ,
433 1313 462 1336 ut
477 1308 503 1336 in
518 1314 598 1337 male
613 1309 752 1337 immatura
773 1310 877 1338 facilius
891 1318 1007 1338 etrctmt-

212 1353 322 1381 cisionis
338 1354 364 1381 in
379 1361 460 1382 carne
474 1354 624 1382 molestiam
645 1355 716 1383 ferre
729 1360 835 1390 posset;
850 1356 902 1383 alia
922 1361 950 1383 ut
963 1364 1007 1384 re-

213 1399 264 1426 bus
278 1399 342 1435 ipsis
359 1399 523 1428 disceremus
539 1400 564 1428 id
577 1401 674 1428 satione
689 1401 755 1428 nihil
775 1402 938 1435 conducere,
960 1404 1007 1430 sed

211 1443 263 1472 hoc
278 1444 334 1473 fieri
347 1445 416 1481 signi
430 1446 524 1481 gratia.
540 1446 609 1474 Puer
621 1447 692 1474 enim
708 1447 865 1476 immaturus
875 1470 882 1482 ,
898 1455 959 1476 cum
974 1455 1006 1477 ea

212 1498 273 1526 qua
287 1491 353 1519 fiunt
368 1493 483 1527 ignorat,
497 1500 583 1527 neque
596 1501 703 1521 sensum
717 1501 809 1522 eorum
822 1494 912 1527 habet,
928 1503 1007 1531 quam

213 1536 276 1564 inde
297 1538 322 1564 in
343 1537 431 1564 anima
453 1544 500 1565 sua
520 1538 659 1566 utilitatem
680 1540 801 1574 accipere
822 1540 941 1575 poterit?
961 1541 1006 1569 Illa

211 1582 284 1610 enim
301 1586 365 1611 sunt
378 1590 441 1611 vere
454 1582 522 1611 bona
536 1591 617 1618 Opt‘ra
632 1584 727 1612 anima:
737 1605 744 1617 ,
760 1592 820 1620 qute
833 1593 866 1612 cx
878 1586 1008 1614 electione

212 1628 290 1656 llunt.
305 1627 409 1656 Animas
422 1629 494 1657 enim
505 1630 602 1656 bonum
616 1637 683 1664 opus
697 1635 739 1658 est
754 1631 876 1658 virtutem
890 1632 989 1666 eligere
999 1653 1006 1664 ,

211 1678 241 1701 et
250 1673 377 1701 malitiam
389 1673 496 1710 fugere;
507 1675 602 1702 animo:
613 1675 712 1703 bonum
722 1684 788 1711 opus
799 1681 849 1709 est,
863 1685 914 1704 non
929 1677 1008 1704 modo

213 1727 267 1746 non
283 1719 358 1754 plura
369 1727 449 1754 quam
463 1725 569 1755 oportet
582 1721 773 1756 concupiscere
784 1742 792 1754 .
809 1722 855 1749 sed
873 1723 953 1750 etiam
966 1723 1007 1750 fa-

212 1765 326 1792 cultates
345 1765 462 1793 tribuere
484 1765 684 1800 indigentibus;
708 1767 806 1794 animo:
825 1768 922 1795 bonum
941 1775 1008 1803 opus

211 1814 273 1842 ista
289 1817 343 1837 non
354 1810 488 1838 addictum
508 1818 568 1839 esse
590 1811 670 1839 rebus
692 1812 884 1848 praeeuntibus,
901 1814 947 1841 sed
962 1821 1008 1841 eas

214 1856 322 1890 quidem
335 1856 474 1891 despicere
484 1877 492 1890 ,
508 1856 612 1885 futuras
630 1862 719 1886 autem
734 1858 861 1886 continuo
877 1859 903 1886 in
918 1860 1008 1887 animo

211 1901 322 1929 habere.
335 1902 363 1930 In
378 1910 457 1930 carne
469 1910 533 1931 vero
547 1903 652 1938 signum
666 1905 799 1940 accipere,
813 1905 893 1940 quale
907 1905 1006 1933 bomtm

211 1955 279 1982 opus
300 1947 400 1975 fuerit?
415 1947 513 1976 Verum
535 1949 630 1983 ingrati
652 1949 688 1977 illi
710 1953 738 1977 ct
761 1950 887 1978 insensati
900 1950 985 1979 Ιιιᾱ;υἰ
1000 1972 1007 1984 ,

212 1993 333 2028 quamvis
343 1993 398 2028 jam
409 1993 525 2021 illuserit
536 1994 652 2028 veritas,‘
660 1995 748 2022 adhuc
761 1996 787 2022 in
797 1997 890 2023 umbra
904 1996 1008 2032 sedent,

212 2044 238 2066 et
253 2041 377 2074 quamvis
392 2040 431 2067 sol
442 2040 551 2075 justitirc
562 2040 700 2074 affulserit,
715 2041 759 2076 qui
771 2041 838 2069 lucis
851 2050 906 2070 sua:
918 2042 1009 2070 radios

212 2085 329 2120 undique
340 2086 439 2118 emisit,
450 2087 537 2113 adhuc
551 2086 706 2114 luoernariaa
718 2087 770 2114 luci
783 2093 847 2116 sunt
858 2089 954 2117 addicti
965 2098 972 2122 ;
983 2094 1010 2118 et

211 2131 333 2166 quamvis
357 2132 391 2158 sit
413 2137 518 2166 tempus
541 2137 568 2158 ut
589 2132 676 2160 solido
693 2138 836 2168 pascantur
857 2135 935 2167 cibo,
960 2136 1008 2170 ipsi

212 2177 300 2204 adhuc
311 2178 378 2204 lacte
392 2179 566 2211 nutriuntur;
580 2185 666 2214 neque
677 2179 781 2206 beatum
795 2180 903 2207 Paulum
917 2183 1010 2210 audire

213 2223 305 2250 Volunt
315 2221 472 2250 clamantem
481 2231 503 2251 e'
515 2224 646 2251 dicentem
656 2224 690 2252 de
699 2225 846 2259 patriarcha
856 2234 863 2253 :
872 2225 903 2252 Et
911 2228 1010 2262 signum

213 2268 308 2303 accepit
321 2268 532 2301 circumcisionis,
544 2269 703 2304 signaculum
710 2270 820 2304 justitic
831 2271 891 2304 ﬁdei
902 2280 960 2307 qua
973 2279 1009 2300 ut

213 2314 240 2340 in
251 2313 376 2348 prwpulio
390 2313 482 2349 (llam.
498 2315 525 2342 4.
539 2314 567 2341 ll
582 2316 601 2348 ).
619 2314 684 2341 Vide
694 2315 827 2349 quomodo
840 2321 950 2352 utraque
960 2326 1009 2346 nos

214 2360 314 2393 docuit,
331 2365 358 2388 et
371 2361 457 2395 ipsum
472 2361 607 2395 accepisse
620 2361 688 2396 signi
701 2361 758 2388 loco
767 2362 1007 2397 eircumcisionem.

213 2411 242 2434 rt
255 2414 316 2434 cum
340 2408 512 2442 prazputiatus
535 2411 593 2435 erat
605 2428 613 2440 ,
625 2407 754 2442 justitiam
774 2416 833 2444 quae
852 2415 892 2437 est
912 2418 943 2438 ex
958 2410 1010 2439 ﬁde

213 2452 372 2481 ostendisse.
387 2452 451 2479 Nam
466 2459 499 2479 ne
515 2452 681 2487 impudenter
691 2452 798 2480 ludatus
808 2453 880 2482 dicat
896 2464 902 2482 :
917 2455 1010 2484 Nonne

212 2499 382 2527 circumcisio
404 2498 429 2526 ei
448 2498 578 2534 justitiam
601 2499 772 2527 conciliavit?
794 2501 893 2528 idcirco
917 2503 1009 2531 beatus

216 2545 261 2572 ille
273 2545 306 2572 ad
320 2544 402 2580 pedes
416 2543 570 2573 Gamaliclis
585 2545 705 2574 eruditus
719 2545 795 2582 (Act.
813 2547 856 2574 22.
872 2548 889 2576 5
899 2548 907 2584 )
917 2568 925 2581 ,
941 2553 967 2576 ct
983 2550 1009 2577 in

214 2592 272 2627 lege
292 2590 412 2626 apprime
435 2590 588 2623 institutus.
605 2591 689 2626 inquit
706 2602 712 2620 :
727 2591 766 2620 Ne
783 2594 879 2626 putetis
891 2614 899 2626 ,
922 2594 1007 2629 impu-

213 2637 308 2664 dentes
319 2635 415 2670 Judtei,
429 2636 658 2664 circumcisioncm
669 2637 717 2672 ipsi
729 2637 827 2672 aliquid
837 2638 870 2665 ad
879 2638 1009 2673 justitiam

213 2682 358 2710 contulisse
372 2690 379 2709 :
391 2689 453 2709 nam
467 2689 527 2709 cum
538 2681 584 2709 illo
597 2686 715 2718 tempore
729 2683 848 2718 prmputii
864 2683 942 2711 tidem
955 2692 1009 2719 pra:

246 2763 254 2777 ¹
272 2761 362 2797 θυεμ
374 2760 410 2787 ιω
426 2761 499 2787 etiam
522 2761 571 2797 hic,
591 2768 654 2796 cum,
674 2764 699 2786 ut
717 2761 905 2797 (listutgueretur
929 2770 1008 2789 seth

211 2792 325 2820 ,ιω-ωηο,
342 2796 363 2817 et
374 2799 421 2818 non
432 2799 487 2818 cum
497 2793 605 2824 gentibus
617 2793 696 2817 nosce.
704 2797 766 2822 olor,
781 2792 874 2825 sil/num
886 2793 930 2819 hac
942 2801 1006 2826 apuu

211 2831 263 2850 νοις.

580 101 608 129 S.
629 101 768 129 JOANNIS
787 98 1023 129 CllllYSOSTOMl
1043 98 1204 128 ARCIIIEP.
1224 100 1489 129 C(lNSTANTlNOP.

1811 105 1866 133 36!!

1064 163 1093 182 se
1107 155 1206 189 ferret,
1230 157 1330 184 audivit
1345 166 1352 185 :
1368 157 1480 186 Credidit
1495 163 1579 186 autem
1597 159 1725 187 Abraham
1745 159 1800 188 Deo
1812 182 1819 194 ,
1839 167 1865 189 α

1063 207 1208 237 reputatum
1224 208 1261 230 est
1273 204 1296 231 el
1308 204 1334 230 in
1342 204 1470 240 justitiam
1485 204 1581 240 (Rom.
1597 205 1624 232 ι.
1639 205 1657 233 5
1667 207 1687 241 ).
1702 206 1769 234 Cum
1785 207 1865 243 igitur

1065 252 1137 275 esset
1154 247 1210 283 jam
1226 249 1315 284 justus
1336 249 1371 277 ob
1390 257 1465 278 suam
1490 251 1516 277 iu
1533 251 1617 278 Deum
1643 251 1724 280 tidem
1738 273 1745 285 ,
1761 257 1823 281 tunc
1837 255 1863 282 in

1064 293 1169 328 signum
1183 293 1415 322 circumcisionem
1434 296 1537 332 accepit
1553 305 1559 323 :
1574 302 1601 324 et
1623 297 1737 332 primum
1756 299 1862 334 quidem

1065 339 1166 367 nomini
1181 340 1239 376 ejus
1253 341 1330 369 litera
1343 341 1461 375 additur,
1475 342 1574 371 deinde
1588 349 1678 372 atttem
1693 345 1863 374 circumcisio

1065 385 1228 420 imperatur:
1244 394 1298 422 quo
1307 388 1423 415 ostendit
1438 388 1509 416 Deus
1521 395 1552 417 se
1561 389 1596 416 oh
1612 390 1720 417 multant
1737 391 1863 420 virtutem

1061 431 1162 466 justum
1175 433 1346 467 peculiariter
1357 434 1500 470 adoptasse
1512 455 1519 467 ,
1533 439 1561 462 et
1574 440 1684 471 propter
1697 436 1769 464 illum
1783 438 1863 465 etiam

1064 485 1111 505 eos
1124 479 1168 513 qui
1183 486 1215 506 ex
1229 487 1262 506 eo
1275 480 1400 507 nascituri
1415 485 1501 508 erant.
1516 481 1550 509 Et
1563 482 1786 517 quemadmodum
1802 492 1862 511 cum

1064 525 1124 559 quis
1139 532 1248 552 servum
1271 527 1481 561 comparaverit,
1504 534 1602 555 nomen
1618 528 1675 563 ejus
1696 534 1722 556 et
1743 529 1861 557 habitum

1063 576 1135 605 stupe
1151 571 1284 604 immutat,
1298 572 1441 607 omniaque
1456 572 1529 606 facit,
1545 578 1573 600 ut
1584 575 1683 601 sciatur
1699 575 1781 609 ipsiu<
1792 583 1862 606 esse.

1064 623 1096 643 ac
1108 617 1158 644 sub
1178 618 1256 652 cujus
1269 619 1302 645 sit
1317 618 1453 646 dominatu
1469 627 1524 654 prm
1534 627 1565 646 se
1580 619 1646 647 ferat
1664 629 1669 644 τ
1687 621 1721 647 ita
1738 621 1861 648 nimirum

1062 669 1091 690 et
1105 665 1223 691 omnium
1240 665 1383 699 Dominus,
1396 666 1471 701 quasi
1485 665 1596 702 posthac
1610 673 1733 701 separare
1749 675 1796 694 eos
1815 675 1862 694 vo-

1064 710 1122 738 lens
1142 710 1176 737 ab
1191 711 1250 738 aliis
1263 711 1414 739 hominibus
1425 732 1431 743 ,
1446 712 1549 747 adjecta
1563 706 1669 747 quidem
1686 713 1761 740 litera
1775 713 1862 741 decia-

1063 756 1130 783 ravit
1141 755 1214 784 illum
1225 757 1367 784 multorum
1379 758 1535 792 populorum
1549 758 1606 786 fore
1619 765 1719 793 patrem
1730 767 1737 791 ;
1749 759 1862 787 circum-

1062 802 1163 830 cisiOne
1177 807 1265 830 autem
1276 803 1333 837 ejus
1344 804 1469 838 populum
1484 803 1639 831 distinctum
1651 804 1715 836 fore.
1731 810 1758 832 et
1771 812 1861 833 semen

1063 855 1095 875 ex
1108 855 1140 875 eo
1152 848 1313 876 nasciturum
1324 849 1358 876 ab
1367 849 1425 876 aliis
1435 849 1558 884 gentibus
1569 854 1775 884 sequestratum.
1786 850 1861 883 Quod

1063 895 1084 922 si
1106 899 1134 922 et
1157 895 1194 922 illi
1209 895 1244 922 ob
1265 896 1412 923 czccitatem
1436 903 1511 923 suum
1531 896 1618 923 adhuc
1636 903 1745 924 servare
1771 898 1862 924 volunt

1062 941 1151 967 carnis
1163 941 1406 974 circumcisionem,
1424 949 1476 968 non
1486 941 1625 969 audientes
1641 942 1737 970 iterum
1749 942 1857 969 Paulum

1063 986 1194 1013 dit-cutem
1205 995 1211 1013 :
1222 986 1252 1013 Si
1257 986 1475 1018 circuntcitlintim'.
1484 987 1598 1015 Christus
1605 988 1668 1014 nihil
1679 987 1746 1014 vobis
1753 988 1862 1023 proderit

1063 1031 1169 1067 (Galat.
1187 1033 1213 1060 5.
1228 1032 1265 1068 2)
1282 1033 1364 1069 (nam
1383 1037 1494 1068 propter
1512 1033 1570 1061 haec
1591 1033 1698 1060 advenit
1713 1033 1839 1061 Dominus
1853 1054 1860 1065 ,

1063 1082 1092 1104 ιιι
1106 1077 1196 1105 omnia
1210 1077 1254 1105 illa
1268 1077 1385 1110 tolleret,
1400 1083 1480 1114 atque
1495 1078 1554 1106 ideo
1568 1082 1650 1106 totam
1667 1078 1752 1114 legem
1769 1079 1862 1112 imple-

1062 1124 1110 1156 vit,
1129 1126 1156 1150 ut
1167 1123 1233 1158 legis
1247 1123 1399 1151 observatio
1415 1125 1493 1151 linem
1503 1123 1614 1152 haberet
1629 1124 1747 1152 :idcirco
1757 1123 1862 1152 diccbat

1064 1169 1156 1196 beatus
1167 1168 1263 1196 Paulus
1277 1176 1284 1195 :
1297 1168 1453 1203 Quicumque
1463 1169 1489 1196 in
1499 1169 1744 1205 lcgcjustiﬁcamini,
1756 1177 1771 1195 α
1781 1170 1862 1204 gratia

1059 1215 1191 1243 auidis/is
1206 1215 1287 1252 [lbitL
1304 1224 1327 1243 ιι.
1344 1214 1412 1252 4]);
1436 1223 1529 1243 verum
1551 1222 1600 1242 nos
1620 1223 1762 1251 pareamus
1785 1216 1863 1242 beato

1063 1261 1135 1293 huic,
1147 1266 1174 1288 et
1182 1269 1234 1288 non
1244 1261 1421 1289 manufactam
1429 1261 1661 1289 circumcisionem
1672 1261 1860 1296 suscipiamus.

1065 1308 1133 1336 Dicit
1144 1308 1216 1336 cnim
1227 1330 1234 1340 ,
1250 1308 1283 1335 In
1296 1317 1345 1344 quo
1361 1308 1503 1335 circumcisi
1524 1307 1582 1335 estis
1598 1307 1789 1335 circumcisione
1810 1316 1861 1334 nor.

1063 1355 1220 1390 manufacta,
1242 1355 1269 1382 in
1281 1354 1465 1390 deapoliatione
1480 1359 1641 1390 peccatorum
1656 1354 1740 1381 carnis
1750 1374 1757 1386 ,
1773 1355 1800 1381 in
1813 1355 1850 1380 cir

1062 1401 1213 1429 cumcisione
1225 1401 1318 1429 Christi
1331 1401 1447 1436 (Colon.
1463 1401 1490 1428 Ξ.
1506 1401 1535 1428 Η
1548 1401 1567 1435 ).
1586 1400 1686 1428 Deinde
1697 1400 1799 1428 docens
1813 1408 1858 1428 no-

1063 1447 1217 1482 diligentius
1241 1447 1303 1482 quid
1319 1448 1353 1474 sit
1375 1446 1507 1482 ejusmodi
1541 1446 1726 1478 circumcisio,
1751 1446 1862 1474 subdit:

1062 1494 1208 1530 Consepulti
1234 1495 1257 1521 ei
1270 1496 1297 1521 in
1316 1494 1440 1530 baptismo
1456 1493 1544 1530 (Ibid.
1570 1502 1594 1520 υ.
1619 1492 1679 1529 l2).
1700 1493 1775 1521 Sicut
1791 1494 1863 1521 enim

1063 1541 1121 1568 illos
1134 1539 1342 1568 circtnucisionis
1357 1540 1462 1575 signum
1475 1540 1508 1566 ab
1529 1539 1589 1566 aliis
1601 1539 1724 1575 gentibus
1739 1546 1861 1575 segrega-

1061 1586 1122 1619 bat,
1135 1590 1163 1614 et
1175 1585 1375 1613 demonstrabat
1387 1592 1435 1613 eos
1459 1585 1630 1620 peculiariter
1648 1584 1681 1612 ad
1695 1585 1778 1612 Deum
1800 1591 1862 1620 per-

1063 1632 1147 1659 tinere
1169 1640 1176 1659 :
1191 1631 1272 1658 simili
1289 1631 1368 1658 modo
1381 1631 1462 1658 etiam
1482 1631 1552 1666 apud
1567 1639 1615 1658 nos
1634 1631 1803 1659 circumcisio
1817 1639 1863 1665 per

1063 1677 1222 1713 baptismum
1235 1677 1426 1705 evidentiorem
1436 1676 1497 1704 facit
1509 1677 1706 1711 separatiouem
1721 1681 1748 1703 et
1760 1676 1862 1703 dist-re-

1061 1723 1161 1751 tiouem
1175 1722 1292 1750 ﬁdelium
1305 1727 1332 1750 et
1347 1722 1503 1750 infidelium.
1520 1722 1588 1750 Dicit
1601 1723 1672 1750 enim
1689 1731 1694 1749 :
1715 1722 1805 1758 lnth
1814 1723 1862 1749 άν-

1062 1769 1167 1796 cumcisi
1171 1769 1230 1797 estis
1237 1768 1426 1796 circumcisione
1431 1776 1480 1795 non
1487 1769 1641 1803 ntunufucta,
1652 1768 1677 1795 in
1683 1768 1863 1803 despoliatt'one

1063 1821 1222 1850 peccatorum
1231 1816 1325 1842 carnis.
1343 1814 1409 1843 Nam
1424 1815 1450 1843 id
1463 1815 1534 1850 quid
1550 1815 1603 1842 illic
1611 1820 1738 1849 operatur
1747 1815 1861 1842 circnm-

1062 1862 1128 1890 cisio
1139 1862 1165 1889 in
1174 1861 1367 1897 depositionem
1378 1861 1531 1895 raruls,boc
1547 1861 1589 1889 hic
1608 1861 1661 1896 agit
1677 1861 1823 1897 baptismus
1837 1862 1861 1888 iu

1063 1908 1257 1942 depositioncm
1279 1912 1460 1943 peccatorum.
1493 1908 1573 1943 Igitur
1594 1908 1638 1943 qui
1669 1908 1753 1935 senth
1775 1908 1863 1936 curuis

1064 1960 1171 1990 peccata
1195 1954 1333 1987 exuimus,
1355 1959 1382 1982 et
1402 1961 1495 1990 puram
1520 1954 1603 1981 imlnti
1624 1961 1716 1981 Eﬂllllls
1741 1959 1841 1980 vestem
1854 1974 1861 1985 ,

1063 2007 1228 2032 maneamus,
1244 1999 1346 2033 dilecti,
1361 2000 1387 2026 in
1400 2000 1524 2034 puritate.
1537 2005 1563 2026 rt
1575 1999 1761 2026 aliectiouihus
1773 2000 1861 2027 carnis

1063 2046 1215 2080 superiores
1224 2045 1282 2072 facti
1291 2046 1414 2072 virtutem
1425 2045 1617 2080 amplexemor.
1629 2045 1658 2071 Et
1670 2045 1715 2080 qui
1723 2044 1772 2072 sub
1780 2045 1862 2078 gratia

1063 2098 1170 2124 sumus,
1185 2099 1246 2119 eum
1256 2092 1300 2127 qui
1313 2092 1338 2119 in
1349 2092 1421 2126 lege,
1440 2092 1493 2118 imo
1505 2096 1567 2118 ante
1580 2091 1665 2125 legem
1681 2090 1740 2124 fuit,
1755 2091 1863 2118 tumule-

1064 2145 1123 2165 mur
1137 2146 1144 2164 :
1161 2142 1190 2165 ut
1203 2145 1264 2165 cum
1277 2138 1388 2173 vestigia
1398 2138 1456 2172 ejus
1475 2137 1612 2172 sequendo
1633 2137 1716 2164 vitam
1741 2141 1860 2164 nostram

1065 2184 1213 2212 rexerimus
1225 2205 1232 2216 ,
1257 2191 1409 2212 mereamur
1429 2183 1455 2211 in
1479 2184 1551 2211 illius
1570 2183 1643 2210 sinus
1662 2190 1815 2214 occurrere,
1837 2188 1863 2210 et

1064 2229 1234 2264 sempiternis
1256 2229 1305 2256 frui
1320 2229 1413 2262 bonis,
1433 2229 1515 2266 gratia
1534 2233 1562 2256 et
1582 2228 1744 2264 benignitate
1760 2228 1862 2256 Domini

1064 2275 1147 2302 nostri
1162 2273 1225 2302 Iesu
1238 2273 1335 2301 Chrisn
1346 2296 1353 2307 ,
1369 2281 1429 2301 cum
1445 2282 1498 2309 quo
1514 2274 1596 2306 Patri,
1608 2278 1637 2301 et
1648 2273 1758 2309 Spiritui
1771 2279 1863 2302 sancto

1064 2320 1098 2347 sit
1112 2320 1207 2354 gloria,
1219 2319 1360 2354 imperium
1371 2324 1399 2347 et
1415 2320 1501 2347 honor
1511 2339 1519 2353 ,
1539 2326 1610 2347 nunc
1622 2323 1650 2347 et
1663 2326 1780 2355 semper,
1795 2324 1822 2347 et
1837 2319 1862 2346 in

1063 2366 1158 2394 sarcula
1171 2366 1340 2394 saeculorum.
1355 2368 1450 2394 Amen.

1354 2434 1493 2463 llOMlLIA
1513 2433 1569 2462 XL.

1065 2489 1098 2516 Et
1120 2490 1184 2517 dixit
1206 2489 1277 2518 Deus
1300 2490 1408 2518 ΑὺηιΙιιε
1421 2499 1431 2518 :
1451 2490 1518 2518 Sara
1534 2498 1600 2517 uxor
1612 2495 1657 2517 tua
1671 2499 1721 2518 non
1735 2491 1862 2517 vocabitur

1112 2536 1188 2568 Sara,
1204 2537 1247 2564 sed
1262 2537 1343 2564 Sarra
1358 2538 1404 2564 erit
1420 2545 1510 2563 nomen
1526 2537 1582 2573 ejus
1595 2537 1603 2573 (
1612 2536 1674 2564 Gen.
1688 2537 1731 2565 Π.
1748 2537 1781 2565 15
1792 2538 1812 2572 ).

1103 2582 1128 2609 l.
1145 2583 1201 2617 Age
1218 2582 1346 2617 reliquias
1364 2582 1496 2610 hesterna:
1517 2590 1617 2611 meum
1630 2584 1706 2611 vobis
1728 2591 1861 2619 propona-

1065 2636 1135 2661 mus,
1151 2633 1177 2654 cl
1192 2628 1271 2656 linem
1289 2629 1368 2656 hodie
1382 2629 1551 2664 imponamus
1564 2630 1694 2661 sermoni,
1712 2630 1765 2657 ituo
1779 2630 1862 2657 bene-

1064 2673 1173 2701 dictioni
1195 2680 1222 2700 et
1238 2675 1406 2709 promissioni
1426 2683 1506 2710 quam
1530 2675 1591 2703 fecit
1606 2676 1792 2703 universorum
1812 2675 1862 2702 bo-

1065 2720 1154 2747 mitmv.
1168 2720 1336 2754 patriarclnc.
1361 2721 1459 2749 Verum
1479 2722 1591 2749 audiens
1604 2721 1730 2757 reliquias
1743 2729 1843 2750 mensa:
1853 2743 1860 2754 .

1065 2773 1098 2794 ne
1113 2766 1175 2801 quid
1189 2766 1316 2794 sensibile
1328 2767 1472 2802 suspiceris
1485 2776 1491 2794 :
1506 2775 1593 2803 neque
1605 2768 1676 2795 enim
1689 2768 1784 2803 quales
1802 2772 1862 2796 sunt

1065 2812 1214 2840 ednliorum
1238 2813 1420 2847 st'ttsibilium,
1445 2815 1511 2842 tales
1534 2814 1710 2850 spiritualium
1731 2815 1859 2850 reli_ui.r.
