2055 3123
190 172 241 201 369

189 230 245 258 Illa:
272 229 344 257 enim
359 236 419 256 cum
445 227 546 264 frigida:
569 227 644 256 facta:
666 227 782 258 fuerint,
798 226 866 253 haud
891 234 981 261 parcnt

188 277 350 312 voluptatem
361 274 574 304 eonvivatoribus
586 277 729 309 prmstant:
745 281 805 299 nam
816 273 837 299 si
853 273 885 299 ad
900 280 980 299 unum

187 328 233 350 aut
254 323 368 351 alterunt
382 322 454 350 diem
467 321 566 348 fuerint
580 324 721 347 reservata:
730 339 740 351 ,
755 319 861 346 inutiles
871 318 980 346 omnino

187 369 271 397 fiunt:
285 368 342 396 istas
352 374 415 395 vero
423 375 475 394 non
485 366 572 394 solum
582 366 604 393 si
615 366 641 392 in
651 373 730 392 unum
740 369 767 392 et
777 364 888 391 altcrtnn
897 363 978 395 diem,

186 415 233 442 sed
264 419 292 442 ct
316 413 458 450 quantovis
481 416 601 447 tempore
629 411 730 439 relictae
744 410 859 442 fuerim,
890 417 981 444 parem

186 460 314 488 exhibent
327 459 477 490 utilitatem,
489 457 663 492 eamdemque
673 457 787 483 afferunt
799 455 959 489 voluptatem
971 463 979 482 :

185 507 282 534 divina:
304 505 376 534 enim
388 508 451 532 sunt
463 508 491 531 et
511 502 678 538 spiritualcs,
705 509 791 536 neque
804 501 889 527 ullum
910 500 950 528 eis
965 507 980 527 a

186 558 306 588 tempore
321 555 511 579 nocumentum
531 549 671 580 imminet,
689 548 737 576 sed
749 547 867 583 quotidie
882 554 979 574 novmn

184 599 303 634 vigorem
324 597 439 624 aﬂ'erunt
450 617 457 627 ,
468 601 495 624 et
507 603 555 623 eos
569 595 615 630 qui
637 594 690 622 illis
712 593 762 620 frui
776 593 884 625 volunt,
898 592 979 619 multa

185 644 295 679 implent
310 643 409 670 Iustitia.
424 641 541 669 Proinde
551 641 613 676 quia
628 640 688 667 talis
699 639 792 666 harum
808 639 978 674 reliquiarum

159 716 162 718 ν
183 690 225 716 vis
237 694 287 721 est,
301 696 350 724 age
362 688 487 715 alacriter
499 691 527 714 et
541 694 590 714 vos
605 693 729 721 magnam
743 685 804 713 inde
819 684 978 719 voluptatem

182 735 294 767 auferte,
310 741 412 769 nosque
425 733 538 761 fidentes
547 740 639 760 earum
649 731 785 765 efficaciae,
800 737 979 766 proponamus

182 788 230 808 eas
246 786 343 808 vestrae
361 779 477 807 caritati.
502 779 600 806 Verum
614 782 643 805 ut
664 777 739 805 vobis
760 785 848 805 sermo
864 777 909 804 ille
922 784 979 804 ma-

182 826 306 854 nifestior
314 825 443 858 videatur,
451 831 540 860 operae
548 825 662 859 pretium
669 822 748 851 fuerit
755 822 908 850 meminisse
919 822 978 850 linis

182 873 241 901 heri
259 872 391 900 dictorum
402 892 411 905 ,
428 876 456 899 ut
476 871 515 898 sic
535 870 659 898 ordinem
672 877 704 897 ac
723 870 820 897 seriem
842 868 976 903 assequuti

180 919 330 947 doctrinam
340 918 510 954 attingamus.
522 917 584 945 Heri
595 920 757 952 praeceptum
768 915 978 943 circumcisionis

179 965 340 993 adduximus
352 965 378 992 in
392 964 517 997 medium,
531 968 558 991 et
572 962 671 990 dictum
685 962 748 989 illud
764 961 808 989 Dei
817 961 849 989 ad
863 961 977 996 patriar-

179 1011 259 1039 chatn
276 1019 283 1037 :
300 1010 499 1038 Circumcidetur
518 1017 591 1036 omne
618 1008 785 1035 masculinum
807 1012 932 1039 rostrum,
955 1010 977 1034 et

179 1057 227 1082 crit
241 1057 267 1083 in
283 1057 383 1091 signant
400 1054 540 1082 testamenti
554 1054 620 1081 inter
642 1062 681 1080 me
693 1058 716 1080 et
731 1061 784 1080 vos.
802 1052 835 1080 Et
850 1061 912 1088 puer
922 1057 977 1080 octo

178 1102 279 1129 dierum
297 1100 501 1128 circumsidetur.
518 1099 551 1126 Et
562 1100 606 1135 qui
623 1107 674 1126 non
692 1100 855 1126 circumcisus
877 1099 952 1133 fuerit
967 1119 975 1131 ,

181 1148 274 1182 peribit
296 1147 382 1174 anima
400 1146 459 1179 illa,
472 1146 531 1181 quia
546 1150 721 1173 testamentum
738 1153 820 1172 meum
834 1145 975 1182 dissipavit.

178 1192 217 1220 lbi
230 1200 382 1220 sermonem
399 1192 532 1218 finivimus
545 1191 571 1218 in
582 1190 793 1218 circumcisionis
808 1195 974 1226 argumento;

176 1243 205 1266 et
222 1245 256 1265 ne
267 1237 436 1265 multitudine
448 1236 580 1264 dictorum
590 1241 704 1263 vestram
715 1236 889 1264 obrberemus
897 1244 975 1264 men-

176 1289 242 1317 tem,
259 1283 393 1311 noluimus
414 1283 481 1310 ultra
494 1282 628 1317 progredi.
642 1282 733 1317 Neque
743 1282 815 1309 enim
827 1282 878 1310 hoc
888 1282 976 1310 solum

175 1337 314 1363 curamus,
325 1334 353 1356 ut
363 1329 444 1356 multa
455 1327 585 1361 dicamus,
597 1332 623 1354 et
633 1331 724 1362 pestea
735 1326 918 1360 abscedamus,
928 1328 975 1355 sed

175 1375 261 1402 nostri
282 1374 415 1402 sermonis
435 1373 584 1401 doctrinam
607 1372 702 1400 vestris
729 1372 829 1400 viribus
854 1373 975 1408 cupimus

173 1429 236 1449 esse
248 1420 427 1456 adtequatam,
441 1424 468 1447 ut
481 1419 567 1449 fructu
580 1418 704 1454 quopiam
716 1426 748 1446 ex
759 1418 837 1446 dictis
849 1424 974 1454 percepto

173 1469 286 1496 dotnum
301 1467 416 1495 redeatis
428 1474 533 1494 omnes.
554 1466 612 1501 Age
633 1465 713 1500 igitur
726 1465 760 1493 ad
779 1473 810 1493 ea
823 1474 882 1501 qua:
904 1465 974 1494 dicta

172 1519 256 1548 sunt,
278 1513 454 1548 adiungamus
472 1516 499 1540 et
513 1512 614 1547 reliqua
629 1519 637 1538 :
651 1516 680 1538 ut
693 1511 828 1539 videamus
841 1516 900 1546 post
919 1511 973 1539 cir-

173 1560 349 1588 cumcisionis
361 1562 535 1594 prazceptum,
550 1557 613 1593 quid
629 1557 758 1592 benignus
773 1557 843 1585 Deus
859 1557 972 1592 patriar-

171 1609 234 1636 chae
246 1607 369 1642 loquatur
383 1610 410 1634 et
423 1609 564 1641 proponat.
576 1605 620 1632 15.
637 1604 671 1631 Et
690 1604 772 1636 dixit,
787 1604 884 1639 ittquit,
901 1603 970 1632 Deus

173 1654 284 1681 Abralue
294 1661 305 1680 :
320 1652 388 1680 Sara
398 1660 463 1679 uxor
476 1656 519 1678 tua
532 1659 583 1679 non
592 1650 659 1677 ultra
672 1650 800 1677 vocabitur
814 1650 915 1677 nomine
926 1657 973 1677 suo

171 1701 242 1728 Sara
251 1721 260 1733 ,
277 1699 322 1727 sed
337 1698 418 1726 Sarra
429 1697 477 1725 erit
491 1705 580 1724 nomen
592 1697 646 1732 ejus
660 1695 708 1732 (a).
731 1696 970 1730 Quemadmodum,

172 1746 278 1782 inquit,
301 1745 437 1772 elemento
452 1743 498 1770 tibi
519 1742 612 1770 addito
636 1741 805 1777 significavi,
819 1747 845 1769 te
868 1745 970 1776 patrem

173 1792 292 1820 futurum
302 1791 446 1818 multarum
457 1789 575 1824 gentium
589 1796 597 1815 :
611 1788 646 1815 ita
662 1791 690 1815 et
703 1787 776 1815 Sane
789 1788 910 1815 similiter
924 1795 972 1823 ap-

172 1846 243 1874 pono
254 1838 369 1869 literam,
384 1840 412 1863 ut
422 1835 509 1863 discas
517 1841 588 1862 nunc
601 1838 704 1869 tempus
717 1833 821 1865 adesse,
835 1837 864 1860 ut
877 1833 941 1860 olim
953 1841 970 1862 a

170 1892 216 1912 me
228 1884 358 1919 promissa
370 1882 538 1917 impleantur.
550 1881 605 1908 Erit
618 1881 696 1914 enim,
710 1880 804 1915 inquit,
811 1888 904 1912 amazon
914 1880 970 1915 ejus

171 1932 263 1959 Sami.
287 1930 332 1958 16.
345 1929 497 1956 Benedicam
509 1931 593 1954 autent
611 1934 686 1959 eam,
706 1930 730 1953 et
749 1925 814 1952 dabo
833 1925 882 1952 tibi.
896 1934 927 1953 ea:
939 1934 970 1953 ea

171 1979 272 2012 ﬁlium,
286 1981 311 2003 et
322 1975 466 2003 benedith
477 1973 566 2006 illum,
582 1977 606 1999 et
618 1973 665 2000 erit
683 1972 709 1999 in
720 1977 835 2007 gentem,
859 1977 881 1999 et
899 1979 968 2006 reges

169 2023 282 2059 gentium
299 2030 330 2050 ea:
352 2029 381 2048 eo
395 2020 507 2048 exibunt.
524 2019 625 2047 Idcirco
645 2018 718 2054 prius
738 2017 842 2045 literam
863 2017 966 2052 adjeci,

169 2075 200 2097 ut
212 2069 281 2097 scias
293 2068 405 2095 omnino
420 2067 507 2095 futura
523 2073 585 2094 esse
599 2073 658 2099 qua:
670 2072 744 2092 a-me
760 2064 829 2092 dicta
842 2069 913 2092 sunt.
929 2063 967 2092 Ne

170 2117 249 2152 igitur
262 2115 296 2142 ad
311 2114 491 2142 infirmitatem
505 2116 611 2139 naturze
621 2115 746 2146 spectans
756 2131 764 2144 ,
779 2110 897 2137 animum
917 2110 966 2138 de-

169 2160 283 2197 sponde,
297 2161 344 2188 sed
359 2159 446 2194 potius
457 2157 490 2185 ad
505 2157 610 2184 virtutis
623 2164 690 2183 mete
704 2155 914 2191 magnitudinem
928 2163 966 2184 re-

168 2207 296 2242 spiciens,
313 2204 392 2232 fidem
406 2203 474 2231 habe
488 2203 519 2230 iis
533 2210 592 2236 qua:
606 2209 622 2228 a
637 2200 758 2228 medicta
769 2205 841 2228 sunt.
856 2199 966 2227 Benedi-

169 2261 225 2279 cum
239 2251 311 2280 enitn
324 2258 379 2277 eain
388 2269 396 2283 ,
408 2254 431 2276 et
444 2248 509 2276 dabo
523 2247 567 2274 tibi
582 2255 613 2274 ea:
625 2255 654 2274 ea
671 2246 768 2280 ﬁlium,
788 2251 812 2273 et
822 2246 966 2273 benedicam

169 2298 253 2330 illum,
269 2302 292 2324 et
310 2296 357 2323 erit
368 2296 395 2323 in
408 2299 503 2330 gentes,
517 2299 540 2321 et
553 2301 623 2328 reges
637 2292 740 2319 exibunt
751 2300 783 2320 ea;
792 2300 830 2319 eo.
844 2292 964 2319 Excede-

170 2346 233 2372 bant
247 2344 390 2371 humanam
404 2346 525 2369 naturam
538 2340 684 2375 promissa:
699 2343 726 2366 et
738 2338 849 2373 perinde
861 2338 919 2370 fuit,
933 2346 965 2366 ac

168 2393 190 2419 si
205 2391 302 2426 aliquis
316 2389 486 2425 polliceretur
505 2395 537 2414 ex
551 2385 683 2420 lapidibus
698 2385 821 2412 homines
833 2392 863 2412 se
878 2386 962 2412 factu-

170 2445 238 2465 rum.
254 2436 323 2464 Nihil
336 2435 407 2463 enim
420 2443 435 2461 a
450 2433 582 2468 lapidibus
596 2431 770 2464 differebant,
786 2435 914 2466 quantum
929 2431 962 2459 ad

168 2483 368 2519 generationem
383 2481 479 2508 attinet
492 2478 530 2515 (b)
542 2499 550 2513 ,
558 2483 585 2506 et
597 2477 812 2513 patriarcbaprte
824 2481 963 2505 senectute

200 2577 237 2610 (α)
255 2580 280 2602 In
291 2576 394 2602 Hebraeo
404 2579 461 2599 ante
483 2573 641 2598 mutationem
661 2570 774 2600 nominis,
796 2571 961 2610 ’πλείη-αὶ,

169 2609 369 2643 vocabatur;post
378 2612 535 2636 mutationem
542 2613 634 2637 autem,
646 2609 714 2637 mw,
728 2612 795 2633 Sara.
805 2609 962 2639 septuaginta

170 2656 229 2674 vero
239 2649 402 2684 interpretes,
419 2654 485 2678 Σάββα,
499 2646 647 2684 esprimmtt,
660 2643 817 2684 duplicato
828 2658 838 2675 ρ
849 2645 961 2684 mutatio~

169 2687 225 2705 nem
238 2679 302 2704 illam
310 2675 420 2703 iudicam
432 2675 499 2708 {quo
512 2675 598 2708 factum
610 2678 648 2708 est
665 2677 692 2697 ttt.
702 2675 883 2708 (:brysostomus
893 2679 962 2707 puta-

169 2711 232 2736 verit
242 2710 348 2735 additmn
356 2715 370 2733 a
382 2712 432 2733 Deo
443 2706 518 2733 hiisse
529 2706 617 2732 nomini
629 2709 691 2729 sane
702 2706 860 2732 elementum.
874 2706 902 2730 si.
912 2713 960 2731 non

169 2742 275 2766 additum
285 2740 436 2765 elementum
451 2739 503 2767 fuit,
515 2738 559 2763 sed
573 2739 688 2761 mutatum
698 2738 708 2757 τ
720 2738 742 2761 in
754 2740 781 2763 Π,

201 2776 236 2808 (b)
252 2775 360 2808 oratorio
371 2781 448 2804 more,
461 2774 501 2799 vel
513 2772 658 2808 attentionis
664 2774 740 2805 lapsu,
752 2773 810 2808 dicit.
825 2772 961 2808 chrysosto-

168 2802 351 2832 nnis'Abrabam
362 2810 387 2831 et
397 2802 476 2830 saratn
489 2811 536 2829 non
547 2804 625 2834 magis
636 2802 737 2829 idon'eos
745 2803 775 2827 ad
785 2802 877 2834 prolem
885 2803 960 2834 sust-j-

638 2822 791 2869 ῧῖξᾜίῖάειῐῖ
804 2833 837 2869 de
847 2833 959 2869 Sarand‘ici

170 2863 262 2899 potuit;
282 2874 355 2892 secus
365 2867 396 2892 de
407 2863 546 2897 Abi'a'batuo,
559 2863 599 2898 qui
612 2863 694 2891 multis
702 2863 758 2897 post
767 2865 835 2890 annis
846 2870 891 2889 sex
899 2863 960 2888 filios

168 2900 275 2931 mcepit
287 2904 319 2924 ex
332 2902 424 2924 cetum:
540 2905 543 2908 ⁴

714 169 746 197 ΙΝ
766 169 842 197 CAP.
861 168 941 197 XVII.
962 168 1083 197 CENI‘JS.
1107 169 1220 197 HOMIL.
1245 170 1298 197 XL.

1778 175 1828 201 5ῖο

1033 233 1116 260 prope
1141 227 1272 260 impotens
1287 232 1345 254 cent
1358 248 1364 258 .
1388 231 1414 254 et
1430 227 1462 254 ad
1484 228 1602 256 liliorutn.
1616 230 1827 264 procreationem

1034 273 1143 300 omnino
1158 273 1272 305 inutilis,
1288 279 1314 301 et
1330 273 1408 300 Sarra
1428 274 1465 301 ad
1477 273 1526 301 hoc
1539 275 1613 310 quod
1624 281 1715 303 natura
1730 277 1829 304 sterilis

1034 322 1101 351 erat,
1117 318 1253 345 laborabat
1267 323 1294 346 et
1308 319 1393 346 :ctalis
1407 323 1434 345 ct
1446 321 1592 347 senectutis
1605 321 1678 348 vitio.
1695 321 1828 349 Caeterum

1032 364 1119 399 justus
1130 363 1187 391 lucc
1198 364 1319 398 audiens,
1331 370 1479 400 putatisque
1488 366 1552 393 olim
1567 366 1611 394 Dei
1625 368 1827 401 promissionem

1034 409 1168 444 impletam
1183 410 1208 437 in
1225 410 1335 438 lsmacle
1351 420 1358 438 :
1373 411 1434 446 quia
1449 411 1520 439 enim
1533 412 1602 439 dixit
1616 421 1622 439 :
1637 412 1692 440 Tibi
1706 419 1730 440 et
1740 415 1829 442 semini

1034 459 1077 482 tuo
1087 455 1152 482 dabo
1162 457 1254 482 terram
1269 456 1344 488 lianc,
1359 464 1408 484 nec
1418 456 1540 484 distinxit
1553 465 1582 485 se
1593 458 1627 486 de
1639 458 1693 485 filio
1703 466 1736 486 ex
1749 460 1827 488 Sarra

1034 502 1170 529 nascituro
1184 502 1254 537 loqui
1267 524 1274 534 ,
1290 503 1334 530 ille
1348 503 1480 538 cogitabat
1500 511 1590 531 secum
1602 504 1657 539 jam
1671 505 1827 540 promissio-

1034 555 1082 575 nes
1105 548 1228 584 impletas
1250 556 1310 576 esse
1327 558 1333 575 :
1351 557 1421 577 nunc
1441 554 1529 577 autetn
1553 549 1666 578 audiens
1687 551 1827 579 Dominum

1034 593 1117 620 Deum
1129 593 1271 628 dicentem,
1288 594 1438 622 Benedicam
1453 595 1570 628 Sarram,
1585 601 1609 623 et
1624 597 1689 623 dabo
1700 597 1744 624 tibi
1754 605 1785 624 ex
1797 606 1828 624 ea

1033 639 1125 673 filium,
1141 644 1163 667 et
1176 639 1319 667 benedicam
1336 641 1419 674 illum,
1430 646 1453 667 et
1465 642 1511 668 erit
1521 641 1547 668 in
1557 646 1643 676 gentes
1654 650 1664 673 ;
1677 647 1704 669 et
1715 643 1826 670 iterum:

1033 682 1076 710 Ea:
1089 684 1134 711 illo
1148 693 1218 720 regas
1238 685 1350 720 gentium
1368 685 1527 720 egrediantur
1537 693 1617 713 :cum
1637 687 1752 714 nesciret
1763 688 1826 722 quid

1033 729 1133 758 diceret
1149 731 1255 766 (neque
1272 732 1342 759 enim
1357 732 1402 759 Dei
1421 733 1509 760 verbis
1528 733 1638 760 credere
1658 741 1710 761 non
1724 740 1827 769 poterat

1033 776 1073 803 vir
1088 781 1140 803 tam
1154 777 1326 812 religiosus),
1352 778 1391 805 ad‘
1403 785 1478 805 suam
1502 780 1649 813 respiciens
1662 784 1766 807 aetatem
1779 801 1786 812 ,
1801 787 1828 808 ct

1032 822 1119 851 Same
1131 824 1308 856 sterilitatem,
1318 832 1377 860 qua:
1391 824 1424 852 ad
1438 825 1508 852 illam
1517 832 1601 860 uSque
1614 830 1718 853 :ctalem
1732 827 1827 862 perdu-

1032 873 1158 901 raverat,
1172 869 1275 896 consilii
1298 870 1375 904 inops
1398 874 1425 897 et
1445 870 1636 904 obstupescens
1657 871 1692 899 ob
1710 872 1825 906 promis-

1031 915 1132 943 sionem
1154 915 1199 943 Dei
1216 924 1222 943 :
1238 915 1281 943 17.
1295 915 1407 948 Cecidit,
1425 916 1519 951 inquit,
1533 917 1558 943 in
1569 917 1670 951 faciem,
1684 923 1707 944 et
1721 918 1785 944 risit.

1066 961 1093 988 2.
1109 961 1207 989 Videas
1222 962 1315 989 miratu
1328 962 1547 997 promissionem,
1561 967 1589 990 ct
1603 965 1748 998 potentiam
1765 965 1824 999 ejus

1030 1007 1075 1042 qui
1099 1008 1258 1042 promiserat
1277 1009 1407 1043 cogitans,
1428 1008 1524 1036 Cecidit
1536 1010 1561 1036 in
1580 1010 1688 1045 facient,
1712 1016 1738 1038 et
1757 1012 1826 1043 risit,

1032 1053 1083 1081 ltoc
1105 1060 1156 1086 est,
1181 1055 1317 1090 voluptate
1332 1055 1455 1090 perfusus
1477 1062 1535 1090 est;
1551 1062 1578 1084 et
1599 1058 1624 1084 in
1646 1058 1736 1086 animo
1754 1059 1826 1094 cogi-

1031 1099 1114 1132 tabat,
1130 1101 1264 1135 quomodo
1277 1101 1422 1128 secundum
1439 1102 1582 1129 humanam
1605 1104 1825 1132 consuetudinem

1031 1144 1082 1172 hoc
1095 1145 1152 1172 ﬁeri
1169 1150 1268 1180 posset,
1287 1155 1349 1173 num
1364 1148 1520 1175 centenario
1532 1155 1688 1176 nasceretur
1703 1150 1781 1183 filius,
1794 1159 1827 1179 ae

1031 1199 1094 1218 Illlm
1116 1192 1217 1219 sterilis
1241 1196 1268 1220 et
1291 1193 1470 1228 nonagenaria
1491 1198 1601 1228 repente
1621 1200 1711 1229 posset
1730 1196 1824 1223 idonea

1030 1235 1087 1263 ﬁeri
1098 1236 1131 1263 ad
1145 1241 1250 1271 partum
1267 1236 1302 1271 (υ.
1319 1237 1375 1273 17).
1392 1238 1479 1273 Atque
1492 1245 1552 1265 cum
1573 1239 1629 1266 lucc
1644 1240 1734 1267 animo
1753 1242 1824 1274 cogi-

1029 1286 1121 1314 tasset,
1137 1290 1190 1310 non
1205 1282 1321 1311 audebat
1340 1283 1392 1311 tale
1413 1284 1538 1319 quiddam
1562 1285 1649 1320 lingua
1671 1286 1761 1319 effari;
1776 1287 1823 1314 sed

1028 1334 1132 1363 gratum
1154 1329 1285 1357 exhibens
1303 1331 1421 1357 animum
1435 1331 1522 1358 oravit
1536 1338 1585 1366 pro
1605 1331 1732 1364 lsmacle,
1748 1334 1823 1368 quasi

1028 1375 1148 1402 diceret:
1165 1375 1288 1409 Domine,
1304 1375 1368 1403 satis
1384 1383 1427 1403 me
1437 1377 1591 1404 consolatus
1605 1384 1645 1409 es,
1662 1381 1689 1404 et
1702 1377 1822 1405 dolorem

1028 1428 1106 1455 quem
1121 1428 1155 1448 ex
1171 1421 1253 1454 prolis
1264 1421 1351 1456 inopia
1364 1421 1501 1456 gerebam,
1517 1421 1579 1449 dato
1594 1422 1704 1450 lsmaelc
1715 1423 1740 1450 in
1755 1423 1820 1450 la-ti-

1029 1467 1092 1494 tiam
1104 1466 1219 1494 vertisti.
1233 1466 1299 1494 Nato
1310 1467 1380 1494 enim
1393 1467 1448 1499 illo,
1462 1475 1548 1503 neque
1560 1468 1586 1494 in
1600 1473 1716 1496 mentem
1731 1473 1822 1503 postea

1027 1512 1129 1547 accepi,
1153 1512 1194 1539 vel
1217 1512 1330 1547 cogitavi
1354 1512 1498 1548 aliquando
1518 1521 1534 1541 e
1555 1513 1634 1541 Sarra
1658 1515 1824 1542 nasciturum

1027 1558 1091 1585 mihi
1105 1558 1199 1591 filium,
1213 1558 1260 1586 sed
1274 1566 1360 1593 ncqtte
1374 1558 1430 1594 ipsa
1446 1559 1496 1586 hoc
1507 1559 1671 1594 exspectavit
1685 1568 1691 1586 :
1709 1559 1824 1594 ideoque

1026 1605 1097 1639 Agar
1122 1604 1188 1631 mihi
1215 1603 1334 1638 tradidit,
1359 1611 1466 1632 omnem
1494 1604 1543 1632 sibi
1572 1612 1647 1640 spem
1673 1605 1819 1640 denegans.

1025 1649 1146 1685 Magnam
1170 1649 1378 1677 consolationem
1401 1649 1481 1677 ambo
1507 1650 1660 1684 accepimus
1685 1655 1748 1677 nato
1767 1651 1823 1677 lilio

1025 1694 1146 1722 lsmaele.
1158 1695 1207 1723 llic
1219 1695 1308 1730 igitur,
1320 1695 1363 1730 qui
1375 1703 1393 1722 a.
1404 1699 1431 1723 te
1444 1695 1522 1723 datos
1532 1700 1583 1730 est,
1593 1696 1661 1722 vivat
1674 1703 1765 1723 coram
1781 1701 1817 1728 lc.

1024 1741 1171 1769 et-abunde
1195 1742 1260 1767 satis
1275 1741 1387 1768 recreati
1410 1741 1512 1768 erimus
1523 1762 1531 1773 ,
1546 1746 1573 1768 ct
1588 1745 1751 1768 senectutem
1769 1749 1818 1768 no-

1023 1792 1107 1815 stram
1130 1787 1202 1814 illius
1217 1786 1270 1814 vita
1290 1786 1431 1814 solabitur.
1450 1786 1519 1821 Quid
1542 1787 1622 1822 igitur
1639 1787 1680 1814 adv
1694 1787 1752 1815 haec
1768 1787 1818 1815 be-

1024 1833 1119 1868 nignus
1133 1832 1358 1867 Dominus?Quia
1371 1832 1441 1868 piam
1451 1832 1515 1868 justi
1529 1837 1733 1861 mentemtonto
1750 1839 1818 1862 Ictu-

1022 1887 1087 1915 pore
1101 1880 1166 1906 satis
1180 1879 1350 1915 probaverat,
1366 1884 1394 1907 et
1412 1879 1502 1907 Sarrae
1526 1879 1621 1913 ﬁdem;
1637 1881 1701 1916 quia
1714 1881 1818 1909 viderat

1023 1930 1167 1960 utrumqtte
1190 1925 1254 1952 nihil
1276 1925 1327 1953 sibi
1349 1925 1383 1953 de
1403 1926 1458 1953 suis
1479 1926 1677 1960 promittentem
1697 1928 1815 1958 viribtts,

1022 1970 1158 1999 Abraham
1173 1970 1281 2006 quidem
1294 1975 1404 2006 propter
1414 1976 1590 2005 senectutem,
1604 1972 1712 2000 scurram
1726 1978 1815 2001 autent

1022 2023 1132 2054 propter
1145 2018 1314 2046 sterilitatem
1329 2023 1410 2053 atque
1422 2022 1527 2046 mtatem
1539 2039 1547 2051 ,
1560 2018 1625 2046 dicit
1637 2028 1644 2046 :
1660 2019 1735 2047 Nunc
1753 2019 1814 2054 quia

1021 2063 1131 2090 omnino
1142 2063 1219 2091 vobis
1240 2063 1291 2091 hoc
1309 2071 1372 2091 esse
1388 2063 1493 2091 videtur
1507 2064 1672 2099 impos.~ibilc
1689 2073 1695 2092 :
1715 2064 1815 2093 idcirco

1020 2110 1092 2137 enim
1106 2114 1133 2136 et
1143 2117 1194 2144 ego
1208 2109 1308 2136 tamdiu
1329 2108 1436 2142 distuli,
1451 2114 1481 2137 ut
1497 2109 1636 2137 ostendam
1653 2110 1731 2145 longe
1745 2111 1813 2137 ultra

1020 2160 1142 2183 naturam
1162 2162 1222 2182 esse
1245 2154 1344 2182 donum
1368 2154 1440 2190 quod
1463 2155 1600 2188 concedo,
1623 2155 1692 2189 quod
1713 2160 1741 2183 et
1767 2164 1814 2183 vos

1018 2200 1117 2234 aliique
1138 2207 1232 2228 omnes
1252 2199 1294 2227 his
1314 2200 1390 2227 factis
1409 2200 1514 2227 discant
1528 2208 1572 2228 me
1584 2205 1611 2228 et
1632 2205 1734 2229 natura:
1759 2201 1814 2229 Do-

1019 2247 1120 2274 minum
1148 2253 1224 2278 esse,
1249 2250 1277 2273 et
1298 2245 1332 2273 ad
1353 2245 1542 2281 quodcumque
1564 2245 1671 2274 libuerit
1692 2255 1722 2274 ea
1753 2247 1813 2279 uti,

1018 2293 1156 2328 ipsamque
1166 2292 1287 2327 obsequi,
1299 2296 1324 2319 et
1333 2292 1429 2320 cedere
1438 2292 1578 2327 praeceptis
1592 2293 1668 2320 meis.
1680 2292 1731 2326 Qui
1741 2293 1811 2320 enim

1017 2347 1076 2367 eam
1089 2347 1121 2366 ex
1134 2339 1217 2366 nihilo
1231 2339 1345 2373 produxi
1357 2360 1364 2371 ,
1378 2339 1462 2366 multo
1482 2339 1566 2374 magis
1580 2346 1641 2366 cum
1652 2338 1771 2373 iatn-sit,
1785 2344 1813 2366 et

1017 2385 1156 2416 claudicet,
1174 2384 1277 2419 erigere
1291 2391 1409 2418 possum.
1425 2383 1460 2412 Ut
1474 2384 1553 2419 igitur
1567 2384 1668 2411 melius
1675 2383 1812 2410 etintidcre

1017 2432 1115 2467 possis,
1138 2430 1201 2458 attdi
1222 2435 1246 2458 el
1270 2431 1472 2465 expergiscere,
1487 2430 1812 2465 repulsisque-t-ogitatio~

1016 2477 1095 2504 nibus
1109 2476 1207 2504 utentis
1225 2480 1293 2508 ture,
1310 2475 1422 2509 accipito
1444 2483 1478 2502 ex
1500 2476 1606 2509 iisquae
1621 2475 1665 2502 tibi
1687 2475 1811 2502 dicuntur

1016 2528 1118 2552 certum
1141 2527 1337 2557 argumentum.
1365 2521 1433 2548 Ecce
1455 2522 1535 2548 enim.
1552 2521 1632 2548 Sarra
1656 2528 1725 2548 uxor
1747 2525 1809 2553 tua,

1013 2577 1094 2606 quant
1109 2574 1186 2603 putas
1200 2572 1254 2595 tum
1271 2572 1379 2602 propter
1389 2566 1568 2598 sterilitatem,
1584 2571 1641 2593 tum
1651 2571 1759 2601 propter
1768 2574 1810 2593 sc-

1016 2618 1088 2642 uiom
1102 2621 1196 2649 parere
1207 2621 1259 2641 non
1272 2621 1363 2648 posse,
1378 2613 1433 2648 ipsa
1445 2613 1531 2649 pariet
1541 2613 1587 2639 tibi
1599 2613 1685 2640 filium
1697 2614 1732 2649 (ν.
1748 2612 1808 2648 iii):

1015 2665 1042 2688 ct
1065 2665 1093 2687 ut
1110 2659 1175 2687 nihil
1202 2659 1325 2690 lncsitcs.
1350 2666 1412 2686 ecce
1432 2659 1479 2686 tibi
1502 2663 1530 2686 et
1554 2666 1652 2687 nomen
1680 2659 1739 2694 ejus
1762 2660 1808 2694 qui

1015 2711 1140 2733 nascetur
1156 2705 1375 2741 prmmonstrabo.
1394 2705 1459 2732 Eum
1475 2705 1544 2732 enim
1562 2706 1606 2741 qui
1623 2711 1747 2734 nascetur
1760 2714 1805 2732 vo-

1014 2753 1089 2780 cabis
1102 2753 1184 2779 Isaac.
1199 2751 1232 2778 Et
1247 2759 1340 2785 ponam
1360 2755 1533 2778 testamentum
1553 2760 1635 2779 meum
1656 2753 1690 2779 ad
1703 2761 1759 2779 eum
1782 2753 1808 2778 in

1014 2803 1189 2826 testamentum
1201 2797 1393 2832 sempiternum,
1406 2801 1428 2824 et
1439 2797 1527 2825 sentini
1541 2798 1597 2832 ejus
1610 2803 1666 2834 post
1679 2806 1746 2825 eum.
1760 2798 1806 2826 llic

1014 2843 1113 2870 ctenim
1128 2847 1171 2870 est
1185 2850 1262 2877 quem
1274 2842 1389 2877 primttnt
1406 2844 1478 2870 ct-ab
1492 2843 1566 2870 initio
1578 2844 1626 2871 tibi
1641 2844 1761 2879 promisi.
1776 2852 1807 2871 ac

1015 2890 1042 2918 in
1062 2889 1112 2917 hoc
1132 2888 1322 2925 promissioncs
1342 2897 1407 2918 mea:
1429 2888 1620 2924 ituplcbuntur.
1646 2890 1769 2918 Proinde
1782 2895 1810 2918 ct
