2055 3123
249 189 297 216 371

251 257 340 286 omnia
357 257 403 285 libi
420 257 552 293 pra-dico,
569 265 621 285 non
634 258 721 286 solum
738 258 808 292 quod
823 259 973 287 nasciturus
987 259 1038 292 sit,

249 304 297 333 scd
307 309 335 332 ct
344 303 480 340 quomodo
493 311 555 332 eum
568 311 664 331 vocare
674 303 783 336 debeas,
794 308 874 339 atque
888 312 931 332 tne
940 305 964 332 ei
975 312 1041 332 eon-

246 352 401 379 stituturum
413 354 601 378 testamentum
613 357 700 377 meum
712 359 718 376 :
732 357 817 384 neque
826 350 877 377 hoc
885 351 982 382 solum,
994 351 1040 378 sed

247 396 281 424 Et
297 397 385 425 semini
399 397 455 432 ejus
479 401 535 432 post
555 405 622 424 eum.
640 396 739 424 Deinde
760 396 877 424 liberalis
896 397 1039 430 Dominus,

247 443 292 478 qui
317 450 425 477 semper
448 443 617 470 accumulare
643 443 711 470 solet
737 442 884 475 beneﬁcia,
909 447 936 469 et
961 442 1040 477 longe

249 495 354 517 nostras
378 489 509 517 excedere
523 489 681 525 petitiones,
694 489 819 524 quoniam
840 494 957 516 mentem
975 489 1038 524 justi

245 541 379 568 crcxeral,
401 540 427 563 ct
441 543 487 571 per
507 543 538 563 ca
552 543 611 571 qum
635 535 766 570 promisit,
789 535 844 563 lere
863 534 988 570 juvenem
1005 543 1037 562 ex

246 590 312 610 sene
327 582 436 615 fecerat,
451 589 566 617 cumque
576 581 620 616 qui
634 585 755 608 tnortuus
769 585 836 614 erat,
852 585 880 607 ut
893 580 928 607 ita
939 580 1038 612 dicam,

245 628 334 656 verbis
347 628 514 662 lectmdarat,
531 628 667 656 beneﬁciis
684 635 745 655 eum
763 627 919 663 largissimis
943 634 1036 662 prosc-

244 683 341 710 queus,
357 675 443 710 inquit
455 682 462 701 :
476 674 509 701 Et
522 673 580 701 haec
595 674 712 708 quidem,
725 681 784 708 quze
797 673 899 701 scilicet
914 674 1035 708 promisi,

243 728 326 755 opere
342 719 484 754 complebo
500 728 506 747 :
521 724 548 748 et
562 719 642 747 etiam
662 719 733 754 quod
748 719 781 746 de
796 719 906 746 lsmaele
925 719 1035 754 rogasti,

243 758 388 794 concedam
405 766 462 793 tibi.
480 766 575 793 Audivi
589 766 659 793 enim
675 766 824 794 orationem
839 772 927 799 tuam,
941 766 986 793 20.
1002 766 1036 793 Et

243 812 359 839 benedixi
368 820 434 843 eum,
450 817 473 838 et
483 811 578 847 augebo
588 820 645 839 eum
658 816 681 839 et
693 811 867 846 multiplicabo
880 820 936 839 eum
951 813 1033 844 valde,

243 858 324 885 ralde.
338 857 476 884 Duodecim
489 862 573 893 gentes
585 858 731 893 generabit,
747 862 769 884 et
785 858 850 885 dabo
865 866 921 885 eum
935 858 960 885 in
974 867 1035 894 geu-

242 909 291 931 tem
313 912 443 939 magnam.
467 903 688 939 Quandoquidem
711 905 796 938 enim,
817 904 919 940 inquit,
942 912 1033 931 senicn

244 956 318 978 tuum
333 954 374 978 est
384 970 391 983 ,
406 949 445 977 sic
460 949 563 985 augebo
575 957 649 982 eum,
664 954 690 978 et
703 950 886 985 multiplicabo
899 950 990 982 valde,
1008 956 1033 978 ut

241 997 382 1025 duodecim
395 1002 489 1032 gentes
502 1004 534 1024 ex
549 1004 582 1024 eo
594 996 748 1032 procedant.
762 996 806 1024 2t.
821 997 945 1025 Caeterum
959 1002 1033 1024 testa-

241 1048 352 1071 mentum
373 1051 455 1070 nteant
479 1047 587 1070 statuam
609 1051 666 1070 cum
684 1041 777 1074 Isaac,
792 1051 865 1078 quem
886 1043 930 1070 tibi
953 1043 1034 1070 Sarra

241 1089 323 1123 pariet
333 1094 444 1123 (corpore
464 1090 521 1123 hoc,
533 1097 600 1116 anno
617 1093 742 1124 sequente.
756 1088 833 1122 Vide,
845 1089 968 1120 obsecro,
979 1089 1032 1122 hic,

241 1135 354 1167 dilecte,
369 1134 505 1170 quomodo
524 1135 612 1169 justus
633 1135 658 1161 in
675 1142 728 1161 uno
748 1135 876 1169 temporis
898 1140 1034 1163 momento

242 1180 381 1208 mercedes
398 1180 485 1207 omnis
506 1180 634 1214 temporis
655 1179 774 1214 accepit,
787 1184 815 1207 ct
838 1179 977 1215 impletum
993 1186 1034 1208 est

241 1225 307 1253 illud
322 1225 392 1260 quod
403 1225 526 1253 Christus
539 1225 675 1260 discipulis
687 1226 743 1253 suis
756 1226 823 1253 dixit
838 1235 845 1254 :
863 1226 981 1262 Quisquis
994 1235 1032 1254 re—

241 1273 342 1308 liquerit
353 1272 391 1299 vel
401 1277 510 1308 patrem,
526 1272 564 1298 vel
576 1276 691 1303 matrem,
705 1272 742 1298 cel
759 1272 872 1305 domum,
888 1272 928 1299 vel
941 1274 1033 1308 fratres

243 1323 346 1353 propter
360 1326 452 1345 nomen
466 1326 560 1349 mcum,
576 1323 599 1344 et
612 1318 654 1344 hic
666 1318 811 1353 centuplum
825 1319 947 1353 accipiet,
961 1324 984 1345 et
994 1319 1031 1345 oi-

241 1369 295 1391 tam
315 1368 435 1391 aeternam
457 1362 592 1398 possidebit
615 1362 720 1398 (Matth.
743 1363 788 1391 l9.
810 1362 868 1398 29).
886 1363 1031 1391 Considera

240 1410 312 1438 enim
327 1410 392 1437 Inibi
405 1409 505 1445 justum
523 1410 607 1442 illum,
622 1410 683 1446 quia
699 1415 822 1446 prompte
834 1415 967 1447 prtccepto
979 1411 1031 1437 Do-

241 1455 307 1483 mini
322 1455 457 1489 obcdivit,
473 1460 500 1483 et
518 1456 608 1483 relicta
622 1455 703 1483 domo
717 1461 825 1491 paterna
840 1457 956 1491 praetulit
966 1457 1032 1484 a'ic-

240 1509 302 1528 nam
318 1501 398 1528 natali
411 1510 418 1528 :
430 1501 565 1536 quomodo
576 1501 702 1536 paulatim
714 1502 824 1529 multam
836 1510 889 1537 pra:
900 1510 930 1530 se
944 1503 1032 1530 ferens

241 1546 397 1583 patientiam
408 1567 415 1580 ,
430 1547 456 1574 in
471 1547 603 1582 fastigium
621 1547 724 1576 virtutis
742 1555 909 1583 progressus,
925 1548 960 1575 ita
975 1549 1034 1576 illn-

239 1593 304 1621 stris
313 1599 340 1620 et
353 1593 504 1628 spectabilis
515 1593 600 1621 lactus
610 1598 661 1627 est,
671 1597 700 1620 ut
712 1601 743 1620 ex
755 1601 788 1621 eo
799 1593 854 1621 uati
865 1594 1033 1622 multitudine

241 1639 322 1667 astris
335 1639 394 1667 cadi
415 1639 600 1674 adaequentur.
616 1640 741 1668 Fortasse
760 1641 782 1667 si
796 1641 855 1676 quis
870 1641 952 1677 probe
970 1641 1033 1669 velit

240 1686 400 1721 intelligere,
417 1693 469 1714 non
485 1687 571 1714 solum
585 1686 740 1722 centuplum
760 1688 864 1722 accepit
884 1687 928 1715 hic
943 1687 1033 1723 justus

240 1731 301 1763 ille,
317 1731 365 1759 sed
383 1737 509 1760 sexcenta
533 1733 625 1761 millia.
639 1733 716 1767 Quod
738 1734 759 1760 si
774 1733 817 1761 hic
835 1738 907 1762 tanta
933 1742 1031 1762 eonsc-

238 1782 338 1812 quotus
346 1783 398 1811 est,
411 1779 471 1814 quis
479 1786 569 1807 sermo
579 1787 689 1808 narrare
698 1785 798 1814 posset,
808 1780 905 1815 quibus
913 1780 1032 1816 posthaec

239 1824 370 1852 fruiturus
385 1825 430 1852 ille
442 1825 496 1852 sit?
509 1824 564 1852 lmo
578 1825 658 1853 etiam
670 1826 730 1856 hoc.
745 1831 874 1860 quantum
888 1826 965 1854 nobis
975 1834 1033 1862 pos

237 1871 326 1903 sibile,
341 1878 432 1898 sermo
446 1871 589 1899 ostendere
609 1871 717 1906 poterit.
733 1871 845 1905 Quando
864 1872 935 1899 enim
955 1872 1033 1900 audis

239 1923 333 1943 omnes
345 1915 433 1951 jnstos
445 1916 479 1943 ab
494 1917 540 1944 illo
551 1915 584 1944 ad
599 1916 650 1944 hoc
672 1924 755 1951 usque
772 1921 876 1952 tempus
886 1939 893 1949 ,
911 1922 937 1944 et
948 1925 1032 1952 usque

238 1960 272 1988 ad
286 1962 544 1990 consummationem
558 1966 708 2001 temporum
719 1983 726 1994 ,
744 1963 769 1989 id
783 1963 900 1990 maxime
921 1963 947 1990 in
964 1964 1032 1992 votis

240 2007 350 2041 habere,
367 2012 396 2036 ut
415 2008 448 2035 ad
471 2009 559 2036 sinum
583 2009 741 2043 patriarcha:
762 2010 929 2043 perveniant,
951 2017 1030 2044 quem

237 2052 319 2080 utinm
349 2052 401 2081 hoc
433 2053 561 2088 vitajorem
589 2053 718 2082 honorem
751 2054 878 2082 exhibere
906 2055 1032 2089 poteris?

239 2097 334 2125 Vidisti
370 2104 468 2133 quanta
495 2107 539 2126 res
568 2099 604 2127 sit
634 2100 778 2134 patientia,
805 2105 903 2135 quanta
931 2101 1029 2135 virtus,

241 2149 368 2178 quantum
391 2144 427 2172 sit
448 2152 509 2173 esse
532 2145 704 2181 religiosum,
732 2150 760 2174 et
787 2151 890 2182 gratum
922 2155 978 2182 prte
1002 2156 1032 2176 se

240 2189 311 2216 terre
331 2189 449 2216 animum
467 2197 530 2225 erga
553 2190 682 2219 beneﬁcia
701 2191 827 2219 Domini?
852 2193 918 2226 Quia
947 2193 1030 2226 enim,

239 2233 347 2267 quando
359 2234 510 2268 oportebat,
523 2242 570 2262 sua
585 2236 684 2268 attulit,
697 2243 757 2263 eum
771 2238 914 2272 gratiarum
928 2237 1032 2266 actione

239 2279 328 2307 omnia
343 2278 444 2314 ferens,
456 2280 732 2316 tamjncnnda,quam
743 2281 897 2315 injucunda,
911 2287 1033 2317 pr0pter-

241 2334 272 2354 t-a
295 2327 447 2355 misericors
458 2326 529 2354 Dens
544 2326 637 2354 ultimo
650 2331 731 2362 caput
757 2326 886 2355 bonorum
901 2328 1031 2362 omnium,

238 2377 265 2400 et
279 2372 304 2400 id
320 2372 392 2408 quod
403 2371 490 2408 justus
501 2372 618 2400 maxime
628 2372 843 2407 concupiscebat,
857 2373 967 2408 largitus
979 2380 1030 2402 est.

239 2417 384 2446 Considera
399 2418 482 2448 enim.
495 2417 630 2452 quomodo
642 2417 734 2453 viginti
745 2423 860 2453 quatuor
873 2427 958 2446 annos
972 2428 1033 2454 pro-

240 2463 346 2492 liavcrit
367 2463 433 2498 justi
447 2463 582 2490 virtutem.
605 2463 717 2498 Quando
732 2463 803 2491 enim
816 2465 895 2492 exivit
918 2473 933 2492 a
948 2465 1033 2492 Char-

240 2517 288 2536 rau
299 2529 308 2541 .
324 2513 352 2536 et
374 2509 491 2536 obedivit
502 2515 637 2544 praecepto
650 2509 764 2540 Domini,
778 2510 943 2546 septuaginta
955 2511 1033 2545 quin-

239 2561 292 2588 que
309 2561 440 2580 annormn
461 2558 529 2586 erat,
555 2554 639 2589 inquit
656 2563 663 2582 ;
689 2562 760 2582 nunc
780 2559 868 2582 autem
892 2560 1030 2591 postquam

240 2598 299 2625 ltro
319 2598 435 2631 audivit,
460 2599 601 2634 nonaginta
616 2603 643 2627 et
659 2607 753 2627 novem
769 2607 854 2627 annos
868 2605 1029 2628 excesserat.

275 2645 302 2671 3.
323 2643 430 2672 Moralie
439 2644 588 2672 exhortatio.
599 2660 635 2666 —-
647 2645 708 2673 Ha~c
717 2645 862 2678 audientes,
875 2646 976 2678 dilecti,
988 2647 1030 2673 di-

239 2699 345 2718 scamus
358 2692 468 2719 multam
488 2692 614 2720 exhibere
629 2693 794 2728 patientiam,
806 2697 833 2720 et
846 2701 988 2728 numquam
1005 2694 1030 2720 in

238 2737 375 2766 latioribus
385 2738 512 2765 virtutum
524 2738 564 2766 vel
575 2738 729 2773 desperare,
745 2739 786 2766 vel
800 2743 954 2773 torpescere
965 2747 972 2771 ;
983 2739 1030 2766 sed

239 2783 356 2810 sciamus
374 2783 513 2811 Dominum
525 2788 644 2811 nostrum
660 2783 801 2819 benignum
813 2791 872 2811 esse
883 2789 910 2811 et
922 2784 1030 2811 muniﬁ-

238 2836 311 2860 cum,
326 2836 358 2857 ac
382 2837 430 2864 pro
442 2830 528 2865 parvis
541 2829 675 2857 laboribus
699 2837 794 2865 magna
815 2829 892 2857 nobis
919 2829 1030 2858 reddere

240 2875 359 2913 praemia,
374 2883 426 2903 non
435 2876 520 2903 solum
535 2876 562 2904 in
578 2876 693 2904 futurum
705 2876 862 2904 immortalia
874 2876 942 2903 bona
953 2884 1031 2910 repo-

242 2925 330 2949 nendo
344 2942 350 2955 ,
366 2921 413 2950 sed
427 2927 452 2950 et
468 2922 493 2950 in
508 2921 633 2957 przescnti
648 2923 701 2949 vita
722 2927 819 2950 nostra
842 2926 943 2950 natura:
959 2922 1030 2949 inﬁr-

599 190 626 217 S.
648 190 786 218 JOANNIS
805 191 1039 220 CllltYSOSTOMl
1058 192 1215 221 ARCIIII'ZP.
1235 194 1500 227 CONSTANTINOP.

1842 207 1890 236 επ

1100 260 1218 288 ntitatcm
1234 262 1324 291 multis
1339 264 1521 300 largitionibus
1528 269 1701 298 consolando.
1717 271 1888 308 Quandoqui-

1097 306 1159 334 dem
1186 309 1339 342 patriarcha
1351 311 1400 338 istc
1419 320 1471 340 non
1495 313 1663 342 mediocritcr
1682 317 1824 352 interiecto
1839 306 1889 348 illo

1097 357 1216 389 tempore
1226 355 1343 383 adversis
1358 357 1438 385 rebus
1447 360 1577 387 exercitus
1586 365 1636 393 est,
1651 361 1772 396 quamvis
1785 371 1890 399 semper

1095 398 1206 426 adversa
1225 405 1435 436 temperarentur
1449 405 1592 439 prosperis.
1609 405 1802 436 Universorum
1817 398 1889 438 enim

1097 445 1166 474 Deus
1192 453 1290 476 nestrm
1304 449 1465 478 inﬁrmitatis
1489 459 1581 480 curam
1596 462 1688 488 agens,
1706 463 1759 483 non
1784 464 1891 492 semper

1096 491 1122 518 in
1137 492 1257 521 adversis
1268 502 1316 521 nos
1331 503 1440 524 manere
1454 496 1528 529 sinit,
1553 503 1579 525 ut
1593 506 1646 526 non
1661 501 1829 535 opprimatur
1844 491 1890 529 no-

1093 542 1148 565 atra
1158 538 1310 568 inﬁrmitas:
1323 541 1370 569 scd
1380 543 1502 571 celeriter
1511 550 1538 571 et
1549 545 1604 581 ipse
1611 545 1768 581 opitulatur,
1781 547 1890 576 ﬁrmans

1093 588 1212 612 nostram
1238 586 1414 620 alacritatem,
1444 594 1470 616 et
1492 595 1609 617 mentem
1637 591 1769 620 excitans.
1795 593 1886 629 Neque

1092 637 1199 665 scmper
1212 631 1238 658 in
1249 633 1425 667 prosperitate
1434 642 1483 661 nos
1497 642 1555 662 esse
1569 635 1640 668 sinit,
1654 641 1683 663 ut
1693 644 1727 664 ne
1738 638 1833 665 ﬁamus
1846 646 1889 666 ne-

1091 675 1272 710 piigcntiores,
1295 683 1322 705 et
1347 678 1372 706 in
1401 679 1524 706 vitiorum
1556 685 1643 715 partes
1670 682 1885 718 translugiamns.

1093 721 1211 750 Ilmuana
1227 723 1298 750 enim
1324 729 1432 758 natura,
1453 725 1559 760 quando
1580 727 1691 754 multum
1719 735 1846 764 prospere
1864 730 1886 757 ei

1090 767 1219 801 succedit,
1233 775 1289 796 sua:
1302 769 1470 797 obliviscitur
1480 771 1634 805 nobilitatis,
1647 780 1733 808 neque
1746 773 1814 801 intra
1825 782 1887 802 suns

1091 813 1186 841 limites
1200 814 1320 842 subsistit
1332 824 1338 842 :
1354 815 1452 843 ideirco
1463 817 1537 852 quasi
1550 818 1749 846 amantissimus
1758 820 1887 854 patet-ali-

1089 860 1197 894 quando
1219 861 1296 888 nobis
1316 861 1444 898 indulget,
1460 863 1602 899 aliquando
1617 865 1739 901 castigat,
1756 871 1784 893 ut
1807 868 1887 894 variis

1089 905 1139 932 viis
1153 911 1250 934 nostra:
1269 907 1365 935 anima:
1377 909 1488 937 salutem
1511 915 1596 938 curet.
1610 911 1742 945 Quoniam
1756 917 1784 940 et
1799 915 1885 941 medi-

1090 958 1148 984 eos,
1158 951 1264 986 quando
1278 953 1409 980 intirmnm
1418 959 1502 988 curat,
1514 963 1600 990 neipte
1610 964 1717 993 semper
1732 958 1820 993 inopia
1836 960 1886 987 cibi

1089 1001 1204 1032 torquet,
1214 1005 1299 1033 neque
1307 1006 1412 1035 semper
1422 999 1492 1036 larga
1502 1009 1593 1028 melisa
1603 1003 1652 1030 frui
1662 1003 1736 1036 sinit,
1745 1006 1887 1032 nevoraci-

1089 1046 1128 1070 tas
1152 1043 1245 1070 febrim
1267 1044 1373 1079 pariens
1393 1051 1487 1080 augeat
1501 1047 1632 1080 morbum,
1647 1049 1697 1077 cibi
1714 1057 1778 1077 vero
1798 1051 1884 1086 inopia

1089 1087 1260 1116 inﬁrmiorem
1275 1097 1336 1116 eum
1359 1090 1457 1118 el‘liciat
1477 1092 1541 1119 :sed
1569 1094 1724 1128 conjectans
1746 1097 1816 1131 apud
1843 1105 1883 1128 se,

1088 1139 1194 1168 quanta:
1219 1136 1271 1162 sint
1297 1137 1450 1170 aegrotantis
1483 1138 1570 1172 vires,
1594 1145 1621 1167 et
1643 1140 1785 1176 diligenter
1810 1147 1885 1170 Itlcns

1087 1185 1145 1207 arte
1175 1180 1262 1207 omnia
1296 1188 1343 1208 sua
1373 1182 1398 1209 iu
1429 1183 1545 1211 medium
1573 1184 1649 1213 allert
1676 1196 1682 1212 :
1708 1187 1832 1215 similiter
1859 1194 1886 1216 et

1088 1225 1216 1261 benignus
1242 1226 1312 1255 Deus
1341 1228 1429 1257 sciens
1450 1230 1513 1265 quid
1542 1231 1625 1258 cuivis
1657 1233 1792 1269 expediat,
1835 1236 1885 1262 ali-

1086 1272 1194 1306 quando
1232 1273 1355 1302 concedit
1396 1275 1472 1302 nobis
1512 1277 1688 1311 prosperitate
1727 1278 1789 1311 l'rui,
1833 1280 1885 1307 ali-

1086 1317 1192 1351 quando
1205 1323 1294 1346 autem
1306 1321 1505 1348 exercitationis
1519 1323 1602 1357 gratia
1620 1325 1811 1353 tentationilius
1837 1334 1885 1354 nos

1087 1362 1245 1390 circumdat.
1278 1364 1344 1392 Nam
1357 1366 1379 1393 si
1393 1367 1494 1395 virtute
1509 1368 1613 1402 praediti
1639 1374 1702 1397 sunt
1726 1371 1772 1406 qui
1796 1375 1885 1399 tenta-

1089 1407 1176 1435 tiones
1188 1410 1371 1444 experiuntur,
1384 1412 1512 1440 clariores
1522 1413 1647 1448 evadunt,
1663 1415 1885 1445 abundantiorem

1087 1453 1136 1480 sibi
1159 1461 1302 1489 supernam
1322 1457 1435 1492 gratiam
1449 1459 1621 1486 conciliantes
1637 1469 1643 1487 :
1660 1461 1784 1489 siautem
1795 1467 1822 1490 ut
1836 1471 1884 1489 nos

1088 1504 1242 1533 peccatores
1263 1501 1325 1534 sint,
1338 1506 1366 1529 et
1385 1510 1446 1530 cum
1467 1504 1610 1538 gratiarum
1630 1506 1735 1534 actione
1759 1508 1883 1535 lentatio-

1087 1552 1134 1572 nes
1149 1544 1362 1581 ferant,gravcm
1388 1547 1526 1583 deponent
1548 1555 1716 1584 peccatorum
1737 1552 1882 1586 sarcinam,

1086 1590 1220 1626 multaque
1233 1592 1310 1619 venia
1321 1598 1346 1619 et
1361 1593 1410 1628 ipsi
1425 1594 1567 1629 potientur.
1584 1596 1646 1623 ΙιΙιιο
1668 1597 1794 1630 obsecro,
1823 1607 1882 1626 cum

1086 1635 1202 1664 sciamus
1217 1637 1362 1672 potentiam
1386 1644 1414 1666 et
1426 1640 1583 1675 sapientiam
1610 1642 1704 1671 Medici
1731 1644 1881 1672 animarum

1087 1686 1248 1716 nostrarum,
1266 1692 1411 1720 numquam
1424 1687 1531 1715 curiose
1541 1687 1599 1722 ejus
1612 1688 1827 1723 dispensationes
1842 1690 1881 1716 in-

1085 1727 1233 1762 quiranms.
1246 1729 1313 1757 Cum
1326 1731 1398 1758 enim
1409 1739 1457 1759 eas
1465 1739 1542 1760 mens
1551 1737 1642 1760 nostra
1655 1734 1883 1769 comprehendere

1086 1779 1212 1809 nequeat,
1241 1775 1302 1803 hinc
1324 1776 1408 1812 magis
1419 1777 1650 1813 obstupescamus,
1661 1784 1688 1807 et
1701 1780 1883 1815 gloriﬁcemus

1087 1819 1170 1847 Deum
1197 1828 1244 1854 pro
1263 1821 1398 1855 omnibus,
1423 1823 1494 1858 quod
1515 1824 1594 1851 talem
1623 1824 1767 1852 habeamus
1786 1826 1879 1853 Domi-

1086 1872 1158 1898 num,
1179 1866 1255 1900 cujus
1278 1867 1490 1902 dispenSaIiones
1510 1877 1596 1904 neque
1618 1877 1694 1898 mens
1714 1877 1816 1903 nostra,
1832 1879 1877 1899 ae-

1085 1919 1138 1945 que
1167 1912 1290 1940 humana:
1319 1919 1420 1942 natura:
1446 1916 1514 1943 ratio
1541 1923 1637 1951 capere
1665 1921 1762 1952 mitest.
1790 1917 1881 1952 Neque

1085 1957 1157 1984 enim
1172 1962 1225 1985 tam
1252 1959 1320 1987 bene
1334 1960 1434 1987 scimus
1449 1961 1511 1995 quid
1539 1961 1615 1989 nobis
1642 1962 1777 1997 expediat,
1800 1971 1880 1998 quant

1086 2002 1144 2038 ipse
1157 2004 1224 2036 scit;
1241 2012 1326 2040 neque
1340 2005 1379 2032 sic
1394 2011 1483 2033 nostra
1502 2014 1550 2034 nos
1565 2015 1701 2041 curantes,
1718 2013 1747 2035 ut
1762 2007 1820 2042 ipse
1839 2016 1881 2035 sa-

1086 2047 1167 2076 lutem
1181 2055 1309 2082 nostram,
1325 2055 1351 2078 et
1360 2052 1447 2078 omnia
1463 2051 1525 2079 facit
1537 2056 1564 2079 et
1579 2053 1696 2086 molitur,
1707 2058 1736 2080 ut
1747 2053 1781 2080 ad
1797 2054 1881 2084 virtu-

1086 2098 1138 2120 tem
1155 2102 1204 2121 nos
1214 2095 1329 2127 inducat,
1344 2101 1372 2124 et
1385 2104 1400 2124 a
1413 2097 1510 2124 diaboli
1522 2098 1644 2125 manibus
1653 2099 1759 2134 eripiat.
1772 2099 1806 2127 Et
1819 2107 1880 2126 cum

1086 2139 1157 2167 videt
1174 2140 1238 2167 nihil
1251 2141 1379 2176 prodesse
1402 2142 1480 2170 nobis
1507 2144 1705 2177 prosperitates,
1724 2148 1788 2171 tune
1814 2144 1880 2172 sicut

1086 2184 1172 2212 bonus
1184 2186 1314 2219 medicus,
1327 2187 1372 2221 qui
1394 2187 1583 2215 animadvertit
1595 2189 1732 2216 obesiores
1745 2189 1761 2216 ﬁ
1773 2189 1802 2217 -ri
1821 2196 1878 2222 eos,

1085 2239 1198 2266 quorum
1211 2239 1302 2260 curam
1315 2233 1393 2268 gerit,
1413 2238 1521 2268 propter
1531 2235 1677 2269 crapulam,
1693 2234 1726 2261 ad
1738 2235 1879 2262 sanitatem

1086 2283 1134 2311 per
1160 2277 1331 2305 sobrietatem
1353 2278 1478 2306 reducit:
1494 2279 1529 2306 ita
1556 2284 1583 2306 et
1603 2280 1717 2307 exituius
1731 2280 1878 2307 animarum

1086 2328 1243 2351 nostrarum
1263 2322 1380 2350 Medicus
1401 2325 1530 2358 permittit
1547 2325 1683 2360 paulisper
1701 2332 1751 2352 nos
1772 2325 1878 2357 tentari,

1087 2374 1115 2397 ut
1125 2369 1272 2396 sentiamus
1283 2374 1411 2404 quantum
1424 2369 1512 2397 damni
1526 2378 1558 2397 ex
1574 2371 1749 2405 prosperitate
1767 2379 1879 2406 accepe-

1087 2417 1170 2444 rimus
1187 2423 1194 2448 ;
1215 2419 1243 2442 et
1265 2415 1372 2450 quando
1390 2415 1463 2443 videt
1475 2416 1626 2444 restitutam
1635 2416 1788 2450 sanitatem,
1819 2422 1880 2445 tunc

1085 2462 1165 2489 celeri
1177 2461 1253 2489 nobis
1267 2460 1384 2488 subsidio
1399 2461 1521 2489 concedit
1535 2466 1564 2488 ut
1575 2470 1590 2488 a
1601 2462 1791 2490 tentationibus
1817 2463 1881 2490 lihe-

1087 2515 1189 2540 temur,
1206 2511 1234 2534 et
1262 2514 1318 2533 sua:
1340 2507 1516 2541 providentia:
1537 2515 1629 2535 curam
1649 2508 1763 2536 ubertim
1790 2508 1879 2536 deela-

1085 2557 1136 2580 rat.
1151 2553 1242 2587 Itaque
1251 2552 1301 2580 etsi
1318 2552 1399 2587 aliqui
1422 2553 1520 2581 virtute
1543 2554 1645 2589 prtediti
1669 2555 1696 2582 in
1721 2555 1880 2583 tentationel

1086 2597 1215 2629 incidant,
1241 2605 1275 2625 ne
1299 2597 1454 2631 turbentur,
1478 2599 1526 2626 sed
1552 2599 1615 2627 hinc
1643 2600 1782 2628 meliorem
1806 2608 1880 2636 spem

1085 2643 1249 2679 concipiant,
1269 2643 1331 2678 quia
1360 2644 1535 2672 tentationutn
1558 2645 1690 2677 incursus,
1719 2653 1880 2673 coronarum

1085 2694 1113 2717 ct
1137 2689 1307 2724 praminrum
1325 2689 1365 2717 eis
1387 2695 1451 2718 sunt
1474 2691 1597 2719 materia.
1623 2691 1700 2724 Quod
1725 2692 1746 2718 si
1766 2693 1791 2719 in
1818 2700 1880 2727 pce-

1085 2737 1151 2764 catis
1177 2743 1238 2762 cum
1258 2736 1320 2765 sint,
1345 2736 1370 2762 in
1394 2737 1505 2764 adversa
1540 2737 1674 2770 incidant,
1697 2746 1731 2765 ne
1761 2743 1881 2772 propter

1084 2790 1116 2811 ea
1128 2782 1256 2818 gravatim
1280 2782 1374 2814 lerant,
1395 2784 1510 2812 scientes
1534 2785 1607 2812 omni
1629 2789 1749 2820 tcmpore
1773 2791 1879 2820 peceata

1084 2828 1201 2856 adversis
1213 2828 1328 2863 purgari,
1337 2828 1417 2856 modo
1424 2837 1484 2857 cum
1492 2830 1635 2865 gratiarum
1641 2831 1745 2858 acti0ue
1752 2839 1806 2858 GllSt
1818 2831 1880 2864 ipia~

1085 2882 1143 2902 mus
1153 2883 1183 2902 ca
1192 2883 1251 2909 qua:
1260 2875 1392 2903 eveniunt.
1402 2876 1475 2904 Grati
1486 2877 1557 2904 enim
1568 2876 1657 2904 famuli
1665 2882 1717 2909 est,
1731 2885 1783 2904 non
1794 2878 1878 2905 satum

1088 2922 1184 2958 gratias
1192 2928 1275 2955 agere
1293 2921 1533 2958 domino,qnando
1547 2922 1659 2950 ubertim
1681 2931 1729 2959 pro
1741 2922 1876 2950 sententia
