2055 3123
242 226 341 262 ριστείν
359 225 398 261 τῷ
412 223 539 259 δεσπότῃ,
555 223 622 250 ἀλλὰ
641 223 688 250 καὶ
711 224 740 250 ἐν
756 225 812 255 τοῖς
833 222 965 254 ἐναντίοις
985 222 1033 257 τὴν

241 268 326 303 αὐτὴν
340 265 550 302 εὐγνωμοσύνην
561 264 775 293 ἐπιδείκνυσθαι.
789 264 867 291 Οὕτω
884 263 938 298 1&9
955 263 1002 290 καὶ
1018 263 1033 288 6

241 309 414 345 πατριάρχης
425 304 504 340 οὗτος
514 306 687 342 εὐδοκίμησε,
704 306 752 332 καὶ
762 305 896 341 τοσαύτης
910 305 985 341 παρὰ
995 305 1034 341 τῷ

239 352 301 387 Θεῷ
316 351 405 386 τυχὼν
419 349 586 386 παρρησίας,
608 349 655 375 καὶ
666 347 774 383 δωρεὰς
793 347 900 383 ἐδέχετο
915 347 1034 379 νικώσας

240 393 290 428 τὴν
307 393 388 427 φύσιν
400 393 450 427 τὴν
463 390 648 426 ἀνθρωπίνην.

269 435 302 461 δ’.
312 434 471 468 ¹Αναγιιαῖον
479 432 507 459 δὲ
515 432 596 458 πάλιν
602 432 648 458 ἐπὶ
655 431 705 467 τὴν
713 429 1034 458 ἀκολουθίανέπανελθεϊν

241 476 289 504 τοῦ
299 476 389 510 λόγου,
399 475 446 502 καὶ
457 475 521 501 ἰδεῖν
528 473 576 500 τοῦ
586 473 691 500 δικαίου
699 472 749 508 τὴν
759 471 894 508 ὑπακοὴν,
905 472 951 498 καὶ
960 472 1034 504 ὅπως

241 519 281 549 είς
295 517 375 553 ἔργον
390 517 478 552 ῆγαγε
492 515 528 542 τὰ
543 515 620 551 παρά
638 515 684 542 τοῦ
696 514 764 542 Θεοῦ
780 514 990 549 ἐπιταττόμενα,
1003 513 1034 540 οὺ

241 559 332 594 ζητῶν
344 558 391 584 τὸν
403 557 492 592 λόγον,
509 557 569 584 οὐδὲ
585 556 701 589 εὐθύνας
719 556 853 588 ἀπαιτῶν,
867 555 992 591 καθάπερ
1009 554 1034 581 οἰ

241 600 334 627 πολλοὶ
343 600 397 627 τῶν
409 600 530 635 ἀνοήτων
540 599 645 626 ποιοῦσι
657 598 900 635 περιεργαζόμενοι
915 598 948 625 τὰ
959 597 1034 633 παρὰ

241 641 290 669 τοῦ
300 642 368 669 Θεοῦ
382 641 522 676 γινόμενα,
538 641 585 667 καὶ
598 641 740 675 λέγοντες·
752 641 798 672 Εἰς
811 640 837 666 τί
851 639 945 673 τοῦτο;
961 641 1001 671 εἰς
1009 639 1034 666 τί

243 685 345 716 ἐκεῖνο;
361 684 407 711 καὶ
421 683 447 710 τί
460 682 491 709 τὸ
505 682 602 717 δφελος
615 682 669 709 ἀπὸ
681 682 727 709 τοῦ
741 682 799 709 τόδε
813 681 976 717 γενέσθαι,ἢ
991 682 1036 709 τό-

241 725 286 758 δε;
306 725 376 752 Ἀλλ’
390 725 441 760 οὐχ
451 724 465 750 6
479 724 582 755 δίκαιος
594 723 692 756 οὓτως·
709 723 777 750 ἀλλά
793 723 917 759 καθάπερ
926 722 1035 758 οἰκέτης

242 767 443 801 φιλοδέσποτος,
455 765 542 797 οὕτως
557 765 629 800 ἅπερ
640 765 673 792 ἂν
687 765 820 800 ἐπετάγη,
830 766 871 797 εἰς
881 764 960 800 ἔργον
971 765 1036 799 ἀγαα

241 810 301 844 γείν
314 808 440 840 ἔσπευδε,
458 808 495 843 μὴ
510 806 769 842 περιεργαζόμενος.
795 808 851 834 Καὶ
869 807 913 834 ἵνα
935 807 1034 842 μάθῃς,

243 850 326 878 ἀκουε
337 849 392 876 τῶν
404 849 476 884 ἑξῆς.
497 848 606 883 Ἐπειδὴ
616 848 670 884 1&9
684 848 733 883 τὴν
747 848 894 885 ὑπόσχεσιν
905 849 1035 883 ἐποιήσα-

241 900 273 918 το
286 892 353 927 πρὸς
365 891 445 918 αὑτὸν
454 891 469 918 6
482 890 631 925 Δεσπότης,
643 890 689 916 καὶ
703 890 810 916 ἐτέλεσε
822 889 871 924 τὴν
884 889 957 925 [409]
968 889 1035 926 πρὸς

241 933 324 961 αὐτὸν
348 933 476 966 διάλεξιν,
500 932 601 964 εὐθέως
629 932 643 958 6
670 931 772 963 δίκαιος
794 931 830 958 τὰ
856 931 1035 958 κελευσθέντα

242 975 372 1011 ἐπλήρου,
387 974 433 1002 καὶ
443 973 474 1000 τὺ
489 975 602 1008 σημεῖον
620 973 651 999 τὸ
665 973 740 1008 παρά
755 972 802 999 τοῦ
814 972 882 999 Θεοῦ
894 973 1036 999 κελευσθὲν

241 1016 361 1043 ἐπετίθει
380 1016 419 1051 τῷ
439 1015 562 1051 Ἰσμαήλ,
578 1014 628 1050 τὴν
642 1014 791 1050 περιτομὴν
807 1014 888 1049 λέγω,
907 1016 954 1041 καὶ
969 1016 1036 1041 πᾶσι

241 1059 299 1089 τοῖς
306 1057 468 1091 οἰκογενέσι,
480 1056 590 1088 καὶτοῖς
600 1056 815 1092 ἀργυρωνήτοις,
825 1055 895 1082 καθά
906 1055 1037 1090 ἐλάλησεν

241 1099 318 1135 αὖτῷ
329 1100 343 1125 6
353 1099 430 1130 Θεός.
445 1098 627 1134 Περιετέμετο
637 1097 666 1124 δὲ
678 1098 725 1124 καὶ
737 1097 827 1129 αὑτός.
843 1097 1036 1128 Ἑννενήκον-

241 1148 280 1168 ta
296 1140 350 1176 1&9
364 1140 412 1167 καὶ
429 1139 517 1166 ἐννέα
531 1137 607 1166 ἐτῶν
621 1137 671 1173 ἦν,
692 1139 786 1173 φησὶν,
800 1139 892 1172 ἡνίκα
905 1138 1036 1173 περιετέ-

240 1191 312 1217 paro
325 1182 382 1215 τὴν
396 1183 496 1215 σάρκα
512 1180 568 1213 τῆς
578 1180 780 1214 ἀκροϐυστίας
791 1180 896 1207 αὑτοῦ·
914 1179 1037 1214 Ἰσραὴλ

241 1222 278 1249 δὲ
290 1221 330 1257 ἦν
343 1221 419 1249 ἐτῶν
431 1221 601 1254 δεκατριῶν.
614 1221 659 1256 Μὴ
673 1221 786 1256 νομίσῃς
798 1218 892 1252 ἁπὶῖῶς
907 1222 972 1256 ἡμῖν
983 1221 1037 1247 τῶν

242 1264 312 1291 ἐτῶν
322 1264 367 1291 τὸν
375 1263 492 1299 ἀριθμὸν
500 1263 550 1298 τὴν
561 1263 580 1288 Γ
583 1263 672 1298 ραφὴν
681 1262 912 1298 ἐπισημήνασθαι·
924 1262 981 1289 ἀλλ’
993 1264 1037 1289 ἱνα

243 1305 291 1332 καὶ
303 1307 335 1332 ἐκ
347 1304 441 1332 τούτου
454 1304 542 1340 μάθῃς
553 1303 600 1331 τοῦ
613 1303 718 1330 δικαίου
732 1303 780 1338 τὴν
792 1303 891 1339 πολλὴν
903 1303 1035 1338 ὑπακοὴν,

241 1347 284 1374 ὃτι
298 1347 328 1373 ἐν
342 1346 449 1382 ἐσχάτῳ
463 1347 535 1381 γήρα
550 1344 588 1371 ὣν
602 1346 697 1380 πράως
711 1345 809 1381 ἤνεγκε
825 1345 874 1380 τὴν
887 1345 982 1380 ὀδύνην
992 1345 1036 1372 διὰ

242 1388 274 1414 τδ
288 1388 336 1415 τοῦ
351 1387 418 1414 Θεοῦ
436 1388 587 1422 ἐπίταγμα.
605 1386 649 1413 διὰ
660 1386 739 1413 τοῦτο
755 1387 871 1413 ποιεῖται
885 1386 934 1422 τὴν
947 1386 1036 1413 αὐτῶν

242 1429 441 1464 ἀπαρίθμησιν,
450 1428 496 1455 καὶ
503 1428 554 1455 οὐκ
565 1428 646 1460 αὐτὸς
659 1427 749 1463 μὸνος.
762 1428 829 1454 ἀλλά
842 1428 888 1454 καὶ
898 1429 912 1454 6
927 1427 1036 1463 Ίσμαὴλ

243 1471 292 1497 καὶ
310 1470 408 1502 πάντες
427 1471 450 1496 of
470 1470 627 1504 οἰκογενεῖς.
651 1469 719 1495 Οὐδὲ
734 1469 789 1504 1&9
805 1468 835 1495 τδ
854 1469 934 1504 τυχόν
952 1469 1035 1502 ἐστιν,

242 1512 378 1547 ἀγαπητὲ,
398 1511 573 1545 ὑγιαίνουσαν
600 1511 689 1546 σάρκα
711 1510 858 1545 ἀποτεμεῖν
880 1511 926 1537 καὶ
946 1511 1037 1543 κακῶς

243 1553 367 1588 ἔχουσαν.
382 1553 413 1580 Εἰ
432 1553 486 1587 γὰρ
501 1553 548 1579 καὶ
568 1551 669 1587 ἰατρῶν
683 1551 777 1583 παῖδες
798 1551 878 1587 μέλος
891 1552 1036 1587 ἀρρωστῆ-

244 1603 294 1621 σαν
304 1594 502 1629 ἀποτέμνουσιν
510 1599 535 1626 I,
547 1593 603 1620 ἀλλ’
613 1593 662 1619 οὐκ
676 1593 721 1629 ῐση
732 1592 836 1627 γίνεται
846 1593 906 1619 τότε
917 1595 932 1628 ὴ
944 1594 1035 1629 ὀδύνη.

243 1636 389 1671 Νεκρωθέν
403 1635 468 1671 1&9,
481 1635 519 1666 ὡς
529 1635 626 1666 εἰπεῖν,
641 1634 734 1661 λοιπὸν
745 1634 792 1661 καὶ
804 1635 854 1670 τῆς
868 1634 987 1669 ζωτικῆς
995 1635 1038 1662 δι»

243 1678 352 1712 νάμεως
362 1676 547 1712 ἀποπερηθέν
562 1676 750 1711 ἐκτέμνουσιν.
765 1676 895 1704 Ἐνταῦθα
909 1677 937 1703 δέ
948 1677 1036 1713 γέρων

242 1719 292 1746 καὶ
307 1719 462 1754 πρεσϐύτης
489 1717 596 1747 (ἑκατὸν
617 1717 671 1753 γὰρ
695 1717 763 1744 ἐτῶν
783 1718 925 1754 ἐτύγχανε)
941 1720 1037 1753 πράως

243 1760 343 1796 ήνεγκε
363 1759 412 1795 τὴν
433 1759 538 1795 ὀδύνην,
554 1758 620 1794 ὁμοῦ
639 1758 686 1785 καὶ
702 1759 750 1785 τοῦ
765 1759 832 1786 Θεοῦ
848 1760 878 1786 τὸ
897 1760 1036 1795 ἐπίταγμα

242 1802 284 1833 εὶς
296 1801 376 1836 ἔργον
387 1802 500 1835 ἀγαγεῖν
513 1800 646 1832 σπεύδων,
661 1800 709 1827 καὶ
722 1800 768 1827 τὸν
783 1800 840 1827 υἱὸν
855 1801 902 1827 καὶ
917 1801 980 1833 τοὺς
995 1802 1036 1828 ol—

243 1843 364 1877 κογενεῐς
381 1842 503 1874 ἅπαντας
516 1841 735 1878 προθυμοτέρους
757 1842 948 1876 ἐργαζόμενος,
965 1842 1034 1869 ὥστε

245 1884 284 1919 μὴ
301 1884 445 1915 ἐνδοιάσαι,
461 1883 529 1911 ἀλλά
549 1884 618 1918 μετά
632 1883 729 1910 πολλοῦ
747 1883 794 1910 τοῦ
805 1884 904 1919 τάχους
915 1884 946 1910 τὸ
960 1885 1035 1920 παρὰ

242 1926 292 1952 τοῦ
311 1926 378 1952 Θεοῦ
398 1925 568 1962 προσταχθὲν
592 1925 757 1952 ἐπιτελέσαι.
781 1923 856 1957 Εἶδες
878 1926 940 1952 ὅσον
961 1927 1035 1953 ἐστὶν

242 1967 314 2003 ἀνὴρ
329 1968 465 2003 ἐνάρετος,
479 1968 553 1999 ὅπως
566 1967 613 1994 καὶ
627 1967 689 2002 τοὺς
700 1967 938 2002 ὑπηρετουμένους
950 1967 1036 1995 ἀπαν-

243 2017 293 2040 τας
313 2009 455 2035 ἐπαίδευσε
472 2009 532 2035 κατ’
550 2009 622 2044 [χνος
640 2008 724 2035 αὑτοῦ
741 2008 859 2043 βαίνειν;
878 2009 965 2045 Ὅπερ
980 2010 1034 2046 1&9

244 2048 307 2084 χθὲς
324 2049 427 2084 ἔλεγον,
447 2050 526 2076 τοῦτο
539 2050 620 2076 πάλιν
639 2050 686 2077 καὶ
704 2049 750 2076 νῦν
764 2050 829 2085 ἐρῶ·
843 2051 885 2076 ὅτι
899 2050 942 2077 διὰ
957 2050 1034 2078 τοῦτο

244 2090 337 2117 λοιπὸν
351 2091 381 2123 ἐξ
393 2091 498 2117 ἐκείνου
513 2091 677 2126 πρόσταγμα
692 2091 787 2125 γέγονε
803 2091 878 2127 παρά
891 2092 938 2118 τοῦ
955 2092 1033 2124 Θεοῦ,

244 2131 317 2159 ὥστε
331 2133 361 2158 ὲν
381 2132 463 2167 ἀώρῳ
481 2134 515 2168 τῇ
534 2132 628 2169 ἡλικίᾳ
639 2133 718 2159 τοῦτο
731 2133 876 2168 ὑπομένειν
892 2134 956 2165 τοὺς
972 2135 1034 2161 παῖ-

244 2173 304 2206 δας,
322 2173 365 2200 ῐνα
376 2174 404 2200 ἐν
421 2173 584 2209 ἀναισθησίᾳ
594 2173 643 2208 τὴν
654 2174 773 2209 ἐκτομὴν
785 2174 835 2208 τῆς
849 2174 951 2210 σαρκὸς
967 2175 1033 2202 ὑπο-

245 2215 374 2250 μένοντες
389 2214 524 2250 μηδεμίαν
539 2215 589 2249 τῆς
602 2215 698 2249 ὀδύνης
710 2216 805 2250 πεῖραν
817 2215 944 2242 λάϐωσιν.

287 2255 367 2282 Ἀλλὰ
384 2255 480 2282 σκόπει
496 2264 551 2290 μοι,
567 2256 702 2290 ἀγαπητὴ
723 2256 769 2282 τοῦ
792 2255 859 2282 Θεοῦ
876 2257 924 2291 τὴν
941 2257 1034 2291 φιλαν-

245 2297 378 2332 θρωπίαν,
392 2297 439 2323 καί⁵
446 2297 495 2333 τὴν
505 2298 606 2331 ἄφατον
619 2298 683 2332 περὶ
699 2298 772 2332 ἡμᾶς
785 2298 952 2333 εὐεργεσίαν.
962 2299 1035 2326 Ἑκεί

246 2338 293 2364 καὶ
304 2337 383 2373 ὀδύνη
392 2339 438 2364 καὶ
448 2339 529 2370 πόνος
539 2339 571 2364 ἐκ
581 2337 628 2365 τοῦ
641 2338 794 2373 γινομένου,
803 2339 849 2365 καὶ
858 2339 933 2365 οὐδὲν
940 2339 1033 2376 ἕτερον

245 2382 277 2407 ἐκ
289 2381 338 2415 τῆς
353 2380 502 2416 περιτομῆς
513 2380 608 2415 δφελος
617 2378 663 2416 ἦν,
674 2380 690 2415 ἢ
704 2380 782 2407 τοῦτο
791 2381 880 2416 μόνον,
891 2381 919 2408 τὸ
933 2382 975 2408 διὰ
986 2382 1033 2409 τοῦ

245 2423 359 2457 σημείου
376 2422 470 2449 τούτου
483 2422 639 2458 γνωρίμως
653 2422 752 2454 αὐτοὺς
765 2420 844 2455 εἶναι,
856 2423 902 2449 καὶ
914 2423 969 2450 τῶν
979 2424 1030 2450 λοι-

243 2465 303 2490 πῶν
323 2463 408 2490 ἐθνῶν
423 2463 597 2498 κεχωρίσθαι.
620 2463 652 2489 'H
667 2464 695 2490 δέ
718 2464 837 2498 ἡμετέρα
853 2465 996 2500 περιτομὴ,
1016 2467 1032 2501 ἡ

243 2505 291 2532 τοῦ
306 2505 491 2540 βαπτίσματος
511 2504 582 2538 λέγω
602 2504 690 2539 χάρις,
711 2504 843 2532 ἀνώδυνον
857 2505 912 2540 ἔχει
929 2507 977 2542 τὴν
993 2508 1034 2533 ἱα-

242 2547 346 2582 τρείαν,
356 2547 403 2573 καὶ
415 2546 518 2581 μυρίων
529 2545 638 2580 ἀγαθῶν
648 2545 776 2581 πρόξενος
787 2546 888 2580 γίνεται
898 2547 973 2582 ἡμῖν,
985 2548 1033 2574 καὶ

243 2588 293 2623 τῆς
302 2587 350 2614 τοῦ
366 2587 522 2623 Πνεύματος
533 2588 606 2623 ἡμᾶς
617 2587 769 2624 ἐμπίπλησι
781 2588 900 2623 χάριτος,
913 2589 960 2615 καὶ
972 2590 1031 2616 οὐδὲ

242 2629 396 2665 ὡρισμένον
409 2629 464 2664 ἔχει
476 2630 581 2665 καιρὸν,
597 2629 724 2664 καθάπερ
739 2630 806 2662 ἐκεῖ,
817 2630 873 2656 ἀλλ’
885 2630 972 2662 ἔξεστι
985 2632 1032 2658 καὶ

242 2670 273 2696 ἐν
291 2670 372 2705 ἀώρῳ
385 2670 489 2706 ἡλικίᾳ,
509 2671 556 2697 καὶ
571 2671 599 2697 ἐν
615 2671 695 2707 μέσῃ,
716 2671 763 2698 καὶ
778 2673 807 2698 ἐν
821 2671 895 2707 αὐτῷ
907 2672 945 2707 τῷ
958 2674 1032 2708 γήρᾳ

243 2711 388 2746 γενόμενόν
406 2720 466 2738 τινα
485 2711 588 2748 ταύτην
604 2712 732 2745 δέξασθαι
753 2713 803 2748 τὴν
824 2713 1030 2749 ἀχειροποίητον

242 2753 403 2787 περιτομὴν,
418 2753 446 2779 ἐν
459 2750 537 2790 οὐκ
548 2753 605 2780 ἐστι
618 2754 696 2789 μόνον
710 2754 863 2789 ὑπομεῖναι,
873 2755 930 2781 ἀλλ’
941 2756 1030 2791 ἀμαρ-

242 2793 372 2830 τημὰτων
386 2795 484 2830 φορτία
498 2795 657 2828 ἀποθέσθαι,
676 2795 723 2823 καὶ¹
737 2796 792 2823 τῶν
806 2797 835 2823 ἐν
848 2798 928 2824 παντὶ
942 2797 1029 2833 χρόνῳ

273 2883 287 2898 ⁸
301 2883 412 2916 Quinque
426 2891 482 2910 mss.
499 2885 656 2917 ἀρῥωστῆσαν
674 2885 726 2910 τότε
739 2885 918 2916 ἀποτέμνουσιν.

579 165 608 194 S.
625 164 768 194 JOANNIS
783 162 1031 193 CHRYSOSTOMI
1049 161 1208 190 ARCIIIEP.
1228 162 1503 191 CONSTANTINOP.

1823 161 1874 192 374

1087 221 1330 257 πλημμελημάτων
1348 220 1398 256 τὴν
1419 218 1589 254 συγχώρησιν
1606 217 1743 254 εὑρέσθαι.
1769 219 1877 255 Ἐπειδὴ

1087 263 1141 298 γὰρ
1157 261 1227 289 εἶδεν
1248 263 1263 288 ὸ
1281 262 1470 297 φιλάνθρωπος
1489 260 1554 292 Θεὸς
1570 260 1619 296 τῆς
1638 260 1780 294 ἀσθενείας
1799 263 1878 297 ήμῶν

1087 305 1135 341 τήν
1159 304 1322 340 ὑπερϐολὴν,
1349 304 1396 331 καὶ
1416 304 1458 330 δτι
1479 303 1575 330 ἀνίατα
1594 302 1733 336 νοσοῦντες
1757 304 1877 339 μεγάλης

1086 351 1202 386 δεόμεθα
1217 351 1266 386 τῆς
1283 351 1413 386 ἰατρείας,
1425 350 1472 377 καὶ
1485 350 1588 384 ἀφάτου
1599 350 1648 385 τῆς
1661 350 1876 386 φιλανθρωπίας,

1087 392 1237 427 οίκονομῶν
1253 392 1302 428 τὴν
1321 392 1458 427 ἡμετέραν
1477 390 1624 426 σωτηρίαν,
1649 391 1796 427 ἐχαρίσατο
1813 392 1879 426 ἡμῖν

1087 435 1137 470 τὴν
1153 434 1198 461 διά
1212 434 1259 461 τοῦ
1274 433 1385 470 λουτροῦ
1404 434 1454 469 τῆς
1471 432 1679 466 παλιγγενεσίας
1696 433 1877 465 ἀνακαίνισιν,

1088 476 1132 504 ῐνα
1143 476 1306 511 ἀποθέμενοι
1319 475 1364 502 τὸν
1378 475 1492 502 παλαιὸν
1507 475 1658 510 ἄνθρωπον,
1676 475 1747 502 τοῦτ’
1763 475 1821 501 ἔστι
1830 474 1879 507 τὰς

1088 517 1201 555 πράξεις
1219 517 1268 549 τὰς
1280 517 1411 552 πονηρὰς,
1429 517 1476 544 καὶ
1493 517 1667 552 ἐνδυσάμενοι
1686 517 1731 543 τδν
1743 517 1814 549 νέον,
1833 517 1879 543 ἐπὶ

1087 559 1137 596 τὴν
1152 559 1202 594 τῆς
1220 558 1322 595 ἀρετῆς
1343 558 1403 585 ὁδὸν
1423 558 1585 594 βαδίζωμεν.
1606 558 1697 588 Ἀλλὰ,
1715 558 1877 593 παρακαλῶ,

1090 600 1127 637 μὴ
1138 600 1192 627 τῶν
1202 601 1378 635 ἀγνωμόνων,
1389 600 1442 627 τῶν
1456 600 1626 636 ἀναισθήτων
1642 600 1750 635 χείρους
1761 600 1879 635 γενώμε-

1089 643 1123 669 θα
1144 641 1284 668 Ἰουδαίων.
1308 641 1421 668 Ἐκεῖνοι
1439 641 1488 677 μὲν
1499 642 1552 678 1&9
1566 642 1706 676 δεχόμενοι
1720 641 1751 668 τὸ
1765 642 1878 676 σημεῖον

1089 683 1164 721 [HO]
1184 683 1262 710 τοῦτο
1280 683 1331 718 τῆς
1347 683 1508 719 περιτομῆς,
1527 681 1600 718 εἶχον
1619 683 1713 718 ἰκανὴν
1729 683 1879 718 ἀσφάλειαν

1088 726 1157 761 πρὸς
1170 725 1201 752 τὺ
1214 725 1312 761 μηκέτι
1326 725 1574 760 συναναμίγνυσθαι
1586 726 1642 756 τοῖς
1656 725 1744 752 ἔθνεσι
1754 724 1825 752 κατά
1833 725 1879 752 τὸν

1087 767 1139 803 τῆς
1154 767 1294 798 κοινωνίας
1311 766 1399 801 λόγον·
1419 766 1488 793 κατά
1503 766 1557 802 γὰρ
1573 767 1621 802 τὴν
1636 766 1764 793 ἀσέϐειαν
1780 767 1878 793 πολλά-

1088 819 1132 842 κις
1147 809 1246 841 αὐτοὺς
1267 809 1314 836 καὶ
1328 808 1543 844 ὑπερηκόντισαν
1555 808 1713 844 ἀγνώμονες
1727 809 1877 843 γεγονότες.

1095 851 1164 879 Ἀλλ’
1177 852 1256 887 ἡμεῖς
1268 850 1342 883 ἀπαξ
1354 850 1494 886 δεχόμενοι
1511 851 1560 885 τὴν
1572 850 1616 877 διὰ
1628 850 1675 877 τοῦ
1691 850 1879 886 βαπτίσματος

1089 893 1249 929 περιτομὴν,
1274 891 1343 927 μετὰ
1358 891 1508 925 ἀσφαλείας
1522 892 1555 918 τὰ
1570 892 1630 918 καθ’
1646 892 1759 924 ἑαυτοὺς
1775 894 1878 919 οἰκονο-

1091 936 1230 971 μήσωμεν.
1252 934 1290 961 Οὐ
1309 933 1380 968 λέγω
1400 933 1444 960 ῐνα
1465 934 1502 969 μὴ
1523 933 1805 969 συναναμιγνυώμεθα
1824 935 1879 965 τοῖς

1089 977 1203 1008 ἔθνεσιν,
1214 976 1272 1003 ἀλλ’
1285 976 1328 1003 ἵνα
1339 975 1387 1003 ἐπὶ
1399 976 1447 1011 τῆς
1458 976 1562 1008 οίκείας
1572 975 1673 1012 ἀρετῆς
1684 976 1820 1011 μένοντες,
1833 976 1880 1002 καὶ

1089 1018 1202 1050 ἐκείνοις
1215 1017 1478 1053 συναναμιγνύμενοι
1487 1017 1611 1052 ἕλκωμεν
1625 1017 1723 1049 αὐτοὺς
1732 1018 1770 1049 εἰς
1780 1017 1830 1053 τὴν
1837 1017 1880 1043 εύ-

1090 1060 1208 1092 σέϐειαν,
1228 1060 1276 1086 καὶ
1297 1059 1340 1086 διὰ
1357 1060 1408 1094 τῆς
1429 1058 1483 1085 τῶν
1501 1059 1610 1092 ἀγαθῶν
1632 1059 1721 1095 ἐργων
1743 1059 1879 1090 πολιτείας

1089 1101 1262 1133 διδασκαλίας
1274 1101 1364 1133 αὐτοῖς
1375 1101 1502 1132 ὑπόθεσις
1514 1100 1664 1136 γινώμεθα.
1677 1101 1725 1128 Διά
1737 1101 1791 1136 γὰρ
1802 1099 1881 1126 τοῦτο

1089 1144 1136 1170 καὶ
1147 1144 1162 1170 6
1173 1143 1261 1176 κοινὸς
1278 1144 1404 1170 ἀπάντων
1424 1143 1560 1178 Δεσπότης
1577 1142 1765 1178 συνεχώρησεν
1778 1143 1880 1177 ἀναμε-

1091 1185 1185 1221 μίχθαι
1196 1186 1314 1217 καὶτοὺς
1327 1185 1461 1220 πονηροὺς
1475 1185 1521 1211 καὶ
1536 1185 1599 1217 τοὺς
1609 1185 1738 1219 ἀγαθοὺς,
1755 1184 1802 1211 καὶ
1817 1184 1880 1216 τοὺς

1089 1228 1212 1259 εὐσεϐεῖς
1223 1227 1270 1254 καὶ
1282 1227 1346 1258 τοὺς
1356 1226 1474 1258 ἀσεϐεῖς,
1489 1227 1533 1253 ἵνα
1544 1226 1569 1252 οἰ
1583 1227 1695 1261 πονηροὶ
1704 1226 1880 1262 κερδαίνωσιν

1089 1268 1144 1296 ἀπὸ
1159 1269 1214 1296 τῶν
1229 1268 1350 1304 ἀγαθῶν.
1368 1268 1415 1295 καὶ
1431 1268 1455 1295 οἱ
1471 1269 1501 1294 ἐν
1517 1267 1629 1303 ἀσεϐείᾳ
1649 1268 1689 1294 ἐτι
1703 1268 1880 1303 κατεχόμενοι

1089 1310 1311 1345 χειραγωγῶνται
1323 1309 1392 1345 πρὸς
1409 1309 1459 1344 τὴν
1474 1309 1623 1336 εὐσέϐειαν.
1641 1309 1723 1336 Οὐδὲν
1743 1309 1796 1344 γὰρ
1810 1308 1881 1335 οὕτω

1089 1351 1128 1386 τῷ
1137 1351 1196 1386 Θεῷ
1209 1351 1447 1387 περισπούδαστον,
1459 1351 1497 1382 ὡς
1511 1351 1633 1386 σωτηρία
1647 1350 1744 1386 ψυχῆς.
1762 1351 1809 1386 Μὴ
1824 1351 1880 1377 τοί-

1090 1401 1137 1420 νυν
1154 1392 1311 1428 ἀμελῶμεν,
1330 1392 1493 1428 παρακαλῶ,
1515 1392 1584 1427 μήτε
1604 1392 1718 1423 ἑαυτῶν,
1739 1392 1807 1427 μήτε
1827 1391 1880 1417 τῶν

1090 1434 1212 1469 πλησίον*
1226 1434 1330 1461 ἑαυτῶν
1347 1434 1406 1469 μὲν,
1424 1434 1468 1460 διὰ
1482 1433 1529 1460 τοῦ
1545 1433 1579 1460 τὰ
1595 1433 1654 1460 καθ’
1668 1434 1782 1465 ἑαυτοὺς
1794 1433 1880 1463 οὕτως

1089 1478 1250 1512 οἰκονομεῖν,
1261 1476 1299 1508 ὡς
1312 1476 1385 1502 δοκεῖ
1396 1475 1434 1511 τῷ
1448 1475 1517 1510 Θεῷ·
1529 1475 1583 1501 τῶν
1590 1475 1618 1502 δὲ
1631 1475 1753 1511 πλησίον,
1765 1475 1798 1501 ἵν’
1810 1475 1881 1502 οὕτω

1089 1519 1241 1554 λάμπωμεν
1252 1519 1280 1543 ἐν
1293 1518 1388 1553 ἀρετῇ,
1400 1516 1470 1543 ὥστε
1485 1516 1531 1543 καὶ
1545 1516 1682 1551 σιγώντων
1693 1517 1770 1552 ήμῶν
1785 1518 1881 1551 ἱκανὴν

1089 1561 1162 1596 ἔχειν
1173 1559 1346 1586 διδασκαλίαν
1357 1559 1418 1591 τοὺς
1438 1560 1477 1591 εἰς
1495 1559 1568 1594 ἡμᾶς
1581 1559 1712 1595 δρῶντας.
1721 1559 1827 1594 Ὥσπερ
1835 1558 1881 1586 οὖν

1089 1602 1212 1637 ἐνάρετοι
1229 1601 1304 1632 ὅντες
1329 1600 1363 1626 τὰ
1386 1600 1501 1636 μέγιστα
1525 1601 1573 1628 καὶ
1592 1601 1668 1628 αὐτοὶ
1685 1600 1878 1636 κερδανοῦμεν,

1090 1643 1137 1670 καὶ
1148 1644 1210 1674 τοὺς
1225 1640 1354 1674 ἀπίστους
1363 1641 1551 1677 ὠφελήσομεν,
1563 1641 1660 1673 οὕτως,
1670 1643 1694 1668 εἰ
1705 1642 1880 1677 ῥαθυμήσαι·

1091 1693 1151 1720 μεν.
1175 1684 1222 1711 καὶ
1239 1683 1316 1710 αὐτοὶ
1333 1683 1434 1719 πολλὴν
1458 1683 1667 1718 ὐποστησόμεθα
1686 1683 1736 1718 τὴν
1757 1683 1879 1716 κόλασιν,

1089 1726 1136 1753 καὶ
1152 1725 1255 1760 ἑτέροις
1269 1724 1418 1751 σκανδάλου
1440 1724 1567 1756 ὑπόθεσις
1585 1723 1765 1760 γενησόμεθα.
1787 1724 1879 1750 Καθά-

1089 1777 1142 1804 περ
1158 1767 1214 1803 γὰρ
1229 1767 1278 1802 τὴν
1292 1767 1392 1802 ἀρετὴν
1409 1767 1545 1802 μετιόντες
1559 1766 1640 1802 διπλῇ
1654 1767 1699 1794 τὸν
1714 1767 1810 1802 μισθὸν
1827 1776 1879 1794 πα-

1089 1810 1125 1846 ρὰ
1143 1808 1191 1836 τοῦ
1214 1807 1282 1836 Θεοῦ
1301 1808 1491 1844 καρπούμεθα,
1507 1808 1555 1835 καὶ
1570 1808 1641 1844 ὑπὲρ
1657 1806 1698 1836 ῶν
1718 1809 1751 1835 ἂν
1777 1809 1879 1842 ταύτην

1090 1845 1238 1888 μετίωμεν,
1260 1850 1306 1876 καὶ
1328 1849 1398 1885 ὑπὲρ
1425 1845 1463 1877 ῶν
1482 1851 1545 1881 τοὺς
1565 1849 1678 1884 πλησίον
1699 1849 1878 1885 ἐφελκώμεθα

1089 1893 1129 1925 εἰς
1145 1892 1194 1928 τὴν
1209 1892 1258 1927 τῆς
1271 1891 1374 1927 ἀρετῆς
1391 1891 1546 1918 κοινωνίαν·
1562 1892 1609 1918 τὸν
1625 1891 1706 1918 αὑτὸν
1721 1891 1754 1927 δὴ
1776 1892 1879 1927 τρόπον

1088 1934 1135 1961 καὶ
1149 1934 1194 1959 ἐπὶ
1210 1933 1258 1967 τῆς
1273 1933 1383 1964 κακίας,
1397 1932 1446 1968 οὐχ
1466 1933 1536 1968 ὑπὲρ
1555 1929 1592 1960 ῶν
1612 1933 1812 1968 ἡμαρτήκαμεν
1831 1942 1877 1959 κο-

1088 1974 1225 2010 λαζόμεθα
1239 1974 1328 2009 μόνον,
1345 1973 1402 2001 ἀλλ’
1414 1974 1484 2010 ὑπὲρ
1494 1971 1531 2002 ὦν
1547 1975 1594 2002 καὶ
1609 1975 1717 2010 ἐτέρους
1731 1975 1876 2001 ὑποσκελί-

1088 2016 1180 2052 ζομεν.
1200 2015 1279 2042 Ἀλλὰ
1293 2015 1331 2050 μὴ
1342 2015 1446 2049 γένοιτο
1460 2016 1514 2042 τῶν
1529 2015 1646 2043 ἐνταῦθά
1656 2025 1717 2043 τινα
1735 2017 1877 2043 συνιόντων

1087 2057 1207 2084 τοιοῦτον
1219 2056 1355 2091 γενέσθαι.
1369 2056 1437 2083 ἀλλά
1450 2057 1554 2089 πάντας
1566 2058 1639 2092 ἡμᾶς
1652 2058 1720 2093 πρὸς
1734 2058 1876 2093 οἰκοδομὴν

1088 2099 1142 2126 τῶν
1155 2098 1281 2134 ὁρώντων
1295 2098 1340 2125 τὸν
1355 2099 1458 2125 ἑαυτῶν
1472 2099 1529 2134 βίον
1544 2098 1652 2131 ἰθύνειν,
1665 2100 1708 2125 ἴνα
1718 2099 1876 2134 δυνηθῶμεν

1089 2140 1160 2176 μετά
1181 2140 1335 2176 παρρησίας
1362 2140 1457 2174 στῆναι
1485 2140 1530 2167 ἐπὶ
1548 2140 1595 2166 τοῦ
1611 2140 1731 2176 βήματος
1750 2141 1795 2167 τοῦ
1811 2142 1876 2176 X91-

1089 2181 1164 2214 στοῡ,
1187 2182 1234 2208 καὶ
1256 2181 1310 2208 τῶν
1324 2182 1487 2217 ἀπορρήτων
1502 2182 1613 2208 ἐκείνων
1628 2182 1739 2216 ἀγαθῶν
1756 2182 1876 2217 ἀξιωθῆ-

1087 2231 1143 2254 ναι,
1163 2219 1201 2250 ὧν
1221 2222 1326 2257 γένοιτο
1343 2222 1447 2254 πάντας
1467 2223 1540 2258 ἡμᾶς
1561 2223 1708 2258 ἐπιτυχεῖν,
1725 2223 1816 2258 χάριτι
1830 2223 1875 2249 καὶ

1089 2264 1279 2300 φιλανθρωπία
1294 2263 1340 2290 τοῦ
1353 2263 1452 2300 Κυρίου
1470 2264 1548 2299 ἡμῶν
1568 2264 1654 2300 Ίησοῦ
1667 2264 1797 2299 Χριστοῦ,
1816 2264 1875 2299 μεθ’

1087 2304 1117 2334 οῦ
1134 2306 1173 2342 τῷ
1195 2307 1281 2341 Πατρί
1295 2306 1353 2341 ἆμα
1368 2306 1407 2340 τῷ
1426 2307 1495 2341 ἁγίῳ
1518 2305 1655 2342 Πνεύματι
1673 2306 1747 2339 δόξα.
1764 2307 1873 2342 κράτος,

1087 2348 1164 2383 τιμὴ,
1180 2347 1227 2373 νῦν
1243 2347 1288 2373 καὶ
1307 2347 1361 2379 ἀεὶ,
1381 2347 1428 2374 καὶ
1445 2349 1484 2379 εἰς
1496 2348 1559 2380 τοὺς
1578 2347 1678 2380 αἰῶνας
1692 2348 1746 2375 τῶν
1758 2348 1873 2375 αἰώνων.

1101 2390 1190 2425 Αμήν.

1367 2460 1488 2487 ΟΜΙΛΙΔ
1509 2461 1576 2489 MA’.

1088 2545 1183 2583 Ὦξθη
1199 2544 1244 2583 ᾃδιξ
1258 2546 1274 2572 d
1297 2546 1369 2578 Θεδς
1385 2546 1431 2583 ’τῷ
1452 2547 1575 2583 Ἀϐραᾷμ
1599 2548 1672 2583 πρὸς
1695 2547 1733 2581 τῇ
1746 2548 1815 2582 δρυῒ
1837 2547 1874 2583 τῇ

1119 2580 1244 2620 Μαμϐρῆ
1255 2600 1262 2612 ,
1278 2581 1447 2620 καθημένου
1463 2580 1558 2620 αὑτοῦ
1572 2580 1624 2609 ἐπί
1641 2582 1697 2617 τῆς
1713 2580 1804 2618 θύρας
1818 2580 1874 2618 τῆς

1120 2616 1240 2649 σκηνῆς
1253 2616 1346 2642 αὑτοῦ
1357 2617 1555 2650 μεσημϐρίας.

1119 2679 1153 2704 α’.
1169 2676 1255 2702 Ὀκνῶ
1272 2677 1318 2703 καὶ
1331 2676 1481 2712 ἀναδύομαι
1494 2679 1612 2714 σήμερον
1624 2679 1692 2714 πρὸς
1706 2678 1755 2714 τὴν
1769 2681 1818 2715 τῆς
1834 2680 1873 2708 δι-
1893 2692 1898 2696 ”

1083 2717 1230 2749 δασκαλίας
1249 2718 1389 2753 ἐξήγησιν.
1413 2719 1498 2746 Ὅταν
1521 2720 1575 2755 1&9
1592 2721 1730 2755 ὲννοήσω,
1750 2722 1792 2748 ὅτι
1812 2722 1872 2748 καθ’

1083 2759 1200 2794 ἑκάστην
1213 2760 1319 2795 ἡμέραν
1343 2760 1420 2795 ήμῶν
1443 2761 1610 2796 ἐνηχούντων
1622 2781 1629 2793 ,
1648 2762 1851 2796 παραινούντων
1863 2783 1870 2794 ,

1083 2801 1287 2834 παρατιθέντων
1296 2802 1361 2836 ὑμῖν
1371 2801 1418 2836 τὴν
1433 2802 1620 2838 πνευματικὴν
1629 2803 1729 2838 ταύτην
1739 2804 1870 2836 ἑστίασιν,

1082 2842 1172 2869 πολλοὶ
1188 2843 1240 2869 τῶν
1256 2843 1370 2870 ἐνταῦθα
1387 2845 1626 2879 παραγενομένων,
1643 2846 1689 2872 καὶ
1703 2846 1872 2881 μετεχόντων

1082 2884 1129 2920 τῆς
1149 2886 1333 2921 πνευματικῆς
1354 2886 1455 2922 ταύτης
1479 2885 1651 2919 διδασκαλίας
1669 2888 1715 2914 καὶ
1735 2888 1784 2922 τῆς
1808 2897 1869 2922 φρι-
