2055 3123
172 146 225 176 373

170 206 260 233 ornnia
281 204 428 234 succedunt
441 213 448 238 ;
464 205 510 233 sed
521 209 547 232 et
557 205 579 232 si
589 204 614 232 in
625 204 755 238 adversis,
764 205 885 232 eamdem
896 210 962 241 grati

168 253 252 280 animi
263 252 483 288 significationem
495 252 550 279 det.
562 250 606 278 Sic
616 251 687 277 enim
700 250 849 284 patriarcha
867 251 912 277 ille
920 258 964 277 cc-

169 298 251 325 lebris
260 302 288 325 et
296 297 406 325 illustris
417 297 475 328 fuit,
486 302 513 323 et
522 301 621 323 tantam
631 296 701 331 apud
716 296 799 323 Deum
807 296 920 323 obtinuit
930 297 962 322 ti-

168 343 297 376 dnciam,
324 351 356 370 ac
377 343 446 370 dona
479 343 581 378 accepit
608 351 668 378 qua:
705 349 785 377 Supra
820 342 962 369 humanam

168 395 230 417 ειιιιι
245 395 377 417 naturam.

202 437 229 463 4.
250 436 303 464 Sed
319 444 409 471 operte
425 437 538 471 prctimn
550 442 590 464 cst
606 441 634 464 ut
644 437 676 465 ad
692 437 840 464 institutum
856 442 959 463 srrmo-

167 491 229 510 nctn
243 482 395 515 redeamus,
405 488 432 510 et
443 483 647 518 vidi-amusjusti
657 483 847 514 obedientiam,
857 486 885 509 et
894 489 960 516 quo-

167 529 249 556 modo
264 528 356 556 fecerit
369 529 439 563 quod
460 537 474 556 a
491 529 544 556 Deo
560 529 718 564 imperatum
742 533 799 562 est,
817 536 869 555 non
883 535 959 562 qna:-

165 583 230 602 rcus
254 582 373 607 causam,
401 583 488 610 neque
503 575 632 602 rationem
648 576 769 610 exigens,
792 574 862 601 sicut
883 572 958 600 nmlti

163 620 323 656 insipientes
338 620 450 653 faciunt,
463 621 498 648 de
511 621 543 648 iis
557 628 616 656 qua:
630 621 701 647 Deus
716 624 843 655 operatur
854 618 959 646 curiose

162 671 325 701 querentes,
338 671 365 694 et
378 666 512 694 dicentes:
526 667 615 701 Quare
628 667 690 700 hoc,
703 671 730 694 et
739 673 822 702 quare
835 665 918 693 illud?
930 668 958 692 et

162 720 224 747 quae
240 711 314 746 hinc,
330 712 373 740 vel
384 720 444 748 qnze
459 712 533 740 illinc
548 712 648 740 utilitas
671 711 826 739 enascitur?
847 712 881 739 At
903 719 956 739 non

161 759 195 786 ad
215 767 276 787 enm
291 759 399 786 modum
421 759 482 787 fecit
498 759 586 795 justus
602 759 662 792 ille;
687 759 734 787 sed
761 759 829 786 sicut
843 759 956 786 famulus

161 805 276 841 diligens
290 805 439 838 dominum,
453 813 629 841 qumcumque
643 805 815 840 prmcepisset
843 804 956 838 implere

160 851 274 884 studuit,
291 851 356 879 nihil
371 851 482 879 ulterius
494 856 665 887 percontans.
682 851 714 878 Et
728 855 757 878 ut
776 851 874 883 discas,
892 850 954 877 audi

159 907 220 934 qua:
242 903 399 934 sequuntur.
420 898 563 933 Postquam
591 897 661 925 enim
688 897 816 924 Dominus
841 897 954 932 promis-

158 945 263 973 sionem
274 945 298 972 ci
310 943 421 980 fecit(u.
436 943 499 979 22),
514 948 541 971 et
550 943 853 978 complcvitsermonem
863 950 952 975 somn,

158 991 344 1025 statimjustns
356 997 415 1024 qua!
425 991 551 1024 imperata
564 989 669 1016 fuerunt
682 989 801 1023 perfecit,
813 993 837 1015 cl
848 988 951 1023 signum

158 1037 210 1064 hoc
220 1036 290 1071 quod
306 1044 319 1062 a
336 1036 389 1063 Deo
404 1041 463 1063 erat
475 1036 576 1068 datum,
589 1035 683 1062 indidit
698 1034 803 1062 lsmacli
827 1034 868 1070 (υ.
882 1033 927 1068 25)
942 1054 950 1067 ,

157 1083 389 1110 circumcisiouem
398 1082 468 1114 dico,
480 1086 508 1108 et
519 1082 643 1108 erunibus
657 1081 805 1108 vernaculis
818 1086 844 1108 et
856 1080 952 1115 empti-

157 1129 211 1160 tiis,
227 1129 295 1155 sicut
306 1128 431 1163 loquutus
442 1132 483 1154 cst
494 1128 518 1154 ei
530 1127 608 1154 Dens.
619 1126 798 1154 Circumcisus
808 1130 850 1153 est
861 1131 949 1153 autem

155 1180 183 1202 ct
193 1175 260 1210 ipse.
275 1175 310 1201 2t
341 1173 486 1209 Nonaginta
498 1173 569 1202 enim
583 1178 605 1200 et
619 1181 705 1200 novem
724 1180 851 1199 annorum
871 1175 926 1198 erat
940 1191 949 1202 ,

155 1221 252 1257 inquit,
269 1221 370 1255 quando
392 1220 548 1246 circumcidit
568 1227 670 1246 carnem
693 1218 811 1254 prrcputii
835 1219 890 1250 sui;
902 1217 948 1245 25.

154 1266 251 1294 Ismael
263 1273 347 1294 autem
361 1270 414 1293 erat
427 1273 552 1292 annorum
566 1265 693 1292 tredecim.
707 1264 746 1292 Ne
761 1268 838 1299 putes
848 1264 949 1298 absque

153 1320 233 1339 causa
248 1312 411 1347 Scriptor-am
424 1318 573 1345 proponere
595 1310 672 1337 nobis
697 1317 836 1337 numerum
861 1316 947 1336 anno-

153 1366 213 1385 rum
227 1367 234 1384 :
250 1357 296 1384 sed
308 1363 336 1385 ut
347 1356 604 1391 exhocdiscasjusti
617 1363 739 1391 magnam
755 1355 945 1388 obedientiam,

152 1405 223 1440 quod
237 1412 296 1432 cum
306 1404 360 1439 jam
377 1404 402 1430 in
417 1403 551 1438 decrepita
564 1406 636 1430 esset
646 1407 735 1435 aetate,
751 1402 847 1429 leniter
857 1401 946 1428 tulerit

151 1450 272 1478 dolorem
285 1453 394 1484 propter
407 1452 568 1484 praeceptum
580 1448 634 1479 Dei,
651 1452 791 1482 propterea
799 1447 860 1473 facit
873 1446 945 1474 illam

150 1495 391 1528 enumerationem,
408 1499 495 1523 etnon
512 1494 569 1529 ipse
583 1494 679 1525 solum,
693 1493 739 1521 sed
763 1497 791 1520 et
800 1492 905 1524 lsmael,
919 1497 946 1519 ct

151 1550 247 1570 omnes
260 1541 397 1570 vernaculi
412 1539 652 1569 circumciduntur.
669 1539 762 1574 Neque
773 1539 824 1566 ltoc
834 1546 944 1574 parvum

151 1594 178 1618 ct
190 1589 249 1617 lcve
263 1589 351 1616 fuerit.
365 1588 423 1616 Non
439 1587 510 1616 enim
522 1586 591 1614 idem
609 1591 661 1620 est,
677 1585 824 1616 carissime,
836 1593 944 1612 carnem

150 1643 256 1667 sanam,
270 1639 297 1662 ct
321 1634 391 1662 male
412 1633 554 1661 habentem
569 1640 672 1661 secare.
690 1631 756 1659 Nam
775 1631 824 1659 etsi
848 1630 944 1658 medici

151 1687 259 1715 quoque
269 1679 387 1707 membra
404 1678 524 1706 morbida
535 1678 677 1713 aliquando
690 1676 821 1709 incidunt,
848 1680 876 1704 at
890 1684 943 1703 non

149 1730 192 1753 est
206 1725 301 1752 similis
311 1724 397 1752 dolor.
413 1723 570 1751 Emortuum
586 1724 658 1751 enim
674 1723 834 1755 membrum,
857 1727 886 1749 ut
907 1721 943 1749 ita

149 1771 249 1804 dicam,
261 1770 317 1805 iam
338 1775 366 1798 et
377 1770 451 1798 vitali
463 1769 619 1805 operatione
629 1769 785 1797 destitutum
801 1773 863 1796 tunc
875 1769 943 1796 inci-

150 1817 227 1845 dunt.
243 1816 291 1844 llic
309 1821 398 1844 autem
411 1823 493 1844 senex
509 1821 536 1843 et
558 1815 708 1850 decrepitus
722 1815 848 1850 (centum
871 1815 942 1842 enim

150 1871 281 1892 annorum
293 1864 370 1896 erat)
383 1863 528 1891 cruciatum
539 1862 634 1890 leuiter
645 1862 714 1894 tulit,
740 1861 818 1889 simul
832 1865 858 1888 ct
873 1868 943 1896 prm-

149 1915 256 1945 ceptum
271 1909 318 1937 Dei
329 1909 442 1942 implere
455 1909 558 1942 Valens,
587 1914 612 1935 et
628 1908 710 1935 tiliqu
733 1913 760 1935 et
787 1907 943 1935 vernaculos

149 1962 247 1983 omnes
260 1954 439 1990 promptiores
455 1953 582 1986 reddens,
595 1957 622 1981 ut
637 1960 671 1980 ne
680 1957 879 1985 cunctarentur,
895 1952 941 1979 sed

149 2008 245 2036 magna
259 2000 398 2028 alacritate
419 1999 465 2027 Dei
489 2003 649 2034 praeceptum
672 1999 823 2033 itnplercut.
847 1997 942 2025 Vidisti

149 2052 246 2082 quanta
260 2054 304 2074 res
323 2047 358 2074 sit
373 2047 412 2074 rir
423 2050 552 2081 praestans
578 2045 685 2078 virtute,
706 2044 840 2080 quomodo
862 2045 942 2072 mini-

150 2099 220 2121 stros
231 2101 326 2121 onmes
338 2094 433 2120 doceat
443 2097 472 2119 ut
485 2100 532 2120 sua
544 2091 653 2126 vestigia
666 2090 824 2126 sequantur?
835 2090 901 2118 Nam
916 2090 942 2118 id

148 2139 220 2175 quod
241 2139 300 2167 heri
314 2138 446 2172 dicebam,
459 2137 510 2166 hoc
524 2138 587 2165 item
601 2141 627 2165 et
646 2144 716 2164 nunc
737 2136 797 2163 dico
812 2144 819 2163 :
836 2141 943 2171 propter

150 2185 202 2213 hoc
212 2185 269 2213 fere
284 2192 316 2212 ex
333 2184 378 2212 illo
391 2184 435 2212 dic
451 2188 611 2219 pneceptum
624 2182 705 2210 fuisse
719 2190 733 2208 a
746 2182 810 2215 Deo,
835 2187 864 2208 ut
889 2182 941 2208 im-

150 2237 253 2258 matnra
269 2235 347 2258 :rtatc
357 2230 409 2258 hoc
422 2230 542 2257 subirent
554 2228 642 2264 pueri,
669 2235 722 2262 quo
736 2227 837 2262 absque
860 2235 940 2255 sensu

149 2281 175 2304 et
189 2276 282 2303 dolore
295 2275 452 2303 iucisioncm
467 2275 556 2301 carnis
569 2273 681 2302 ferrent.

185 2322 270 2350 Brerir
290 2321 488 2349 circumcisionis
512 2329 569 2347 cum
601 2320 750 2355 baptismate
772 2319 939 2355 comparatio.

149 2368 217 2395 Licet
233 2368 384 2395 Christianis
397 2368 462 2394 inter
473 2371 557 2402 gentes
584 2366 676 2393 versari
688 2366 823 2402 quomodo.
837 2381 873 2386 —
888 2365 941 2393 Vc-

150 2422 209 2440 rum
222 2412 361 2440 considera
375 2412 420 2440 Dei
435 2412 635 2447 benignitatem,
659 2416 687 2438 et
707 2411 867 2438 inetl‘abilem
882 2410 941 2445 ejus

148 2467 211 2495 erga
228 2466 277 2486 nos
290 2458 503 2486 beneﬁcentiam.
530 2457 574 2484 Illa
588 2457 658 2484 enim
673 2456 840 2484 circumcisio
862 2455 941 2483 dolo-

149 2513 206 2533 rrm
222 2504 315 2532 habuit
326 2510 353 2532 et
365 2504 493 2537 laborem,
510 2507 537 2531 et
550 2503 621 2530 nulla
637 2503 686 2529 alia
694 2510 726 2530 ex
737 2502 942 2529 circumcisione

149 2552 198 2581 fuit
211 2552 320 2583 utilius,
330 2559 408 2586 quam
419 2551 476 2578 haec
481 2550 547 2582 sola,
556 2549 625 2584 quod
637 2557 668 2576 ex
678 2549 728 2576 hoc
736 2549 811 2584 signa
823 2548 940 2583 dignosci

150 2603 271 2634 possent,
286 2603 314 2626 et
326 2598 361 2625 ab
372 2597 432 2625 aliis
442 2596 566 2632 gentibus
578 2599 809 2631 sequestrarenlur
821 2603 828 2627 ;
851 2599 941 2621 nostra

149 2650 238 2678 autem
255 2643 433 2675 circumcisio,
447 2643 489 2670 vel
503 2640 681 2676 baptismatis,
703 2640 819 2675 inquam,
836 2639 920 2674 gratia
933 2659 939 2671 ,

150 2691 310 2719 medicinam
322 2689 404 2717 habet
417 2688 484 2716 citra
494 2687 624 2719 dolorem,
654 2687 847 2720 innumeraque
872 2686 940 2712 bona

150 2737 228 2764 nobis
243 2736 330 2769 all'ert,
341 2734 457 2771 Spiritus
471 2733 555 2760 sancti
569 2733 652 2767 gratia
669 2739 717 2759 nos
731 2732 832 2766 implet,
844 2736 871 2758 et
884 2731 943 2758 nul-

150 2784 204 2811 lum
215 2781 356 2810 definitum
371 2780 453 2808 habet
464 2783 570 2814 tempus
579 2779 648 2806 sicut
658 2778 730 2805 illic:
740 2777 787 2804 sed
801 2778 864 2805 licet
875 2782 901 2804 et
914 2777 940 2804 in

151 2829 247 2864 prima,
262 2832 290 2855 et
304 2828 331 2855 in
343 2826 444 2860 media,
457 2829 486 2853 et
496 2824 524 2853 in
537 2824 627 2852 ultima
641 2827 719 2851 ωωω
734 2823 802 2850 hanc
814 2831 868 2850 non
882 2831 941 2850 ma-

151 2874 286 2903 nufactam
298 2871 529 2901 circumcisioubtn
544 2870 673 2905 recipere,
688 2869 714 2897 iu
728 2875 779 2905 qua
792 2876 845 2896 non
859 2868 940 2896 susti-

665 146 698 176 ΙΝ
717 148 793 176 CAP.
814 148 907 177 XVIII.
928 148 1050 178 GENES.
1073 148 1189 177 llOMlL.
1211 149 1279 178 XLI.

1761 153 1822 190 371.;

1019 211 1097 233 nctnr
1110 207 1195 239 labor,
1217 206 1264 233 sed
1278 212 1448 242 peccaton
1470 208 1640 243 deponuntur
1661 217 1762 244 onera,
1783 216 1811 238 et

1019 253 1141 280 remissio
1157 254 1291 281 invenitur
1305 255 1424 282 onmium
1438 260 1617 289 peccatorum,
1631 265 1692 292 qua:
1703 265 1751 292 per
1765 263 1807 285 to-

1018 303 1070 325 tam
1085 299 1166 326 vitam
1180 303 1254 334 gesta
1268 304 1339 327 sunt.
1355 300 1459 335 Quippe
1471 308 1532 328 cum
1547 301 1676 337 benignus
1686 302 1756 330 Deus
1769 303 1811 330 vi-

1015 343 1054 370 dit
1067 351 1176 378 grarem
1185 348 1303 371 nostram
1318 344 1509 378 infirmitatem,
1526 353 1559 373 ac
1571 353 1619 374 nos
1629 346 1810 377 incumbilitcr

1015 396 1186 426 a-grotantes,
1198 399 1302 419 summa
1317 391 1437 427 indigere
1451 393 1594 426 medicina,
1617 398 1697 428 atque
1717 395 1811 422 iuell‘a-

1014 436 1060 464 bili
1076 436 1239 472 benignitate
1250 445 1257 464 :
1270 442 1388 465 nostram
1399 446 1496 466 curans
1504 439 1631 473 salutem,
1646 440 1757 475 largitus
1767 446 1810 468 est

1013 483 1090 510 nobis
1105 490 1153 517 per
1167 482 1301 511 lavacrum
1321 484 1531 519 regenerationis
1547 484 1763 513 innovationem:
1781 491 1809 513 ut

1013 528 1136 563 deposito
1149 528 1258 557 homine
1269 533 1373 564 vetem,
1384 529 1434 557 hoc
1449 535 1501 564 est,
1528 531 1655 566 operibus
1665 531 1752 565 malis,
1781 537 1809 560 et

1011 573 1098 601 induti
1112 582 1221 608 novum,
1243 575 1270 603 in
1284 576 1326 603 via
1338 575 1444 603 virtutis
1458 576 1623 605 iucedamus.
1641 577 1738 604 Verum
1754 576 1824 614 ite-1

1010 628 1070 648 rum
1083 628 1142 653 oro,
1156 629 1190 649 ne
1203 621 1350 650 deteriores
1374 622 1458 650 simus
1480 622 1592 658 ingratis
1611 627 1639 650 et
1662 623 1805 651 insensatis

1009 665 1119 694 Judacis.
1135 667 1174 695 llli
1183 668 1254 695 enim
1269 668 1445 703 suscipientes
1459 669 1669 697 circumcisionis
1678 670 1805 705 signacu-

1009 712 1075 745 lum,
1090 714 1154 741 satis
1175 714 1225 741 sibi
1239 717 1381 747 cavebant,
1395 723 1430 743 ne
1451 715 1520 743 ultra
1544 723 1605 743 cum
1628 717 1751 751 gentibus
1773 723 1804 744 se

1009 759 1163 793 miscerent,
1177 765 1305 795 quantum
1320 760 1353 788 ad
1365 761 1564 789 communionis
1575 762 1705 790 rationem
1719 763 1802 797 perti-

1009 811 1072 834 net:
1087 810 1214 841 quantum
1227 812 1316 835 autem
1328 807 1361 835 ad
1378 807 1552 843 impietatem,
1578 815 1651 843 saepe
1678 809 1738 836 illos
1760 809 1802 836 in-

1006 853 1074 888 grati
1090 853 1262 888 superabant.
1277 853 1331 881 Nos
1355 862 1420 881 vero
1441 862 1501 882 cum
1526 855 1611 882 semel
1635 854 1803 889 suscepimus

1007 898 1129 933 baptismi
1148 899 1388 933 circumcisionem,
1415 905 1492 927 caute
1507 904 1617 935 tuteque
1631 905 1722 928 nostra
1746 900 1801 928 dis-

1007 952 1159 979 pensentus.
1176 944 1233 972 Non
1249 945 1363 973 dixerim
1375 953 1427 972 non
1444 946 1525 973 licere
1548 946 1625 973 nobis
1635 946 1736 974 versari
1764 946 1800 974 in-

1007 996 1047 1018 ter
1059 995 1153 1026 gentes
1170 992 1237 1018 :sed
1251 991 1277 1018 iu
1293 991 1400 1026 propria
1413 992 1489 1019 nobis
1509 993 1608 1020 virtute
1633 997 1772 1020 manentes
1789 1013 1798 1026 ,

1005 1036 1039 1064 ita
1053 1045 1113 1064 cum
1130 1037 1182 1064 illis
1196 1038 1419 1065 commisceamur
1430 1059 1437 1070 ,
1459 1042 1488 1066 ut
1501 1039 1534 1065 ad
1548 1038 1619 1074 piam
1635 1046 1682 1066 eos
1696 1044 1800 1073 pertra-

1005 1081 1099 1109 hamus
1116 1081 1283 1118 religionem,
1308 1090 1340 1110 ac
1353 1091 1400 1118 per
1415 1084 1545 1110 bonorum
1572 1091 1682 1118 operum
1709 1091 1798 1111 exem-

1004 1128 1076 1162 plum
1087 1128 1217 1155 doctrina:
1231 1128 1271 1156 eis
1279 1133 1401 1156 auctores
1413 1129 1507 1156 sitnus.
1522 1129 1559 1156 Ea
1572 1129 1643 1157 enim
1658 1129 1692 1157 dc
1713 1136 1792 1157 causa

1002 1173 1151 1201 communis
1175 1174 1294 1201 omnium
1316 1174 1444 1202 Dominus
1465 1175 1585 1209 permisit
1598 1175 1676 1202 simul
1694 1176 1796 1202 versari

1002 1219 1087 1246 bonus
1095 1223 1123 1246 et
1134 1219 1230 1252 malos,
1246 1220 1305 1255 pios
1318 1225 1346 1246 et
1360 1219 1468 1254 impius,
1495 1224 1524 1246 ut
1539 1219 1602 1246 boni
1628 1219 1795 1247 lucrifaciant

1001 1265 1098 1298 malos,
1110 1269 1137 1292 et
1157 1265 1203 1300 qui
1228 1265 1254 1292 in
1267 1265 1365 1292 malitia
1389 1265 1476 1292 adhuc
1489 1265 1651 1299 detinentur,
1668 1266 1795 1292 manutiu-

999 1316 1093 1338 cantur
1104 1310 1137 1338 ad
1150 1311 1286 1346 pietatem.
1301 1310 1372 1338 Nihil
1393 1311 1464 1338 enim
1488 1310 1556 1338 adeo
1575 1311 1696 1338 studiese
1716 1315 1794 1338 curat

1002 1358 1081 1391 Deus,
1096 1363 1124 1384 ut
1137 1357 1251 1385 salutent
1265 1357 1426 1384 animarum.
1440 1357 1557 1385 Proinde
1568 1357 1691 1390 obsecro,
1704 1364 1738 1384 ne
1750 1365 1795 1384 cu~

999 1412 1056 1432 ram
1068 1404 1227 1438 abjiciautus
1241 1411 1328 1438 nequc
1345 1403 1439 1437 nostri,
1461 1411 1548 1438 neque
1562 1403 1684 1430 aliorum.
1707 1404 1794 1437 Quatt-

999 1455 1054 1478 tum
1067 1451 1100 1478 ad
1117 1459 1167 1478 nos
1178 1450 1283 1483 attinet,
1299 1451 1334 1477 ita
1359 1450 1529 1477 instituamus
1555 1450 1634 1477 vitam
1647 1470 1655 1482 ,
1680 1454 1709 1476 ut
1735 1449 1793 1477 Deo

998 1496 1124 1531 placitum
1135 1500 1178 1523 est
1191 1503 1198 1522 :
1214 1500 1344 1530 quantum
1358 1500 1446 1523 autem
1457 1495 1489 1521 ad
1504 1495 1665 1529 proximum,
1689 1495 1729 1522 sic
1752 1495 1792 1522 Ιιι-

997 1550 1106 1570 ceamus
1121 1542 1274 1573 virtutibus,
1287 1546 1316 1569 ut
1330 1542 1412 1569 etiam
1425 1541 1569 1569 silentibus
1583 1540 1673 1573 nobis,
1696 1547 1791 1567 omnes

996 1593 1127 1624 quotquot
1141 1596 1191 1616 nos
1212 1588 1304 1616 vident
1323 1588 1389 1616 satis
1408 1587 1566 1615 doceantur.
1589 1586 1656 1614 Nam
1679 1586 1749 1614 sicut
1767 1587 1791 1613 si

996 1635 1094 1662 virtute
1105 1634 1207 1669 praediti
1216 1634 1311 1666 sintus,
1322 1634 1438 1660 maxima
1453 1639 1481 1660 et
1491 1633 1542 1667 ipsi
1554 1632 1716 1660 lucrabimur
1729 1652 1737 1664 ,
1762 1636 1791 1659 et

997 1680 1150 1708 inﬁdelibus
1163 1680 1222 1707 usui
1233 1680 1334 1707 erimus
1348 1688 1354 1706 :
1369 1679 1405 1706 ita
1420 1679 1442 1706 si
1458 1679 1625 1713 negligentes
1638 1677 1766 1704 fuerimus
1780 1696 1789 1708 ,

996 1731 1023 1753 et
1033 1726 1082 1760 ipsi
1098 1733 1220 1760 magnam
1235 1725 1353 1752 feremus
1367 1731 1484 1759 pmnam,
1500 1728 1527 1751 et
1537 1722 1709 1750 aliisoccasio
1716 1729 1790 1749 scan-

995 1771 1048 1799 dali
1057 1771 1168 1799 erimus.
1179 1771 1254 1798 Sicut
1266 1771 1337 1798 enim
1347 1770 1470 1797 virtutem
1485 1768 1630 1803 amplcxati
1651 1767 1785 1802 duplicem

995 1817 1148 1846 mercedem
1162 1825 1176 1844 a
1193 1817 1248 1844 Deo
1263 1817 1419 1851 acclpimus,
1442 1820 1496 1842 tum
1510 1814 1581 1849 quod
1596 1814 1646 1848 ipsi
1662 1814 1788 1840 virtutem

994 1869 1180 1895 exerceamus,
1193 1866 1247 1889 tmn
1255 1861 1327 1896 quod
1337 1861 1405 1888 alios
1416 1860 1448 1888 ad
1457 1860 1562 1887 virtutis
1571 1859 1787 1887 communionem

996 1909 1150 1937 trabamus:
1165 1909 1200 1936 ita
1222 1908 1286 1936 siin
1309 1907 1427 1942 nequitia
1449 1914 1606 1938 versemur,
1626 1913 1678 1933 nou
1701 1906 1788 1933 solum

996 1955 1120 1990 punimur
1134 1954 1206 1989 quod
1231 1954 1280 1988 ipsi
1302 1953 1482 1989 peccavimus,
1510 1951 1558 1979 sed
1584 1957 1611 1979 ct
1632 1951 1702 1985 quod
1728 1951 1788 1978 aliis

994 2001 1121 2028 scandan
1136 1999 1244 2027 fuimus.
1264 1999 1363 2027 Verum
1377 1999 1449 2025 absit
1463 2003 1492 2025 ut
1506 1997 1603 2032 aliquis
1625 2004 1717 2024 eorum
1742 1997 1787 2030 qui

995 2047 1039 2074 hic
1051 2051 1125 2079 sunt,
1136 2046 1161 2073 in
1176 2045 1328 2079 huiusmodi
1339 2048 1410 2071 statu
1423 2048 1556 2075 versetur,
1571 2042 1618 2070 sed
1629 2050 1677 2069 nos
1692 2049 1787 2069 omnes

994 2091 1028 2119 ad
1038 2091 1224 2119 atdificandum
1235 2098 1282 2118 cos
1290 2090 1335 2124 qui
1347 2097 1395 2116 nos
1402 2088 1504 2121 rident,
1513 2088 1595 2115 vitam
1607 2087 1787 2120 instituamus,

995 2143 1023 2166 ut
1035 2138 1169 2174 possimus
1187 2144 1281 2171 magna
1296 2135 1392 2163 ﬁducia
1414 2139 1487 2162 stare
1501 2133 1573 2169 apud
1587 2132 1703 2160 tribunal
1715 2131 1790 2159 Chri-

994 2185 1038 2218 sti,
1051 2189 1078 2212 et
1086 2183 1228 2212 iueﬂ‘abilia
1240 2183 1283 2210 illa
1295 2182 1363 2209 bona
1377 2180 1506 2216 consequi
1519 2188 1527 2206 :
1538 2187 1598 2215 qua:
1612 2179 1689 2206 nobis
1701 2178 1787 2206 omni-

994 2231 1046 2259 bus
1059 2230 1255 2263 concedantur,
1271 2229 1355 2264 gratia
1368 2233 1397 2256 et
1407 2227 1571 2262 benignitate
1584 2225 1689 2253 Domini
1704 2224 1788 2252 nostri

993 2277 1057 2306 .Iesu
1071 2277 1182 2309 Christi,
1205 2283 1265 2304 cum
1286 2283 1340 2310 quo
1365 2274 1436 2302 Patri
1461 2278 1488 2301 et
1513 2277 1607 2301 sancto
1623 2271 1733 2307 Spiritui
1753 2271 1789 2297 sit

993 2323 1089 2359 gloria,
1102 2323 1189 2350 honor
1202 2326 1229 2349 et
1244 2321 1397 2356 imperium,
1413 2327 1485 2347 nunc
1497 2323 1652 2354 ctscmper,
1664 2322 1693 2346 ct
1703 2317 1790 2344 inca:-

993 2369 1052 2396 cula
1064 2369 1233 2396 saeculorum.
1249 2367 1345 2394 Amen.

1281 2431 1418 2459 ll0.\lll.|:\
1434 2431 1502 2458 XLI.

994 2490 1120 2526 Apparuit
1142 2493 1225 2516 autent
1248 2488 1314 2514 licus
1342 2487 1449 2513 Abi-ulta:
1466 2485 1535 2520 apud
1555 2492 1673 2518 quercum
1703 2483 1786 2509 Mam-

1030 2537 1072 2564 bre
1084 2557 1091 2568 ,
1105 2535 1205 2562 sedente
1222 2534 1276 2568 ipso
1289 2534 1322 2559 ad
1336 2534 1441 2568 juttuum
1457 2529 1612 2557 tabernaculi
1631 2528 1671 2555 sui
1684 2527 1791 2555 meridie

1031 2581 1115 2617 (Gen.
1132 2581 1174 2609 l8.
1192 2579 1236 2614 t).

1031 2638 1058 2665 l.
1071 2634 1278 2665 Cunctahundus
1299 2634 1387 2665 hodie,
1403 2640 1453 2660 nec
1467 2631 1610 2659 admodum
1635 2630 1730 2658 alacris
1754 2629 1788 2656 ad

995 2682 1143 2710 docendum
1161 2680 1395 2712 euarrandumquc
1416 2678 1524 2705 accedo.
1543 2675 1609 2704 Nam
1623 2682 1683 2702 cutn
1699 2679 1789 2702 mente

996 2732 1101 2763 reputo,
1111 2727 1187 2754 nobis
1195 2725 1313 2761 quotidie
1322 2723 1552 2755 concionautibns,
1571 2721 1788 2752 admonentibus,

995 2779 1023 2803 et
1036 2772 1172 2808 spiritualc
1187 2771 1239 2799 hoc
1253 2770 1327 2797 vobis
1341 2769 1492 2797 convivium
1504 2766 1708 2803 apponeutibus,
1723 2766 1791 2793 mul-

997 2825 1038 2848 tos
1064 2827 1097 2847 ex
1117 2819 1158 2846 his
1172 2817 1237 2852 ipsis
1262 2817 1307 2851 qui
1320 2815 1428 2849 adsunt,
1449 2820 1476 2842 et
1490 2813 1636 2850 Spiritnalis
1649 2812 1728 2847 hujus
1740 2811 1789 2839 do-

998 2866 1103 2901 ctrinm,
1116 2873 1147 2894 ac
1161 2863 1305 2894 tremendae
1319 2861 1496 2898 terribilisque
1511 2868 1612 2890 mensae
1632 2866 1694 2889 sunt
1704 2855 1788 2893 parti-
