2055 3123
268 166 319 195 ῑ⁸15

264 222 348 257 cipes,
368 224 439 248 totos
449 219 508 247 dies
523 219 549 247 in
561 217 712 254 spectandis
726 219 794 246 ludis
813 218 981 254 equestribus
996 225 1055 252 per-

264 267 346 298 dere,
373 270 401 294 et
426 265 536 300 perinde
559 269 639 300 atque
666 265 689 292 si
719 272 772 292 non
792 264 968 296 doceremus,
993 262 1057 290 nihil

264 311 405 347 prolicere,
416 311 464 339 sed
482 311 558 347 quasi
571 310 757 338 consuetudini
775 309 889 344 cuipiam
900 310 1057 342 servientes,

264 357 287 385 si
310 361 411 385 tantum
430 361 530 385 annuat
543 357 582 385 eis
597 356 730 389 diabolus,
750 363 797 383 sua
811 361 906 390 sponte
920 363 1059 384 accurrere

264 403 299 431 ad
313 403 394 440 impia
408 404 452 432 illa
475 403 638 439 spectacula,
653 408 679 431 et
699 403 803 437 seipsns
825 402 938 430 libenter
951 402 1057 437 malignl

265 449 395 477 dat-monis
416 449 561 485 illaqueare
575 449 687 482 retibus,
701 453 729 476 et
741 456 826 483 neque
837 452 953 475 nostram
968 447 1062 475 admo-

266 495 407 529 nitionem,
433 503 520 530 neque
544 495 690 530 periculum
713 495 809 528 ipsum,
834 501 920 528 neque
938 493 1058 521 inutilem

265 541 351 576 ipsam
362 540 601 576 irequentationem
615 540 745 568 doctrina:
758 540 817 566 loco
831 540 871 566 eis
882 547 942 567 esse
954 546 1034 574 posse
1051 548 1058 566 :

266 593 320 622 quo
334 593 400 621 ergo
411 587 522 622 posthac
534 587 624 613 animo
645 585 793 613 doctrinam
819 584 968 619 impertiam
997 584 1060 612 viris

268 640 303 661 ex
315 632 394 661 dictis
403 633 501 660 nostris
520 632 584 660 nihil
597 633 663 660 lucri
679 631 767 660 facere
778 631 966 666 cupientibus?
980 631 1014 658 Et
1027 639 1060 659 ne

268 678 384 706 mireris.
397 678 533 713 Siquidem
548 682 576 705 et
588 678 713 713 agricola,
726 684 786 705 eum
801 681 861 712 post
873 676 971 705 multos
984 677 1061 705 labo-

267 732 312 752 res
324 728 351 751 et
360 731 494 752 aerumnas
507 724 626 751 sterilem
644 723 715 750 videt
728 731 830 758 agrum,
855 730 941 758 neque
953 723 1060 758 dignam

267 770 403 798 laboribus
416 770 566 798 mercedem
590 769 757 803 reddentem,
781 769 889 805 segnior
906 770 939 797 ad
959 769 1061 805 jacien-

267 816 330 843 dum
345 823 447 848 semen,
461 823 514 844 non
526 816 581 851 pari
595 815 733 844 alacritate
744 816 933 851 agriculturam
942 821 1059 845 exercet.

267 862 298 890 Et
308 862 427 890 modicus
438 861 530 889 videns
541 861 674 889 inﬁrmum
685 862 740 890 suis
749 861 881 890 mandatis
893 870 946 890 non
959 862 1063 892 obtem-

267 916 372 943 perare,
394 908 442 935 sed
462 912 600 936 vacantem
620 908 739 943 quotidie
752 908 785 936 iis
798 916 858 944 qua:
877 909 999 936 morbum
1011 917 1061 936 au-

267 959 340 990 gent,
358 961 542 989 smpenumero
557 954 583 981 in
602 961 649 982 sua
663 954 736 981 illutn
756 954 914 989 aegritudine
927 955 1060 990 relinquit,

268 1006 297 1027 ut
311 1001 475 1035 experientia
491 1000 548 1035 ipsa
568 1004 656 1028 utatur
677 1000 814 1035 magistra,
834 1005 863 1028 ut
879 1008 911 1028 ea
932 1009 993 1036 qua:
1012 1002 1063 1029 sibi

268 1046 371 1080 prosint
389 1045 499 1073 ediscat.
520 1045 649 1073 Similiter
665 1050 692 1073 et
715 1046 760 1081 qui
786 1045 942 1081 disciplinas
965 1054 1063 1081 pueros

268 1091 375 1125 docent,
389 1092 511 1120 videntes
538 1092 596 1119 illos
624 1092 712 1127 priora
738 1099 875 1127 respuere,
899 1098 927 1120 et
948 1094 1064 1128 bjiccre

268 1145 362 1165 eorutn
377 1144 435 1172 qua:
450 1142 527 1164 antea
541 1137 629 1165 edocti
641 1142 703 1164 sum
716 1140 881 1170 memorlam,
899 1146 972 1173 tta-pe
983 1147 1063 1166 arer-

268 1188 362 1210 santur
371 1204 378 1214 ,
392 1183 432 1210 sic
444 1182 631 1217 negligentiam
647 1191 739 1210 eorum
752 1184 910 1217 cort'eeturi,
922 1188 948 1211 et
957 1184 991 1212 ad
1004 1192 1062 1212 ma-

268 1229 312 1264 jus
323 1228 438 1256 studium
456 1228 601 1256 reduccuri.

308 1275 450 1304 Scculares
472 1276 571 1302 labores
595 1284 652 1302 cum
676 1276 850 1311 spiritualibus
871 1283 1061 1313 comparantur.

270 1321 332 1348 Non
343 1321 479 1356 fraudetur
488 1321 609 1353 uteri-ede,
617 1323 660 1356 qui
669 1323 796 1349 auditores
808 1330 857 1350 non
869 1323 956 1358 ﬂectit.
966 1339 1000 1344 —
1010 1324 1062 1352 Ve-

269 1371 419 1394 rumtamen
428 1367 542 1402 agricola
549 1367 656 1402 quidem
664 1367 758 1395 merito
766 1369 873 1403 segnior
881 1376 953 1404 saepe
963 1370 1062 1404 evadit,

270 1413 330 1447 quia
346 1412 416 1440 videt
425 1413 551 1440 damnum
570 1420 647 1440 suum
664 1413 750 1448 majus
766 1413 833 1445 ﬁeri,
856 1419 947 1449 utpote
959 1416 1003 1450 qui
1023 1416 1064 1444 la-

270 1457 363 1485 borem
377 1463 404 1485 et
411 1463 532 1493 sumptus
546 1457 624 1490 ferat,
636 1463 663 1486 et
685 1459 814 1487 l‘ructibus
826 1460 994 1488 destitualur.
1011 1462 1065 1490 Me-

271 1505 347 1532 dicus
371 1510 458 1532 autent
474 1512 526 1532 non
543 1505 674 1533 itnmerito
693 1513 792 1541 aegrum
820 1514 891 1542 sirpe
916 1508 1039 1544 relinquit
1055 1517 1062 1536 :

270 1558 369 1585 corpus
390 1551 462 1578 enim
479 1555 519 1577 est
533 1551 602 1585 quod
615 1556 732 1584 curatur,
749 1556 775 1579 et
791 1556 900 1587 propter
912 1553 962 1581 hoc
975 1555 1065 1582 dimit-

271 1596 302 1623 tit
312 1617 320 1628 ,
333 1603 361 1623 nt
375 1596 475 1623 doloris
489 1597 608 1623 accessio
622 1597 648 1623 in
662 1596 746 1624 morbi
758 1605 867 1625 sensum
880 1599 969 1631 ducat,
986 1605 1013 1627 et
1025 1601 1065 1628 sic

271 1641 377 1669 tandem
388 1641 547 1669 medicinam
561 1649 612 1669 non
627 1647 745 1676 respuat.
758 1643 883 1676 Magister
895 1650 985 1673 autem
997 1646 1063 1681 ludi,

270 1695 304 1714 eo
317 1687 386 1722 quod
402 1691 490 1714 tenera
505 1691 566 1714 sunt
579 1692 667 1720 :rtate,
683 1688 781 1716 utiliter
795 1697 992 1725 nonnumquam
1009 1692 1064 1726 pla-

270 1734 310 1768 gis
326 1740 422 1768 pueros
439 1733 561 1768 casngat.
591 1732 689 1761 Verum
709 1742 758 1761 nos
774 1734 853 1762 hodie
876 1741 987 1764 cunctos
1003 1737 1065 1766 illos

270 1785 444 1814 superantes,
471 1779 521 1806 hoc
546 1787 655 1815 agemus
678 1785 707 1808 ut
726 1786 866 1816 paternum
889 1791 950 1817 erga
976 1784 1065 1819 lapsos

270 1832 389 1852 amorem
403 1825 579 1857 decium-mus,
595 1831 619 1852 et
641 1826 795 1858 doceamus,
812 1828 833 1854 si
854 1828 880 1854 in
907 1829 950 1855 illa
979 1830 1064 1865 negli-

270 1872 357 1907 gentia
373 1872 519 1899 manserint
532 1892 538 1904 ,
554 1879 601 1900 eos
621 1872 681 1900 inde
694 1873 823 1907 majorem
835 1874 1064 1905 condenmatLOnia

270 1925 377 1944 causam
404 1917 549 1944 habituros.
577 1917 644 1945 Nam
667 1919 783 1953 agricola
803 1919 909 1954 quidem
927 1928 980 1949 non
1008 1923 1064 1956 pari

271 1963 408 1990 alacritate
419 1963 532 1990 seminat
545 1983 553 1996 ,
567 1964 688 1998 cogitans
703 1969 825 1998 sumptus
838 1964 968 1994 hactenus
982 1968 1064 1996 luisse

271 2009 379 2038 inutiles
393 2019 400 2038 :
414 2017 463 2037 nos
475 2016 563 2038 autem
580 2011 614 2037 ab
629 2003 679 2038 hac
700 2018 763 2038 cura
778 2011 853 2039 liberi
878 2020 979 2040 sumus.
997 2013 1064 2042 Nam

272 2056 334 2084 licet
351 2056 424 2090 jaeto
437 2056 566 2090 spirituaii
586 2057 688 2084 semine
699 2077 706 2090 ,
720 2057 754 2085 ob
769 2057 918 2086 auditorum
934 2059 1063 2094 ignaviam

271 2102 386 2129 fructum
400 2109 451 2129 non
464 2102 610 2137 capiamus,
623 2103 740 2137 perfecta
763 2104 839 2132 nobis
862 2109 949 2132 tamen
977 2106 1064 2134 l'ntnra

272 2155 377 2175 merces
392 2155 400 2175 ε
413 2148 552 2182 pecuniam
575 2149 645 2175 enim
661 2148 842 2176 concrcditam
866 2151 1042 2186 expendimus
1054 2173 1062 2187 ,

271 2197 300 2221 et
314 2193 467 2220 mandatum
485 2194 590 2221 Domini
607 2194 775 2228 implevimus
791 2200 937 2223 :caeterum
954 2199 1064 2232 posthac

271 2238 407 2265 auditores
433 2238 562 2265 ratiunem
585 2238 697 2266 reddent
715 2240 739 2266 ei
761 2239 806 2273 qui
829 2241 980 2268 concredita
1002 2251 1063 2271 eum

272 2293 353 2312 usura
371 2285 532 2320 repetiturus
557 2290 609 2313 est.
626 2285 723 2312 Verum
737 2285 788 2312 hoc
809 2293 859 2313 nos
874 2294 925 2314 non
938 2289 1066 2317 conside-

272 2339 372 2364 ramus,
386 2339 433 2359 nos
446 2335 519 2359 extra
539 2331 664 2358 damnum
677 2338 747 2363 esse,
763 2336 790 2358 et
803 2332 873 2366 quod
888 2339 1007 2361 nostrum
1023 2339 1066 2362 est

273 2378 386 2414 implere
402 2387 409 2406 :
423 2378 470 2405 sed
485 2378 606 2404 voltnnus
622 2381 650 2403 ut
664 2381 691 2403 ct
711 2384 758 2404 vos
772 2385 805 2404 ex
824 2377 998 2407 dinumeratis
1017 2389 1063 2415 pe—

271 2425 357 2451 cuniis
372 2424 483 2451 multum
506 2422 686 2458 negoticmini,
711 2427 739 2450 ut
753 2431 786 2451 ne
807 2423 912 2451 obnoxii
926 2425 984 2453 sitis
999 2435 1065 2462 sup—

273 2470 350 2504 plicio
368 2468 439 2504 quod
454 2469 501 2495 luit
515 2469 558 2495 ille
572 2471 615 2502 qui
631 2468 756 2495 talentntn
768 2469 924 2501 recondidit,
939 2475 966 2497 et
978 2471 1057 2498 domi-

272 2516 358 2543 nicam
374 2514 513 2550 pecuniam
535 2522 587 2540 non
600 2514 685 2540 solum
703 2522 755 2541 non
771 2514 964 2550 multiplicavit,
979 2517 1025 2544 sed
1037 2522 1065 2544 et

272 2561 355 2596 ipsam
378 2561 405 2587 in
420 2565 489 2587 terra
503 2559 613 2588 defodit.
627 2559 705 2587 Tales
725 2564 796 2594 sunt,
810 2561 854 2595 qui
866 2560 993 2589 doctrinae
1005 2570 1063 2589 ser-

272 2614 364 2634 mones
388 2606 498 2633 andiunt
523 2605 672 2641 (talentum
696 2606 766 2633 enim
791 2606 841 2634 hoc
856 2613 932 2634 vocat
945 2611 972 2635 et
986 2615 1065 2642 pecu-

271 2652 377 2689 niam),
403 2659 488 2686 neque
509 2659 615 2687 operam
640 2652 704 2679 dant
731 2657 759 2679 ut
778 2652 892 2679 fructum
912 2652 1024 2680 all‘erant
1036 2657 1064 2680 et

271 2697 385 2726 multum
416 2697 593 2732 negotiantur.
619 2697 671 2726 Sed
703 2697 770 2724 forte
796 2697 891 2724 dixerit
912 2698 1062 2732 quispiam,

272 2744 423 2781 parabolam
441 2743 518 2771 Istam
543 2744 702 2771 talentorum
726 2743 760 2771 de
780 2743 934 2771 doctoribus
948 2752 1007 2771 esse
1020 2744 1062 2770 di-

271 2795 353 2819 ctam.
367 2790 393 2818 ld
408 2797 458 2826 ego
472 2798 576 2825 quoque
589 2790 682 2818 fateor.
699 2789 798 2817 Verum
811 2790 832 2817 si
847 2789 991 2825 diligenter
1002 2797 1061 2818 eam

270 2837 439 2871 scrutcmini,
458 2836 548 2866 scietis
566 2836 704 2865 doctorum
720 2836 825 2871 quidem
846 2836 963 2864 ofﬁcium
984 2844 1060 2871 esse,

266 2884 441 2913 dinumerare
452 2878 589 2920 pEcuniam
605 2891 612 2910 :
627 2882 673 2912 sed
689 2889 736 2910 vos
747 2889 798 2910 non
813 2882 899 2910 solum
912 2881 1059 2918 depositam

641 164 668 192 S.
688 163 828 192 JOANNIS
845 161 1083 191 CHRYSOSTOMI
1104 161 1261 190 ABIIIIIEP.
1281 162 1550 192 CONSTANTINOP.
1856 165 1906 196 376

1116 217 1271 250 custodire,
1299 217 1347 246 sed
1371 219 1451 246 etiam
1475 218 1602 254 negotiari
1634 219 1748 247 debetis.
1775 220 1852 255 Quod
1880 229 1906 250 ut

1112 262 1215 296 discas,
1232 270 1320 298 operae
1334 266 1447 298 pretium
1460 264 1538 292 fuerit
1557 272 1616 292 eam
1630 265 1655 292 in
1671 266 1786 294 medium
1800 265 1904 295 alfcrre.

1113 308 1303 344 Paterfamilias
1325 310 1445 344 quidam,
1471 310 1564 346 inquit,
1598 319 1700 347 peregre
1727 312 1906 347 proﬁciscens.

1111 356 1206 382 t-ocatn't
1218 363 1301 383 servos
1312 365 1381 389 suos,
1397 361 1420 384 et
1431 356 1499 383 dedit
1511 357 1556 384 uni
1565 357 1665 392 quidem
1679 358 1774 386 talenta
1789 359 1907 395 quinque,

1112 399 1158 426 alii
1184 405 1268 428 au'em
1288 401 1349 433 duo,
1373 402 1419 429 alii
1441 410 1499 429 vero
1519 411 1606 430 unum.
1623 403 1687 431 Post
1701 405 1809 433 multum
1826 411 1907 433 autem

1113 449 1220 480 tempus.
1242 455 1300 474 cum
1324 447 1464 475 advenisset
1490 448 1553 484 ipse,
1573 455 1692 477 venerunt
1715 451 1780 478 servi
1794 459 1804 479 :
1818 456 1842 479 et
1868 452 1911 479 ille

1112 491 1212 525 quidem
1226 492 1269 526 qni
1292 498 1423 527 acceperat
1441 493 1551 528 quinque
1563 495 1668 528 talenta,
1685 496 1788 523 accessit
1803 497 1910 524 dicens:

1112 536 1230 570 Domine,
1246 538 1355 573 quinque
1367 539 1460 566 talenta
1479 540 1607 567 tradidisti
1621 541 1693 576 mihi,
1705 550 1761 569 ecce
1768 543 1820 570 alia
1842 544 1911 578 quin—

1112 591 1161 616 que
1174 584 1267 610 talenta
1283 583 1474 619 superlucratua
1487 593 1543 612 sunt
1566 585 1678 622 (Matth.
1692 587 1737 616 25.
1751 588 1795 616 IL
1808 588 1851 616 15.
1867 589 1909 616 ω.

1112 627 1176 661 20).
1193 628 1285 664 Magna
1303 630 1372 657 servi
1391 631 1476 665 gratia
1490 634 1518 658 et
1532 631 1660 666 probitas,
1683 633 1756 668 larga
1771 634 1851 662 etiam
1863 634 1911 661 do-

1114 675 1178 702 mini
1197 675 1355 711 benignitas.
1373 677 1405 704 Et
1427 678 1490 713 quid
1506 678 1589 706 dicit?
1611 678 1693 714 Euge,
1711 688 1781 707 serve
1805 680 1869 708 bane
1888 680 1916 707 rt‘

1113 721 1207 755 ﬁdelis,
1222 729 1299 756 super
1312 729 1394 757 pauca
1408 723 1480 758 fuisti
1491 723 1585 758 ﬁdelis,
1601 732 1677 760 super
1690 725 1769 752 multa
1783 731 1806 753 te
1820 727 1910 753 (οηειί-

1114 772 1183 794 tuam
1194 775 1204 794 :
1213 767 1344 803 ingredere
1356 768 1382 796 in
1394 769 1516 804 gaudium
1528 770 1622 797 domini
1635 770 1672 797 tui
1681 770 1786 806 (Matth.
1796 771 1841 800 25.
1852 772 1907 806 21).

1114 812 1257 847 Quoniam,
1272 813 1367 849 inquit,
1383 815 1409 842 in
1421 815 1453 842 iis
1467 823 1526 850 quae
1547 815 1592 844 tibi
1605 816 1705 844 credita
1717 821 1790 851 sunt,
1805 822 1908 853 gratum

1115 867 1171 894 pra:
1186 865 1213 887 te
1225 860 1309 888 tulisti
1322 861 1452 894 anitnum,
1465 861 1560 897 dignus
1581 869 1612 889 es
1632 862 1675 890 cui
1696 867 1724 889 et
1740 863 1840 898 majora
1855 868 1909 890 tra-

1114 904 1222 932 dantur.
1242 905 1352 933 Accmit
1366 912 1450 933 autem
1469 911 1493 934 et
1515 907 1558 942 qui
1585 907 1636 934 duo
1653 907 1748 934 talenta
1765 914 1908 944 acceperat,

1115 950 1201 978 dicens
1216 961 1225 979 :
1240 950 1332 979 Nonne
1348 952 1400 979 duo
1414 952 1509 979 talenta
1523 953 1585 979 nti/ti
1600 953 1750 981 tradidisti?
1772 953 1840 982 Ecce
1860 956 1911 982 alia

1116 997 1167 1024 duo
1182 997 1293 1024 lucratus
1314 1007 1370 1026 sum
1390 999 1493 1034 insuper
1508 999 1596 1035 (Ibid.
1613 1009 1638 1027 υ.
1651 999 1716 1036 22).
1728 1000 1822 1035 Magna
1834 1001 1911 1036 hujus

1116 1051 1223 1079 quoque
1233 1044 1303 1072 circa
1319 1046 1443 1080 pecunias
1456 1045 1557 1073 domini
1574 1046 1614 1073 sui
1626 1054 1688 1074 cura
1700 1051 1728 1074 et
1742 1047 1910 1079 sollicitudo;

1118 1090 1188 1118 unde
1199 1095 1227 1118 et
1240 1091 1334 1119 eadem
1348 1099 1407 1126 quin
1420 1092 1542 1127 superior
1564 1093 1676 1120 meritus
1701 1099 1752 1121 est.
1776 1093 1810 1121 Et
1831 1103 1911 1129 quare

1117 1135 1162 1163 ille
1171 1136 1216 1172 qui
1227 1137 1280 1164 duo
1290 1137 1377 1164 attulit
1388 1137 1496 1172 talenta,
1508 1138 1630 1167 eumdem
1643 1140 1816 1175 consequitur
1827 1141 1910 1167 honu-

1118 1189 1185 1214 rem,
1200 1189 1279 1217 quem
1297 1182 1339 1210 ille
1346 1183 1390 1218 qui
1404 1183 1499 1211 talenta
1511 1184 1628 1219 quinque
1639 1185 1784 1213 attulerat?
1798 1185 1892 1213 Merito
1905 1197 1911 1214 :

1118 1229 1296 1256 accretionem
1315 1229 1386 1256 enim
1402 1233 1430 1256 et
1454 1229 1665 1258 imminutionem
1691 1239 1744 1258 non
1767 1231 1809 1259 vel
1835 1232 1913 1266 hujus

1118 1274 1270 1310 diligentia,
1284 1274 1324 1302 vel
1338 1274 1407 1302 illius
1425 1275 1586 1310 negligentia
1597 1275 1671 1309 fecit,
1687 1277 1734 1305 sed
1747 1278 1913 1305 concreduo-

1118 1329 1178 1349 rum
1190 1321 1296 1349 modus.
1309 1321 1375 1349 Nam
1388 1322 1459 1357 quod
1474 1322 1507 1349 ad
1533 1322 1696 1357 diligentiam
1709 1325 1816 1358 attinet,
1835 1325 1913 1351 ambo

1117 1375 1195 1403 pares
1207 1367 1333 1401 fuerunt;
1355 1368 1467 1403 proinde
1488 1372 1515 1396 et
1537 1369 1658 1397 eamdem
1671 1371 1912 1398 remuneratiom-nt

1117 1413 1187 1440 nacti
1205 1417 1276 1441 sunt.

1149 1458 1176 1485 2.
1191 1458 1288 1487 Verum
1300 1459 1370 1487 alitts
1388 1459 1432 1487 ille
1453 1459 1518 1487 nihil
1547 1460 1599 1487 tale
1627 1460 1726 1488 fecerat
1741 1460 1808 1489 :sed
1832 1463 1912 1497 quid?

1118 1505 1247 1536 Accessit.
1261 1505 1352 1532 dicens
1366 1513 1374 1533 :
1386 1506 1496 1541 Cognovi
1514 1511 1547 1539 te,
1561 1506 1628 1542 quod
1649 1511 1765 1534 austeras
1779 1507 1855 1535 homo
1868 1509 1910 1541 sis,

1118 1557 1212 1579 metens
1222 1551 1265 1578 ubi
1278 1559 1329 1578 non
1347 1552 1485 1586 seminasti,
1501 1557 1524 1579 et
1535 1560 1689 1589 congregans
1700 1554 1741 1580 ubi
1754 1563 1804 1581 non
1815 1556 1911 1590 sparsi-

1117 1598 1150 1625 sti
1165 1605 1176 1625 .'
1190 1602 1212 1625 et
1239 1602 1351 1625 metuens
1373 1597 1423 1624 abii
1445 1602 1469 1624 et
1493 1598 1618 1625 occultavi
1641 1599 1760 1626 talentum
1782 1600 1809 1626 in
1836 1606 1911 1628 terra.

1117 1643 1184 1671 Ecce
1198 1643 1273 1670 habes
1286 1644 1352 1679 quod
1371 1648 1442 1670 tuum
1463 1648 1498 1670 cst
1513 1643 1600 1680 (Ibid.
1616 1652 1640 1670 υ.
1662 1645 1707 1672 24.
1723 1645 1788 1679 25).
1802 1645 1826 1672 0
1839 1646 1914 1673 mali-

1119 1691 1182 1716 tiam
1205 1688 1311 1716 l'amuli!
1335 1696 1351 1715 ο
1371 1696 1501 1716 summam
1527 1689 1739 1724 improbitatem!
1753 1699 1806 1718 non
1827 1691 1910 1718 solum

1118 1735 1185 1763 nihil
1212 1735 1361 1770 negotiatus
1384 1739 1426 1762 est
1448 1743 1482 1763 ex
1502 1735 1600 1762 talento
1615 1735 1666 1763 sibi
1688 1736 1802 1769 credito,
1818 1737 1865 1764 sed
1887 1742 1913 1764 et

1118 1788 1166 1816 pro
1179 1781 1279 1808 talento
1300 1781 1496 1808 accusationem
1511 1781 1610 1808 attulit.
1626 1780 1662 1807 Ita
1684 1782 1755 1810 enim
1770 1782 1841 1810 solet
1856 1790 1912 1809 ma-

1119 1827 1190 1858 litia;
1206 1826 1364 1854 obtenebrat
1385 1826 1515 1853 rationem
1530 1831 1558 1854 et
1576 1834 1637 1854 eum
1652 1826 1697 1861 qui
1712 1827 1795 1854 semel
1809 1835 1824 1854 a
1842 1832 1911 1855 recta

1117 1872 1158 1898 via
1174 1877 1215 1898 est
1240 1879 1359 1903 aversus,
1389 1871 1415 1898 in
1437 1872 1582 1906 praccipitia
1604 1872 1721 1907 conjicit.
1745 1872 1807 1900 llaec
1825 1878 1912 1901 autem

1117 1917 1206 1944 omnia
1219 1916 1253 1944 de
1266 1916 1400 1952 magistris
1409 1916 1480 1944 dicta
1495 1921 1568 1950 sunt,
1588 1922 1615 1943 nt
1629 1917 1725 1945 taleam
1739 1917 1790 1945 sibi
1800 1925 1911 1946 concre-

1117 1964 1171 1992 dita
1185 1971 1238 1991 non
1251 1963 1426 1995 abscondant,
1440 1963 1487 1991 sed
1503 1963 1574 1990 omni
1593 1963 1725 1998 diligentia
1739 1963 1845 1991 discere
1865 1971 1911 1991 cu-

1118 2009 1251 2044 pientibus
1274 2012 1419 2043 apponant.
1442 2008 1539 2035 Verum
1558 2008 1685 2043 deinceps
1697 2008 1758 2036 audi
1773 2029 1781 2040 ,
1795 2008 1891 2036 dilecte
1902 2030 1910 2042 ,

1117 2062 1150 2082 ex
1166 2054 1348 2088 indignatione
1359 2060 1420 2088 erga
1433 2053 1517 2086 illum,
1531 2053 1666 2089 quomodo
1681 2054 1761 2080 etiam
1776 2054 1911 2081 auditores

1117 2100 1156 2128 rei
1170 2100 1295 2133 evadant,
1312 2104 1339 2127 et
1353 2107 1406 2127 non
1430 2100 1514 2126 solum
1535 2099 1580 2126 illa
1607 2104 1761 2134 repetantur
1774 2107 1834 2135 quae
1846 2107 1911 2127 con-

1116 2147 1218 2175 credita
1231 2151 1302 2180 sunt,
1319 2147 1367 2174 sed
1380 2150 1476 2174 etcum
1492 2153 1571 2173 usura
1585 2147 1751 2174 exactionem
1767 2147 1909 2181 patiantur.

1116 2192 1186 2227 Quid
1203 2193 1282 2228 igitur
1306 2192 1371 2220 dicit
1395 2192 1433 2219 illi
1456 2192 1597 2219 dominus?
1612 2191 1690 2219 Serve
1700 2200 1807 2227 nequam
1822 2193 1832 2226 (
1844 2191 1909 2219 Ibid.

1117 2246 1142 2266 υ.
1156 2238 1222 2274 26).
1244 2238 1385 2266 Terribilis
1400 2237 1557 2273 indignatio,
1583 2241 1611 2265 et
1634 2237 1715 2265 minus
1731 2238 1851 2265 valentes
1866 2246 1911 2273 per

1117 2284 1307 2320 sepercellere
1330 2284 1459 2311 animum.
1485 2284 1598 2316 Sciebas,
1614 2284 1707 2318 inquit,
1730 2284 1798 2319 quod
1821 2290 1912 2310 metum

1118 2331 1160 2358 ubi
1184 2339 1236 2358 non
1256 2329 1388 2362 semineci,
1414 2334 1437 2356 et
1463 2338 1611 2365 congregem
1637 2330 1680 2356 ubi
1706 2338 1757 2356 non
1779 2330 1887 2363 dispersi
1902 2337 1912 2357 :

1118 2376 1247 2412 oportebat
1268 2376 1346 2411 igitur
1363 2379 1386 2401 te
1409 2375 1542 2410 pecuniam
1563 2383 1645 2402 meam
1663 2375 1824 2402 dinumerare
1843 2384 1911 2402 men-

1117 2423 1209 2453 sariis,
1230 2427 1254 2448 et
1279 2430 1324 2457 ego
1341 2429 1398 2448 cum
1422 2421 1554 2454 venissem,
1580 2428 1637 2447 cum
1650 2422 1747 2456 fanore
1759 2413 1912 2456 reticuissem

1115 2467 1199 2494 illam.
1212 2467 1354 2494 Pecuniam
1369 2472 1446 2494 vocat
1456 2467 1561 2501 eloquia
1575 2467 1701 2501 pretiosa,
1717 2467 1911 2494 nummularius

1117 2518 1206 2540 autem
1227 2521 1274 2541 vos
1299 2515 1344 2549 qui
1360 2513 1505 2548 suscipitis.
1521 2513 1607 2540 Tuum
1623 2513 1731 2548 quidem
1744 2513 1842 2547 fuerat,
1858 2515 1910 2546 ait,

1118 2563 1220 2586 tantum
1234 2559 1414 2593 dinumerare,
1441 2567 1530 2587 meum
1544 2564 1633 2587 autem
1645 2564 1767 2594 repetere
1791 2559 1826 2587 ab
1842 2561 1893 2587 illis
1903 2581 1909 2591 ,

1118 2612 1171 2632 non
1197 2605 1284 2632 solum
1305 2604 1484 2638 dinumerata,
1505 2604 1552 2632 sed
1565 2610 1591 2632 et
1611 2612 1728 2632 usuram.
1744 2605 1856 2639 Videtis,
1872 2606 1915 2632 di-

1117 2651 1190 2683 lecti,
1203 2653 1318 2686 qdantus
1333 2651 1360 2678 in
1371 2651 1449 2679 dictis
1464 2656 1562 2680 terror.
1577 2651 1647 2687 Quid
1663 2659 1726 2687 ergo
1745 2652 1845 2685 dicent,
1868 2653 1909 2686 qui

1116 2697 1268 2726 concredita
1287 2705 1395 2726 servare
1414 2698 1561 2733 negligunt,
1574 2698 1680 2733 quando
1690 2698 1770 2725 etiam
1785 2706 1863 2726 usura
1878 2698 1910 2725 ab

1116 2744 1156 2772 eis
1178 2744 1321 2779 requiritur
1332 2744 1343 2771 ?

1153 2789 1238 2818 Usnra
1254 2798 1300 2816 cur
1314 2789 1450 2825 pro/libita.
1473 2804 1501 2809 —
1515 2789 1548 2819 Et
1567 2789 1628 2819 vide
1650 2789 1844 2818 humanitatem
1862 2791 1909 2818 Do-

1115 2835 1191 2864 mini.
1206 2835 1234 2863 ln
1249 2835 1289 2862 his
1300 2835 1473 2863 sensibilibus
1494 2836 1615 2872 pecuniis
1634 2835 1770 2871 prohibuit
1795 2844 1830 2863 ne
1851 2836 1909 2871 quis

1118 2889 1224 2909 usuram
1238 2881 1380 2917 acciperet.
1400 2881 1498 2916 Quare,
1516 2886 1544 2909 et
1555 2881 1590 2911 ob
1610 2889 1690 2918 quam
1703 2888 1811 2911 causam
1821 2882 1833 2909 t
1843 2881 1906 2915 Quia
