2055 3123
141 117 197 145 375

142 175 212 210 κτῆς
231 180 278 201 και
300 174 418 210 φοϐερᾶς
438 172 592 209 τραπέζης,
618 172 663 200 ἐπὶ
682 172 731 204 τὰς
752 172 931 209 ἱπποδρομίας

141 215 345 252 διημερεύουσι.
363 214 410 243 καὶ
424 215 499 242 οὐδὲν
507 215 599 246 αὐτοῖς
612 213 691 241 πλέον
703 214 757 241 ἀπὸ
770 215 819 250 τῆς
835 215 933 250 ἡμετέ-

143 266 194 294 ρας
211 257 356 292 γεγένηται
373 256 500 292 σπουδῆς,
519 255 587 283 ἀλλὰ
601 256 727 292 καθάπερ
741 256 869 292 συνηθείᾳ
881 256 933 283 τιν)⁸

142 298 222 336 [HI]
232 299 403 331 δουλεύοντες
413 320 420 331 ,
438 298 549 326 ἐπειδὰν
569 298 651 334 νεύσῃ
670 299 749 334 μόνον
762 299 776 325 0
793 299 914 330 διάϐολος
924 319 931 331 ,

142 341 292 376 αὐτόματοι
303 340 461 368 σπεύδουσιν
469 340 515 367 ἐπὶ
524 340 558 368 τὰ
567 341 712 376 παράνομα
721 341 811 367 ἐκεῖνα
821 340 932 376 θέατρα,

143 383 192 409 καὶ
210 383 322 414 ἑαυτοὺς
349 383 458 414 ἑκόντες
480 383 536 414 τοῖς
551 382 668 413 δικτύοις
688 381 868 408 ὑποϐάλλουσι
886 382 933 408 τοῦ

142 423 264 460 πονηροῦ
277 424 413 460 δαίμονος.
425 425 472 450 καὶ
485 423 547 450 οὔτε
561 424 681 460 ἡμετέρα
693 423 904 454 νουθεσία,·οῡτε
915 425 932 459 ἡ

144 467 227 501 πεῖρα
242 466 322 501 αὑτὴ,
338 465 385 492 καὶ
403 466 433 492 τὸ
447 466 575 501 ἀνόνητον
593 466 643 501 τῆς
658 467 716 492 ἐκεῖ
727 465 878 501 διατριϐῆς,
896 466 935 491 δι-

143 507 292 538 δασκαλίας
306 508 398 539 αὐτοῖς
412 507 541 539 ὑπόθεσις
555 507 650 541 γέγονε
661 515 667 523 ·
681 508 746 543 ποίᾳ
759 507 851 533 λοιπὸν
866 516 932 543 προ-

145 549 231 585 θυμία
255 549 286 575 τὰ
309 549 359 584 τῆς
384 548 557 580 διδασκαλίας
577 550 721 584 ποιήσαιμι
744 549 814 585 πρὸς
836 548 934 585 ἄνδρας

143 591 222 618 οὐδὲν
239 591 389 626 κερδαίνειν
403 591 579 626 βουλομένους
597 592 629 618 ὲκ
646 592 699 619 τῶν
718 591 782 627 παρ’
798 590 876 626 ἡμῶν
895 589 935 616 λε-

145 633 284 668 γομένων;
307 631 361 659 Καὶ
390 632 427 667 μὴ
454 632 605 668 θαυμάσῃς.
634 633 711 659 Ἐπεὶ
737 633 784 659 καὶ
802 632 933 668 γηπόνος,

145 674 255 701 ἐπειδὰν
280 674 322 711 ἴδῃ
347 674 414 709 μετὰ
430 675 527 705 πόνους
549 674 660 705 πολλοὺς
680 674 727 700 καὶ
750 673 935 708 ταλαιπωρίας

145 716 242 750 ἄγονον
257 716 402 751 γινομένην
417 715 466 752 τὴν
483 716 544 751 γῆν,
563 716 609 742 καὶ⁴
622 716 672 743 οὐκ
688 716 766 749 ἀξίαν
778 715 831 741 τῶν
847 715 935 741 πόνων

145 758 195 793 τὴν
209 757 324 792 ἀμοιϐὴν
340 757 540 793 παρεχομένην,
551 758 731 793 ὀκνηρότερος
746 758 851 791 γίνεται
872 756 935 791 περὶ

144 800 195 835 τὴν
211 799 265 825 τῶν
280 800 445 834 σπερμάτων
457 799 618 834 καταϐολὴν,
633 800 681 826 καὶ
691 800 742 826 οὐκ
752 799 790 825 έτι
803 798 872 834 μετὰ
885 797 934 832 τῆς

145 841 231 876 αὐτῆς
260 840 412 876 προθυμίας
442 841 492 875 τῆς
517 843 652 876 γεωργίας
675 841 854 868 καθάπτεται,
880 838 935 866 Καὶ

147 882 240 917 lam);
259 882 287 908 δὲ
302 882 409 908 ἐπειδὰν
429 882 472 918 ῐδῃ
491 882 539 909 τὸν
562 882 702 918 ἄρρωστον
723 882 761 918 μὴ
775 882 935 917 πειθόμενον

145 922 230 949 αὐτοῦ
243 924 298 954 τοῖς
313 923 508 959 ἐπιτάγμασιν,
524 923 592 951 ἀλλὰ
606 924 654 960 τὴν
672 925 748 951 νόσον
765 923 857 957 αὔξειν
874 923 935 951 καθ’

145 965 265 1000 ἑκάστην
276 965 477 1000 ἐπιτηδεύοντα,
493 966 623 997 πολλάκις
635 966 745 1001 ἀφίησιν
759 967 936 1001 ἐναπομείναι

145 1009 178 1043 τῇ
199 1007 278 1043 νόσῳ,
294 1008 338 1034 ἴνα
353 1007 421 1043 αὑτὴ
431 1009 448 1042 ή
461 1009 543 1044 πεῖρα
558 1008 717 1040 διδάσκαλος
736 1008 809 1044 αὑτῷ
824 1009 936 1043 γένηται

144 1049 201 1075 τῶν
215 1049 418 1085 συμφερόντων.
432 1049 488 1077 Καὶ
501 1050 526 1077 οἰ
537 1050 571 1077 τὰ
587 1050 737 1086 μαθήματα
752 1051 780 1077 δὲ
797 1051 859 1082 τοὺς
874 1052 936 1077 παῖ-

145 1092 195 1123 δας
213 1091 434 1124 ἐκπαιδεύοντες,
451 1092 560 1119 ἐπειδὰν
587 1092 662 1119 ἰδωσι
686 1092 719 1119 τὰ
736 1094 856 1128 πρότερα
869 1094 936 1119 άπο-

147 1134 292 1166 πτύοντας,
302 1134 349 1160 καὶ
361 1133 409 1169 τὴν
422 1135 531 1170 μνήμην
542 1133 596 1160 τῶν
608 1134 658 1170 ήδη
673 1134 804 1161 δοθέντων
819 1134 937 1161 ἀποϐάλ-

146 1176 251 1207 λοντας.
265 1176 393 1207 πολλάκις
407 1175 622 1211 ἀποστρέφονται
635 1176 683 1211 τὴν
696 1182 709 1196 ι
722 1176 856 1212 ρᾳθυμίαν
866 1176 937 1212 διορ-

146 1217 291 1252 θούμενοι.
308 1218 355 1244 καὶ
384 1217 450 1252 πρὸς
467 1217 583 1254 σπουδὴν
608 1217 717 1245 πλείονα
743 1218 934 1252 ἐπανάγοντες.

155 1259 222 1286 Ἀλλ’
233 1260 247 1285 ό
264 1260 312 1294 μὲν
327 1260 444 1294 γηπόνος
454 1260 566 1292 εἰκότως
573 1258 751 1296 ὀκνηρότερος
762 1260 865 1294 γίνεται
875 1260 936 1287 πολ-

144 1302 236 1334 λάκις,
252 1301 345 1337 ἐπειδὴ
358 1299 428 1328 οἶδεν
444 1302 484 1328 ὃτι
497 1302 532 1328 τὰ
544 1304 593 1336 τῆς
608 1301 709 1337 ζημίας
720 1302 793 1338 αύτῷ
806 1303 937 1329 ἐπιτείνε-

145 1353 203 1376 ται,
218 1345 282 1371 ὅταν
295 1345 340 1371 τὸν
359 1345 408 1379 μὲν
424 1344 505 1371 πόνον
521 1345 568 1371 καὶ
592 1345 641 1381 τὴν
657 1345 778 1381 δαπάνην
795 1345 917 1381 ὑπομένῃ
927 1366 934 1378 ,

146 1387 203 1414 τῶν
222 1387 250 1414 δὲ
274 1387 389 1422 καρπῶν
408 1387 603 1423 ἀποστερῆται.
628 1387 679 1413 Καὶ
704 1389 718 1413 0
734 1388 825 1423 ἰατρὸς
844 1387 872 1414 δέ
887 1387 936 1414 οὐκ

146 1428 300 1460 ἀπεικότως
311 1428 469 1455 καταλείπει
480 1429 609 1460 πολλάκις
624 1429 669 1456 τὸν
686 1429 842 1465 ἆρῤωστοψ
858 1430 937 1465 σῶμα

146 1471 203 1507 γάρ
224 1472 283 1497 ἐστι
296 1471 326 1497 τὸ
348 1470 574 1506 θεραπευόμενον,
591 1471 638 1498 καὶ
660 1471 704 1498 διὰ
719 1470 798 1498 τοῦτο
812 1471 935 1507 ἀφίησιν,

148 1513 191 1539 ἕνα
206 1513 222 1548 ή
236 1512 287 1547 τῆς
303 1511 398 1546 ὀδύνης
413 1513 538 1544 ἐπίτασις
552 1513 748 1549 παρασκευάσῃ
761 1514 800 1544 εἰς
810 1513 936 1549 αἴσθησιν

145 1554 196 1589 τῆς
208 1555 286 1580 νόσου
301 1553 386 1580 ἐλθεῖν
398 1553 445 1580 καὶ
456 1553 527 1580 οὕτω
537 1554 586 1589 τὴν
597 1554 717 1589 ἰατρείαν
728 1555 935 1588 καταδέξασθαι.

147 1596 204 1622 Καὶ
215 1596 229 1621 0
244 1594 299 1622 τῶν
323 1595 424 1622 παίδων
442 1594 600 1627 διδάσκαλος
611 1595 654 1622 διὰ
666 1595 696 1622 τὸ
712 1596 805 1628 ἀτελὲς
819 1596 867 1632 τῆς
876 1596 936 1631 ήλι-

147 1635 209 1668 κίας
226 1636 417 1672 συμφερόντως
432 1636 563 1668 πολλάκις
577 1637 625 1668 τὰς
640 1637 747 1671 πληγὰς
762 1638 935 1665 ἐπανατείνε-

146 1687 190 1705 ται
202 1679 259 1709 τοῖς
271 1678 376 1705 παισίν.
389 1678 458 1705 Ἀλλ’
468 1678 548 1714 ήμεῖς
561 1679 681 1715 σήμερον
689 1679 800 1712 τούτους
813 1680 936 1712 ἅπαντας

148 1719 397 1755 ὑπερϐαλλόμενοι,
425 1720 690 1755 παρασκευαζόμεθα
710 1721 845 1757 πατρικὴν
867 1722 938 1756 φιλο-

149 1762 278 1798 στοργίαν
301 1763 364 1797 περὶ
383 1762 446 1794 τοὺς
470 1762 632 1794 ὲπταικότας
659 1763 861 1795 ἐπιδείξασθαι,
889 1764 937 1791 κα)⁸

146 1803 252 1836 διδάξαι
264 1804 361 1835 αὐτοὺς
372 1803 425 1835 ὅτι,
436 1805 459 1830 εἰ
474 1804 628 1838 ἐπιμένοιεν
640 1804 669 1830 ἐν
681 1806 713 1840 τῇ
723 1805 791 1840 αὐτῇ
804 1805 935 1841 ῥᾳθυμίᾳ,

148 1845 228 1872 τοῦτο
251 1845 317 1872 αὐτὸ
342 1845 465 1880 μείζονος
489 1846 579 1877 αὐτοῖς
606 1846 792 1882 κατακρίσεως
810 1846 938 1878 ὑπόθεσις

148 1887 235 1914 ἐσται.
255 1887 284 1913 ’0
299 1887 346 1922 μὲν
363 1887 416 1922 γὰρ
436 1887 553 1922 γηπόνος
573 1887 603 1913 οὐ
623 1888 690 1923 μετὰ
706 1888 754 1923 τῆς
770 1889 855 1924 αὐτῆς
872 1897 938 1925 προ-

148 1929 247 1962 θυμίας
258 1928 422 1955 καταϐάλλει
432 1928 466 1955 τὰ
477 1929 631 1965 σπέρματα,
645 1929 694 1964 τὴν
706 1929 828 1965 δαπάνην
839 1930 937 1957 ἐννοῶν

148 1970 208 2005 εἰκῆ
229 1971 275 1997 καὶ
292 1970 379 2005 μάτην
403 1970 453 2006 ἤδη
476 1971 674 2006 γεγενημένην·
697 1972 776 2007 ἡμεῖς
791 1972 820 1999 δὲ
836 1972 938 2007 ταύτης

148 2011 348 2047 ἀπηλλάγμεθα
368 2011 418 2046 τῆς
439 2011 568 2045 ἀγωνίας.
591 2012 650 2039 Κᾶν
664 2013 718 2049 γὰρ
739 2013 938 2046 καταϐαλόντες

148 2055 195 2081 τὸν
209 2054 310 2089 σπόρον
320 2054 413 2080 τοῦτον
423 2054 468 2080 τὸν
482 2054 674 2088 πνευματικὸν,
686 2055 729 2082 διὰ
742 2056 790 2091 τὴν
802 2056 937 2091 ρᾳθυμίαν

147 2096 203 2122 τῶν
217 2096 369 2122 ἀκουόντων
378 2095 423 2122 τὸν
439 2096 543 2131 καρπὸν
558 2096 594 2132 μὴ
607 2096 758 2131 δεχώμεθα,
769 2098 836 2133 ἡμῖν
848 2098 938 2134 ἀπηρ-

149 2137 277 2172 τισμένος
294 2137 309 2162 0
321 2137 415 2172 μισθὸς
429 2137 520 2163 ἔσται·
537 2137 566 2163 τὸ
584 2137 639 2172 γὰρ
658 2138 837 2174 ὲμπιστευθὲν
854 2140 938 2176 ἀργύ-

150 2187 208 2214 ριον
220 2178 417 2213 κατεϐάλομεν,
431 2179 478 2205 καὶ
493 2179 675 2214 τὸέπιταχθέν
688 2180 765 2215 παρὰ
774 2180 821 2207 τοῦ
837 2181 938 2208 Δεσπό-

148 2228 196 2247 του
218 2221 257 2251 εἰς
281 2219 361 2255 ἔργον
377 2220 530 2255 ήγάγομεν·
554 2220 647 2248 λοιπὸν
671 2223 727 2253 τοῖς
754 2222 900 2258 ἀκηκοόσιν
923 2223 937 2249 ό

149 2260 228 2296 λόγος
251 2261 319 2296 πρὸς
336 2262 438 2288 ἐκεῖνόν
454 2263 512 2289 ἐστι
533 2262 578 2289 τὸν
606 2262 736 2298 μέλλοντα
760 2263 829 2298 μετὰ
851 2265 938 2291 τόκων

130 2303 132 2306 ’
149 2304 276 2330 ἀπαιτεῖν
284 2303 319 2330 τὰ
331 2303 546 2338 καταϐληθέντα.
559 2304 630 2331 Ἀλλ’
643 2305 673 2331 ού
683 2304 761 2331 τοῦτο
773 2306 936 2342 σκοποῦμεν,

149 2345 190 2371 ὅτι
206 2345 287 2380 ἡμεῖς
304 2344 382 2377 ἐκτός
395 2345 477 2380 ἐσμεν
490 2346 539 2381 τῆς
552 2345 663 2381 ζημίας,
676 2347 723 2373 καὶ
733 2347 763 2374 τὸ
777 2347 881 2374 ἑαυτῶν
891 2356 938 2374 πε-

149 2386 345 2422 πληρώκαμεν,
364 2386 431 2413 ἀλλὰ
451 2386 600 2422 βουλόμεθα
615 2388 662 2415 καὶ
678 2389 749 2424 ὑμᾶς
771 2389 870 2424 πολλὴν
884 2390 938 2417 τῶν

149 2427 377 2463 καταϐληθέντων
387 2428 437 2463 τὴν
453 2429 644 2464 πραγματείαν
654 2431 829 2466 ποιήσασθαι,
845 2432 889 2458 ῐνα
900 2431 937 2468 μὴ

148 2470 183 2504 τῇ
197 2469 319 2504 τιμωρίᾳ
336 2469 426 2506 ἐκείνῃ
442 2469 587 2497 ὑπεύθυνοι
605 2471 731 2508 γένησθε,
745 2473 779 2508 ἢν
793 2473 938 2509 ὑπέμεινεν

149 2511 253 2542 ἐκεῖνος
264 2511 279 2537 0
298 2511 328 2536 τὸ
341 2511 471 2538 τάλαντον
483 2511 658 2546 καταχώσας,
676 2514 721 2539 καὶ
738 2513 768 2540 τὺ
782 2514 939 2542 δεσποτικὸν

149 2550 282 2586 ἀργύριον
293 2552 324 2578 οὐ
341 2552 421 2586 μόνον
434 2553 464 2579 οὐ
478 2552 708 2586 πολυπλασιάσας,
722 2554 797 2590 [419]
809 2555 876 2582 ἀλλὰ
891 2557 938 2584 καὶ

149 2592 312 2628 κατορύξας.
327 2593 447 2620 Τοιοῦτοί
459 2595 526 2621 εἰσιν
534 2595 559 2621 οἱ
570 2595 615 2622 τὸν
621 2595 699 2630 λόγον
708 2597 757 2631 τῆς
766 2596 938 2630 διδασκαλίας

148 2635 290 2670 δεχόμενοι
305 2635 444 2671 (τάλαντον
459 2637 513 2671 γὰρ
533 2637 579 2663 καὶ
594 2637 724 2674 ἀργύριον
739 2638 818 2665 τοῦτο
831 2639 917 2675 καλεῖ)
929 2660 937 2672 ,

147 2676 196 2702 καὶ
212 2676 242 2702 ού
258 2677 453 2709 σπουδάζοντες
466 2679 686 2714 καρποφορῆσαι,
704 2681 752 2707 καὶ
773 2681 872 2717 πολλὴν
888 2683 938 2718 τὴν

149 2718 341 2761 πραγματείαν
351 2720 523 2754 ποιήσασθαι.
540 2721 608 2747 Ἀλλ’
620 2721 684 2754 ἴσως
695 2723 766 2750 εἴποι
777 2732 819 2754 τις
831 2724 874 2755 ἂν,
889 2725 939 2761 τὴν

149 2759 308 2794 παραϐολὴν
323 2761 423 2800 ταύτην
441 2762 492 2797 τήν
505 2762 559 2788 τῶν
579 2762 717 2790 ταλάντων
739 2765 803 2800 περὶ
823 2765 878 2791 τῶν
897 2759 938 2792 δί-

149 2789 292 2828 διέκάλωᾴ
312 2789 448 2838 είβῆσθαι.
469 2789 564 2837 ’Κάγὼ
582 2789 874 2841 τοῦτόνιρημιίιγίΛλλί
890 2789 938 2833 ἐάν

150 2843 309 2878 ἐπέλθωμεν
326 2845 410 2880 αὐτὴν
427 2845 548 2881 ἀκριϐῶς
560 2865 567 2875 .
580 2846 683 2873 εἴσεσθε
702 2848 742 2874 ὄτι
756 2848 782 2874 οί
798 2849 848 2884 μὲν
866 2849 937 2876 διδά-

186 2890 199 2904 ι
213 2884 290 2910 SavII.
303 2887 330 2910 et
340 2888 389 2912 [res
400 2893 456 2911 mss.
470 2887 582 2915 πολλάκις
592 2887 755 2919 ἐπιστρέφουσι
764 2890 812 2918 τήν.

654 115 686 142 IN
705 115 782 143 CAP.
804 113 886 142 XVIII
906 113 1029 142 GENES.
1052 116 1166 145 IIO.\I|L.
1184 118 1252 145 XLI.

1721 121 1772 147 576

988 171 1081 200 σκαλοι
1095 174 1145 208 τῆς
1162 174 1314 209 καταϐολῆς
1334 174 1414 208 μόνον
1429 175 1571 203 ὑπεύθυνοι
1584 176 1773 211 τυγχάνουσιν,

988 213 1067 249 ὑμεῖς
1083 215 1111 242 δὲ
1123 216 1153 242 οὗ
1171 216 1250 251 μόνον
1263 217 1313 252 τῆς
1324 216 1447 252 φυλακῆς
1466 218 1520 244 τῶν
1533 218 1773 254 καταϐληθέντων,

987 256 1054 284 ἀλλὰ
1067 258 1113 284 καὶ
1124 257 1173 293 τῆς
1183 258 1384 294 πραγματείας.
1397 259 1452 286 Καὶ
1463 259 1504 286 ἵνα
1517 260 1615 296 μάθῃς,
1628 261 1775 295 ἀναγκαῖον

987 298 1071 334 αὐτὴν
1091 300 1130 330 εἰς
1145 299 1225 334 μέσον
1241 300 1363 334 ἀγαγεῖν.
1375 300 1594 335 Οἰκοδεσπότης
1606 311 1667 334 τις,
1681 304 1775 338 φησὶν,

987 340 1148 374 ἀποδημῶν
1162 341 1289 369 ἐκάλεσε
1302 341 1371 375 τοὺς
1383 342 1477 375 ἰδίους
1491 342 1629 376 δούλους,
1645 344 1694 370 καί
1705 344 1776 371 ἔδω-

988 391 1042 409 κεν
1058 379 1082 415 ᾦ
1094 383 1153 417 μὲν
1171 384 1260 410 πέντε
1279 383 1427 417 τάλαντα,
1446 383 1469 415 ᾦ
1487 383 1521 410 δὲ
1545 385 1598 410 δύο
1610 406 1618 417 ,
1636 381 1660 417 ᾧ
1679 385 1713 411 δὲ
1729 385 1775 414 ἕν.

987 425 1068 452 Μετὰ
1083 422 1116 451 δὲ
1130 426 1241 460 χρόνον
1264 425 1506 461 παραγενομένου
1525 427 1617 453 αὐτοῦ
1637 427 1732 460 ἦλθον
1748 427 1776 454 οι

988 465 1090 493 δοῦλοι
1100 476 1108 482 ·
1119 468 1165 493 καί
1177 469 1192 494 ό
1212 468 1248 494 τὰ
1263 468 1352 494 πέντε
1368 467 1500 494 τάλαντα
1513 467 1613 494 λαϐὼν
1623 466 1777 503 προσῆλθε

988 508 1100 542 λέγων·
1122 509 1220 542 Κύριε,
1245 509 1335 536 πέντε
1358 508 1491 536 τάλαντά
1512 517 1562 544 μοι
1586 508 1709 541 ἔδωκας,
1732 508 1777 535 ws

988 551 1068 578 ἄλλα
1082 552 1170 579 πέντε
1186 551 1318 579 τάλαντα
1333 552 1480 587 ἐκέρδησα
1494 552 1540 578 ἐπ’
1557 552 1668 585 αὐτοῖς.
1689 551 1777 587 Πολλὴ

988 592 1035 619 τοῦ
1051 593 1156 620 οἰκέτου
1178 594 1194 629 ἠ
1220 594 1412 629 εὐγνωμοσύνη
1427 615 1435 627 ,
1457 593 1568 630 δαψιλὴς
1583 595 1599 629 ἡ
1619 594 1666 620 τοῦ
1680 593 1777 620 δεσπό-

988 643 1034 661 του
1052 635 1252 670 φιλανθρωπία.
1271 636 1303 661 Τί
1317 635 1373 671 γάρ
1390 644 1486 670 φησινς
1505 633 1561 665 Εὖ,
1576 635 1667 662 δοῦλε
1687 633 1778 669 ἀγαθὲ

989 677 1035 703 καί
1054 677 1143 703 πιστέ
1155 685 1163 693 ·
1183 677 1232 703 ἐπὶ
1254 677 1340 711 ὀλίγα
1356 675 1394 711 ἧς
1411 678 1528 710 πιστὸς,
1542 677 1589 703 ἐπὶ
1605 677 1728 703 πολλῶν
1740 685 1779 703 σε

989 718 1183 752 καταστήσω·
1204 719 1322 746 εἴσελθε
1342 720 1386 751 εἰς
1405 717 1462 752 τὴν
1486 718 1582 752 χαρὰν
1597 718 1650 745 τοῦ
1672 719 1777 752 κυρίου

989 767 1057 786 σου.
1079 759 1197 795 Ἐπειδὴ,
1214 761 1280 795 φησὶ
1291 780 1298 791 .
1314 760 1412 796 πολλὴν
1426 759 1529 792 ἔδειξας
1545 761 1574 786 ἐν
1590 761 1646 791 τοῖς
1665 760 1715 796 ήδη
1731 768 1778 786 πι-

989 800 1126 827 στευθείσι
1144 800 1194 836 τὴν
1216 802 1442 837 εὐγνωμοσύνην,
1463 801 1536 833 ἄξιος
1560 799 1585 828 εἴ
1601 801 1648 828 καὶ
1668 801 1779 828 πλείονα

989 842 1203 877 ἐγχειρισθῆναι.
1221 842 1378 876 Προσῆλθε
1389 843 1423 869 δὲ
1440 843 1488 869 καὶ
1500 845 1516 870 ὀ
1533 842 1568 869 τὰ
1578 843 1631 869 δύο
1646 841 1778 869 τάλαντα

988 883 1129 918 εἰληφὼς,
1142 884 1240 919 λέγων
1250 892 1255 898 ·
1267 885 1340 918 Οὑχί
1360 884 1415 911 δύο
1427 883 1561 911 τάλαντά
1573 893 1622 919 μοι
1646 884 1777 918 παρέδω-

990 934 1044 958 κας
1054 933 1064 957 ;
1075 925 1136 953 Ἴδε
1148 925 1229 953 ἄλλα
1241 926 1295 952 δύο
1306 927 1440 952 τάλαντα
1449 925 1597 960 ἐκέρδησα
1607 926 1652 952 ἐπ’
1663 926 1774 958 αὐτοῖς.

991 966 1078 1003 Πολλὴ
1092 967 1140 994 καὶ
1151 967 1246 993 τούτου
1262 967 1278 1002 ὴ
1293 967 1358 1002 περὶ
1376 967 1411 993 τὰ
1425 967 1571 994 δεσποτικὰ
1589 969 1716 1003 χρήματα
1731 967 1778 994 εὕ-

989 1017 1058 1042 νοια,
1077 1009 1117 1035 διὸ
1131 1009 1178 1036 καὶ
1194 1008 1249 1035 τῶν
1267 1008 1356 1035 αὐτῶν
1373 1007 1496 1041 ἀξιοῦται
1511 1009 1550 1045 τῷ
1572 1003 1707 1045 προτέρῳ.
1723 1010 1778 1036 Καὶ

989 1051 1061 1082 τίνος
1088 1050 1180 1076 ἕνεκεν
1203 1049 1249 1077 δύο
1270 1049 1460 1085 προσενεγκὼν
1484 1051 1603 1078 τάλαντα
1624 1051 1673 1085 τῆς
1692 1050 1778 1086 αὐτῆς

990 1093 1086 1128 ἐκείνῳ
1109 1091 1148 1127 τῷ
1166 1092 1199 1118 τὰ
1215 1092 1296 1118 πέντε
1317 1093 1516 1127 προσαγαγόντι
1534 1092 1656 1126 ἀξιοῦται
1677 1094 1777 1128 τιμῆς;

992 1134 1110 1165 Εἰκότως
1119 1142 1127 1150 ·
1137 1134 1182 1160 τὸν
1198 1134 1245 1168 μὲν
1259 1133 1312 1169 γὰρ
1324 1134 1492 1169 πλεονασμὸν
1510 1135 1557 1161 καὶ
1570 1134 1618 1170 τὴν
1631 1134 1778 1162 ἐλάττωσιν

990 1176 1039 1210 οὐχ
1055 1176 1072 1210 ὴ
1087 1175 1182 1201 τούτου
1197 1175 1313 1210 σπουδὴ.
1323 1175 1383 1201 οὐδὲ
1397 1176 1413 1211 ὴ
1425 1176 1528 1201 ἐκείνου
1539 1175 1658 1211 ῥᾳθυμία
1669 1175 1780 1211 πεποίη-

990 1225 1048 1249 κεν,
1063 1216 1119 1243 ἀλλ’
1136 1217 1153 1252 ή
1168 1215 1222 1242 τῶν
1234 1215 1467 1251 ἐμπιστευθέντων
1490 1216 1615 1251 ποσότης.
1633 1216 1672 1243 Τὰ
1687 1217 1780 1251 μέντοι

990 1258 1039 1293 τῆς
1058 1258 1176 1293 σπουδῆς
1193 1258 1238 1284 ἴσα
1252 1257 1299 1284 καὶ
1314 1256 1388 1293 παρὰ
1403 1257 1498 1283 τούτου
1508 1277 1515 1289 ,
1534 1257 1580 1284 καὶ
1593 1257 1657 1292 παρ’
1675 1256 1779 1283 ἐκείνου

991 1300 1193 1335 εἰσενήνεκται·
1211 1299 1254 1325 διὰ
1268 1299 1347 1325 τοῦτο
1365 1298 1411 1325 καί
1427 1299 1475 1334 τῆς
1489 1299 1606 1334 ἀμοιϐῆς
1627 1300 1675 1335 τῆς
1695 1297 1780 1334 αὐτῆς

991 1342 1164 1375 ἀπήλαυσαν.

1027 1428 1059 1464 β’.
1077 1428 1146 1454 Ἀλλ’
1158 1428 1172 1454 0
1184 1428 1276 1462 ἕτερος
1291 1426 1367 1453 οὐδὲν
1383 1425 1502 1453 τοιοῦτον
1521 1426 1683 1462 διεπράξατο
1693 1435 1700 1443 ·
1712 1426 1780 1454 ἀλλὰ

990 1470 1036 1502 τί;
1063 1469 1201 1505 Προσῆλθε
1218 1469 1321 1503 λέγων·
1340 1469 1452 1503 Ἔγνων
1473 1476 1520 1500 σε,
1539 1469 1583 1495 ὅτι
1603 1469 1737 1503 σκληρὸς
1753 1467 1784 1496 εἴ

991 1511 1161 1545 ἄνθρωπος,
1175 1509 1293 1546 θερίᾱυν
1313 1511 1389 1537 ὅπου
1403 1511 1459 1538 οὐκ
1474 1511 1628 1545 ἔσπειρας,
1641 1512 1690 1538 κιιί
1704 1520 1780 1539 συν·-

990 1553 1070 1587 ἀγων
1086 1553 1156 1580 ὅθεν
1170 1554 1207 1580 οὐ
1222 1551 1439 1586 διεσκόρπισας
1449 1560 1456 1567 ·
1480 1553 1528 1580 καί
1552 1554 1703 1588 φοϐηθεὶς,
1722 1554 1779 1581 ἀπ-

990 1593 1087 1621 ελθὼν
1100 1593 1219 1628 ἔκρυψα
1237 1593 1270 1620 τὸ
1287 1592 1436 1621 τάλαντον
1450 1594 1485 1620 ἐν
1494 1593 1530 1629 τῇ
1544 1594 1594 1629 γῇ.
1613 1595 1687 1622 Ἰδοὺ
1700 1595 1780 1629 ἔχεις

990 1635 1022 1662 τὸ
1046 1636 1113 1662 σόν.
1137 1635 1170 1661 Ὢ
1191 1635 1275 1662 κακία
1298 1635 1421 1661 οἰκέτουί
1444 1634 1467 1661 ὣ
1483 1636 1679 1672 ἀγνωμοσύνης
1697 1637 1781 1673 ὑπερ-

992 1676 1056 1712 ϐολὴ
1070 1697 1077 1707 ,
1097 1677 1127 1703 οὐ
1143 1677 1221 1712 μόνον
1243 1676 1284 1702 ὅτι
1305 1677 1381 1702 οὐδὲν
1396 1677 1544 1712 εἰργάσατο
1559 1678 1605 1704 ἐπὶ
1625 1677 1663 1713 τῷ
1676 1678 1779 1705 δοθέντι

991 1718 1065 1754 αὐτῷ
1080 1718 1204 1753 ταλάντῳ
1215 1738 1222 1750 ,
1242 1717 1300 1743 ἀλλ’
1314 1718 1356 1744 ὃτι
1378 1719 1424 1744 καὶ
1443 1719 1501 1745 ἀντὶ
1515 1719 1647 1745 ταλάντου
1663 1727 1780 1755 κατηγο-

992 1759 1052 1795 ρίαν
1074 1758 1262 1795 προσήνεγκεί
1284 1759 1410 1786 Τοιοῦτον
1425 1760 1480 1795 γάρ
1499 1761 1516 1795 ὴ
1537 1761 1662 1796 πονηρία·
1690 1762 1782 1788 σκοτοτ

990 1802 1036 1828 τὸν
1051 1801 1189 1836 λογισμὸν,
1208 1802 1255 1828 καὶ
1274 1801 1344 1827 κατὰ
1361 1801 1491 1836 κρημνῶν
1505 1804 1578 1828 ποιεῖ
1589 1802 1719 1838 φέρεσθαι
1734 1803 1782 1830 τὸν

992 1843 1064 1875 ἅπαξ
1079 1843 1127 1877 τῆς
1148 1842 1254 1875 εὐθείας
1270 1843 1441 1878 ἐκτραπέντα
1457 1843 1527 1870 όδοῦ.
1544 1843 1636 1870 Ταῦτα
1648 1844 1676 1871 δὲ
1692 1845 1780 1871 πάντα

992 1885 1056 1920 περὶ
1070 1884 1123 1910 τῶν
1138 1884 1308 1911 διδασκάλων
1323 1884 1443 1920 εἴρηται,
1457 1884 1527 1911 ὥστε
1546 1884 1583 1920 μὴ
1609 1885 1781 1921 ὰποκρύπτευ

993 1926 1054 1952 σθαι
1070 1925 1104 1951 τὰ
1126 1926 1354 1960 ἐμπιστευθέντα,
1378 1925 1447 1952 ἀλλὰ
1463 1926 1532 1960 μετὰ
1554 1926 1644 1961 πάσης
1662 1927 1780 1961 σπουδῆς

993 1966 1171 2002 παρατιθέναι
1192 1968 1247 1998 τοίς
1269 1966 1509 2003 μαθητευομένοις.
1533 1967 1602 1993 Ἀλλ’
1622 1967 1704 1994 ἄκουε
1724 1968 1780 1994 λοι-

992 2008 1052 2040 πὸν,
1068 2008 1193 2043 ἀγαπητέ
1206 2027 1213 2039 ,
1229 2009 1259 2035 ἐκ
1282 2008 1331 2043 τῆς
1352 2009 1420 2042 πρὸς
1436 2009 1539 2035 ἐκεῖνον
1554 2009 1777 2044 ἀγανακτήσεως,

991 2050 1064 2081 ὅπως
1078 2050 1125 2077 καὶ
1143 2051 1168 2076 οί
1193 2050 1407 2086 μαθητευόμενοι
1424 2050 1570 2078 ὑπεύθυνοι
1584 2051 1714 2085 γίνονται,
1730 2052 1779 2078 καὶ

992 2093 1041 2119 οὐκ
1065 2092 1154 2118 ἐκεῖνα
1186 2092 1265 2127 μόνον
1295 2092 1472 2120 ἀπαιτοῦνται
1497 2092 1533 2119 τὰ
1564 2093 1779 2128 καταϐληθέντα,

993 2134 1060 2161 ἀλλὰ
1073 2136 1120 2161 καὶ
1132 2135 1198 2170 μετὰ
1207 2135 1254 2161 τοῦ
1266 2135 1345 2161 τόκου
1370 2135 1419 2169 τὴν
1434 2134 1545 2170 μέθοδον
1561 2136 1735 2170 ὑπομένουσι.
1747 2137 1779 2162 Τί

992 2174 1038 2202 οὖν
1064 2185 1130 2212 φησι
1157 2177 1226 2212 πρὸς
1254 2176 1336 2203 αὑτὸν
1363 2177 1378 2202 ό
1400 2176 1547 2211 δεσπότης;
1563 2176 1640 2213 [415]
1665 2177 1781 2212 Hortum}

992 2217 1094 2245 δοῦλε.
1109 2218 1214 2253 Φοϐερὰ
1236 2219 1253 2254 ή
1265 2218 1461 2252 ἀγανάκτησις,
1481 2218 1560 2254 ἱκανὴ
1574 2219 1744 2254 καταπλῆξαι
1764 2220 1778 2254 ή

993 2259 1102 2295 ἀπειλή.
1126 2260 1160 2286 Εἰ
1180 2259 1282 2294 ᾕδεις,
1314 2260 1411 2295 φησὶν,
1434 2260 1478 2287 ὅτι
1505 2261 1601 2295 θερίζω
1624 2260 1700 2288 ὅπου
1724 2262 1780 2288 οὐκ

992 2301 1128 2336 ἔσπειρα,
1137 2302 1186 2328 καί
1197 2301 1318 2337 συνάγω
1329 2302 1405 2329 ὅπου
1414 2303 1450 2329 οὐ
1455 2302 1663 2337 διεσκόρπισα,
1672 2302 1732 2329 ἔδει
1743 2310 1781 2329 σε

992 2343 1172 2370 καταϐαλεῖν
1179 2343 1212 2370 τό
1221 2341 1363 2378 ἀργύριόν
1374 2353 1434 2378 μου
1448 2343 1496 2370 ἐπί
1510 2344 1580 2376 τοὺς
1592 2343 1777 2377 τραπεζῖτας.

992 2385 1042 2410 eral
1060 2384 1117 2419 ἐγὼ
1133 2384 1231 2412 ἐλθὼν
1251 2385 1326 2420 μετὰ
1348 2385 1437 2412 τόκου
1459 2385 1602 2419 ἀπῄτησα
1625 2384 1664 2411 ἂν
1685 2385 1778 2411 αὐτό·

992 2426 1123 2462 ἀργύριον
1139 2426 1227 2461 λέγων
1249 2427 1283 2454 τὰ
1306 2426 1383 2461 λόγια
1401 2426 1436 2453 τὰ
1451 2427 1547 2462 τίμια,
1571 2426 1735 2461 τραπεζίτας
1751 2426 1779 2452 δέ

993 2468 1064 2503 ὑμᾶς
1080 2467 1171 2494 καλῶν
1193 2469 1256 2500 τοὺς
1269 2468 1493 2503 ὑποδεχομένους.
1508 2468 1557 2494 Σὺν
1574 2467 1623 2503 μὲν
1636 2465 1679 2502 ἦν,
1699 2467 1778 2502 φησὶ,

992 2508 1155 2536 καταϐαλεῖν
1179 2510 1269 2545 μόνον,
1296 2509 1362 2545 ἐμὸν
1392 2510 1420 2536 δὲ
1448 2507 1482 2544 ἦν
1513 2509 1544 2535 τὺ
1570 2509 1636 2543 παρ’
1666 2508 1779 2535 ἐκείνων

992 2551 1159 2586 ἀπαιτῆσαι,
1186 2551 1223 2587 μὴ
1247 2551 1325 2587 μόνον
1347 2551 1382 2578 τὰ
1401 2551 1622 2586 καταϐληθέντα,
1645 2550 1711 2577 ἀλλὰ
1730 2551 1778 2577 καὶ

991 2593 1037 2619 τὸν
1063 2593 1132 2628 ὑπὲρ
1155 2593 1258 2620 τούτων
1284 2593 1371 2620 τόκον.
1391 2593 1504 2628 Ὁρᾶτε,
1531 2592 1689 2627 ἀγαπητοὶ,
1718 2591 1777 2624 πῶς

992 2634 1076 2666 πολὺς
1098 2636 1112 2661 0
1135 2635 1216 2669 φόϐος
1237 2635 1290 2662 τῶν
1313 2635 1474 2670 εἰρημένων.
1495 2633 1527 2661 Τί
1551 2634 1583 2661 ἂν
1606 2632 1652 2660 οὖν
1675 2634 1779 2661 εἴποιεν

992 2676 1017 2702 οἰ
1032 2676 1080 2702 καὶ
1094 2676 1144 2710 τῆς
1159 2675 1281 2712 φυλακῆς
1294 2676 1349 2703 τῶν
1359 2675 1583 2711 καταϐληθέντων
1600 2675 1775 2711 ἀμελοῦντες,

991 2718 1056 2744 ὃταν
1076 2719 1123 2745 καὶ
1134 2719 1179 2745 τὸν
1193 2718 1264 2753 ὑπὲρ
1279 2718 1381 2745 τούτων
1397 2718 1475 2745 τόκον
1489 2717 1685 2753 μεθοδεύωνται
1697 2726 1705 2750 ;

1028 2760 1082 2787 Καὶ
1104 2761 1155 2796 ὅρα
1174 2759 1378 2796 φιλανθρωπίαν
1402 2761 1548 2788 Δεσπότου.
1569 2760 1631 2787 Ἐπὶ
1654 2761 1703 2795 μὲν
1721 2760 1777 2786 τῶν

992 2801 1142 2837 χρημάτων
1155 2802 1209 2828 τῶν
1222 2802 1357 2837 αἰσθητῶν
1370 2802 1541 2838 ἀπηγόρευσε
1557 2802 1602 2829 τὸν
1616 2802 1694 2829 τόκον
1707 2802 1777 2837 λαμ-

993 2843 1097 2870 ϐάνειν.
1112 2843 1190 2875 Τίνος
1200 2844 1302 2875 ἕνεκεν,
1315 2844 1361 2870 καὶ
1372 2843 1415 2870 διὰ
1425 2844 1449 2870 τί
1460 2853 1468 2876 ;
1480 2844 1537 2870 ’Ότι
1548 2844 1676 2880 ἑκάτερος
1685 2844 1777 2871 αὐτῶν

993 2883 1090 2919 πολλὴν
1111 2886 1233 2913 ἐντεῦθεν
1247 2885 1375 2921 ὑπομένει
1397 2885 1445 2922 τὴν
1459 2886 1569 2923 βλάϐην.
1587 2887 1639 2914 Τοῦ
1661 2887 1709 2923 μὲν
1721 2886 1778 2922 γάρ
