2044 3131
229 120 284 148 377

228 178 246 212 ἡ
264 175 344 202 πενία
367 173 546 210 ἐπιτρίϐεται,
570 173 584 199 6
603 172 631 199 δέ
656 173 725 207 μετὰ
743 171 790 198 τοῦ
815 168 985 204 πλεονασμοῦ
1010 168 1065 195 τῶν

229 219 378 256 χρημάτων
393 218 440 245 καὶ
456 216 663 252 ἁμαρτημάτων
675 215 775 251 πλῆθος
788 214 877 248 ἐαυτῷ
890 213 1062 248 ἐπισωρεύει.

229 264 278 291 Διά
293 262 372 289 τοῦτο
394 261 424 295 ἐξ
448 261 536 296 ἀρχῆς
559 260 606 287 καὶ
627 260 658 286 ἐκ
683 259 834 294 προοιμίων
860 257 996 288 Ἰουδαίοις
1008 257 1065 288 τοῖς

231 307 382 342 παχύτερον
406 305 586 340 διακειμένοις
606 303 708 339 ταύτην
731 303 780 338 τὴν
805 302 913 338 ἐντολὴν
940 300 1066 336 ἐνομοθέ-

228 360 295 387 τησε
311 351 411 385 λέγων·
433 350 494 376 οὐκ
517 347 661 381 ὲκτοκιεῖς
684 347 724 380 τῷ
744 346 864 380 ἀδελφῷ
883 354 941 373 σευ
957 345 1006 372 καί
1025 343 1065 376 τῷ

230 396 363 430 mina/or
376 402 445 422 σου.
462 393 544 425 Ποίας
555 391 602 419 οὖν
616 392 649 419 ἂν
664 389 719 418 εἷεν
734 390 881 424 ἀπολογίας
894 389 963 423 ἄξιοι
975 390 1000 415 οἰ
1018 388 1065 415 καὶ

229 439 284 466 τῶν
302 437 436 466 Ἰουδαίων
452 437 586 472 ὠμότεροι
605 435 755 471 γινόμενοι.
773 434 821 461 καὶ
836 433 904 469 μετὰ
922 432 971 467 τὴν
985 432 1065 468 χάριν

230 482 278 510 καὶ
299 482 349 517 τὴν
372 481 507 516 τοσαύτην
534 480 609 515 παρά
631 478 678 506 τοῦ
703 478 837 504 Δεσπότου
860 475 1064 512 φιλανθρωπίαν

230 526 285 553 τῶν
296 526 325 553 ἐν
339 525 379 561 τῷ
394 525 468 560 νόμῳ
491 524 617 555 ἐλάττους
637 522 823 558 εὑρισκόμενοι
834 543 840 552 ,
859 520 958 556 μᾶλλον
974 519 1001 546 δέ
1018 519 1065 546 καὶ

230 568 354 604 χείρους;
377 567 439 593 Ἐπί
456 567 547 602 μέντοι
563 565 618 592 τῶν
635 563 824 600 πνευματικῶν
846 563 926 594 αὐτδς
940 562 1064 588 ἀπαιτεῖν

231 612 401 647 ὑπισχνεῖται
415 611 478 643 τοὺς
490 610 596 641 τόκους.
614 609 664 635 Διά
684 608 729 641 τί;
755 607 863 641 Ἐπειδὴ
878 607 924 632 ἀπ’
942 605 1065 637 ἐναντίας

229 658 286 689 τοῖς
305 655 443 691 αἰσθητοῖς
464 655 602 691 χρήμασιν
615 649 692 684 οὗτός
710 652 784 678 ἐστιν
798 651 812 677 6
823 651 900 682 τόκος
916 651 930 676 ό
944 658 1065 685 πνευμα-

230 700 316 732 τικός,
334 700 408 726 Ἐκεῖ
424 699 474 734 μὲν
488 698 542 733 γάρ
558 698 572 724 6
589 695 760 732 μεθοδευθεὶς
777 695 816 724 εἰς
835 694 952 728 ἐσχάτην
970 693 1065 719 πενίαν

230 743 327 779 ἀθρόον
342 742 541 778 καταφέρεται·
558 740 675 768 ἐνταῦθα
691 739 719 765 δὲ
733 740 746 765 6
765 737 984 773 μεθοδευόμενος,
1002 737 1064 763 ὅταν

231 787 331 821 πολλὴν
343 784 554 820 εὐγνωμοσύνην
567 783 807 818 ἐπιδείξηται,ῧσῳ
817 781 850 808 ἂν
863 781 974 808 πλείονα
986 780 1065 807 τόκον

231 830 384 864 εἰσενέγκῃ,
401 827 520 863 τοσούτῳ
535 826 733 862 δαψιλεστέρας
748 824 879 852 ἀπολαύει
893 824 942 858 τῆς
963 823 1065 850 ἀνωθεν

231 873 357 909 ἀμοιϐῆς.
383 872 518 903 Ἕκαστος
545 871 632 897 τοίνυν
659 869 755 905 ὑμῶν,
781 869 928 904 ἀγαπητοὶ,
956 867 1065 894 ἐπειδὰν

231 916 443 951 καταϐάλλωμεν
455 916 538 951 ἡμεῖς
549 915 583 941 τά
598 913 825 949 ἐμπιστευθέντα,
839 911 950 939 διπλοῦν
964 911 1066 945 ὀφείλει

230 962 276 988 τὸν
287 962 367 988 πόνον
379 961 428 987 καὶ
439 960 488 996 τὴν
502 959 654 995 ἀγρυπνίαν
670 958 880 990 ἐπιδείκνυσθαι,
896 957 941 983 τδν
956 957 1005 992 μὲν
1017 956 1066 990 τῆς

232 1004 354 1039 φυλακῆς
366 1004 420 1030 τῶν
435 1002 668 1039 καταϐληθέντων,
683 1001 753 1028 ὥστε
768 1002 855 1035 πάγια
866 1001 952 1027 ταῦτα
965 999 1064 1035 μένειν·

231 1048 276 1075 τὸν
291 1048 320 1074 δὲ
339 1049 389 1083 τῆς
399 1047 541 1083 ἐργασίας,
558 1046 629 1073 ὥστε
643 1046 690 1073 καὶ
708 1045 811 1081 ἑτέροις
829 1044 1006 1080 μεταδιδόναι,
1020 1043 1067 1070 καὶ

232 1092 345 1124 πολλοὺς
362 1092 408 1118 ἐπὶ
422 1092 471 1126 τὴν
483 1090 532 1126 τῆς
542 1090 643 1126 ἀρετῆς
652 1090 712 1116 666v
725 1089 916 1125 χειραγωγεῖν,
931 1088 974 1114 ἴνα
985 1087 1065 1122 διπλῇ

231 1136 314 1163 πάλιν
339 1136 403 1170 ὑμῖν
425 1135 456 1162 τὸ
479 1134 576 1170 κέρδος
593 1133 723 1170 αὔξηται,
744 1133 813 1168 ὑπέρ
835 1141 864 1159 τε
892 1132 941 1168 τῆς
964 1132 1067 1164 οἰκείας

232 1179 379 1214 σωτηρίας,
395 1179 466 1214 ὑπέρ
479 1187 508 1205 τε
525 1178 574 1214 τῆς
590 1178 645 1204 τῶν
664 1177 751 1205 ἄλλων
768 1177 910 1212 ὠφελείας.
937 1177 999 1203 Ἐὰν
1013 1177 1067 1212 γὰρ

231 1223 311 1250 τοῦτο
333 1223 439 1258 ποιῆτε,
460 1223 507 1249 καὶ
524 1223 598 1257 ἡμᾶς
615 1222 766 1258 μακαρίους
783 1220 972 1256 ἀπεργάσεσθε
992 1221 1067 1255 (Μα-

232 1266 334 1302 κάριος
349 1267 414 1301 γὰρ,
432 1266 525 1300 φησὶν,
542 1267 558 1292 ό
573 1266 670 1299 λέγων
683 1266 726 1298 εἰς
739 1262 797 1292 ὦτα
811 1265 1003 1297 ἀκουόντων),
1021 1263 1068 1290 καὶ

234 1310 459 1346 παρασκευάσετε
490 1309 685 1344 δαψιλεστέραν
713 1309 778 1344 ὑμῖν
806 1308 985 1344 παρατιθέναι
1018 1308 1067 1342 τὴν

233 1354 421 1389 πνευματικὴν
435 1353 538 1388 ταύτην
554 1353 703 1388 τράπεζαν.
715 1353 761 1387 Μὴ
773 1351 862 1378 τοίνυν
877 1350 1002 1386 άμελείτε
1014 1350 1068 1377 τῶν

232 1397 355 1432 ἀδελφῶν
375 1397 430 1424 τῶν
446 1396 604 1432 ὑμετέρων,
628 1397 696 1432 μηδέ
721 1395 755 1423 τά
771 1395 832 1423 καθ’
851 1395 963 1426 ἑαυτοὺς
988 1394 1068 1429 μόνον

234 1443 372 1471 σκοπεῖτε,
387 1441 443 1467 ἀλλ’
458 1440 574 1472 ἕκαστος
600 1439 772 1472 σπουδαζέτω
793 1439 839 1466 τὸν
858 1438 970 1474 πλησίον
985 1437 1067 1473 ἐξαρ-

233 1482 330 1514 πάζειν
344 1483 393 1518 τῆς
403 1481 450 1508 τοῦ
466 1482 589 1509 διαϐόλου
605 1481 755 1517 φάρυγγος,
771 1480 819 1507 καὶ
833 1480 887 1506 τῶν
902 1480 1068 1516 παρανόμων

233 1527 345 1553 ἐκείνων
360 1525 515 1561 θεαμάτων,
535 1525 583 1552 καὶ
595 1525 635 1557 εἰς
648 1525 698 1560 τὴν
712 1523 859 1560 ἐκκλησίαν
872 1524 1066 1557 ἐπαναγαγεῖν,

233 1569 386 1601 δεικνύντες
405 1568 502 1604 αὐτῷ⁸
518 1568 588 1604 μετά
608 1567 710 1603 πολλῆς
723 1567 773 1602 τῆς
794 1567 943 1598 ἐπιεικείας
959 1566 1068 1601 καὶτῆς

235 1613 397 1649 πραότητος,
412 1613 460 1639 καὶ
473 1612 522 1648 τῆς
539 1611 629 1647 λύμης
645 1611 695 1646 τὴν
711 1610 864 1646 ὑπερϐολὴν
886 1611 934 1636 καί
947 1610 1001 1636 τῶν
1024 1610 1068 1635 ἐν-

233 1656 450 1691 ταῦθα-ἀγαθῶν
471 1656 502 1682 τὸ
519 1655 650 1691 μέγεθος·
666 1655 713 1681 καὶ
736 1654 773 1690 μὴ
794 1653 869 1690 [414]
895 1653 974 1688 μόνον
995 1653 1068 1686 ἅπαξ

234 1700 281 1726 καὶ
301 1699 425 1736 δεύτερον
448 1699 528 1726 τοῦτο
555 1700 674 1730 ποιεῖτε,
694 1697 761 1725 ἀλλὰ
780 1697 827 1724 κα¹ι
848 1697 988 1732 διηνεκῶς.
1011 1697 1069 1723 Κᾶν

234 1743 288 1779 γὰρ
302 1744 423 1779 σήμερον
437 1743 474 1779 μὴ
487 1743 614 1778 πείθηται
635 1743 691 1774 τοῖς
706 1741 782 1778 παρά
795 1742 841 1768 σοῦ
854 1741 1020 1776 λεγομένοις,
1035 1742 1068 1776 τῇ

235 1787 298 1822 ἑξῆς
315 1787 507 1823 πεισθήσεται·
521 1787 573 1813 κᾶν
591 1786 628 1822 μὴ
641 1787 674 1821 τῇ
691 1786 765 1820 ἑξῆς,
782 1785 862 1813 πάλιν
877 1785 947 1821 ὁρῶν
962 1793 991 1811 σε
1008 1785 1069 1811 ἐπι-

234 1831 369 1866 κείμενον,
392 1832 456 1863 ῐσως
478 1830 689 1866 ἐντραπήσεται,
716 1829 763 1856 καὶ
792 1829 925 1860 αἰδεσθείς
950 1837 996 1855 σου
1019 1828 1068 1863 τὴν

235 1874 409 1910 κηδεμονίαν,
426 1874 609 1909 ἀποστήσεται
633 1873 687 1900 τῶν
711 1872 892 1907 βλαπτόντων.
914 1872 967 1898 Καὶ
987 1872 1068 1906 μηδέ-

235 1925 300 1944 ποτε
318 1917 390 1952 λέγε,
406 1918 446 1944 ὃτι
466 1918 520 1945 Καὶ
539 1917 620 1949 ἅπαξ,
638 1917 685 1944 καὶ
700 1915 834 1952 δεύτερον,
852 1916 898 1942 καὶ
908 1915 1009 1951 τρίτον,
1023 1915 1070 1942 καὶ

235 1961 365 1993 πολλάκις
387 1959 479 1993 εἷπον,
504 1961 551 1987 καὶ
570 1961 646 1987 οὐδὲν
662 1961 759 1996 ῆνυσα.
785 1960 831 1995 Μὴ
848 1959 940 1996 παύση
966 1959 1068 1992 λέγων’

235 2006 290 2040 ὅσῳ
304 2005 359 2040 γὰρ
374 2004 408 2031 ἂν
423 2005 569 2041 ἐπιμένῃς,
589 2003 709 2039 τοσούτῳ
724 2012 771 2031 σου
787 2004 834 2030 καὶ
853 2004 868 2030 6
883 2002 977 2038 μισθὸς
993 2002 1069 2036 αὒξε-

234 2057 290 2077 ται.
310 2049 367 2084 Οὺχ
389 2049 470 2084 δρᾶτε
486 2048 575 2084 πόσης
594 2048 767 2083 ἀπολαύομεν
784 2046 974 2083 μακροθυμίας
995 2046 1068 2081 παρὰ

234 2091 281 2119 τοῦ
303 2092 358 2119 τῶν
381 2092 449 2118 ὅλων
475 2092 555 2124 Θεοῦ,
581 2092 627 2119 κα¹ι
655 2091 714 2123 πῶς
734 2091 794 2118 καθ’
819 2091 936 2125 ἑκάστην
963 2090 1070 2125 ἡμέραν

236 2134 428 2170 παρακούομεν
440 2134 523 2161 αὑτοῦ
536 2135 590 2161 τῶν
602 2135 830 2170 προσταγμάτων,
839 2134 885 2160 καὶ
895 2134 945 2160 οὑκ
955 2133 1071 2167 ἀφίστα-

234 2186 282 2204 ται
296 2178 345 2213 τῆς
356 2178 419 2212 περί
431 2178 504 2213 ἡμᾶς
515 2178 685 2213 κηδεμονίας,
700 2178 768 2205 ἀλλά
784 2178 830 2204 καὶ
843 2177 877 2203 τὰ
893 2178 957 2212 παρ’
971 2175 1066 2203 ἐαυτοῦ

237 2221 327 2248 πάντα
351 2223 473 2256 χορηγεῖ,
497 2221 543 2249 τὸν
554 2221 629 2256 ἥλιον
651 2221 815 2252 ἀνατέλλων,
833 2221 896 2252 τοὺς
918 2221 1012 2251 ὑετοὺς
1032 2220 1070 2246 δι-

236 2267 308 2297 δοὺς,
330 2265 365 2292 τὰ
380 2265 446 2291 ἀλλα
468 2265 573 2298 nivea;
594 2265 646 2292 Τὸν
660 2265 740 2291 αὐτὸν
764 2264 796 2299 δὴ
814 2264 912 2299 τρόπον
928 2264 974 2290 καὶ
989 2265 1070 2299 ἡμεῖς

238 2310 302 2344 περὶ
318 2309 381 2341 τοὺς
405 2309 534 2343 ἀδελφοὺς
553 2309 615 2340 τοὺς
637 2307 788 2343 ἡμετέρους
806 2308 904 2342 πολλὴν
931 2306 1070 2342 ποιώμεθα

237 2354 286 2388 τὴν
310 2353 436 2388 σπουδὴν,
453 2354 500 2380 καὶ
525 2351 746 2387 ἀντιταττώμεθα
771 2351 809 2387 τῷ
832 2352 942 2388 πονηρῷ
963 2352 1068 2387 δαίμονι

237 2399 344 2434 ἐκείνῳ,
376 2399 420 2425 ἵνα
449 2398 537 2432 ἄκυρα
561 2396 642 2424 αὑτοῦ
667 2396 786 2432 ποιῶμεν
813 2397 846 2423 τὰ
874 2397 1068 2432 μηχανήματα.

245 2442 308 2468 Ἐὰν
323 2442 376 2477 γὰρ
391 2442 505 2472 ἕκαστος
518 2440 570 2467 τῶν
586 2440 701 2467 ἐνταῦθα
718 2441 862 2467 συνιόντων
878 2440 926 2467 ἕνα
943 2441 1070 2476 κερδᾶναι

238 2485 354 2521 δυνηθῇ,
377 2485 501 2519 ἐννόησον
520 2484 593 2516 ὅπως
609 2485 673 2519 ἡμῖν
692 2485 738 2510 καὶ
758 2485 774 2520 ἡ
798 2484 943 2519 Ἐκκλησία
968 2484 1013 2509 ἐπὶ
1031 2483 1071 2518 τῷ

239 2529 335 2564 πλήθει
354 2529 407 2555 τῶν
426 2528 532 2554 οἰκείων
549 2528 651 2554 τέκνων
674 2527 772 2563 πολλὴν
792 2527 894 2559 δέξεται
909 2528 957 2562 τὴν
971 2527 1070 2563 εὐφρο-

239 2573 332 2607 σύνην,
348 2572 394 2598 καὶ
408 2573 422 2598 6
441 2571 562 2602 διάϐολος
577 2571 838 2606 καταισχυνθήσεται
860 2571 932 2606 δρῶν
947 2572 1007 2605 εἰκῆ
1024 2570 1071 2596 καὶ

239 2616 327 2651 μάτην
355 2614 437 2641 αὑτοῦ
465 2614 498 2641 τά
525 2614 620 2641 δίκτυα
642 2615 787 2649 τεταμένα.
818 2615 881 2641 Ἐὰν
909 2614 964 2649 γάρ
991 2613 1070 2640 τοῦτο

237 2659 344 2694 ποιῆτε,
364 2658 513 2686 ἀκούσεσθε
529 2658 576 2684 καὶ
591 2659 669 2694 ὑμεῖς
684 2658 754 2685 κατά
765 2658 815 2694 τὴν
826 2658 932 2693 ἡμέραν
948 2657 1068 2693 ἐκείνην·

237 2702 292 2735 Εὖ,
309 2703 400 2730 δοῦλε
417 2703 508 2737 ἀγαθὲ
530 2702 579 2730 καί
600 2701 702 2734 πιστὲ,
718 2701 767 2729 ἐπὶ
785 2702 870 2736 ὀλίγα
894 2700 932 2736 ἦς
950 2701 1071 2733 πιστὸς,

238 2747 286 2774 ἐπὶ
304 2745 425 2773 πολλῶν
441 2754 478 2773 σε
491 2746 683 2779 καταστήσω.

272 2790 305 2825 γ’.
315 2790 384 2817 Ἀλλ’
392 2791 431 2817 ὁτι
442 2790 490 2825 μὲν
502 2790 579 2817 τοῦτο
589 2791 724 2825 ποιήσετε.
734 2790 835 2824 σφόδρα
847 2788 1005 2821 πέπεισμαι·
1012 2787 1067 2822 όρῶ

237 2834 291 2871 γὰρ
308 2834 384 2870 ὑμῶν
403 2834 449 2861 καί
465 2833 498 2860 τά
517 2834 660 2868 πρόσωπα,
675 2834 721 2860 καὶ
737 2833 899 2869 στοχάζομαι
910 2831 983 2862 ὅπως
1004 2830 1064 2865 μεθ’

268 2928 280 2942 ¹¹
294 2927 369 2952 Savll.
382 2930 408 2952 et
417 2933 463 2952 sex
475 2932 532 2951 mss.
546 2925 665 2950 δεικνύντα
677 2925 750 2955 αὐτῷ.

633 115 662 142 S.
679 112 822 142 JOANNIS
836 108 1081 140 CIIRYSOSTOMI
1099 107 1258 136 ARCIIIEP.
1279 108 1552 138 CONSTANTINOP.

1902 108 1956 136 378

1113 166 1209 202 ἡδονῆς
1223 166 1348 200 ἐδέξασθε
1361 168 1410 203 τὴν
1423 168 1489 202 παρ’
1502 167 1580 203 ἡμῶν
1594 166 1745 199 νουθεσίαν,
1755 165 1804 193 καὶ
1816 166 1862 193 διὰ
1875 167 1959 194 τοῦτο

1114 211 1217 243 ἐλπίζω
1230 213 1278 238 καὶ
1293 212 1327 238 τὰ
1341 212 1406 247 παρ’
1422 212 1499 247 ὑμῶν
1514 211 1760 247 εἰσενεχθήσεσθαι.
1775 212 1822 238 Διδ
1834 211 1886 247 τὴν
1906 211 1958 247 μὲν

1115 255 1180 290 περὶ
1193 255 1289 282 τούτου
1303 256 1462 291 παραίνεσιν
1481 255 1599 282 ἐνταῦθα
1614 256 1774 290 στήσωμεν·
1794 255 1957 291 παραθήσο-

1117 305 1166 332 μεν
1180 296 1207 323 δὲ
1222 297 1286 331 ὑμῖν
1297 297 1346 332 τὴν
1360 296 1471 332 πτωχὴν
1483 296 1562 332 ἡμῶν
1576 296 1624 323 καὶ
1638 296 1734 331 εὐτελῆ
1748 297 1902 332 τράπεζαν,
1911 297 1957 324 ἶνα

1114 337 1165 372 τῆς
1189 337 1319 373 συνήθους
1341 337 1543 369 ἀπολαύσαντες
1562 337 1735 368 διδασκαλίας
1754 337 1843 369 οὕτως
1861 338 1956 364 οἴκαδε

1115 380 1290 415 ἐπανέλθητε.
1316 380 1475 414 ’Δναγκαῐον
1489 379 1543 415 γὰρ
1558 379 1606 406 καί
1621 380 1740 415 σήμερον
1756 380 1803 406 τὸν
1817 380 1956 415 πατριάρ-

1114 429 1166 456 χην
1187 421 1310 457 Ἀϐραάμ
1329 422 1369 454 εἰς
1390 421 1472 456 μέσον
1485 421 1610 455 ἀγαγεῖν,
1633 421 1675 447 ἱνα
1695 420 1800 455 μάθητε
1817 421 1879 452 οἵας
1897 421 1954 447 ἐδέ-

1116 462 1179 494 ξατο
1196 463 1246 497 τῆς
1260 463 1411 498 φιλοξενίας
1426 461 1503 498 παρά
1517 461 1564 488 τοῦ
1575 461 1641 488 Θεοῦ
1654 461 1704 493 τὰς
1716 461 1845 497 ἀμοιϐάς.
1857 462 1954 496 Ὠφθη

1114 505 1148 532 δὲ
1167 504 1258 538 αὐτῷ,
1275 506 1368 540 φησιν.
1394 504 1498 538 δ’Θεὸς
1513 504 1588 539 πρὸς
1604 504 1642 539 τῇ
1666 504 1735 538 δρυῒ
1755 504 1794 539 τῇ
1813 504 1952 539 Μαμϐρῆ.

1114 547 1284 581 καθημένου
1304 546 1398 573 αὑτοῦ
1413 546 1460 573 ἐπί
1483 545 1538 580 τῆς
1552 546 1644 579 θύρας
1657 545 1713 580 τῆς
1723 545 1845 580 σκηνῆς
1859 547 1953 573 αὐτοῦ

1112 588 1308 622 μεσημϐρίας.
1326 587 1460 614 Ἕκαστον
1485 587 1539 614 τῶν
1566 588 1696 622 ῥημάτων
1717 587 1787 623 μετά
1808 587 1955 623 ἀκριϐείας

1115 629 1304 664 ἐξετάσωμεν,
1333 630 1381 655 καὶ
1413 628 1611 664 ἀναπτύξωμεν
1641 629 1687 656 τὸν
1719 628 1879 665 θησαυρὸν,
1908 630 1956 656 καὶ

1115 670 1224 697 ἅπαντα
1231 670 1277 696 τὸν
1286 670 1496 705 ἐναποκείμενον
1507 670 1621 697 πλοῦτον
1636 671 1954 706 καταμάθωμεν.Ὥφθη

1114 712 1149 738 δὲ
1160 711 1250 744 αὐτῷ,
1270 712 1363 746 φησὶν,
1383 713 1400 738 ό
1419 712 1501 745 Θεός.
1518 711 1596 743 Τίνος
1617 712 1710 739 ἕνεκεν
1730 712 1817 745 οὕτως
1838 713 1953 748 ἤρξατο,

1116 754 1212 788 Ὠφθη
1230 753 1263 779 δὲ
1276 752 1356 786 αὐτῷ
1365 754 1381 780 ὀ
1393 753 1480 786 Cede;
1497 753 1567 788 Ὅρα
1582 754 1718 780 Δεσπότου
1735 754 1954 790 φιλανθρωπίαν,

1115 795 1162 822 καὶ
1184 795 1280 822 σκόπει
1299 804 1344 830 μοι
1359 795 1464 821 οἰκέτου
1490 794 1709 831 εὐγνωμοσύνην.
1731 796 1840 832 Ἐπειδὴ
1855 798 1911 832 γὰρ
1924 798 1955 824 ἐν

1115 837 1171 868 τοῖς
1186 835 1368 871 προλαϐοῦσιν
1383 836 1476 870 ὀφθεὶς
1504 836 1589 872 αὐτῷ,
1607 837 1675 872 μετά
1695 837 1748 864 τῶν
1762 838 1851 865 ἄλλων
1865 839 1955 865 ἀπάν-

1115 887 1169 904 των
1182 879 1228 904 καί
1241 877 1291 913 τήν
1300 877 1423 913 περὶτῆς
1431 879 1580 914 περιτομῆς
1593 878 1667 913 αύτῷ
1678 879 1787 914 ἐντολὴν
1798 879 1953 912 διετάξατο.

1115 920 1130 945 6
1144 919 1172 946 δὲ
1187 919 1342 954 θαυμαστὸς
1355 917 1432 950 οὗτος
1444 919 1488 945 ἀεί¹
1499 919 1533 946 τὰ
1548 920 1624 955 παρὰ
1635 920 1683 946 τοῦ
1701 920 1769 947 Θεοῦ
1785 922 1954 956 κελευόμενα

1116 961 1155 992 εἰς
1174 961 1254 996 ἓργον
1269 960 1391 987 σπεύδων
1404 960 1492 995 ἄγειν,
1507 960 1609 992 εύθέως
1623 961 1682 988 οὐδὲ
1697 962 1727 988 τι
1741 963 1822 997 τυχὸν
1835 963 1954 990 ἀναϐαλ-

1116 1001 1228 1037 λόμενος
1243 1002 1323 1033 αὐτός
1336 1011 1367 1029 τε
1377 1002 1580 1038 περιετέμνετο.
1593 1003 1623 1029 τὸ
1637 1003 1710 1038 παρὰ
1722 1003 1768 1030 τοῦ
1782 1003 1852 1030 Θεοῦ
1867 1013 1953 1040 προσ-

1116 1043 1214 1078 ταχθὲν
1231 1043 1357 1079 πληρῶν,
1383 1043 1429 1070 καὶ
1443 1043 1489 1070 τὸν
1507 1043 1618 1079 ’ἰσμαῆλ
1636 1045 1781 1079 περιέτεμε
1792 1064 1800 1076 ,
1825 1046 1875 1072 καὶ
1889 1046 1954 1077 τοὺς

1116 1086 1261 1119 οἰκογενεῖς
1278 1086 1417 1116 ἅπαντας,
1431 1085 1478 1111 καὶ
1501 1084 1601 1117 ἔδειξεν
1622 1085 1704 1112 αὐτοῦ
1726 1086 1776 1121 τὴν
1790 1086 1892 1122 πολλὴν
1906 1087 1954 1114 ὑπ-

1117 1126 1212 1161 ακοὴν,
1221 1126 1301 1153 πάλιν
1315 1126 1389 1161 αὐτῷ
1404 1126 1718 1161 ὲπιφαίνεται.Ίόιοῦτος
1727 1128 1781 1164 γὰρ
1794 1129 1953 1164 ὁΔεσπότης

1117 1168 1131 1194 6
1155 1167 1304 1203 ὴμέτερος³
1328 1167 1439 1194 ἐπειδὰν
1464 1169 1519 1199 τοῖς
1542 1168 1592 1203 ήδη
1620 1168 1754 1202 φθάσασιν
1776 1170 1953 1205 εὐγνώμονας

1117 1209 1279 1244 γενομένους
1303 1209 1363 1244 ἴδῃ,
1384 1209 1603 1244 ὲπιδαψιλεύεται
1625 1211 1670 1236 καὶ
1693 1210 1819 1238 οὐδέποτε
1846 1212 1953 1238 ἵσταται

1117 1250 1167 1285 τῆς
1179 1251 1337 1286 εὐεργεσίας
1348 1270 1355 1282 ,
1377 1251 1556 1286 ἀμειϐόμενος
1568 1251 1617 1286 τὴν
1631 1252 1684 1278 τῶν
1701 1253 1892 1280 ὑπακουόντων
1907 1254 1952 1280 εὑ-

1118 1292 1304 1326 γνωμοσύνην.
1330 1291 1379 1318 Διὰ
1406 1292 1482 1318 τοῦτο
1505 1290 1561 1324 οὖν,
1585 1293 1678 1328 ἐπειδὴ
1701 1293 1852 1328 ὑπήκουσε,
1877 1295 1952 1333 [415]

1118 1334 1195 1368 φησὶ,
1211 1333 1291 1359 πάλιν
1302 1333 1379 1368 ὤφθη
1391 1333 1473 1368 αὐτῷ.
1488 1334 1595 1369 Ταύτης
1607 1334 1696 1360 τοίνυν
1708 1335 1789 1362 ’ἑνεκα
1799 1335 1850 1371 τῆς
1864 1338 1954 1370 αἰτίας

1117 1375 1203 1406 οὕτως
1227 1375 1328 1410 ἱρξατο
1346 1375 1360 1400 ὁ
1385 1375 1519 1410 μακάριος
1539 1376 1660 1410 Μωῡσῆς
1682 1375 1785 1410 λέγων·
1806 1378 1903 1412 Ὠφθη
1920 1379 1954 1406 δὲ

1117 1416 1198 1449 αὐτῷ
1222 1419 1238 1444 o'
1259 1416 1330 1449 Θεὸς
1346 1416 1422 1450 πρὸς
1442 1416 1478 1450 τῇ
1492 1416 1560 1450 δρυῒ
1574 1416 1611 1450 τῇ
1629 1417 1765 1451 Μαμϐρῆ,
1781 1420 1955 1453 καθημένω

1118 1458 1211 1485 αὑτοῦ
1235 1458 1284 1484 ἐπὶ
1306 1457 1361 1492 τῆς
1380 1458 1471 1491 θύρας
1499 1457 1555 1491 τῆς
1578 1458 1699 1492 σκηνῆς
1719 1460 1813 1487 αὑτοῦ
1834 1469 1955 1495 μεσημ-

1118 1501 1212 1534 ϐρίας.
1233 1500 1333 1526 Σκόπει
1356 1508 1401 1535 μοι
1429 1499 1546 1526 ἐνταῦθα
1568 1499 1614 1526 τοῦ
1636 1500 1741 1527 δικαίου
1765 1502 1816 1537 τὴν
1838 1503 1953 1540 ἀρετήν.

1118 1541 1302 1576 Καθημένου,
1333 1541 1425 1576 φησὶν,
1446 1541 1495 1568 ἐπὶ
1522 1541 1577 1576 τῆς
1597 1542 1728 1576 σκηνῆς.
1755 1542 1851 1576 Οὕτως
1873 1545 1956 1581 ἔργον

1118 1584 1235 1610 ἐποιεῖτο
1247 1583 1296 1619 τὴν
1313 1583 1475 1618 φιλοξενίαν,
1489 1583 1527 1615 ὼς
1542 1583 1608 1619 μηδὲ
1623 1583 1786 1619 ἀνασχέσθαι
1802 1586 1890 1623 ἑτέρῳ
1899 1589 1956 1615 τινὶ

1117 1626 1172 1653 τῶν
1196 1626 1388 1661 προσηκόντων
1408 1625 1552 1661 ἐπιτρέψαι
1579 1625 1628 1661 τὴν
1648 1625 1749 1652 τούτων
1766 1627 1868 1663 θήραν·
1884 1629 1955 1658 ἀλλὰ

1117 1668 1288 1703 τριακοσίους
1305 1668 1370 1694 δέκα
1387 1668 1434 1694 καὶ
1453 1667 1525 1693 ὀκτὼ
1543 1668 1689 1702 οἰκογενεῖς
1707 1667 1786 1703 ἔχων,
1809 1668 1954 1706 ἄνθρωπος

1119 1709 1285 1744 πρεσϐύτης,
1310 1709 1356 1736 καὶ
1371 1710 1411 1740 εἰς
1427 1709 1494 1744 βαθὺ
1514 1709 1602 1744 γῆρας
1623 1708 1723 1740 ἐλάσας
1744 1710 1954 1747 (ἑκατονταετής

1118 1752 1172 1786 γὰρ
1189 1751 1342 1786 ἐτύγχανε).
1366 1751 1442 1786 παρὰ
1456 1751 1504 1786 τὴν
1516 1751 1601 1785 θύραν
1629 1750 1785 1782 ἐκαθέζετο.
1808 1753 1863 1779 Καὶ
1875 1751 1954 1786 οὗτος

1121 1794 1170 1828 μὲν
1185 1794 1264 1820 τοῦτο
1283 1793 1362 1828 ἔργον
1382 1794 1508 1824 ἐποιεῖτο,
1526 1793 1572 1819 καί⁹
1588 1792 1647 1819 οὐδὲ
1662 1793 1693 1818 τὸ
1707 1792 1797 1828 γῆρας
1809 1794 1884 1830 αὐτῷ
1898 1795 1953 1821 κώ-

1118 1836 1190 1870 λυμα
1214 1836 1332 1868 ἐγένετο,
1357 1835 1417 1860 οὐδὲ
1432 1834 1481 1869 τῆς
1500 1833 1601 1865 οἰκείας
1627 1834 1808 1866 ἀναπαύσεως
1824 1833 1870 1871 ἦν,
1893 1837 1952 1863 οῠδέ

1119 1877 1172 1904 ἐσω
1184 1878 1229 1903 ἐπὶ
1246 1878 1293 1911 τῆς
1310 1877 1402 1910 κλίνης
1415 1874 1448 1911 ἦν
1466 1875 1650 1909 ἀνακείμενος,
1664 1875 1732 1902 ἀλλά
1744 1877 1819 1911 παρα
1842 1877 1892 1912 τὴν
1907 1877 1951 1904 θύ-

1121 1928 1171 1955 ραν
1186 1919 1345 1950 ἐκαυέζετο·
1368 1918 1456 1952 ἕτεροι
1475 1917 1504 1943 δὲ
1521 1917 1650 1948 πολλάκις
1663 1917 1693 1943 οὐ
1708 1916 1789 1952 μόνον
1803 1918 1906 1952 ταύτην
1922 1919 1952 1945 οὗ

1119 1960 1257 1987 ποιοῦνται
1275 1960 1323 1995 τὴν
1341 1960 1475 1993 σπουδὴν,
1492 1959 1559 1985 ἀλλὰ
1575 1960 1622 1985 καὶ
1639 1959 1669 1985 τὸ
1690 1959 1820 1990 ἐναντίον,
1836 1961 1882 1986 καὶ
1907 1962 1951 1988 ἐκ·

1119 2003 1220 2029 κλίνειν
1235 2001 1401 2036 ἐπιχειροῦσι
1424 2001 1478 2028 τῶν
1501 2000 1705 2036 ἐπιδημούντων
1721 2001 1771 2032 τάς
1796 2003 1952 2037 συντυχίας,

1110 2040 1149 2073 ὼς
1164 2041 1198 2068 ἀν
1216 2041 1253 2076 μὴ
1268 2041 1314 2067 καὶ
1331 2042 1443 2073 ἄκοντες
1457 2040 1654 2076 ἀναγκασθεῖεν
1665 2044 1860 2077 ὑποδέξασθαι.
1881 2046 1953 2073 Ἀλλ’

1111 2083 1160 2117 οὐχ
1170 2083 1183 2108 ό
1204 2082 1307 2114 δίκαιος
1329 2082 1425 2114 οὕτως,
1441 2083 1510 2110 ἀλλὰ
1526 2084 1602 2120 παρὰ
1618 2085 1667 2121 τὴν
1682 2085 1767 2121 θύραν
1782 2087 1832 2122 τῆς
1848 2088 1954 2123 σκηνῆς

1111 2124 1257 2155 ἐκαθέζετο
1280 2124 1465 2160 μεσημϐρίας.
1489 2126 1576 2153 Τοῦτο
1592 2128 1646 2161 γὰρ
1664 2126 1680 2161 ἡ
1701 2127 1784 2163 πολλὴ
1805 2128 1856 2162 τῆς
1878 2130 1954 2164 φιλο-

1112 2165 1201 2198 ξενίας
1218 2166 1353 2198 ἐπίτασις,
1372 2167 1419 2193 καὶ
1440 2167 1490 2201 τῆς
1508 2168 1609 2204 ἀρετῆς
1627 2168 1675 2194 τοῦ
1702 2169 1809 2196 δικαίου
1829 2172 1846 2206 ὴ
1863 2171 1961 2208 ὑπερ-«

1110 2209 1183 2244 ϐολὴ.
1200 2209 1241 2236 ὅτι
1250 2210 1296 2235 καὶ
1307 2210 1336 2236 ὲν
1349 2211 1507 2246 μεσημϐρίᾳ
1521 2211 1599 2238 τοῦτο
1615 2211 1800 2247 διεπράττετο.
1817 2214 1953 2247 Εἰκότως·

1110 2250 1204 2285 ἐπειδὴ
1224 2250 1278 2286 γὰρ
1294 2250 1352 2285 ᾔδει
1370 2252 1434 2282 τοὺς
1453 2252 1603 2288 ὁδοιπορεῖν
1621 2254 1865 2290 ἀναγκαζομένους
1886 2257 1952 2283 κατ’

1110 2293 1214 2320 ἐκεῖνον
1228 2292 1274 2319 τὸν
1290 2292 1384 2328 καιρὸν
1397 2293 1516 2327 μάλιστα
1533 2293 1678 2329 δεομένους
1695 2294 1797 2330 πολλῆς
1805 2296 1857 2331 τῆς
1872 2297 1954 2332 θερα-

1110 2334 1202 2365 πείας,
1215 2333 1260 2360 διὰ
1271 2334 1351 2360 τοῦτο
1365 2333 1404 2366 ὡς
1415 2335 1568 2370 ἐπιτήδειον
1580 2336 1675 2371 καιρὸν
1688 2336 1782 2364 τοῦτον
1797 2338 1951 2373 ἐξελέγετο,

1109 2375 1155 2402 καὶ
1172 2375 1327 2410 καθήμενος
1342 2376 1428 2411 ἐθήρα
1446 2378 1510 2409 τοὺς
1525 2378 1685 2412 παριόντας,
1698 2379 1805 2406 οἰκείαν
1819 2380 1952 2407 ἀνάπαυ-

1109 2424 1151 2443 σιν
1167 2416 1267 2452 κρίνων
1276 2417 1324 2451 τὴν
1340 2417 1394 2443 τῶν
1412 2417 1508 2444 ὁδιτῶν
1525 2418 1685 2453 θεραπείαν,
1700 2420 1747 2447 καὶ
1761 2422 1826 2453 τοὺς
1837 2422 1890 2448 ὑπὸ
1901 2422 1950 2449 τοῦ

1107 2457 1249 2490 καύσωνος
1260 2458 1443 2494 φλεγομένους
1459 2459 1510 2486 ὑπὸ
1525 2460 1576 2496 τὴν
1592 2461 1696 2497 σκέπην
1711 2463 1833 2498 εἰσάγειν
1849 2465 1951 2491 ἐσπού-

1105 2499 1197 2531 δαζεν,
1211 2501 1241 2526 οὑ
1257 2501 1506 2536 περιεργαζόμενος
1520 2503 1583 2534 τοὺς
1602 2504 1761 2538 παριόντας,
1773 2505 1835 2532 οὐδὲ
1853 2506 1949 2538 ἐξετά-

1107 2540 1161 2584 ζων
1177 2541 1201 2584 εἰ
1217 2540 1361 2584 γνώριμοι,
1378 2541 1395 2577 ἢ
1413 2542 1548 2584 ἄγνωστοι
1571 2542 1636 2570 εἷεν.
1659 2545 1697 2572 Οὐ
1718 2546 1873 2580 φιλοξενίας
1892 2548 1950 2584 γὰρ

1105 2580 1136 2606 τὺ
1170 2580 1205 2621 τά
1232 2581 1346 2608 τοιαῦτα
1370 2583 1612 2619 περιεργάζεσθαι,
1639 2586 1709 2613 ἀλλὰ
1735 2587 1765 2614 τὸ
1797 2589 1865 2615 πᾶσι
1889 2580 1950 2621 τοίς

1105 2620 1236 2656 παριοῦσι
1262 2622 1311 2657 τῆς
1339 2623 1444 2655 οἰκείας
1466 2625 1636 2659 μεταδιδόναι
1660 2627 1874 2663 φιλοφροσύνης.
1891 2620 1948 2656 Καί

1105 2664 1198 2709 ἐπειδή
1214 2665 1393 2709 ἥπλωσεητῆς
1407 2667 1559 2702 φιλοξενίας
1572 2670 1622 2705 τὴν
1637 2672 1769 2707 σαγήνην,
1787 2673 1948 2709 κατηξιώθη

1104 2706 1151 2749 καὶ
1167 2706 1220 2749 τὸν
1243 2707 1296 2734 τῶν
1320 2708 1388 2735 ὅλων
1416 2710 1554 2746 Δεσπότην
1578 2706 1758 2744 ὑποδέξασθαι
1787 2706 1872 2749 μετάγ
1890 2706 1947 2742 τῶν

1103 2747 1231 2790 ἀγγέλων
1255 2749 1348 2776 αὑτοῦ.
1373 2750 1423 2777 Διά
1448 2751 1528 2779 τοῦτο
1553 2754 1601 2780 καὶ
1628 2754 1734 2787 Παῦλος
1761 2747 1859 2790 ἐλεγε-
1888 2757 1948 2790 Τῆς

1102 2789 1278 2836 ςξιλοξενίας
1314 2791 1367 2836 μὴμ
1381 2792 1637 2836 ἐπιλανθάνεσθε·
1667 2796 1717 2824 διὰ
1745 2789 1860 2831 ταύτης

1101 2831 1212 2876 ξνίαθόν
1236 2840 1316 2876 τινες
1350 2833 1526 2876 ξενίσαντες
1563 2837 1727 2872 ἀγγέλους·
1767 2839 1814 2866 τὸν
1847 2831 1945 2876 πατρί-

1099 2872 1187 2916 ξιρχην
1209 2872 1317 2916 πάντως
1336 2875 1530 2911 αἰνιττόμενος,
1554 2878 1603 2904 Διὰ
1623 2878 1703 2906 τοῦτο
1723 2879 1770 2906 καὶ
1793 2880 1808 2907 6
1827 2872 1945 2916 Χριστὸς

1099 2912 1208 2948 ἔλεγεν·
1228 2915 1280 2949 ’⁸ος
1294 2915 1331 2943 ἂν
1344 2916 1467 2951 δέξηται
1482 2918 1536 2946 ἕνα
1562 2920 1676 2948 τούτων
1696 2921 1756 2949 τῶν
1769 2912 1943 2958 Maxima»;
