2044 3131
170 124 220 150 577

172 186 285 214 uterque
300 184 396 213 magno
410 176 508 204 damno
519 174 641 203 afficitur.
657 173 723 201 Nam
736 172 840 200 debitor
852 170 960 206 quidetn

169 224 260 259 inopia
295 222 439 253 atteritur.
463 220 580 249 creditor
605 223 694 246 autent
717 225 816 252 augens
839 216 963 248 divitias,

171 275 342 306 peccatorum
356 267 504 296 accumulat
514 266 563 294 sibi
578 264 786 293 multitudinem.
802 262 916 290 Proinde
930 261 965 289 ab

174 314 252 342 initio
267 314 329 341 olim
344 313 441 340 Jutla'is
453 310 628 339 crassioribus
640 310 692 337 tale
707 308 779 336 dedit
793 311 965 343 praeceptum,

170 361 285 387 dicens:
302 358 361 386 Non
377 357 536 393 farier-aberis
561 356 635 391 {rutri
659 359 702 381 tuo
728 358 752 381 et
781 353 897 388 proxima
921 357 966 378 tuo

172 406 267 439 (Deut.
283 405 329 432 25.
347 404 408 438 Ill).
424 403 481 437 Qua
503 402 583 436 igitur
597 398 767 428 excusatione
791 398 863 433 digiti
886 401 966 425 erunt

173 453 217 486 qui
242 450 341 478 .Iudzcis
366 453 429 477 suut
448 447 659 479 inhumaniores,
682 449 709 472 et
737 448 798 480 post
814 443 925 478 gratiam
940 446 966 470 et

175 501 275 523 tantam
295 502 310 522 a
329 494 441 521 Domino
461 492 649 528 benignitatem
675 489 845 517 inveniuntur
870 487 901 514 iis
922 487 967 522 qui

175 541 226 568 sub
238 542 295 575 lege
310 539 415 566 fuerunt
430 537 579 569 inferiores,
600 536 654 562 imo
665 533 788 569 pejores?
803 533 830 560 In
841 533 966 567 spiritua-

176 587 245 613 libus
259 586 330 613 enim
352 585 526 619 repetiturum
549 589 578 609 se
597 581 726 616 promittit
741 586 844 606 usuras.
859 577 967 612 Quare?

176 632 244 665 Quia
258 630 392 659 contrario
417 636 525 663 prorsus
548 627 627 654 modo
652 632 682 653 se
706 624 803 652 habent
823 622 967 658 spiritualis

179 685 269 709 usura,
284 681 311 704 et
322 675 465 703 sensibilis.
486 674 541 701 Illic
563 673 634 700 enim
661 671 684 699 is
710 679 725 698 a
751 677 804 706 quo
825 669 968 704 requiritur

178 730 282 755 severe,
310 721 397 749 subito
421 721 447 748 itt
475 724 621 747 extremam
641 717 756 752 inopiam
774 715 911 744 defertur:
925 715 968 742 ltic

178 773 267 795 autent
283 767 306 795 is
319 775 333 794 a
346 775 399 802 quo
411 766 534 801 exigitur,
545 765 651 800 quando
666 768 768 799 gratum
781 762 899 790 animum
913 768 968 796 pra:

179 820 209 839 se
236 812 338 844 tulerit,
357 817 456 846 quanto
481 817 607 844 majorem
632 816 739 836 usuram
762 807 871 840 afferet,
897 811 969 834 tanto

181 858 287 893 largiori
314 857 416 885 fruetur
445 856 545 884 cmlesti
572 855 797 883 remuneratione.
821 853 968 887 Quocirca,

180 903 281 936 dilecti,
293 911 354 931 cutn
367 903 441 930 vobis
455 902 607 930 concredita
621 900 885 931 tlinumeraverimus,
896 898 970 926 vobis

182 949 361 977 necessarium
376 949 427 975 erit
447 947 580 982 duplicent
595 946 691 973 afferre
710 946 827 972 laborem
853 948 880 971 et
906 943 970 978 vigi-

182 994 303 1026 lanliam,
331 997 385 1020 tum
408 993 476 1028 quod
493 992 658 1019 dinumerata
670 989 841 1017 custodienda
853 993 925 1021 sunt,
941 992 971 1015 ut

183 1040 235 1067 fixa
249 1043 373 1066 maneant
387 1047 394 1066 :
411 1043 466 1065 tum
481 1037 551 1073 quod
565 1036 730 1072 operandunt
746 1041 774 1062 ut
786 1040 812 1062 ct
824 1035 882 1061 aliis
894 1041 970 1061 cont-

183 1085 361 1118 tnnniccntur,
377 1090 403 1112 et
419 1085 516 1111 multos
537 1084 562 1111 in
579 1084 646 1110 viam
667 1083 770 1110 virtutis
783 1082 908 1109 indttcant
923 1089 931 1107 :
944 1084 972 1107 ut

183 1131 304 1158 bifariam
319 1130 392 1157 vobis
407 1131 507 1157 lucrum
525 1134 669 1161 accrescat,
684 1133 738 1156 tum
759 1136 806 1162 pro
819 1127 905 1154 salute
921 1133 970 1154 vc-

183 1180 251 1209 stra,
266 1180 321 1203 tum
338 1183 385 1210 pro
395 1175 507 1202 aliorum
523 1175 644 1202 utilitate.
660 1174 735 1207 Quod
748 1174 770 1201 si
783 1173 833 1200 hoc
846 1172 970 1204 feceritis,

182 1226 210 1248 et
225 1229 274 1248 nos
287 1221 403 1248 reddetis
415 1220 507 1248 beatos
530 1229 537 1248 :
551 1220 644 1247 Beatus
653 1220 728 1251 enim,
746 1219 839 1254 inquit,
853 1218 896 1253 qui
912 1218 972 1244 dicit

183 1267 209 1294 in
222 1275 296 1294 aures
315 1267 468 1293 audientium
498 1266 598 1302 (Eccli.
611 1267 659 1294 25.
690 1266 738 1301 l2)
753 1270 798 1292 :et
821 1264 921 1292 facit-tis
945 1268 974 1291 ιιι

185 1313 283 1347 largior
299 1312 373 1339 vobis
385 1312 442 1340 lucc
455 1312 598 1346 spiritualis
608 1316 757 1346 apponatur
776 1318 878 1338 tnema.
894 1310 974 1344 Igitur

184 1358 283 1385 fratres
295 1363 396 1384 vestros
407 1358 488 1385 nolite
501 1357 645 1393 negligere,
658 1365 743 1392 neque
757 1358 843 1383 Solum
857 1361 974 1391 spectate

183 1411 245 1439 quzc
258 1404 290 1430 ad
303 1411 350 1431 vos
363 1403 474 1431 attinent
491 1413 496 1430 :
509 1404 554 1431 sed
569 1404 710 1439 unicuique
723 1411 785 1430 cura
796 1404 829 1430 sit
842 1402 975 1438 quomodo

186 1450 336 1484 proximum
348 1457 425 1478 suum
443 1458 459 1477 e
481 1450 578 1477 diaboli
594 1450 713 1477 faucibus
723 1450 827 1483 eripiat,
843 1454 869 1475 ct
881 1448 916 1476 ab
927 1449 976 1474 im-

186 1496 236 1530 piis
247 1495 298 1522 illis
308 1495 465 1530 spectaculis
478 1495 503 1522 in
515 1495 654 1523 ecclesiam
667 1495 791 1528 adducat,
804 1494 976 1522 monstrando

185 1542 210 1569 ei
228 1541 427 1568 multalenitatc
441 1546 468 1568 et
490 1541 691 1569 tnansuetudine
712 1545 766 1568 tum
791 1541 881 1568 damni
904 1541 974 1577 quod

187 1587 260 1614 illinc
275 1587 324 1615 fert
338 1587 506 1621 gravitatem,
524 1592 579 1614 tum
594 1587 724 1615 bonorum
748 1595 807 1622 quae
822 1587 866 1615 hic
878 1596 972 1616 corce-

186 1632 288 1659 duntur
313 1632 545 1667 magniunlinem:
565 1636 592 1660 ct
604 1640 656 1659 non
681 1633 766 1660 solum
793 1633 875 1660 semel
896 1638 976 1668 atque

188 1678 284 1705 iterum
297 1678 347 1705 hoc
359 1677 446 1710 facite,
462 1677 508 1705 sed
524 1685 639 1713 semper.
650 1677 715 1706 Nam
731 1678 781 1706 etsi
797 1678 875 1706 hodie
888 1679 976 1707 verbis

188 1723 242 1749 tuis
269 1730 320 1749 non
339 1722 513 1757 obtemperat,
543 1727 634 1757 postea
655 1723 848 1757 obtemperabit
875 1732 881 1749 :
905 1727 932 1751 et
953 1723 975 1751 si

189 1776 275 1803 neque
287 1768 404 1796 secundo
416 1768 568 1795 admonerti
592 1768 786 1803 oblemperabit
798 1789 806 1801 ,
822 1769 918 1796 iterum
935 1773 976 1796 ta-

188 1822 249 1841 men
261 1819 286 1841 te
301 1814 391 1841 videns
403 1818 550 1848 urgentem,
564 1814 631 1841 forte
643 1815 791 1846 erubescet,
807 1819 833 1841 et
847 1815 977 1842 reveritus

188 1865 260 1886 tuam
274 1867 376 1892 curam,
400 1867 415 1887 a
436 1859 592 1894 perniciosis
616 1859 668 1887 illis
682 1859 832 1887 abstinebit.
850 1860 884 1887 Et
897 1868 976 1887 num-

187 1913 267 1939 quam
291 1906 381 1932 dicas:
396 1905 493 1937 Semel,
514 1910 540 1932 et
558 1906 670 1939 iterum,
692 1911 718 1933 et
742 1905 820 1934 tertio
839 1910 867 1933 et
879 1906 976 1941 saepius

188 1951 297 1983 monui,
313 1956 340 1977 et
363 1951 427 1977 nihil
444 1950 553 1984 profeci.
582 1950 620 1978 Ne
640 1959 749 1978 monere
771 1951 877 1979 desinas
892 1961 899 1980 :
914 1960 975 1979 nam

188 2000 287 2031 quanto
300 1995 383 2030 magis
397 1999 424 2023 tu
439 1997 650 2030 perseveraveris
660 2017 666 2028 ,
686 2001 759 2024 tanto
770 1997 852 2032 magis
867 2002 892 2025 et
904 2006 976 2025 mer-

187 2049 233 2069 ces
249 2042 294 2069 tibi
318 2047 430 2069 crescet.
457 2041 515 2069 Non
540 2042 635 2069 videtis
660 2048 757 2076 quanta
771 2044 888 2069 omnimn
908 2044 977 2070 lleus

188 2094 238 2114 nos
253 2087 379 2122 patientia
391 2087 496 2121 tolerat,
510 2094 535 2115 et
550 2088 683 2123 quomodo
692 2088 809 2122 quotidie
821 2089 977 2123 negligimus

188 2134 373 2168 obtemperare
392 2133 449 2168 ejus
475 2133 617 2167 mandatis,
641 2137 668 2161 et
688 2142 774 2169 neque
794 2135 833 2161 sic
851 2139 937 2162 cessat
961 2142 976 2161 a

188 2187 252 2206 cura
281 2185 382 2212 nostra,
399 2179 447 2207 sed
461 2180 550 2206 omnia
576 2187 622 2206 sua
638 2180 797 2214 suppeditat,
812 2180 896 2207 solent
912 2180 975 2207 oriri

187 2230 273 2259 curat,
287 2225 389 2260 pluvias
407 2225 539 2259 concedit,
552 2219 771 2260 aliaqne'omnia?
788 2226 871 2253 Simili
898 2225 977 2254 modo

163 2271 167 2307 ξ
188 2274 216 2297 et
231 2277 281 2297 nos
293 2277 355 2305 erga
371 2269 465 2297 fratres
480 2274 585 2297 nostrOs
598 2270 666 2297 bene
688 2270 786 2303 affecti,
815 2279 907 2306 inagna
921 2275 976 2298 uta-

189 2323 249 2342 mur
262 2315 410 2349 diligentia,
433 2319 460 2342 et
483 2315 651 2342 obluctcmur
665 2315 780 2350 maligno
795 2316 831 2343 illi
850 2317 976 2350 datmoni,

188 2365 217 2386 ut
229 2360 321 2387 irritos
339 2360 397 2395 ejus
417 2361 544 2388 faciamus
562 2366 683 2388 conatus.
706 2361 770 2388 Nam
786 2362 807 2389 si
822 2363 917 2397 singuli
932 2363 977 2397 qui

187 2404 293 2437 adsunt,
315 2413 396 2431 unum
418 2405 571 2433 lucrifacere
594 2411 710 2440 possent,
740 2407 824 2441 cogita
849 2413 975 2441 quantam

188 2449 266 2476 nobis
276 2450 392 2477 lzetitiam
416 2451 532 2478 Ecclesia
553 2451 719 2478 nmltitndine
742 2451 855 2478 filiorum
869 2459 976 2480 suorum

187 2496 339 2523 ostenderet
367 2505 376 2525 :
395 2501 423 2524 ct
447 2497 568 2524 diabolus
590 2497 807 2530 confunderetur,
833 2499 925 2526 videns
949 2499 976 2526 in

189 2547 286 2567 \annm
311 2546 338 2568 ct
359 2541 456 2569 frustra
482 2544 590 2570 extendi
618 2551 665 2570 sua
689 2543 764 2570 retia.
787 2544 862 2577 Quod
885 2545 906 2571 si
927 2545 978 2572 hoc

188 2585 317 2619 feceritis,
337 2588 449 2614 audietis
472 2593 499 2615 et
520 2596 568 2616 vos
590 2589 616 2615 in
639 2588 683 2616 die
709 2589 755 2616 illo
780 2597 786 2615 :
808 2589 888 2624 Euge,
909 2598 978 2617 serve

186 2632 251 2658 bone
270 2637 294 2659 et
304 2633 397 2666 ﬁdelis,
410 2633 436 2660 in
451 2642 531 2668 pauca
551 2635 622 2669 fuisti
645 2635 737 2669 ﬁdelis,
757 2643 834 2670 supra
857 2635 935 2662 multa
954 2641 978 2663 te

186 2679 347 2706 conuiuium.

222 2724 249 2750 3.
269 2724 399 2752 (laterum
415 2725 483 2753 bona
497 2733 545 2761 spe
556 2734 615 2753 sum
630 2733 676 2753 vos
687 2726 736 2754 hoc
750 2727 864 2754 facturos
878 2735 884 2753 :
900 2728 978 2754 video

186 2769 258 2796 enim
273 2770 359 2797 vultus
375 2775 487 2804 Vestras,
502 2776 529 2799 et
543 2772 721 2806 conjecturam
735 2779 811 2799 sumo
822 2780 868 2800 vos
881 2773 976 2800 admo-

185 2816 316 2843 nitionem
333 2822 449 2845 nostram
470 2825 564 2853 magna
578 2818 710 2853 voluptate
726 2819 859 2853 accepisse
871 2839 878 2853 ,
897 2825 976 2856 atque

657 117 688 145 IN
707 116 783 145 CAP.
807 114 896 143 XVIII.
917 112 1039 142 GENES.
1061 112 1174 141 IIOMIL.
1193 113 1259 141 XLI.

1758 112 1811 140 173

1021 168 1083 197 hinc
1102 178 1182 205 spero
1204 177 1266 201 vos,
1281 169 1351 205 quod
1366 174 1482 197 vestrum
1497 168 1592 204 fuerit,
1607 169 1732 198 facturos.
1746 170 1814 198 Pro-

1019 215 1080 242 inde
1097 215 1164 243 ltanc
1185 215 1394 243 admonitionem
1413 215 1456 243 hic
1470 214 1593 243 flniamus
1609 223 1617 242 :
1632 222 1816 250 proponamus

1020 264 1110 288 autem
1123 260 1200 288 vobis
1215 265 1321 288 tenuem
1342 266 1460 288 nostram
1475 268 1506 288 ac
1521 267 1665 296 pauperem
1680 268 1812 291 mensam,

1019 311 1047 334 ut
1060 314 1120 334 cum
1130 307 1235 334 solitam
1250 307 1405 342 acceperitis
1415 307 1572 339 doctrinam,
1586 307 1694 334 domum
1713 313 1814 334 conce-

1019 353 1098 380 datis.
1114 352 1209 388 Operte
1219 353 1333 388 pretium
1345 353 1416 381 enim
1432 352 1511 380 fuerit
1524 357 1550 380 et
1562 352 1640 380 hodie
1655 352 1680 380 in
1694 352 1811 380 medium

1019 399 1115 426 afferre
1130 399 1306 434 patriarchaut
1318 399 1461 432 Abraham,
1473 403 1503 426 ut
1516 399 1626 426 diseatis
1639 403 1764 434 quantam
1775 398 1811 425 ab

1020 444 1197 480 hospitalitate
1216 445 1366 473 mercedem
1386 445 1526 480 acceperit.
1544 445 1556 472 Ι
1575 444 1667 479 (Caput
1689 443 1744 479 18).
1757 443 1813 478 Ap-

1020 492 1104 525 paruit
1118 491 1141 518 ei
1152 495 1234 518 autem
1249 491 1316 518 Deus
1325 512 1332 524 ,
1349 491 1451 526 inquit,
1465 491 1534 526 apud
1546 498 1665 526 quercum
1686 489 1812 523 Humbre,

1020 537 1119 564 sedente
1131 538 1186 572 ipso
1197 537 1230 563 ad
1238 537 1346 572 jannam
1360 537 1513 563 tabernaculi
1524 536 1564 563 sui
1575 536 1687 563 meridie.
1701 535 1810 571 Singula

1021 583 1100 611 verba
1109 583 1248 618 diligenter
1255 584 1430 617 excutiamus,
1438 587 1563 617 etaperto
1572 582 1708 615 thesauro,
1720 589 1814 610 omnes

1021 630 1047 657 in
1070 638 1103 657 eo
1120 630 1232 658 latentes
1253 630 1357 657 divitias
1380 629 1524 657 discamus.
1539 628 1627 662 Quare
1647 628 1687 655 sic
1701 634 1815 655 exorsus

1021 682 1071 708 est,
1087 676 1211 712 Apparuit
1225 681 1309 703 autem
1323 676 1346 703 ei
1358 676 1444 703 Deus?
1456 675 1551 711 Specta
1566 674 1670 702 Domini
1691 674 1813 709 benigni-

1022 726 1114 755 tatem,
1125 726 1151 749 et
1163 721 1303 749 considera
1316 721 1405 748 famuli
1417 726 1520 756 gratum
1531 720 1659 748 animum.
1669 720 1812 755 Postquam

1021 767 1092 794 enim
1105 766 1226 802 superius
1236 766 1357 801 apparuit
1370 766 1407 800 ei,
1418 770 1445 793 ct
1455 769 1552 801 praeter
1562 768 1657 792 caetera
1671 764 1750 792 etiam
1765 764 1815 792 cir-

1021 811 1191 840 eumcisionis
1204 811 1356 839 mandatum
1375 811 1501 846 praecepit
1514 819 1522 837 :
1537 810 1650 837 eximius
1663 814 1752 837 autem
1763 809 1814 836 iste

1023 859 1063 886 vir
1077 865 1183 893 semper
1192 865 1251 893 qua;
1266 865 1281 885 a
1297 858 1351 885 Deo
1365 861 1497 892 praecepta
1512 861 1586 884 erant
1597 856 1739 891 diligenter
1750 863 1813 890 per-

1023 904 1101 932 ﬁcere
1113 924 1120 936 ,
1138 903 1237 937 rejecta
1258 903 1330 930 omni
1353 910 1443 935 mora,
1460 902 1562 929 curavit
1578 906 1625 929 :et
1643 900 1814 928 circumcisus

1022 954 1063 976 est
1088 949 1158 984 ipse,
1175 948 1288 983 implens
1304 947 1456 974 mandatum
1472 947 1534 980 Dei,
1555 951 1583 974 et
1601 946 1739 974 lsmaelem
1760 945 1814 973 cir-

1023 994 1158 1026 cumcidit,
1174 999 1200 1021 et
1214 993 1371 1021 vernaculos
1389 1000 1482 1021 omnes
1492 1013 1499 1026 ,
1513 997 1541 1020 et
1554 993 1580 1020 in
1601 999 1703 1020 summa
1717 992 1812 1019 miram

1023 1040 1166 1068 declaravit
1179 1040 1355 1067 obedientiam
1367 1048 1373 1066 :
1384 1039 1478 1066 iterum
1491 1038 1515 1066 ei
1530 1042 1648 1073 apparet.
1658 1037 1729 1065 Talis
1741 1037 1813 1065 enim

1023 1091 1065 1113 est
1077 1086 1205 1113 Dominus
1216 1090 1316 1117 noster,
1328 1089 1356 1112 ut
1370 1085 1392 1112 si
1407 1084 1513 1119 quando
1531 1083 1627 1111 viderit
1642 1090 1690 1110 nos
1705 1082 1730 1110 in
1745 1083 1816 1118 prio-

1024 1131 1097 1159 ribus
1109 1136 1209 1166 gratos,
1222 1131 1372 1158 accumulet
1384 1130 1511 1158 beneficia
1522 1150 1530 1164 ,
1544 1134 1572 1157 et
1584 1136 1726 1164 numquam
1740 1137 1755 1156 a
1768 1136 1816 1157 sua

1025 1177 1197 1205 beneficentia
1216 1176 1343 1209 desistat,
1361 1182 1535 1203 remunerans
1551 1175 1732 1202 obedientium
1753 1181 1816 1209 gra-

1025 1227 1080 1250 tum
1094 1222 1260 1257 obsequium.
1276 1222 1389 1256 Propter
1410 1221 1461 1248 hoc
1484 1221 1563 1255 igitur
1574 1240 1582 1252 ,
1603 1220 1665 1255 quia
1680 1219 1795 1246 obedivit
1807 1239 1815 1252 ,

1025 1269 1120 1296 iterum
1135 1268 1257 1303 apparuit
1268 1268 1303 1295 ei.
1317 1267 1373 1301 Qua
1386 1267 1420 1294 de
1432 1273 1511 1294 causa
1526 1266 1564 1293 sic
1578 1273 1657 1293 orsus
1668 1269 1710 1293 est
1723 1265 1817 1292 beatus

1026 1315 1112 1342 Moses
1127 1322 1133 1340 :
1148 1313 1273 1349 Apparuit
1288 1317 1371 1340 autent
1385 1313 1406 1340 ei
1428 1312 1495 1339 Deus
1511 1311 1581 1346 apud
1598 1319 1715 1346 quercum
1731 1309 1817 1336 Mam-

1026 1361 1077 1394 brc,
1094 1360 1195 1388 sedente
1205 1368 1234 1387 eo
1245 1360 1279 1386 ad
1282 1359 1390 1394 januam
1403 1358 1555 1385 tabernaculi
1570 1357 1609 1384 sui
1624 1357 1736 1384 meridie.
1747 1357 1818 1384 Con-

1026 1406 1113 1434 sidera
1124 1426 1132 1438 .
1148 1413 1196 1433 oro
1208 1426 1215 1438 ,
1232 1404 1274 1432 hic
1287 1405 1412 1432 virtutem
1425 1403 1499 1438 justi.
1521 1402 1630 1429 Sedente
1642 1422 1649 1433 ,
1665 1401 1767 1436 inquit,
1783 1400 1817 1427 ad

1027 1454 1094 1487 fore:
1108 1451 1261 1478 tabernaculi
1283 1450 1333 1477 sui.
1351 1449 1500 1484 Tattlopcre
1519 1447 1629 1475 curabat
1650 1446 1818 1482 hospitalita-

1027 1501 1091 1529 tem,
1108 1501 1137 1523 ut
1151 1496 1234 1523 nollet
1248 1495 1381 1530 hospitum
1396 1494 1564 1522 venationem
1577 1492 1692 1527 cuipiam
1705 1491 1819 1519 familia-

1027 1544 1095 1571 rium
1105 1543 1272 1570 eommittere
1285 1551 1291 1569 :
1313 1541 1361 1569 sed
1372 1544 1505 1568 trecentos
1512 1540 1604 1567 decem
1612 1543 1639 1567 et
1646 1543 1708 1566 octo
1718 1538 1819 1565 habens

1026 1589 1199 1622 vernaculos,
1221 1588 1301 1615 homo
1320 1594 1402 1615 senex
1429 1590 1456 1614 et
1476 1593 1546 1614 nunc
1570 1585 1712 1620 decrepita:
1734 1584 1820 1611 aetatis

1030 1633 1221 1670 (centonarius
1242 1632 1313 1660 enim
1331 1636 1389 1659 erat
1404 1631 1424 1666 ),
1441 1630 1510 1666 apud
1526 1630 1634 1665 januam
1654 1629 1772 1657 sedebat.
1786 1629 1820 1656 Et

1029 1680 1071 1707 hic
1085 1679 1191 1715 quidem
1212 1678 1263 1706 hoc
1275 1685 1380 1706 summo
1393 1676 1482 1705 studio
1494 1676 1620 1709 curabat,
1635 1680 1662 1703 et
1678 1681 1763 1710 neque
1776 1681 1821 1702 se-

1028 1730 1122 1753 nectus
1135 1725 1171 1752 illi
1184 1724 1322 1752 obstaculo
1333 1728 1400 1756 erat,
1415 1730 1500 1757 neque
1512 1729 1568 1749 sua:
1580 1721 1676 1756 quietis
1689 1728 1764 1753 cura,
1773 1727 1821 1747 ne-

1028 1780 1079 1807 que
1099 1772 1169 1799 intus
1187 1778 1267 1806 super
1287 1771 1385 1798 lectum
1403 1769 1590 1800 recumbebat,
1605 1767 1652 1795 sed
1673 1767 1706 1795 ad
1721 1767 1820 1795 ostium

1028 1817 1137 1845 sedebat
1151 1825 1158 1844 :
1173 1816 1218 1843 alii
1230 1820 1318 1843 autem
1332 1823 1403 1849 saepe
1418 1822 1470 1842 non
1484 1814 1568 1841 solum
1585 1817 1686 1841 tantum
1701 1812 1818 1840 studium

1029 1870 1080 1890 non
1096 1861 1232 1894 adhibent,
1247 1861 1294 1888 sed
1315 1867 1342 1888 et
1355 1860 1431 1896 plane
1445 1859 1589 1890 diversum,
1603 1864 1631 1886 et
1645 1859 1738 1886 horum
1753 1866 1820 1886 con-

1028 1915 1134 1944 gressus
1147 1907 1250 1943 fugiunt
1262 1911 1289 1934 et
1303 1907 1413 1939 evitant,
1426 1910 1455 1933 ut
1465 1913 1498 1933 ne
1513 1905 1587 1933 inviti
1602 1910 1729 1941 cogantur
1743 1905 1820 1932 exci-

1029 1961 1102 1989 pere.
1119 1953 1215 1981 Verum
1234 1960 1287 1980 non
1298 1951 1385 1987 justus
1404 1952 1448 1979 ille
1470 1952 1506 1978 ita
1519 1951 1613 1986 agebat
1625 1971 1633 1984 ,
1647 1951 1694 1978 sed
1709 1950 1820 1978 sedebat

1028 2000 1062 2028 ad
1083 1999 1190 2034 ianuam
1205 1999 1325 2026 meridie.
1343 1997 1408 2026 Hinc
1423 1998 1493 2025 enim
1509 1997 1594 2032 major
1605 1996 1772 2032 hospitalitas
1793 2001 1822 2024 et

1030 2045 1115 2072 virtus
1134 2044 1192 2079 ejus
1213 2043 1327 2075 ducitur,
1343 2043 1412 2079 quod
1427 2043 1452 2070 in
1467 2042 1577 2070 meridie
1592 2041 1643 2070 hoc
1661 2041 1769 2069 faceret.
1786 2041 1839 2071 Et,

1029 2092 1125 2118 merito
1143 2090 1249 2125 quidem
1263 2090 1342 2125 :quia
1355 2090 1426 2117 enim
1442 2089 1552 2122 sciebat,
1565 2095 1622 2121 eos,
1638 2088 1820 2123 quixpercgri-

1029 2143 1094 2163 nare
1114 2140 1244 2170 coguntur
1255 2155 1263 2168 ,
1278 2142 1312 2161 eo
1329 2134 1443 2161 maxime
1464 2138 1583 2169 tempore
1601 2133 1720 2168 indigere
1737 2139 1800 2160 cura
1811 2152 1821 2166 ,

1029 2187 1133 2217 tempus
1147 2181 1197 2208 hoc
1212 2180 1335 2208 idoneum
1347 2180 1472 2215 eligebat,
1485 2184 1513 2207 et
1527 2179 1624 2207 sedens
1636 2186 1683 2207 eos
1695 2179 1740 2214 qui
1753 2186 1822 2214 pra:-

1029 2228 1143 2255 teribant
1151 2226 1305 2260 venabatur,
1312 2226 1427 2261 quietem
1438 2224 1488 2253 sibi
1498 2225 1598 2252 ducens
1611 2224 1761 2252 ministrare
1770 2224 1823 2252 via-

1030 2273 1132 2300 toribus
1149 2281 1156 2299 :
1170 2276 1198 2299 et
1218 2279 1265 2298 eos
1276 2271 1320 2306 qui
1337 2271 1426 2298 calore
1438 2270 1594 2302 testuabant.
1604 2271 1654 2297 sub
1667 2274 1765 2297 tectum
1778 2269 1822 2297 in-

1030 2318 1170 2345 troducere
1190 2317 1330 2349 Studebat,
1346 2323 1401 2343 non
1421 2315 1527 2344 curiose
1548 2315 1690 2350 explorans
1709 2321 1756 2342 eos
1776 2314 1822 2349 qui

1030 2364 1197 2398 prmterihant
1209 2384 1217 2396 ,
1233 2370 1318 2397 neque
1333 2362 1471 2398 requirens
1485 2369 1518 2389 an
1535 2362 1588 2388 noti
1599 2382 1606 2395 ,
1623 2361 1664 2388 vel
1683 2360 1764 2396 ignoti
1779 2367 1822 2388 es<

1029 2414 1099 2436 sent.
1115 2408 1207 2443 Neque
1219 2408 1290 2435 enim
1312 2407 1496 2442 hospitalitatis
1512 2407 1591 2434 fuerit
1612 2406 1753 2441 diligenter
1764 2406 1822 2433 sin-

1029 2455 1087 2490 gula
1103 2453 1274 2489 perscrutari.
1287 2453 1337 2480 sed
1350 2453 1473 2480 omnibus
1488 2452 1646 2487 simpliciter
1659 2459 1734 2478 suam
1748 2458 1822 2478 cont-

1028 2500 1164 2528 municare
1184 2499 1382 2534 benignitatem,
1391 2503 1418 2526 et
1432 2498 1490 2532 quia
1500 2497 1684 2533 hospitalitatis
1696 2504 1822 2533 sagenam

1029 2546 1207 2580 expanderat,
1228 2544 1325 2571 meruit
1347 2549 1375 2571 et
1395 2544 1580 2571 universorum
1596 2543 1738 2570 Dominum
1761 2550 1822 2570 cum

1029 2590 1130 2624 ange'ls
1158 2590 1214 2617 suis
1237 2589 1381 2623 suscipere.
1399 2589 1546 2623 Eapropter
1568 2588 1666 2615 Paulus
1687 2587 1793 2616 dicebat
1813 2595 1822 2615 :

1033 2635 1220 2669 llospitalitatis
1232 2642 1264 2660 ne
1283 2633 1463 2660 obliviscamini
1477 2641 1546 2668 :vper
1560 2633 1625 2660 hanc
1640 2633 1706 2660 enim
1720 2632 1823 2668 quidam

1030 2681 1106 2707 nescii
1118 2701 1125 2713 ,
1139 2679 1242 2715 angelos
1255 2683 1402 2715 exceperunt
1415 2679 1524 2714 hospitio
1539 2679 1548 2714 (
1560 2678 1638 2706 Hebr.
1656 2679 1699 2707 l3.
1711 2679 1740 2714 Ξ)
1751 2687 1758 2704 :
1773 2686 1822 2714 pa—

1031 2727 1174 2757 triarcham
1195 2727 1304 2754 omnino
1329 2726 1475 2753 insinuans.
1490 2727 1575 2761 Atque
1587 2725 1621 2753 ob
1633 2725 1685 2752 ltoc
1702 2725 1824 2753 Christus

1030 2774 1135 2801 dicebat
1151 2782 1157 2800 ε
1174 2773 1223 2807 Qui
1242 2773 1378 2807 susceperit
1397 2780 1477 2799 unum
1490 2780 1521 2799 ea;
1541 2772 1579 2799 his
1594 2771 1720 2805 minimis,
1735 2772 1762 2799 in
1775 2780 1822 2799 no-

1031 2820 1098 2846 mine
1111 2827 1173 2853 meo,
1187 2827 1225 2846 me
1237 2818 1340 2852 suscipit
1354 2817 1458 2854 (Matth.
1478 2817 1521 2845 i8.
1533 2818 1572 2853 5).
1589 2817 1743 2850 Audiamus,
1754 2816 1822 2844 dile-
