2044 3131
267 101 320 129 379

265 155 312 188 αἱ,
325 159 351 182 et
361 153 476 188 hospitio
486 151 622 187 excepturi
636 151 643 166 ‘
660 157 804 185 numquam
813 155 975 183 quieramns,
983 147 1058 181 Quis,

264 205 291 228 et
307 199 386 228 unde.
400 199 466 226 Nam
485 197 507 225 si
521 195 672 232 patriarcha
691 195 719 223 in
732 194 850 229 rogando
864 193 959 220 fuisset
972 193 1061 219 curio-

265 254 329 280 sus,
344 245 412 273 forte
426 248 572 279 peccasset.
586 242 639 270 Sed
653 241 772 273 sciebat,
788 239 892 274 inquis,
913 238 1059 265 advenien-

266 292 331 318 tium
344 290 510 325 dignitatem.
522 287 598 316 Unde
619 288 669 314 hoc
683 286 730 313 tibi
748 285 847 320 liqurt?
862 283 999 318 Quomodo
1013 291 1060 310 au-

264 343 320 365 tem
333 337 355 364 si
370 337 406 364 ita
423 341 505 369 esset,
521 333 689 362 admirationi
703 332 815 360 luisset?
828 331 919 366 Neque
935 331 1008 358 enim
1022 331 1061 358 sic

264 383 421 411 admirabile
443 382 556 409 fuisset.
571 380 593 409 si
607 379 777 415 suscipiendo
791 377 910 414 hospites
929 376 1061 403 curiosius

264 430 433 463 explorasset
446 428 490 462 qui
506 431 606 459 essent,
621 425 690 453 sicut
705 432 774 452 nunc
786 431 848 451 cum
862 423 988 458 ignorans
1002 422 1061 457 qui—

266 481 328 500 nam
349 472 522 505 advenerim,
539 475 612 498 tanta
635 470 772 498 alacritate
790 473 818 496 et.
837 469 938 495 honore
959 467 1061 494 accedit

265 519 341 554 quasi
356 525 449 545 servus
472 517 505 544 ad
526 516 667 548 dominos,
683 515 791 550 suisque
811 513 901 541 verbis
920 520 1061 548 propemo-

264 565 328 592 dum
341 564 444 591 vincula
460 563 558 598 injicit,
573 567 601 589 et
614 562 745 596 supplicat
759 561 798 587 eis
809 580 816 592 ,
831 565 858 586 ut
872 567 907 586 ne
928 562 1037 586 renuant
1049 577 1059 591 ,

265 618 353 646 neque
366 617 395 638 se
408 610 524 637 maximo
536 609 634 635 damno
651 607 777 634 afficiant.
788 605 894 634 Sciebat
909 605 980 632 enim
997 603 1060 638 quid

265 656 382 686 faceret:
401 660 508 691 propter
531 654 582 682 hoc
594 661 690 689 magno
701 661 764 680 cum
779 651 874 679 ardore
889 651 1003 678 fructum
1016 657 1062 677 co-

266 702 373 737 piosum
394 700 564 736 percipiebat.
582 699 634 727 Sed
654 699 794 726 audiamus
814 697 893 724 verba
920 696 1060 731 scriptoris

265 747 349 781 ip-ius
360 766 368 779 ,
385 751 412 774 ut
431 746 519 773 videas
534 745 559 772 in
581 749 699 772 extrema
718 748 824 772 senecta
845 742 991 778 juvenilem
1005 742 1061 768 ala-

265 794 398 825 critatem,
416 798 445 820 et
463 799 555 818 senem
577 791 652 826 quasi
676 789 803 825 juvenem
824 789 1018 820 exsultantem,
1033 791 1060 814 et

269 843 406 872 putantem
420 845 449 865 se
471 838 604 864 invunisse
621 836 777 864 thesaurum
797 835 954 870 quemdam,
971 833 1060 868 hospi-

267 891 321 911 tum
331 891 425 919 nempe
435 883 588 910 adventum.
597 882 624 910 2.
637 881 746 909 Elevatis
756 886 849 914 autem,
862 880 956 916 inquit,
969 880 1058 912 oculis,

267 930 336 963 rtdit,
347 935 370 956 et
377 937 433 956 ecce
443 934 494 956 tres
502 929 548 956 uiri
556 933 674 955 steterunt
685 935 762 962 supra
775 935 831 954 eum
843 935 852 954 :
864 932 887 953 et
899 931 926 953 ut
939 926 1009 958 uidit,
1021 934 1058 952 oo-

265 977 344 1003 rurrit
353 977 378 1003 in
391 984 521 1003 occursant
533 975 569 1002 eis
581 975 612 1002 ab
625 975 688 1001 ostio
698 972 852 1000 tabernaculi
864 973 913 1000 sui.
921 972 1019 1005 Currit,
1033 976 1060 999 et

266 1024 335 1050 volat
349 1030 431 1050 senex
442 1031 450 1049 ι
466 1022 531 1050 vidit
549 1021 621 1049 enim
633 1020 751 1057 prmdam
761 1028 841 1054 quam
852 1019 998 1046 venabatur
1008 1039 1015 1050 ,
1033 1024 1060 1045 et

265 1068 336 1096 nulla
366 1068 527 1096 infirmitatis
548 1074 603 1094 sua:
629 1066 735 1094 ratione
762 1065 868 1097 habita,
885 1065 918 1091 ad
940 1066 1060 1091 venatio-

265 1121 326 1141 nem
341 1113 458 1141 cucurrit
472 1121 480 1141 ι
497 1120 548 1140 non
565 1112 667 1140 vocavit
683 1111 806 1141 famulos.
821 1118 907 1145 neque
920 1110 1059 1144 imperavit

265 1166 357 1193 poem,
374 1158 491 1193 nihilque
509 1158 662 1186 rusticitatis
683 1165 769 1192 neque
783 1156 892 1184 desidia:
905 1163 959 1190 pra:
974 1163 1002 1182 se
1019 1159 1060 1182 tu-

264 1205 304 1238 lit,
319 1205 365 1232 sed
375 1206 431 1240 ipse
442 1204 575 1232 cucurrit:
589 1204 664 1239 quasi
675 1203 785 1234 diceret.
799 1202 906 1237 Magnus
918 1202 1060 1229 thesaurus

264 1256 304 1278 est
315 1272 322 1282 ,
338 1259 432 1286 magna
453 1251 614 1286 negotiatio:
631 1258 677 1284 per
694 1249 881 1282 meme-tipsum
901 1247 969 1275 hanc
986 1255 1058 1274 mero

264 1304 324 1324 cem
342 1296 439 1324 inferre
453 1297 548 1330 debeo,
564 1304 596 1324 ne
609 1296 729 1323 elahatur
742 1295 807 1321 mihi
824 1298 925 1321 tantum
942 1293 1056 1320 lucrum.

265 1343 298 1370 Et
311 1343 368 1371 lucc
389 1343 500 1371 faciebat
514 1345 611 1378 justus,
625 1342 746 1370 homines
760 1342 888 1369 obscuros
903 1345 930 1369 et
945 1341 1058 1369 viatores

263 1390 400 1424 suscipere
415 1398 444 1418 se
455 1390 620 1417 existimans.

300 1436 326 1462 4.
341 1435 381 1461 Ad
395 1435 589 1470 hospitalitatem
602 1435 725 1461 hortatur.
742 1433 842 1460 Laudat
861 1433 1057 1468 hospitalitatem

266 1481 383 1511 Abruhaz,
399 1480 470 1507 illam
481 1479 634 1506 ttmulationi
646 1484 738 1506 nostra
751 1487 904 1514 proponens.
918 1493 954 1498 -——
970 1479 1058 1505 Disca-

267 1534 329 1553 mus
341 1530 368 1552 et
383 1533 442 1558 nos,
460 1533 491 1552 ac
506 1525 641 1552 imitemur
659 1524 724 1559 justi
740 1525 874 1551 virtutem.
892 1524 958 1550 Nam
970 1524 992 1550 si
1007 1523 1059 1550 hoc

265 1571 422 1602 fecerimus,
435 1570 580 1597 verisimile
592 1573 634 1597 est
652 1575 678 1596 et
698 1577 747 1596 nos
768 1568 910 1604 aliquando
925 1569 1056 1603 ejusmodi

264 1616 354 1651 prtedtl
376 1616 524 1651 petituros;
541 1615 594 1642 imo
607 1622 713 1649 semper
731 1614 914 1648 assequimnr,
929 1613 952 1640 si
971 1618 1058 1641 atton-

262 1662 360 1689 dimus.
374 1662 414 1689 Ob
427 1661 500 1688 illam
515 1661 586 1688 cnim
600 1667 708 1687 causam
722 1659 851 1694 benignus
871 1659 1012 1691 Dominus,
1027 1663 1057 1686 ut

264 1715 298 1735 ne
313 1707 345 1734 ad
359 1707 437 1734 talem
452 1706 642 1741 benignitatem
655 1713 749 1740 segnes
764 1705 857 1737 simus,
870 1712 956 1739 neque
969 1705 1057 1732 curio-

262 1753 318 1780 sius
338 1760 385 1780 eos
399 1753 444 1787 qui
465 1751 608 1779 adveniunt
622 1756 783 1783 scrutemur,
799 1750 882 1785 inquit
897 1759 904 1777 :
920 1750 970 1782 Qui
983 1758 1055 1777 arce-

263 1799 327 1833 perit
341 1805 420 1824 unum
433 1805 464 1824 ea:
483 1797 521 1824 his
540 1796 649 1823 minimis
671 1796 697 1822 in
712 1796 812 1822 nomine
831 1803 894 1827 meo,
910 1803 949 1821 me
966 1795 1056 1829 accipit

263 1843 375 1879 (Matth.
391 1844 433 1871 l8.
448 1843 486 1877 5).
500 1842 538 1870 Ne
559 1843 638 1878 igitur
659 1841 691 1869 ad
714 1842 841 1869 vilitatem
869 1841 1055 1876 prmtcreuntis

263 1894 378 1924 spectes,
395 1897 480 1924 neque
492 1896 524 1916 ex
541 1888 573 1915 iis
586 1896 644 1923 qua:
657 1887 729 1915 vides
742 1887 822 1914 vilem
836 1894 895 1914 esse
908 1891 992 1921 putes,
1008 1886 1054 1912 St'd

263 1935 348 1970 cogita
376 1939 402 1962 te
433 1942 480 1969 per
511 1934 618 1968 ipsum,
644 1933 785 1960 Dominum
811 1937 884 1959 tuum
908 1933 1052 1967 suscipere.

262 1980 375 2014 Quando
389 1980 460 2007 enim
478 1984 586 2014 propter
600 1979 657 2013 ejus
677 1986 772 2006 nomen
788 1978 965 2005 ministerium
980 1982 1055 2005 tuum

262 2026 288 2052 in
303 2026 377 2053 illum
390 2024 543 2052 exlubueris
555 2045 563 2057 ,
579 2024 730 2051 mercedem
744 2024 859 2058 accipies
870 2044 877 2055 ,
897 2030 929 2050 ac
944 2023 966 2050 si
982 2023 1055 2050 illum

262 2071 436 2104 suscepisses.
453 2070 527 2101 Esto,
539 2070 574 2096 sit
592 2069 670 2096 deses
685 2073 710 2096 et
726 2068 924 2103 negligentioris
936 2068 997 2096 vitae
1010 2068 1055 2102 qui

244 2113 248 2120 ’
263 2121 307 2143 tua
323 2117 417 2143 fruitur
439 2117 618 2150 benignilate,
634 2124 686 2143 non
706 2115 741 2142 sit
764 2114 808 2142 tibi
831 2115 888 2150 ejus
913 2115 950 2142 ra-i
966 2123 1030 2142 cura
1047 2124 1054 2142 :

263 2161 341 2196 plena
355 2162 426 2188 enim
438 2162 483 2189 tibi
495 2167 524 2189 et
537 2161 653 2196 perfecta
668 2168 772 2188 merces
784 2161 900 2193 dabitur,
915 2161 940 2188 iu
952 2161 1055 2188 Domini

263 2206 394 2233 honorem
416 2206 466 2234 hoc
485 2206 607 2240 facienti,
623 2206 774 2234 etimitauti
796 2205 954 2240 patriarchae
976 2205 1057 2232 \irtu-

267 2256 330 2278 tem.
348 2250 381 2278 Et
394 2256 420 2278 ut
435 2251 504 2283 uidit,
522 2251 616 2286 inquit,
638 2251 746 2278 accurrit
766 2251 792 2277 in
813 2258 945 2277 occursum
967 2251 1004 2277 eis
1026 2250 1056 2277 ab

262 2298 327 2324 ostio
337 2296 500 2324 tabernaculi.
513 2297 584 2325 Bene
597 2303 625 2324 et
641 2297 691 2324 hoc
710 2296 835 2328 verbum,
847 2296 977 2327 Accurrit,
990 2304 1056 2332 qna—

263 2342 334 2377 drat,
347 2348 375 2371 ut
383 2343 470 2371 discas
478 2351 524 2371 eos
532 2344 605 2378 quasi
619 2343 724 2378 ignotos
734 2342 903 2377 praeteriisse.
913 2347 938 2369 et
946 2350 999 2370 non
1009 2350 1057 2370 sua

264 2395 361 2423 sponte
375 2389 407 2416 ad
423 2389 623 2416 tabernaculum
636 2388 752 2415 venisse.
768 2387 927 2422 Propterea,
943 2395 977 2414 ne
992 2388 1055 2415 sob-

267 2436 410 2470 terfugeret
422 2443 483 2462 eum
496 2434 633 2469 spirituale
653 2433 704 2461 hoc
719 2433 821 2460 lucrum
831 2454 838 2466 ,
849 2433 894 2469 qui
916 2438 1038 2461 sennerat
1048 2454 1056 2466 ,

265 2481 431 2513 iucanuerat,
442 2485 470 2508 et
482 2479 651 2507 centonarius
661 2484 728 2513 erat,
742 2479 866 2511 accurrit,
874 2484 901 2506 et
914 2487 993 2507 cursu
1003 2478 1059 2505 ala-

263 2526 386 2553 critatem
393 2525 516 2554 declarat.
528 2525 559 2552 Et
568 2526 724 2561 cortspicatas
729 2533 781 2557 eos,
792 2525 887 2561 inquit,
894 2525 1014 2552 adorabat
1021 2533 1060 2551 su-

269 2576 424 2606 perterram,
436 2571 461 2599 ὅ.
472 2576 494 2598 et
507 2571 588 2598 dixit:
602 2570 719 2604 Domine,
732 2571 755 2597 si
768 2571 850 2598 inveni
857 2570 964 2606 gratiam
974 2578 1060 2596 coram

263 2622 302 2650 te,
316 2625 347 2644 ne
357 2622 468 2644 transeas
487 2625 583 2644 servum
603 2623 683 2644 tuum.
697 2617 724 2644 tl.
736 2616 858 2644 Sumatur
869 2624 930 2643 sane
943 2624 1020 2650 aqua,
1036 2620 1058 2642 ct

264 2662 347 2688 lavent
371 2662 446 2697 pedes
460 2668 569 2695 vestros,
585 2668 608 2689 et
622 2662 805 2698 refrigeramini
825 2662 870 2688 sub
884 2660 982 2693 arbore,
996 2661 1023 2687 5.
1036 2665 1059 2687 et

257 2707 385 2742 accipiam
399 2717 487 2743 panem
497 2729 505 2741 ,
528 2713 550 2736 et
564 2708 712 2742 comedetis,
726 2712 750 2736 et
763 2707 866 2743 posthac
883 2707 1041 2742 prteterihitis
1050 2726 1058 2739 ,

261 2776 426 2832 Suvil.
446 2780 470 2802 et
482 2782 583 2810 quatuor
595 2781 647 2804 Mss.
660 2777 698 2802 lim
711 2782 793 2802 voces.
807 2774 907 2806 hospitio
918 2775 1040 2805 excepturi
1051 2795 1057 2806 ,

325 2813 358 2831 ιιι.

638 95 669 124 S.
689 93 829 123 JOANNIS
846 91 1088 120 CllllYSOSTOMl
1108 91 1266 120 ARCHIEP.
1287 90 1555 120 CONS'I'ANTINOP.

1856 93 1906 121 380

1113 147 1186 182 cujus
1200 147 1283 182 gratia
1296 147 1439 174 declinauit
1447 147 1482 175 ad
1495 156 1592 174 servant
1606 152 1723 175 vestrum.
1742 148 1830 175 \‘erba
1845 148 1908 184 justi

1112 192 1234 219 sublimia
1249 192 1326 220 valde
1343 197 1413 220 sunt.
1427 193 1519 228 Neque
1534 197 1635 220 tantum
1656 193 1824 227 miraculum,
1839 194 1909 228 quod

1112 244 1160 264 eos
1174 237 1331 273 susceperit,
1347 242 1474 272 quantum
1495 237 1565 273 quod
1584 245 1644 265 eum
1665 243 1737 265 tanta
1750 238 1889 266 alacritate
1900 259 1908 273 ,

1112 286 1140 309 et
1149 282 1248 316 studio,
1262 288 1287 310 et
1303 291 1355 310 non
1367 288 1465 310 attenta
1478 288 1523 310 aut
1537 291 1594 314 sua,
1604 288 1650 310 aut
1661 291 1766 317 eorum,
1775 284 1820 319 qui
1831 284 1910 312 adve-

1113 333 1208 355 nerant
1220 349 1228 361 ,
1243 333 1321 356 :etate
1335 337 1343 355 :
1359 337 1419 356 nam
1444 329 1563 356 fortassis
1583 329 1742 357 videbantur
1761 331 1812 366 ipsi
1830 329 1908 365 juve-

1113 381 1180 406 nes;
1199 381 1284 409 neque
1303 374 1463 402 existimavit
1478 374 1603 402 sufficere
1622 380 1650 402 ut
1671 375 1759 402 verbis
1773 375 1912 404 dumtaxat

1112 419 1300 447 adhortaretur
1313 441 1321 452 ,
1337 420 1483 453 Adorabat,
1501 420 1595 454 inquit,
1616 428 1692 455 super
1703 426 1797 448 terram
1810 429 1821 449 :
1835 423 1909 457 quasi

1112 464 1283 499 supplicans,
1297 469 1324 492 et
1345 465 1479 492 efficacem
1498 465 1710 493 exhortationem
1736 466 1861 499 offerens.
1883 471 1912 495 ut

1113 518 1147 538 ne
1161 515 1298 545 putaretur
1308 512 1487 548 perfunctorie
1500 510 1646 540 adhortari.
1657 511 1689 538 Et
1703 511 1803 538 idcirco
1817 512 1909 540 divina

1113 556 1249 591 Scriptura
1261 562 1413 584 monstrans
1426 557 1501 584 nobis
1512 557 1576 591 justi
1592 558 1716 584 virtutem
1733 557 1907 592 ineffabilem,

1112 603 1212 638 inquit,
1225 602 1354 629 Adorabat
1372 611 1448 637 super
1463 607 1565 634 terram,
1580 607 1605 629 et
1629 603 1756 637 gestibus,
1773 607 1797 630 et
1823 604 1909 631 verbis

1113 656 1236 683 maguum
1265 648 1410 681 fervorem,
1435 648 1568 682 egregiam
1597 648 1677 675 animi
1710 647 1907 682 humilitatem,

1112 702 1243 721 summam
1260 694 1466 729 hospitalitatem
1489 698 1515 721 et
1530 694 1686 721 immensam
1701 694 1907 722 Sollicitudinem

1111 740 1274 768 declarabat.
1291 740 1324 767 Et
1336 748 1396 767 cum
1412 740 1560 770 adorasset.
1575 741 1671 775 inquit,
1685 741 1749 767 dixit
1764 749 1772 768 :
1787 741 1907 774 Domine,

1111 786 1134 813 εἰ
1147 787 1229 813 iuveni
1245 786 1351 820 gratiam
1364 794 1451 813 coram
1467 791 1505 818 te,
1518 795 1549 813 ne
1559 791 1693 821 pratert‘as
1708 795 1808 813 servum
1827 793 1906 814 Itium.

1113 832 1177 865 Quis
1191 840 1238 867 pro
1252 832 1381 867 dignitate
1404 832 1549 859 laudaverit
1569 831 1670 866 justum
1694 831 1786 859 hunc?
1799 833 1841 860 vel
1856 841 1908 868 quo

1113 884 1190 915 pacto
1211 887 1271 906 eum
1285 879 1345 914 quis
1358 879 1505 906 innumeris
1519 878 1599 905 etiam
1619 878 1694 905 labiis
1708 879 1834 913 praedicet
1844 880 1855 906 2
1867 878 1909 906 lti-

1113 933 1175 952 cere
1190 925 1272 957 enim,
1284 923 1403 955 Domine.
1419 931 1472 951 non
1487 924 1583 950 insoliti
1601 928 1640 951 est
1659 931 1741 957 usus;
1757 923 1847 952 dicere
1859 931 1907 952 au-

1112 975 1176 1002 tem,
1191 970 1222 998 Si
1237 971 1320 998 inveni
1332 971 1439 1006 gratiam
1454 971 1479 996 iu
1501 970 1582 996 oculis
1599 970 1657 1003 tuis,
1674 969 1724 997 hoc
1736 975 1776 1000 est
1791 970 1906 998 admira-

1113 1016 1175 1043 bile.
1192 1017 1364 1048 Benefieium,
1380 1015 1474 1051 inquit,
1490 1015 1548 1049 das,
1563 1023 1614 1042 non
1631 1016 1741 1050 accipis.
1755 1016 1824 1043 Vere
1837 1017 1907 1044 cuitu

1113 1062 1262 1097 lmjusmodi
1287 1070 1329 1090 res
1355 1062 1520 1097 hospitalitas
1543 1067 1601 1096 est,
1627 1070 1679 1095 qua
1703 1063 1786 1097 magis
1813 1064 1908 1099 accipit

1112 1116 1190 1143 quam
1204 1108 1259 1141 dat,
1275 1108 1319 1143 qui
1343 1108 1415 1135 illam
1432 1112 1552 1142 prompte
1565 1112 1592 1135 et
1606 1108 1860 1137 alacriterexercet.
1876 1110 1908 1136 At

1111 1161 1145 1181 ne
1159 1154 1218 1189 quis
1231 1154 1383 1181 auditorum
1402 1153 1466 1188 justi
1483 1154 1606 1180 virtutem
1623 1154 1756 1186 minuens,
1772 1155 1908 1182 exi~timrt

1111 1207 1171 1227 eum
1185 1207 1297 1234 gnarum
1316 1200 1409 1234 quales
1424 1199 1460 1226 illi
1477 1200 1584 1232 fuerint,
1603 1200 1658 1226 haec
1673 1200 1811 1234 loqutttum
1824 1207 1903 1227 esse:

1112 1252 1198 1279 neque
1210 1244 1292 1277 enim,
1303 1249 1331 1271 ut
1343 1252 1415 1280 stripe
1425 1245 1505 1272 etiam
1519 1245 1618 1272 dictum
1632 1249 1683 1278 cst,
1693 1253 1817 1280 magnum
1830 1246 1905 1280 quid-

1110 1289 1172 1317 dam
1184 1290 1236 1317 tale
1245 1289 1347 1323 fuisset,
1363 1290 1384 1317 si
1401 1290 1490 1317 sciens
1503 1290 1612 1317 dixisset
1627 1298 1634 1322 ;
1648 1290 1694 1317 sed
1709 1290 1868 1318 admirabile
1881 1296 1907 1318 et

1111 1337 1269 1371 stupendum
1284 1341 1335 1370 cst,
1348 1344 1408 1364 eum
1419 1337 1493 1371 quasi
1506 1336 1627 1364 homines
1640 1337 1831 1372 alloiptentent,
1844 1338 1904 1365 talia

1111 1382 1191 1409 verba
1208 1382 1289 1416 loqui.
1302 1381 1340 1408 Ne
1350 1382 1490 1409 admireris
1503 1382 1680 1416 autem,un
1692 1390 1752 1409 cum
1765 1387 1820 1410 tres
1830 1391 1907 1411 exce-

1111 1429 1189 1462 perit,
1200 1427 1232 1454 ad
1249 1435 1328 1454 unum
1342 1435 1371 1454 se
1385 1432 1546 1454 convertert
1557 1429 1654 1462 justus,
1670 1428 1774 1462 dicrns,
1788 1428 1904 1457 Domine.

1110 1473 1243 1501 Fortassis
1256 1474 1327 1501 enim
1349 1482 1416 1501 unus
1437 1474 1564 1501 illustrior
1577 1475 1682 1501 caeteris
1694 1475 1840 1509 apparebat
1851 1496 1858 1507 ,
1872 1475 1903 1502 ad

1109 1527 1188 1554 quem
1210 1519 1422 1547 exhortationem
1448 1527 1523 1546 suam
1546 1521 1687 1547 convertit.
1699 1520 1800 1548 Deinde
1817 1527 1903 1549 autem

1110 1571 1170 1591 cum
1184 1564 1361 1599 progreditur,
1373 1571 1542 1592 communem
1558 1565 1620 1592 facit
1632 1573 1783 1593 sermonem
1796 1587 1803 1596 .
1821 1572 1848 1594 et
1861 1567 1900 1594 itt-

1109 1609 1165 1644 qttit
1178 1618 1184 1635 :
1196 1609 1319 1636 Sumatur
1328 1618 1403 1644 aqua,
1417 1615 1440 1636 et
1451 1610 1534 1637 lavent
1548 1610 1622 1645 pedes
1635 1616 1727 1638 uestros
1737 1619 1745 1638 :
1757 1616 1784 1638 et.
1800 1613 1903 1645 iterum,

1109 1656 1304 1691 Refrigerantini
1316 1657 1362 1683 sub
1374 1656 1473 1689 arbore,
1484 1661 1507 1683 et
1520 1657 1654 1684 comedetis
1667 1666 1768 1692 panem,
1780 1663 1803 1685 et
1819 1663 1902 1692 postea

1109 1701 1257 1734 transibitis,
1275 1701 1347 1737 cujus
1361 1702 1443 1737 gratia
1456 1702 1600 1729 declinastir
1613 1703 1647 1729 ad
1659 1711 1764 1738 puerum
1785 1710 1902 1730 vestrum.

1110 1747 1190 1774 Vides
1211 1747 1345 1782 quomodo
1366 1748 1490 1782 ignorans
1509 1749 1552 1783 qui
1573 1748 1624 1776 sint
1637 1770 1644 1781 ,
1659 1750 1734 1780 quasi
1755 1749 1904 1777 hominibus

1110 1792 1220 1827 loquens
1235 1793 1442 1825 transeuntibus,
1459 1793 1493 1820 ita
1509 1795 1642 1821 comtnuni
1656 1794 1844 1822 exhortatione
1855 1796 1904 1822 uti—

1109 1843 1161 1870 tur,
1183 1839 1265 1866 semel
1288 1843 1368 1874 atque
1385 1839 1480 1866 iterum
1501 1847 1606 1867 servum
1621 1848 1651 1867 se
1666 1841 1784 1868 vocans?
1797 1842 1830 1868 Et
1847 1841 1904 1868 vide

1108 1883 1242 1918 quomodo
1268 1884 1388 1918 przudicit
1410 1889 1437 1912 et
1458 1892 1558 1912 mensm
1579 1893 1635 1912 sum
1658 1886 1814 1913 tenuitatem
1831 1907 1839 1919 ,
1853 1888 1904 1913 iniu

1108 1929 1232 1956 lautitias.
1255 1930 1391 1963 Sumatur,
1409 1930 1509 1965 inquit,
1531 1940 1612 1966 aqua,
1629 1936 1651 1959 et
1665 1932 1747 1959 lavent
1769 1933 1846 1968 pedes
1866 1941 1905 1960 tu:-

1107 1981 1172 2002 stros
1184 1997 1192 2007 ,
1214 1981 1235 2003 et
1258 1977 1441 2012 refrigerantiui
1461 1979 1506 2004 sub
1526 1978 1623 2005 arbore.
1638 1979 1704 2013 Quia
1720 1980 1792 2007 enirn
1808 1981 1902 2016 fatigati

1107 2023 1183 2054 estis.
1195 2027 1221 2050 ct
1233 2023 1344 2050 multum
1361 2024 1456 2050 tulistis
1466 2029 1571 2057 a‘stum,
1583 2025 1644 2052 ideo
1657 2033 1705 2052 oro
1714 2033 1747 2053 ne
1761 2032 1904 2061 praeterea-

1110 2069 1144 2095 tis
1159 2077 1264 2096 servum
1281 2075 1408 2097 vestrum.
1423 2070 1489 2097 Num
1505 2071 1576 2098 enim
1589 2079 1713 2107 magnum
1727 2073 1853 2108 quiddam
1865 2079 1905 2100 cst

1110 2113 1135 2141 id
1148 2114 1218 2149 quod
1235 2122 1285 2150 ego
1304 2115 1441 2143 exhibeo?
1460 2117 1562 2151 Aquam
1580 2117 1655 2144 vobis
1671 2118 1757 2145 solum
1779 2125 1904 2153 pr:estare

1109 2167 1228 2195 possunt,
1245 2169 1295 2195 qua
1315 2161 1376 2188 lotis
1395 2161 1507 2196 pedibus
1520 2163 1617 2190 vestris
1631 2163 1682 2190 sub
1694 2163 1790 2191 arbore
1812 2164 1903 2199 fatiga-

1109 2205 1209 2232 tionem
1225 2206 1374 2240 deponatis.
1391 2206 1501 2242 Insuper
1522 2212 1550 2234 et
1568 2215 1668 2235 mensa
1689 2208 1754 2236 dicit
1774 2210 1901 2244 speciem.

1108 2250 1147 2278 Ne
1161 2250 1272 2285 putetis,
1288 2251 1371 2286 inquit
1383 2272 1390 2285 ,
1403 2260 1446 2280 me
1459 2252 1598 2287 splendida
1612 2253 1687 2281 vobis
1701 2255 1884 2289 appositurum
1895 2276 1902 2286 .

1110 2296 1151 2323 vel
1161 2296 1391 2324 condimetttorum
1404 2297 1595 2331 diversitatem,
1609 2299 1651 2326 vel
1666 2300 1840 2334 opsoniomm
1858 2309 1903 2326 va-

1111 2342 1229 2369 rietatem
1247 2351 1253 2368 :
1270 2350 1363 2376 panem
1382 2343 1537 2376 comedetis,
1552 2349 1578 2371 et
1598 2345 1637 2373 sic
1651 2344 1819 2379 Transibitis,
1833 2347 1905 2381 cujus

1110 2389 1192 2424 gratia
1203 2389 1346 2416 det/inustis
1357 2389 1390 2416 ad
1403 2398 1503 2417 seruum
1518 2395 1634 2418 vestrum.

1147 2434 1172 2462 5.
1196 2434 1288 2461 Vidisti
1303 2435 1437 2469 quomodo
1460 2436 1539 2463 variis
1559 2437 1645 2464 utitur
1667 2436 1764 2469 modis,
1781 2438 1903 2472 precibus

1111 2481 1218 2508 vincere
1231 2485 1431 2516 prmtereuntes,
1444 2486 1471 2508 et
1484 2481 1612 2517 gestibus,
1625 2487 1653 2509 et
1664 2483 1762 2514 verbis,
1776 2488 1802 2510 et
1813 2484 1904 2518 quavis

1112 2527 1215 2553 ratione
1232 2526 1365 2554 attrahere
1381 2534 1428 2554 eos
1443 2527 1552 2554 volens?
1565 2527 1683 2555 Primum
1705 2528 1788 2562 enim,
1810 2529 1902 2563 inquit,

1111 2572 1241 2605 adoravit,
1255 2572 1352 2600 deinde
1362 2572 1485 2600 dominos
1499 2578 1586 2606 vocat,
1598 2579 1624 2600 et
1634 2582 1663 2601 se
1678 2574 1764 2609 ipsum
1779 2582 1902 2606 servum;

1113 2621 1203 2652 postea
1218 2618 1282 2644 dicit
1293 2626 1351 2653 qiue
1373 2618 1425 2644 illis
1438 2618 1605 2646 exhibiturus
1624 2619 1668 2651 sit,
1692 2622 1841 2647 extenuans
1860 2628 1901 2646 res

1111 2667 1140 2690 et
1152 2663 1227 2690 nihili
1238 2670 1297 2690 esse
1307 2663 1468 2698 significans.
1481 2664 1524 2691 Ait.
1534 2664 1616 2696 enim,
1629 2665 1732 2699 Aquam
1743 2665 1812 2692 hanc
1824 2665 1902 2692 omni-

1113 2708 1162 2736 bus
1174 2709 1322 2743 expositam
1341 2708 1427 2736 habeo
1440 2709 1473 2736 ad
1494 2709 1620 2737 lavandos
1641 2709 1732 2745 pedes,
1749 2715 1777 2738 et
1797 2719 1900 2745 panem,

1113 2759 1140 2782 et
1150 2759 1249 2782 tectum
1262 2754 1296 2782 ab
1309 2755 1414 2783 arbore.
1429 2755 1467 2783 Ne
1481 2756 1670 2791 parvifeceritis
1680 2764 1770 2785 meum
1787 2758 1902 2784 taberna-

1114 2801 1213 2834 culum,
1238 2809 1271 2829 ne
1286 2801 1462 2837 despexeritis
1483 2807 1657 2837 senectutem,
1679 2810 1711 2830 ne
1733 2803 1850 2830 renuatis
1869 2802 1900 2829 ad
