2044 3131
194 107 246 137 3η

196 168 255 202 νὴν,
271 164 308 200 μὴ
324 163 467 199 ὑπερίδητέ
484 163 560 200 [M8]
577 173 627 200 μου
642 165 672 191 τδ
687 165 788 201 γῆρας,
809 165 846 202 μὴ
863 166 1029 202 ἀνανεύσητε

197 209 265 245 πρὸς
279 209 328 244 τὴν
343 209 412 244 ἐμὴν
427 208 608 244 παράκλησιν.
628 207 692 236 Οἶδα
705 210 772 244 ὅσην
795 210 960 246 ὑπεμείνατε
984 220 1031 238 τα-

195 252 360 288 λαιπωρίαν,
379 250 544 288 στοχάζομαι
570 252 618 279 τοῦ
635 253 773 285 καύσωνος
797 253 846 289 τὴν
872 254 970 288 φλόγα,
987 255 1031 282 διὰ

193 297 273 324 τοῦτο
287 297 413 333 ἀνεθῆναι
430 297 526 332 μικρὸν
546 297 619 332 ὑμᾶς
636 297 775 333 βούλομαι.
792 299 870 330 Ποῖος
883 300 973 335 πατὴρ
987 309 1032 334 qn-

193 341 338 377 λόστοργος
364 341 431 376 πρὸς
453 341 535 368 παῖδα
549 347 561 362 θ
580 342 714 377 τοσαύτην
728 341 760 368 ἂν
783 342 938 374 ἐπεδείξατο
955 344 1029 378 φιλο-

193 383 340 420 φροσύνην,
355 384 420 420 ὅσην
430 381 506 416 οὗτος
521 385 588 420 πρὸς
602 385 665 417 τοὺς
678 385 802 420 ἀγνῶτας
813 385 860 413 καὶ
874 385 975 419 ξένους,
985 387 1030 413 καῖ¹

192 427 341 462 οὐδαμόθεν
370 427 445 463 αὐτῷ
472 428 540 460 τέως
561 429 736 465 γνωρίμους;
763 429 833 455 Ἀλλ’
852 429 946 466 ἐπειδὴ
961 430 1030 465 μετά

194 471 312 507 σπουδῆς
326 471 462 508 προσῆλθε
482 472 529 498 καὶ
546 473 642 499 πολλοῦ
660 473 706 499 τοῦ
729 472 805 500 τόνου
817 492 825 505 ,
852 473 966 509 ἐπέτυχε
980 474 1029 509 τῆς

191 515 291 550 ἄγρας.
301 515 346 542 καὶ
359 515 408 551 τὴν
423 515 509 552 θήραν
523 516 589 543 εἴσω
599 516 654 543 τῶν
663 517 779 544 δικτύων
793 516 885 544 λαϐεῖν
896 518 1026 554 ἠδυνήθη.

191 558 247 585 Kal
261 557 359 591 εἶπαν,
381 560 473 594 φησὶν,
488 559 570 586 οὕτω
595 560 771 595 ποιήσομεν,
796 561 872 588 καθὰ
895 562 1026 596 εἴρηκας.

200 601 422 637 ’Λνεζωπύρησεν
436 603 450 629 ό
464 603 629 638 πρεσϐύτης.
653 604 696 630 Ἐν
709 604 798 639 χερσὶ,
814 605 906 640 φησὶν,
920 604 973 640 ἔχω
982 606 1028 632 τὸν

187 644 339 680 θησαυρὸν,
355 644 402 671 τοῦ
416 644 529 672 πλούτου
545 645 717 682 ἐπελαϐόμην
727 667 734 678 ,
751 647 922 684 ἐπελαθόμην
936 648 1028 676 λοιπὸν

191 688 238 714 τοῦ
251 688 354 723 γήρως.
381 688 436 715 Καὶ
464 689 514 724 ὅρα
540 690 621 716 αὐτὸν
636 691 705 717 πάνυ
725 691 893 727 γαννύμενον
909 692 947 728 τῷ
959 693 1029 729 πρά-

190 739 285 766 γματι,
303 732 349 758 καὶ
369 732 509 768 μονονουχὶ
522 733 684 767 σκιρτῶντα,
697 734 744 760 καὶ
755 735 880 772 καθάπερ
896 736 930 762 τὰ
944 737 1028 773 μυρία

190 775 280 809 ἀγαθὰ
296 776 326 802 ἐν
349 778 409 807 ταῖς
426 776 518 811 χερσὶν
548 778 756 813 ἐπιφερόμενον,
776 778 863 812 οὕτως
885 780 1026 816 ἡδόμενον.

189 818 243 846 Καὶ
258 818 412 846 ἔσπευσεν
431 820 563 855 Ἀϐραὰμ,
579 821 670 857 φησὶν,
689 822 739 848 ἐπὶ
749 822 806 856 τὴν
816 824 947 857 σκηνήν.
963 825 1028 851 Ὥσ-

189 871 252 898 περ,
269 863 350 894 ἡνίκα
371 863 417 890 ἐπὶ
433 864 484 900 τὴν
508 863 594 901 θήραν
623 865 711 892 αὐτῶν
727 865 864 901 ἐπείγετο,
893 868 1028 903 ἐμήνυσεν

189 906 272 933 αὐτοῦ
299 906 345 933 τὸν
373 907 449 934 τόνον
469 907 516 934 καὶ
543 908 591 943 τὴν
622 908 779 945 προθυμίαν
803 911 820 946 ὴ
845 910 902 938 θεία
920 912 1026 948 Γραφὴ,

189 952 313 984 εἰποῦσα,
336 952 546 988 Προσέδριιμεν
567 954 610 986 εὶς
624 954 814 990 συνάντησιν
827 957 938 991 αὐτοῖς,
956 958 1028 986 οὓτω

189 996 235 1022 καὶ
254 996 301 1022 νῦν
312 996 406 1031 ἐπειδὴ
421 994 474 1023 εἶδε
491 998 555 1029 τοὺς
572 997 682 1034 ἄνδρας,
700 999 746 1026 καὶ
765 1000 945 1037 κατώρθωσεν
959 1003 1027 1039 ὅπερ

186 1039 332 1075 ἐπεθύμει,
343 1039 405 1066 οὺδέ
415 1039 502 1072 οὕτως
518 1041 609 1077 ἵστησι
634 1041 683 1078 τὴν
698 1042 865 1079 προθυμίαν,
879 1045 947 1072 ἀλλά
962 1046 1027 1082 θερ-

185 1083 302 1119 μότερον
326 1084 407 1111 πάλιν
431 1084 598 1112 ἐπιδείκνυσι
612 1085 657 1112 τὸν
669 1086 778 1122 ἔρωτα,
795 1088 855 1115 οὐδὲ
877 1089 970 1126 ἐπειδὴ
997 1091 1026 1117 ἐν

189 1126 323 1162 ἀσφαλείᾳ
339 1127 446 1161 γέγονε,
468 1128 561 1155 λοιπὸν
577 1128 763 1165 ῥᾳθυμότερος
787 1132 915 1168 κατέστη.
937 1133 1026 1169 Ὅπερ

187 1169 317 1202 πολλάκις
333 1171 413 1206 ἡμεῖς
428 1171 611 1206 ὑπομένομεν,
635 1172 682 1198 καὶ
706 1173 782 1209 παρά
806 1174 856 1209 μὲν
874 1175 924 1211 τὴν
939 1176 1026 1212 ἀρχὴν

182 1213 272 1240 ’ἐνίοτε
287 1214 387 1249 πολλὴν
410 1214 622 1250 ἐπιδεικνύμεθα
647 1217 697 1252 τὴν
721 1217 855 1253 σπουδήν
873 1219 983 1247 ἐπειδὰν
997 1221 1025 1247 δέ

186 1257 234 1283 τοῦ
245 1257 406 1293 πράγματος
417 1258 492 1289 ἐντὸς
503 1258 657 1294 γενώμεθα,
670 1261 701 1287 οὐ
714 1261 759 1288 τὸν
775 1261 831 1289 ίσον
845 1263 925 1291 πόνον
935 1264 1025 1299 είσφέ-

187 1309 281 1336 ρομεν.
306 1301 376 1328 Ἀλλ’
391 1301 439 1337 οὐχ
451 1302 465 1328 ό
480 1302 583 1334 δίκαιος
596 1303 768 1336 οὖτως,άλλὰ
779 1305 822 1338 τί;
840 1305 924 1333 Πάλιν
940 1307 1023 1334 σπεύ-

182 1343 225 1371 δει
238 1346 285 1372 καὶ
295 1345 591 1388 ἐπείγεταικαῖτρέχει
602 1347 616 1372 ὁ
629 1347 792 1383 γεγηρακὼς
805 1349 850 1376 ἐπὶ
863 1350 912 1385 τὴν
922 1352 1024 1388 σκηνὴν

182 1387 255 1422 πρὸς
269 1387 389 1422 Σάρραν,
401 1387 455 1414 Καὶ
466 1385 551 1414 εἶπεν
561 1388 640 1423 αὐτῇ
649 1397 655 1404 ·
667 1389 816 1424 Σπεῦσον,
828 1391 876 1418 καί
886 1385 1024 1426 φύραοον

185 1430 253 1465 τρία
273 1431 365 1465 μέτρα
385 1431 580 1465 σεμιδάλεως.
597 1432 697 1459 Σκόπει
714 1433 773 1466 πῶς
792 1436 839 1461 καὶ
851 1436 900 1472 τὴν
916 1437 1024 1473 Σάρραν

187 1475 314 1501 κοινωνὸν
328 1474 461 1510 λαμϐάνει
478 1476 528 1511 τῆς
548 1475 644 1511 θήρας,
662 1478 709 1503 καὶ
729 1478 788 1510 πῶς
806 1479 892 1515 αὐτὴν
916 1480 1023 1514 ἐξεπαί-

182 1518 262 1544 ﬂauas
274 1517 372 1553 ζηλοῦν
386 1517 468 1544 αὐτοῦ
481 1518 530 1554 τὴν
543 1519 653 1554 ἀρετήν.
671 1521 725 1547 Καὶ
741 1521 795 1557 γὰρ
811 1523 942 1558 κάκείνην
953 1533 1024 1560 παρ-

185 1562 258 1597 ορμᾷ
276 1560 313 1596 μὴ
329 1561 458 1597 ῥᾳθύμως
468 1563 502 1597 τῇ
513 1562 593 1598 χρείᾳ
601 1563 770 1597 προσελθεῖν,
780 1566 858 1598 ἀλλὰ,
871 1567 1022 1601 Σπεῦσον,

186 1605 261 1640 φησι.
279 1605 335 1640 Τῆς
354 1604 475 1640 μεγάλης
490 1606 657 1642 ἐπετύχομεν
671 1609 876 1643 πραγματείας,
896 1611 932 1646 μὴ
956 1613 1024 1639 ἁπο-

184 1646 307 1682 λέσωμεν
323 1646 369 1673 τὸν
388 1647 534 1682 θησαυρὸν,
553 1647 620 1674 ἀλλὰ
636 1649 785 1682 Σπεῦσον,
807 1651 857 1678 καί
883 1653 1023 1687 φύρασον

183 1691 251 1724 τρία
262 1690 356 1724 μέτρα
369 1690 562 1734 σεμιδάλεως.
594 1691 703 1728 Ἐπειδὴ
726 1693 779 1728 γὰρ
792 1694 849 1729 ⁴[ᾔδει
862 1696 909 1722 τοῦ
924 1705 1022 1734 κατορ-

185 1733 309 1767 θώματος
324 1733 354 1759 τδ
374 1733 487 1768 μέγεθος
501 1753 508 1766 ,
532 1733 659 1761 ἐϐούλετο
684 1737 812 1763 κοινωνὸν
836 1738 890 1765 τῶν
918 1733 1021 1774 μισθῶν

184 1777 333 1813 λαμβάνειν
346 1778 392 1804 καὶ
408 1777 462 1804 τῶν
479 1778 639 1806 ἀντιδόσεων
654 1780 700 1807 καὶ
712 1780 761 1816 τὴν
775 1781 822 1808 τοῦ
838 1781 896 1817 βίου
909 1785 1022 1819 γενομέ-

183 1831 232 1856 νην
248 1821 322 1856 αὐτῷ
332 1821 470 1848 κοινωνόν.
486 1821 535 1848 Διά
549 1822 576 1848 τί
591 1822 656 1858 γὰρ,
673 1824 734 1850 είπέ
755 1833 817 1859 μοι,
835 1826 922 1854 οὐδενὶ
938 1828 951 1847 b
967 1829 1020 1856 τῶν

183 1865 333 1893 παιδισκῶν
345 1865 423 1892 τοῦτο
437 1866 579 1899 ἐπέταξεν,
591 1866 658 1894 ἀλλὰ
671 1869 702 1903 τῇ
718 1870 828 1902 γυναικὶ
842 1872 873 1906 τῇ
885 1872 1020 1908 προϐεϐη-

182 1910 264 1945 uulgi;
282 1909 458 1945 ἐννενήκοντα
474 1910 527 1945 γὰρ
537 1910 606 1937 ἐτῶν
624 1911 770 1946 ἐτύγχανεν
797 1911 874 1941 οὖσα.
899 1916 954 1943 Καὶ
969 1917 1020 1944 οὐκ

181 1953 307 1981 ἀνανεύει
321 1955 337 1989 η
351 1953 444 1990 Σάρρα
460 1953 528 1990 πρὸς
545 1953 574 1980 τὸ
589 1954 741 1990 ἐπίταγμα,
759 1956 826 1984 ἀλλὰ
835 1958 884 1993 τὴν
901 1959 962 1994 ῖσην
973 1962 1019 1988 καὶ

182 1997 251 2033 αὐτὴ
264 1997 418 2033 προθυμίαν
431 1998 562 2033 εἰσφέρει.
581 1998 766 2027 Ἀκουέτωσαν
789 2001 901 2037 ἄνδρες,
922 2004 1020 2030 ἀκουέο

179 2050 271 2068 τωσαν
287 2043 416 2075 γυναῖκες
429 2050 437 2057 θ
453 2041 549 2077 ἄνδρες
563 2042 614 2077 μὲν
628 2040 684 2075 οὖν,
710 2044 753 2070 ἵνα
764 2045 835 2072 οὕτω
849 2046 898 2078 τὰς
915 2048 1018 2077 ἐαυτῶν

182 2085 321 2116 συνοίκους
337 2084 542 2118 ἐκπαιδεύωσιν,
558 2086 668 2113 ἐπειδὰν
683 2089 867 2124 πνευματικόν
882 2100 907 2117 τι
922 2092 1017 2128 κέρδος

181 2138 251 2165 παρε
257 2129 358 2164 μπέσῃ.
373 2128 411 2164 μὴ
424 2128 468 2155 διὰ
478 2129 531 2155 τῶν
543 2129 656 2157 οἰκετῶν
668 2130 746 2157 τοῦτο
763 2132 893 2168 πληροῦν,
905 2135 972 2163 ἀλλὰ
983 2137 1016 2163 δι’

181 2172 285 2199 ἑαυτῶν
300 2172 408 2198 ἅπαντα
424 2171 651 2207 διαπράττεσθαι·
669 2175 798 2208 γυναῖκες
807 2175 846 2207 δέ,
867 2177 909 2203 ἵνα
933 2179 1016 2205 σπεύ-

180 2215 246 2242 δωσι
272 2215 409 2241 κοινωνεῖν
425 2216 482 2246 τοῖς
496 2215 610 2250 ἀνδράσι
625 2216 680 2243 τῶν
692 2217 821 2245 τοιούτων
838 2221 1017 2257 κατορθωμά-

181 2266 245 2290 των,
258 2258 307 2285 καὶ
322 2258 360 2294 μὴ
375 2258 590 2293 ἐπαισχύνωνται
602 2259 651 2294 τὴν
667 2260 828 2294 φιλοξενίαν,
851 2264 898 2290 καὶ
912 2264 961 2300 τὴν
977 2267 1016 2299 είς

181 2302 290 2333 τούτους
305 2301 463 2337 θεραπείαν,
476 2301 545 2346 ἀλλὰ
563 2303 750 2337 μιμείσθωσαν
773 2305 821 2340 τὴν
846 2307 952 2344 Σάρραν
967 2310 1016 2346 τὴν

182 2345 341 2382 πρεσϐῦτιν,
352 2345 401 2380 τὴν
413 2346 442 2371 ὲν
454 2345 546 2381 ἡλικίᾳ
560 2346 672 2383 τοιαύτῃ
684 2349 774 2374 πονεῖν
786 2345 1014 2390 καταδεχομένην1

181 2389 229 2416 καὶ
243 2388 277 2416 τὰ
289 2388 343 2416 τῶν
359 2388 509 2415 παιδισκῶν
528 2389 597 2424 ἔργα
621 2390 763 2418 ἐπιτελεῖν.

221 2433 291 2459 Ἀλλ’
299 2431 356 2458 οῖδα
364 2433 405 2459 ὅτι
416 2432 443 2468 [4
449 2433 457 2458 ί
463 2433 491 2468 9]
499 2433 585 2464 οὐδεὶς
591 2433 715 2466 ἀνέξεται
721 2436 776 2463 τῶν
784 2437 849 2473 παρ’
857 2439 934 2474 ἡμῶν
942 2440 1016 2476 λεγο-

182 2476 280 2511 μένων.
290 2476 346 2503 Νῦν
358 2476 412 2512 γὰρ
424 2477 490 2511 ἡμῖν
499 2476 546 2503 ἀπ’
557 2478 681 2510 ἐναντίας
690 2479 781 2516 ἐκείνῃ
788 2481 886 2514 πάντες
896 2483 1014 2518 βαδίζειν

180 2521 346 2554 ἐπείγονται,
353 2520 400 2547 καὶ
409 2520 491 2556 πολλὴ
499 2522 515 2556 ἡ
523 2521 635 2556 βλακεία
641 2524 701 2554 ταῖς
707 2524 824 2558 γυναιξὶ,
834 2527 901 2563 καὶὴ
912 2529 1013 2565 σπουδὴ

180 2564 248 2603 πρὸς
263 2564 308 2591 τὸν
323 2564 424 2599 κόσμον
439 2564 492 2591 τῶν
509 2565 633 2600 ἱματίων,
649 2567 712 2602 περὶ
736 2568 771 2595 τὰ
796 2571 894 2605 χρυσία
910 2573 957 2599 καὶ
980 2564 1014 2600 τά

179 2602 358 2643 περιδέρῤαια
367 2608 412 2634 καὶ
424 2607 470 2634 τὸν
479 2608 577 2641 ἔξωθεν
587 2610 788 2646 καλλωπισμὸν,
796 2602 847 2641 ’καὶ
861 2617 910 2651 τῆς
926 2616 1014 2653 ψυχῆς

179 2651 291 2686 οὐδεμία
303 2651 424 2686 πρόνοια.
451 2652 505 2678 Καὶ
519 2653 580 2679 οὐδὲ
607 2653 711 2687 Παῦλος
738 2656 829 2684 αὐτῶν
845 2651 1013 2688 καθικνεῖται

180 2694 250 2729 βοῶν
265 2694 311 2721 καὶ
323 2695 407 2729 λέγων
419 2703 426 2711 ·
437 2696 486 2730 Μὴ
503 2696 538 2723 ἐν
551 2697 731 2732 πλέγμασιν,
746 2699 765 2734 ἢ
781 2701 896 2735 χρυσῷ,
911 2703 930 2737 ἢ
940 2712 1015 2738 gap.

177 2739 320 2785 γαρίταις.
332 2739 351 2773 ἢ
363 2740 507 2775 ἱματισμῷ
520 2743 689 2769 πολυτελεῖ.
701 2744 771 2779 Ὅρα
778 2744 828 2780 τὴν
838 2746 1012 2785 οὐρανομήκη

175 2783 278 2818 ταύτην
298 2782 396 2819 ψυχὴν,
423 2784 481 2817 πῶς
504 2785 554 2812 οὐκ
581 2786 705 2821 ἐνόμισεν
723 2788 834 2823 αίσχρὸν
851 2790 926 2826 αὐτῷ
940 2782 1010 2820 εἷναί

209 2843 219 2853 ⁸
243 2844 357 2881 $avil._el
372 2843 458 2869 Morel.
470 2845 528 2900 πρὸς
545 2846 627 2871 παῖδα.
644 2847 681 2871 Ex
705 2854 762 2872 mss.
783 2849 823 2874 alii
839 2851 892 2886 περὶ
915 2854 1008 2885 παῖδας,

210 2874 216 2897 ι
239 2882 272 2900 εις
288 2876 381 2900 παιδας.
414 2875 428 2895 ιι
443 2875 487 2900 Mal
501 2877 623 2900 mleaere
644 2878 750 2900 οὐδειιία.
772 2879 804 2900 de
827 2881 923 2900 ειη-ιιιίς
944 2886 1008 2900 anim

175 2874 216 2911 alii
236 2875 272 2911 fi;
288 2875 381 2911 παῖδας.
401 2875 428 2911 ἰι
443 2874 525 2911 Malim
536 2877 623 2907 legere
644 2878 751 2911 οὐδεμία,
772 2879 804 2905 de
827 2874 1009 2910 ancilla—«$031;

175 2905 283 2935 hquilur
295 2907 490 2937 Chrysoslomus.
508 2905 574 2931 Ean

622 106 650 135 S.
665 107 807 136 JOANNFS
821 107 1064 137 ειιιὶῑδυετοιιι
1081 109 1240 140 ARCIIIEP.
1261 113 1531 143 CONSTANTINOP.

1868 117 1920 145 582

1085 167 1165 204 μέχρι
1177 170 1269 197 τούτου
1283 170 1329 197 τὸν
1338 171 1416 205 λόγον
1429 171 1603 207 ποιήσασθαι,
1611 172 1658 199 καὶ
1665 171 1711 199 ἐπὶ
1718 171 1923 209 ἐμπλεγμάτων

1082 211 1256 245 παραινέσαι.
1279 212 1397 245 Εἰκότως
1409 221 1415 228 ·
1441 214 1515 240 πᾶσα
1533 213 1586 249 γὰρ
1602 213 1676 248 αὐτῷ
1697 214 1713 249 ἠ
1730 214 1832 249 σπουδὴ
1856 216 1922 250 περὶ

1081 251 1130 287 τὴν
1142 252 1192 287 τῆς
1203 252 1291 288 ψυχῆς
1304 254 1463 289 ἐπιμέλειαν
1477 252 1522 290 ἦν.
1546 255 1621 282 Ἐπεὶ
1635 252 1681 282 οὖν
1693 252 1762 282 οἶδεν
1777 256 1818 282 δτι
1834 256 1923 283 ταῦτα

1044 294 1048 297 ’
1082 292 1199 326 μάλιστα
1215 294 1263 329 τῆς
1279 294 1367 330 ψυχῆς
1395 296 1440 322 τὸν
1465 295 1572 331 ὀλεθρον
1595 297 1754 332 ἐργάζεται,
1771 296 1816 323 διὰ
1842 297 1923 324 τοῦτο

1080 333 1156 360 οὐδὲν
1167 336 1342 372 παρῃτήσατο
1352 336 1406 363 τῶν
1418 337 1610 373 προσηκόντων
1624 339 1664 369 είς
1675 338 1850 365 διδασκαλίαν
1862 341 1922 371 ταῖς

1079 375 1164 416 ταῦτα
1175 377 1329 409 νοσούσαιςο
1344 378 1413 405 ἀλλά
1427 387 1509 414 φησιν
1521 399 1528 411 ,
1542 380 1566 406 εί
1583 378 1671 414 βούλει
1687 381 1862 416 κοσμεῖσθαι,
1876 381 1922 407 τὸν

1079 415 1164 451 ἀληθῆ
1185 418 1287 452 κοσμοῦ
1304 419 1416 455 κόσμον,
1443 420 1473 446 δν
1499 421 1599 456 πρέπει
1627 422 1750 456 γυναιξὶν
1777 421 1920 448 εὐσεϐέσι·

1078 458 1134 499 τοῖς
1148 459 1262 493 ἀγαθοῖς
1273 460 1363 496 ἔργοις
1379 462 1493 497 κοσμοῦ.
1511 458 1595 494 Οὗτος
1612 463 1661 498 τῆς
1676 463 1765 499 ψυχῆς
1781 464 1796 491 ό
1806 464 1920 499 κόσμος,

1079 496 1155 532 οὗτος
1171 501 1298 537 οὐδεμίαν
1313 503 1389 539 παρά
1416 496 1470 531 τῶν
1484 504 1586 538 ἔξωθεν
1608 496 1779 540 κατάγνῶσιν
1800 496 1920 541 δέχεται,

1078 541 1172 568 τοῦτον
1197 543 1284 576 οὐδεὶς
1307 544 1476 581 άποσυλῆσαι
1507 546 1669 582 δυνήσεται,
1692 543 1768 579 οὗτος
1783 547 1922 579 ἀνάλωτος

1081 582 1160 623 μένει
1171 583 1313 623 διηνεκῶς.
1332 586 1397 623 ’Δπδ
1411 587 1465 623 γὰρ
1475 586 1521 623 τοῦ
1532 588 1636 623 κόσμου
1649 589 1743 615 τούτου
1759 589 1807 616 τοῦ
1822 589 1922 623 ἔξωθεν

1081 618 1171 660 μυρία
1191 620 1314 647 τίκτεται
1331 618 1422 649 κακάί
1448 618 1494 648 καὶ
1508 618 1591 650 οὔπω¹
1601 623 1672 658 λέγω
1694 624 1743 659 τὴν
1765 624 1817 660 τῆς
1829 618 1920 659 ᾦυχῆς

1079 658 1233 702 λύμην,τὴν
1240 661 1363 689 ἐντεῦθεν
1374 663 1512 700 φυομένην
1524 664 1691 698 ἀλαζονείαν,
1702 658 1753 702 τῆν
1769 658 1922 702 ὑπεροψίαν

1077 700 1127 736 τὴν
1155 703 1225 729 κατά
1241 703 1295 730 τῶν
1312 704 1437 739 πλησίον,
1454 706 1501 733 τοῦ
1526 708 1699 743 φρονήματος
1710 700 1761 743 τὴν
1778 700 1919 741 ἀπόνοιαν,

1078 744 1128 778 τῆς
1142 743 1233 780 ψυχῆς
1253 746 1302 781 τὴν
1316 746 1473 783 διαφθορὰν,
1489 748 1544 775 τῶν
1559 749 1661 784 ἡδονῶν
1673 750 1727 777 τῶν
1743 750 1854 777 ἀτόπων
1873 751 1920 778 τὸν

1078 784 1160 820 ἐσμόν
1170 794 1176 801 -
1191 785 1248 812 ἀλλ’
1266 787 1307 813 ὃτι
1320 787 1367 814 καὶ
1383 788 1486 821 ἀλωτὺς
1502 795 1513 809 ο
1527 791 1541 816 ὁ
1552 790 1653 826 κόσμος
1664 788 1740 823 οὗτος
1748 791 1795 817 καὶ
1805 791 1920 818 οἰκετῶν

1077 827 1264 868 κακουργίαις,
1283 829 1328 855 καὶ
1344 828 1449 865 λῃστῶν
1468 831 1563 867 ἐφόδῳ,
1597 833 1644 860 καὶ
1661 833 1837 868 συκοφαντῶν
1859 834 1919 860 ἐπι-

1077 867 1198 910 ϐουλαῖς,
1216 870 1264 897 καὶ
1281 871 1365 906 μυρία
1382 872 1414 899 ἄν
1425 881 1467 904 τις
1481 873 1557 907 εὖροι
1572 874 1696 902 ἐντεῦθεν
1708 876 1831 910 φυόμενα
1845 876 1918 902 κακά

1077 908 1123 952 καὶ
1137 909 1232 952 άηδίας
1244 912 1387 946 διηνεκεῖς.
1406 913 1474 940 Ἀλλ’
1487 915 1536 949 οὐχ
1554 916 1571 950 ἠ
1589 916 1682 952 Σάρρα
1696 908 1810 952 τοιαύτη
1821 925 1829 932 ⁸
1849 917 1918 944 ἀλλὰ

1076 950 1122 977 τὸν
1133 951 1221 994 ἀληθῆ
1238 954 1340 989 κόσμον
1354 956 1485 990 ἐκέκτητο
1495 964 1502 970 '
1514 957 1570 983 δι“ὃ
1585 950 1703 990 καὶγάξία
1716 957 1763 985 τοῦ
1778 950 1916 994 πατριάρ-

1077 999 1123 1026 χου
1137 991 1181 1029 ἦν,
1196 995 1243 1021 καὶ
1253 996 1377 1032 καθάπερ
1397 997 1500 1030 ἐκεῖνος
1513 998 1627 1025 ἔσπευσε
1635 999 1683 1026 καὶ
1690 999 1737 1025 ἐπὶ
1751 999 1799 1035 τὴν
1814 991 1917 1035 σκηνὴν

1077 1035 1204 1078 έδραμεν,
1224 1037 1294 1065 οὕτω
1310 1040 1357 1066 καὶ
1373 1040 1463 1075 ἐκείνη
1481 1041 1549 1076 μετά
1566 1041 1685 1076 σπουδῆς
1714 1042 1744 1068 τδ
1770 1042 1916 1078 ἐπιταχθὲν

1076 1076 1205 1118 ἐπλήρου.
1227 1078 1274 1106 καὶ
1292 1079 1377 1117 ἐφύρα
1409 1081 1471 1116 τρία
1497 1081 1584 1116 μέτρα
1602 1082 1776 1117 σεμιδάλεως.
1804 1076 1915 1118 Ἐπειδὴ

1075 1117 1130 1153 γὰρ
1146 1120 1220 1153 τρεῖς
1231 1118 1299 1155 ἦσαν
1318 1121 1343 1147 οί
1362 1123 1580 1157 παραγεγονότες
1590 1143 1597 1152 .
1609 1124 1673 1159 τρία
1688 1124 1774 1160 μέτρα
1788 1125 1915 1151 ἐκέλευσε

1075 1159 1236 1194 φυραθῆναι,
1251 1161 1321 1187 ὥστε
1339 1161 1434 1189 θᾶττον
1449 1163 1549 1198 φθάσαι
1568 1164 1632 1196 τοὺς
1651 1159 1758 1199 ἄρτους.
1774 1166 1829 1193 Καὶ
1837 1165 1914 1193 τοῦτο

1074 1200 1271 1237 διαταξάμενος
1284 1204 1323 1235 εἰς
1341 1203 1390 1236 τὰς
1405 1204 1468 1239 βοῦς
1481 1205 1562 1232 πάλιν
1574 1206 1654 1237 αὐτὸς
1672 1206 1798 1242 ἔδραμεν.
1818 1208 1851 1234 Ὢ
1870 1208 1916 1242 γέ-

1076 1252 1167 1278 ροντος
1183 1245 1288 1279 νεότης,
1309 1244 1332 1271 ὦ
1346 1246 1436 1281 ψυχῆς
1448 1247 1524 1279 τόνος
1536 1254 1543 1261 ·
1563 1248 1653 1283 τρέχει
1665 1249 1711 1275 ἐπί
1723 1248 1772 1280 τὰς
1785 1248 1859 1284 βοῦς,
1869 1250 1915 1276 καὶ

1073 1284 1122 1310 οὐκ
1133 1285 1230 1320 ἀφίησί
1248 1294 1307 1312 τινα
1321 1287 1375 1314 τῶν
1387 1288 1498 1314 οἰκετῶν
1513 1288 1655 1323 ἀπελθεῖν,
1673 1289 1717 1318 διὰ
1739 1291 1850 1318 πάντων
1862 1292 1915 1318 δει-

1074 1327 1140 1368 κνὺς
1151 1329 1208 1359 τοῖς
1223 1329 1455 1364 παραγεγονόσιν,
1478 1330 1545 1366 ὅσης
1564 1331 1663 1366 ἡδονῆς
1679 1331 1839 1368 ἐπληρώθη,
1868 1335 1914 1360 καὶ

1073 1367 1147 1399 ὅπως
1172 1368 1242 1403 μέγα
1258 1378 1285 1396 τι
1309 1371 1415 1405 ἡγεῖται
1430 1371 1480 1406 τὴν
1504 1372 1593 1399 αὐτῶν
1613 1367 1783 1408 παρουσίαν,
1808 1367 1856 1400 καὶ
1873 1375 1913 1402 ἄτι

1074 1408 1210 1445 θησαυρὸν
1232 1408 1301 1438 εἶναι
1326 1412 1356 1438 τὸ
1369 1413 1485 1448 πρᾶγμα
1511 1413 1626 1449 νομίζει.
1651 1415 1706 1441 Kal
1719 1415 1820 1446 ἔλαϐε,
1835 1416 1912 1451 φησὶ,

1070 1451 1239 1494 μοσχάριον
1256 1453 1375 1480 ἁπαλὸν
1387 1454 1437 1482 καί
1461 1456 1573 1483 καλόν.
1597 1456 1683 1488 Αὐτὸς
1700 1456 1733 1483 δι’
1754 1458 1851 1484 ἐαυτοῦ
1864 1459 1914 1494 τὴν

1073 1492 1187 1528 ἐκλογὴν
1205 1495 1359 1529 ἐποιήσατο,
1377 1497 1425 1523 καὶ
1439 1496 1469 1523 τὺ
1485 1496 1628 1524 κάλλιστον
1653 1498 1707 1525 τῶν
1723 1498 1808 1526 όντων
1824 1492 1913 1526 λαϐὼν

1072 1533 1162 1576 δίδωσι
1177 1535 1215 1570 τῷ
1226 1537 1311 1569 παιδὶ,
1329 1538 1454 1564 κάκεῖνον
1465 1539 1634 1574 κατεπείγων
1646 1540 1683 1576 μὴ
1694 1540 1835 1576 μελλῆσαι,
1845 1541 1913 1569 ἀλλὰ

1073 1574 1172 1610 πολλὴν
1190 1576 1239 1612 τὴν
1255 1578 1372 1614 σπουδὴν
1387 1580 1583 1613 ἐπιδείξασθαι.

1107 1619 1145 1659 ς’.
1164 1617 1263 1644 Σκόπει
1281 1618 1340 1651 πῶς
1354 1620 1441 1647 πάντα
1457 1621 1526 1656 μετά
1550 1623 1658 1658 τάχους,
1677 1623 1744 1658 μετὰ
1759 1623 1913 1659 προθυμίας

1072 1655 1196 1701 ςεούσης,
1212 1659 1280 1701 μετὰ
1294 1655 1462 1696 ἱλαρότητος,
1473 1663 1543 1697 μετὰ
1558 1655 1654 1699 χαρᾶς,
1665 1655 1734 1700 μετὰ
1746 1655 1911 1701 πολλῆς-τῆς

1071 1698 1204 1734 θυμηδίας
1219 1700 1332 1734 γίνεται.
1346 1702 1399 1729 Καὶ
1410 1698 1562 1738 ἐτάχυνενν
1569 1706 1585 1732 ὀ
1597 1698 1671 1738 νπαῖςῖ
1678 1706 1765 1732 τοῦτο
1773 1698 1910 1740 ποιῆσαι,

1071 1740 1148 1775 φησί.
1176 1741 1230 1768 Καὶ
1248 1742 1308 1769 ούδέ
1324 1742 1412 1775 οὕτως
1427 1744 1527 1779 ἠρέμει
1544 1746 1557 1772 ό
1569 1745 1668 1780 γέρων,
1701 1746 1769 1773 ἀλλά
1786 1747 1868 1774 πάλιν
1882 1747 1911 1774 ἐν

1069 1781 1143 1812 τάξει
1154 1781 1290 1818 ὑπηρέτου
1300 1784 1417 1811 ἵσταται.
1433 1786 1486 1812 Καὶ
1500 1785 1758 1820 λαϐὼνβούτυρον
1768 1787 1819 1814 καί
1832 1788 1911 1821 γάλα

1069 1822 1117 1849 καὶ
1128 1823 1162 1849 τὸ
1170 1823 1339 1858 μοσχάριον
1347 1825 1362 1852 ὃ
1375 1826 1511 1861 ἐποίησε,
1525 1828 1694 1862 παρέθηκεν
1705 1828 1815 1861 αὐτοῖς.
1824 1830 1911 1861 Αὐτὸς

1069 1862 1102 1888 δι’
1117 1863 1214 1890 ἐαυτοῦ
1230 1865 1320 1891 πάντα
1334 1867 1406 1893 ποιεῖ
1417 1867 1463 1893 καὶ
1478 1868 1657 1904 παρατίθησι.
1679 1869 1734 1896 Καὶ
1756 1870 1816 1896 οὐδὲ
1834 1871 1910 1902 ἄξιον

1069 1904 1163 1931 ἑαυτὸν
1178 1905 1286 1940 ἐνόμισε
1301 1906 1347 1933 τοῦ
1361 1908 1581 1944 συγκαθεσθῆναι
1601 1910 1705 1942 αὐτοῖς,
1723 1911 1780 1938 ἀλλ’
1795 1912 1908 1939 ἐκείνων

1068 1945 1212 1987 ἐσθιόντων
1229 1949 1407 1984 παρειστήκει
1419 1949 1501 1982 αὐτὸς
1515 1951 1567 1977 ὑπὸ
1580 1951 1610 1977 τὸ
1623 1951 1741 1987 δένδρον.
1757 1953 1789 1979 Ὢ
1803 1952 1908 1987 φιλοξε-

1068 1986 1270 2029 νίαςγμέγεθος,
1296 1989 1371 2026 [420]
1397 1991 1420 2017 ὣ
1447 1992 1695 2028 ταπεινοφροσύνης
1721 1986 1907 2029 ὑπερϐολὴ,ὣ

1068 2028 1190 2070 φιλοθέου
1203 2029 1315 2066 γνώμης
1329 2031 1470 2064 ὲτιίτασιςί
1487 2034 1666 2068 παρειστήκει
1677 2034 1691 2060 ὸ
1708 2028 1906 2070 ἑκατονταέτης

1067 2065 1143 2100 οὗτος
1152 2069 1295 2106 ἄνθρωπος
1309 2071 1452 2099 ἐσθιόντων
1465 2065 1564 2100 αὐτῶν,
1588 2065 1665 2108 Ἐμοὶ
1688 2074 1770 2106 δοκεῖ,
1793 2075 1845 2102 ὑπὸ
1857 2065 1905 2103 τοῦ

1067 2110 1150 2137 πόθου
1162 2111 1260 2139 πολλοῦ
1274 2113 1321 2140 καὶ
1332 2114 1381 2149 τῆς
1389 2114 1553 2150 προθυμίας,
1564 2115 1610 2142 καὶ
1623 2115 1672 2150 τῆς
1681 2116 1823 2148 ἀσθενείας
1831 2117 1904 2144 ἀνώ-

1066 2160 1144 2193 1e90v
1159 2153 1240 2180 αὐτὸν
1253 2154 1313 2180 τότε
1332 2156 1504 2191 γεγενῆσθαι,
1517 2156 1563 2183 καὶ
1575 2157 1650 2191 ίσχύν
1657 2165 1717 2183 τινα
1730 2158 1901 2193 προσλαϐεῖν.

1067 2192 1214 2234 Εἰξωθεᾷγάρ
1225 2193 1353 2227 πολλάκις
1363 2196 1378 2230 ἡ
1387 2196 1437 2230 τῆς
1447 2196 1535 2231 ψυχῆς
1544 2196 1690 2232 προθυμίαν
1700 2198 1810 2226 ἐπειδὰν
1817 2198 1904 2234 ερῤω·

1067 2233 1135 2269 μένη
1147 2232 1174 2269 ᾖ,
1188 2235 1266 2271 νικᾷν
1282 2235 1329 2262 τοῦ
1347 2235 1470 2271 σώματος
1487 2237 1535 2272 τὴν
1548 2237 1700 2266 ἀσθένειαν.
1713 2232 1838 2273 Είστήκει
1848 2232 1902 2266 τοί-

1065 2284 1112 2302 νυν
1124 2276 1138 2302 ὸ
1148 2276 1319 2312 πατριάρχης
1335 2277 1461 2313 καθάπερ
1474 2277 1591 2313 οἰκέτης,
1606 2279 1738 2313 μεγίστην
1745 2279 1827 2314 τιμὴν
1838 2280 1904 2306 ταύ-

1064 2325 1114 2352 την
1130 2317 1291 2352 ἡγούμενος,
1307 2317 1354 2344 τοῦ
1381 2318 1580 2354 καταξιωθῆναι
1607 2319 1830 2355 ὐπηρετήσασθαι
1847 2322 1903 2353 τοῖς

1064 2357 1192 2392 παροῦσι,
1207 2358 1253 2384 καὶ
1267 2358 1312 2385 τὸν
1323 2359 1376 2385 ἀπὸ
1387 2359 1435 2394 τῆς
1444 2359 1597 2395 ὁδοιπορίας
1611 2360 1732 2395 κάματον
1750 2360 1838 2387 αὐτῶν
1852 2370 1903 2388 πα-

1066 2398 1284 2433 ραμυθήσασθαι.
1297 2397 1373 2431 Εἶδες
1386 2399 1435 2434 δση
1456 2399 1504 2426 τοῦ
1527 2400 1632 2427 δικαίου
1650 2402 1666 2436 ἡ
1684 2401 1836 2436 φιλοξενίας
1855 2403 1901 2439 Μὴ

1063 2440 1116 2475 γὰρ
1127 2439 1159 2474 δὴ
1173 2439 1251 2466 τοῦτο
1263 2440 1369 2472 σκόπει,
1381 2441 1421 2466 ὅτι
1436 2440 1534 2476 ἄρτους
1548 2441 1688 2477 παρέθηκε
1701 2442 1747 2468 καὶ
1761 2443 1791 2469 τὸ
1800 2444 1902 2478 μοσχά-

1065 2489 1133 2515 ριον,
1151 2480 1208 2507 ἀλλ’
1222 2482 1310 2508 ἐκεῖνο
1330 2481 1454 2515 λογίζου,
1475 2482 1534 2516 μεθ’
1556 2483 1623 2517 ὅσης
1642 2483 1738 2518 τιμῆς,
1760 2483 1819 2518 μεθ’
1833 2485 1901 2521 ὅσης

1063 2523 1312 2559 ταπεινοφροσύνης
1339 2523 1375 2550 τὰ
1397 2523 1447 2558 τῆς
1474 2523 1626 2558 φιλοξενίας
1652 2524 1844 2552 ἐπεδείκνυτο·
1868 2527 1899 2553 οὐ

1063 2563 1188 2599 καθάπερ
1201 2565 1225 2590 οί
1242 2564 1342 2596 πολλοὶ,
1356 2564 1408 2591 κᾶν
1420 2563 1555 2599 ποιήσωσι
1569 2564 1635 2590 ποτέ
1646 2573 1671 2592 τι
1683 2564 1814 2597 τοιοῦτον,
1827 2566 1900 2602 μέγα

1063 2604 1191 2640 φρονοῦσι
1219 2605 1289 2632 κατὰ
1316 2605 1369 2632 τῶν
1384 2604 1594 2640 ὑποδεχθέντων,
1622 2606 1669 2633 καὶ
1699 2606 1829 2639 πολλάκις
1851 2610 1900 2636 καὶ

1064 2645 1234 2682 ὑπερορῶσιν
1260 2646 1350 2674 αὐτῶν
1370 2645 1413 2672 διὰ
1426 2645 1475 2681 τὴν
1492 2645 1632 2680 φθάσασαν
1643 2647 1683 2678 είς
1698 2647 1796 2679 αὐτοὺς
1818 2647 1898 2684 θερα-

1065 2687 1151 2715 πείαν.
1165 2688 1249 2715 Τοῦτο
1258 2688 1286 2714 δὲ
1300 2687 1392 2723 ὅμοιόν
1405 2688 1463 2714 ἐστι
1471 2686 1510 2722 τῷ
1521 2695 1582 2713 τινα
1592 2686 1703 2714 πλοῦτον
1713 2689 1898 2722 συναγαγόντα

1063 2728 1110 2754 καὶ
1127 2729 1318 2764 περιφέροντα,
1336 2729 1368 2754 ἐκ
1385 2728 1440 2755 τῶν
1459 2727 1559 2764 χειρῶν
1578 2728 1686 2754 ἅπαντα
1697 2728 1773 2762 ῥῖψαι
1788 2729 1824 2755 τὰ
1836 2729 1899 2755 συλ-

1062 2768 1182 2803 λεγέντα.
1202 2769 1229 2795 ὐ
1243 2768 1296 2803 γάρ
1309 2769 1376 2804 μετά
1386 2769 1513 2801 ἀπονοίας
1527 2768 1753 2803 τιέργαζόμενος,
1765 2769 1812 2795 καὶ
1827 2769 1899 2796 οὕτω

1066 2809 1150 2836 ποιῶν
1162 2810 1200 2841 ὡς
1216 2811 1342 2845 παρέχων
1359 2810 1458 2845 μᾶλλον
1469 2810 1486 2845 ἤ
1500 2807 1654 2844 λαμϐάνων,
1667 2808 1717 2835 οὐκ
1731 2807 1801 2835 οῐδεν
1814 2809 1828 2835 δ
1838 2809 1897 2837 δια-

1063 2850 1211 2885 πράττεται
1222 2859 1229 2866 ·
1241 2851 1285 2878 διὰ
1295 2850 1373 2877 τοῦτο
1382 2851 1513 2877 ἀπόλλυσι
1528 2850 1627 2877 καὶτὸν
1640 2850 1672 2877 ἐκ
1682 2849 1776 2877 τούτου
1788 2849 1897 2886 μισθόν.

1094 2917 1105 2931 ε
1119 2915 1181 2941 Tres
1200 2923 1256 2941 mss.
1280 2916 1404 2946 εὐάλωτος.
