2044 3131
140 147 188 173 5‘I
652 142 684 171 IN
703 143 779 171 CAP.
802 143 892 171 XVIII.
912 143 1030 171 GENES.
1057 144 1169 172 IIO)III..
1193 145 1258 172 XLI.

138 202 353 229 exhortationem
362 208 458 228 meam.
471 200 532 228 Scio
544 204 670 235 quantum
681 200 792 228 tuleritis
804 201 931 232 laborem,

138 248 267 284 conjecto.
276 253 390 284 quantus
411 247 445 275 sil.
458 246 555 274 caloris
567 250 649 274 mstus
664 255 670 273 :
684 251 824 282 propterea
840 247 933 281 paulu.

140 297 196 323 lum
209 303 258 323 vos
282 302 405 322 recreare
419 294 488 321 volo.
507 293 572 327 Quis
586 297 660 328 paler
675 293 742 320 filios
764 300 827 320 suos
843 298 935 321 tenere

138 341 264 377 diligens,
279 344 380 367 tantam
393 339 454 366 filiis
467 338 576 366 exhibet
591 338 793 373 benignitatem,
809 342 936 373 quantam

140 388 184 415 ille
201 387 298 422 ignotis
311 392 338 414 et
355 385 510 422 peregrinis,
528 390 555 412 et
577 393 721 420 numquam
735 385 784 412 sibi
807 384 936 420 cognitis?

141 433 241 460 \‘crum
257 432 318 467 quia
347 439 442 467 magna
466 432 603 459 alacritate
630 431 759 466 processit
777 438 808 458 ac
828 435 937 458 conten-

142 480 224 512 tione,
247 483 407 513 asseqnutus
423 482 464 505 est
486 478 664 509 venationem,
685 481 712 504 et
731 477 848 511 praedam
868 477 937 504 intra

140 526 208 553 retia
228 525 389 553 concludere
411 526 506 560 potuit.
524 525 555 552 Et
576 525 704 557 dixerunt,
720 525 822 560 inquit:
840 524 883 552 Sic
898 526 938 560 fa—

141 572 242 604 ciemus,
258 575 284 598 ut
304 570 401 597 dixisti.
417 570 495 598 Senis
516 570 646 598 excitatus
661 575 702 598 cst
712 569 838 604 juvenilis
851 571 935 605 vigor.

142 616 169 643 In
189 617 322 648 manibus,
340 616 435 651 inquit,
451 615 536 643 habeo
551 616 715 648 thesaurum,
740 616 846 643 divitias
860 624 938 644 assc-

140 667 240 697 qnutus
255 670 325 695 sum,
348 662 493 689 senectutis
513 662 665 689 obliviscar.
683 662 714 688 Et
735 661 793 689 vide
812 669 874 689 eum
890 669 937 688 ex-

140 708 284 735 sultantem
297 708 323 734 in
345 715 437 743 opere,
460 712 486 735 et
506 707 581 742 quasi
596 715 650 742 pra:
670 707 768 742 gaudio
782 707 935 740 saltantem,

141 753 251 787 perinde
266 758 345 790 atque
358 754 441 781 multa
458 754 525 781 bona
542 754 567 780 in
582 754 708 790 manibus
723 754 840 787 afferret,
858 754 892 781 ita
909 762 938 782 se

141 799 331 827 oblectantem.
345 799 371 827 6.
387 799 419 826 Et
438 800 574 834 festinavit,
593 800 688 834 inquit,
704 799 830 827 Abraham
851 801 876 827 in
898 805 938 827 Ia-

141 843 314 872 bcmaculum.
331 844 415 876 Sicut,
435 844 542 879 quando
561 845 593 872 ad
607 845 776 873 venationem
791 846 937 873 contende-

142 890 200 924 bat,
217 890 376 925 significavit
401 890 459 925 ejus
481 890 646 918 alacritatem
668 896 695 919 et
710 891 827 919 laborem
848 892 937 919 divina

141 935 291 970 Scriptura,
303 934 394 963 dicens
410 944 417 962 :
435 935 550 962 Accurrit
560 940 642 962 autent
656 936 682 962 in
693 944 822 963 occursant
834 945 937 964 eoruiu:

143 981 178 1008 ita
195 986 221 1008 ct
232 989 302 1008 nunc
315 981 376 1017 quia
391 981 456 1008 vidit
470 982 552 1014 viros,
567 986 593 1009 et
607 982 632 1009 id
646 982 715 1017 quod
729 983 838 1016 optabat
848 983 937 1017 perfe-

142 1028 188 1060 cit,
205 1034 292 1063 neque
312 1027 351 1055 sic
371 1027 405 1054 ab
423 1027 560 1055 alacritate
581 1027 702 1060 desistit;
719 1027 766 1055 sed
784 1029 868 1063 magis
885 1028 939 1055 fer-

141 1077 249 1100 ventem
262 1072 380 1100 declarat
401 1079 531 1105 amorem,
555 1080 640 1107 neque
658 1073 718 1108 quia
735 1080 844 1101 securus
868 1078 935 1107 erat,

143 1118 203 1146 ideo
218 1118 441 1154 fitnegligentior.
456 1118 484 1146 Id
498 1119 568 1153 quod
584 1119 660 1146 nobis
672 1118 825 1154 frequenter
837 1121 937 1153 evenit,

145 1169 174 1192 ct
188 1165 318 1199 principio
333 1164 411 1192 valde
431 1164 542 1192 studiosi
564 1172 675 1192 sumus:
690 1165 795 1200 quando
808 1169 897 1192 autem
912 1166 938 1193 in

143 1210 280 1245 negotium
299 1214 407 1238 ventum
430 1215 482 1244 cst,
508 1217 561 1238 non
583 1218 630 1245 par
653 1210 769 1238 studium
791 1211 938 1239 afferimus.

145 1257 244 1284 Verum
259 1257 346 1292 justus
368 1264 421 1284 non
437 1257 486 1290 sic,
512 1257 558 1285 sed
573 1257 656 1292 quid?
673 1257 770 1285 lterum
785 1258 893 1286 festinat
912 1263 939 1286 et

144 1307 280 1337 properat,
295 1307 321 1330 et
333 1303 498 1330 curritsenio
508 1302 645 1330 confectus
655 1303 681 1330 in
695 1303 892 1331 tabernaculum
906 1305 938 1332 ad

143 1348 261 1381 Sarratn,
278 1347 310 1374 Et
325 1347 389 1375 dixit
408 1348 432 1375 ei
446 1356 455 1375 :
470 1348 598 1382 Accelera,
613 1353 636 1376 et
654 1349 731 1376 misce
742 1353 791 1377 tres
808 1358 938 1377 mensuras

143 1395 245 1421 similw.
257 1395 402 1422 Considera
413 1395 549 1430 quomodo
567 1400 594 1422 et
610 1395 718 1423 Sarram
730 1396 878 1423 venationis
893 1404 938 1424 so-

143 1439 212 1466 ciam
226 1440 349 1474 assumit,
362 1445 389 1467 et
400 1440 534 1475 quomodo
547 1447 607 1468 eam
619 1441 716 1474 erudit,
729 1445 757 1468 ut
770 1449 846 1468 suam
855 1442 937 1470 imite-

144 1490 186 1511 tur
199 1485 336 1512 virtutem.
352 1485 458 1512 Etenim
482 1489 508 1513 et
523 1485 595 1512 illam
612 1485 704 1513 incitat
721 1493 755 1513 ne
776 1486 866 1514 ofﬁcio
888 1494 938 1514 suo

143 1531 311 1566 negligenter
329 1530 464 1567 fungatur,
486 1531 545 1564 sed,
563 1531 691 1566 rit-celera,
708 1531 802 1566 inquit.
818 1531 938 1568 Magnam

144 1577 350 1612 negotiationem
372 1577 508 1613 assequuti
533 1585 637 1611 sumus,
661 1584 694 1605 nc
717 1577 860 1612 perdamus
880 1578 939 1606 the-

143 1629 263 1655 saurum,
283 1622 329 1650 sed
341 1622 469 1656 Accelera,
485 1627 508 1649 et
529 1622 604 1650 misce
616 1627 666 1650 tres
680 1631 810 1650 mensuras
835 1624 936 1652 similw.

143 1668 276 1702 Quoniam
290 1668 393 1696 sciebat
407 1668 470 1695 boni
489 1668 578 1703 operis
598 1668 818 1703 magnitudinem,
835 1669 939 1697 volebat

143 1716 204 1743 vita:
222 1722 279 1743 sua:
300 1716 399 1744 sociam
420 1716 501 1744 etiam
526 1715 705 1743 relribuendae
728 1716 860 1744 mercedis
879 1724 939 1745 esse

143 1762 309 1797 participem.
325 1762 414 1796 Quare
434 1763 516 1795 enim,
536 1762 580 1789 dic
604 1762 680 1795 mihi,
696 1762 761 1790 nulli
781 1763 938 1790 ancillarum

143 1809 196 1836 hoc
214 1809 351 1845 praacepit,
367 1809 414 1837 sed
428 1809 505 1836 uxori
518 1813 570 1836 tam
585 1813 717 1843 provectze
737 1809 841 1836 aetatis?
856 1817 940 1836 nona-

141 1856 215 1891 ginta
234 1855 305 1883 enim
332 1863 463 1883 annorum
488 1859 557 1882 erat.
582 1855 640 1882 Non
662 1859 791 1890 repugnat
814 1855 939 1884 mandato

141 1903 234 1935 Sarra,
252 1902 300 1930 sed
320 1909 411 1937 parem
423 1902 502 1929 etiam
522 1902 578 1936 ipsa
597 1901 762 1929 alacritatem
781 1900 869 1929 all‘ert.
883 1903 938 1929 Au-

141 1949 217 1976 diant
229 1949 289 1981 viri,
303 1948 411 1975 audiant
424 1947 551 1974 mulieres
564 1956 570 1974 :
584 1946 633 1974 viri
647 1946 766 1982 quidem,
781 1947 862 1974 utsic
877 1955 938 1975 snas

140 1995 348 2023 contubernales
373 1994 507 2028 erudiant,
529 1998 557 2020 ut
575 1994 597 2020 si
617 1993 724 2028 quando
747 1993 884 2028 spiritualc
898 1994 938 2021 lu-

141 2048 218 2069 crum
232 2041 340 2073 incidat,
364 2048 398 2068 ne
413 2048 460 2075 per
474 2040 586 2067 famulos
599 2039 650 2067 hoc
666 2039 814 2074 perﬁciant,
829 2040 876 2067 sed
892 2048 940 2075 per

142 2087 247 2122 seipsos
260 2086 358 2114 faciant
372 2086 481 2117 omnia;
495 2085 619 2113 mulieres
641 2091 740 2120 autem,
764 2089 792 2113 ut
812 2085 938 2113 festinent

141 2132 234 2167 iuvare
254 2132 326 2159 viros
343 2132 370 2159 in
386 2135 439 2159 tam
460 2131 538 2158 bouis
560 2131 696 2166 operibus,
721 2135 747 2159 et
768 2139 821 2159 non
840 2131 938 2159 erube-

142 2182 220 2206 scant
230 2178 436 2213 hospitalitatem
452 2177 479 2205 in
492 2177 594 2212 aliquos
607 2184 743 2210 exercere,
755 2177 860 2213 illisque
874 2185 939 2205 con-

140 2219 238 2260 gruum
254 2224 374 2259 prtebere
391 2223 568 2251 ministerium
582 2232 589 2250 :
603 2223 651 2251 sed
667 2223 804 2251 imitentur
826 2224 935 2251 Sarram

141 2271 270 2303 vetulam,
286 2270 313 2298 in
327 2274 398 2297 tanta
413 2274 520 2297 senecta
531 2269 648 2297 laborem
663 2269 777 2298 libenter
792 2271 937 2306 suscipien.

141 2321 209 2349 tem,
220 2321 248 2344 et
259 2315 416 2343 famularum
427 2323 507 2350 opera
522 2315 716 2350 perficientem.

180 2362 315 2390 Iace/titur
326 2363 353 2390 in
365 2367 484 2390 ornatum
498 2363 641 2390 mulierum.
655 2379 690 2383 —
705 2363 801 2391 Verum
814 2364 870 2392 scio
883 2365 939 2393 fore

143 2415 173 2438 ut
187 2411 276 2438 nullus
292 2410 359 2438 ferat
374 2417 404 2438 ea
418 2418 477 2445 quae
498 2417 512 2436 a
531 2410 609 2438 nobis
621 2409 756 2438 dicuntur.
772 2410 848 2438 Nunc
868 2411 938 2438 enim

143 2465 239 2486 omnes
253 2457 329 2492 plane
344 2457 478 2484 contraria
491 2457 532 2484 via
548 2457 683 2489 incedunt,
698 2461 724 2484 et
747 2457 828 2484 multa
844 2458 939 2485 mulie-

141 2512 204 2531 rum
222 2508 263 2531 est
285 2503 421 2536 mollities,
447 2510 579 2537 omneque
609 2503 726 2530 studium
747 2503 774 2530 in
798 2503 870 2530 cultu
895 2511 939 2531 ve-

141 2550 236 2583 stium,
251 2550 277 2577 in
297 2550 386 2577 aureis
406 2549 573 2577 ornamentis
596 2553 623 2577 et
645 2548 788 2576 monilibus
802 2553 882 2584 atque
895 2557 940 2577 ex-

143 2601 222 2624 terno
232 2600 340 2628 ornatu,
353 2595 450 2622 animae
463 2602 527 2622 vero
540 2595 612 2622 nulla
627 2599 669 2622 est
680 2601 754 2622 cura.
768 2594 860 2629 Neque
873 2594 941 2622 Pau-

143 2642 186 2669 lus
199 2649 246 2670 eas
257 2640 550 2674 commovet,-diccns:
566 2639 626 2668 Non
640 2641 668 2667 in
679 2640 789 2667 crinibus
804 2640 885 2673 tortis,
902 2641 940 2668 uel

139 2694 217 2718 auro.
233 2687 272 2714 uel
283 2687 437 2722 margaritis,
449 2686 487 2714 vel
499 2691 645 2721 sumptuosa
659 2690 723 2713 veste
736 2685 774 2720 (I.
786 2685 851 2712 Tim.
862 2685 889 2712 2.
900 2686 939 2720 tl}.

146 2734 212 2761 Vide
226 2733 345 2760 animam
364 2733 431 2760 hanc
448 2733 535 2768 ipsum
559 2732 654 2759 caelum
673 2732 856 2768 attingentem,
872 2741 940 2768 quo-

143 2780 225 2807 modo
239 2787 291 2807 non
303 2779 405 2814 putavit
414 2779 552 2814 indignum
565 2785 594 2806 se
607 2783 633 2806 ct
643 2778 705 2811 vile,
719 2779 798 2806 etiam
810 2779 843 2807 de
854 2779 939 2814 capil-

143 2826 233 2853 lorum
246 2826 411 2853 ornamentis
433 2825 588 2853 admonere.
605 2824 697 2852 Merito
711 2834 716 2851 :
729 2832 808 2852 omne
829 2825 901 2853 cnim
916 2826 939 2852 ei

139 2870 336 2899 .studiumcrat
349 2871 374 2898 in
392 2870 536 2899 excolenda
550 2871 647 2899 auium.
662 2870 727 2904 Quia
746 2870 824 2906 igitur
840 2871 939 2899 sciebat

1744 146 1806 174 λεξ-

991 201 1048 228 hinc
1061 201 1174 229 maxime
1186 202 1282 229 animm
1295 202 1437 236 pernicietn
1453 211 1589 238 generare,
1603 203 1664 232 ideo
1677 212 1730 231 non
1749 213 1791 233 re-

990 246 1055 282 fugit
1068 246 1110 274 illa
1127 246 1222 274 afferre
1236 255 1296 282 quae
1310 248 1504 276 conveniebant
1522 249 1557 277 ad
1572 249 1722 278 docendum
1736 258 1782 278 eas

989 300 1048 327 quae
1062 293 1107 320 illo
1118 293 1209 320 morbo
1221 293 1393 326 laborabant;
1408 294 1455 322 sed
1468 294 1552 330 inquit
1569 304 1576 322 :
1591 295 1618 323 Si
1631 296 1670 323 vis
1681 296 1782 328 ornari,

990 345 1053 365 vero
1067 342 1092 365 te
1107 343 1202 366 ornatu
1215 339 1283 371 cole,
1295 347 1372 374 quem
1385 339 1462 367 decet
1475 340 1601 368 mulieres
1614 341 1672 376 pias
1686 351 1693 368 :
1709 342 1785 370 bonis

991 389 1016 411 te
1027 385 1152 420 operibus
1167 393 1243 412 orna.
1259 385 1307 413 llic
1326 386 1422 413 anima:
1444 387 1532 415 cultus
1551 392 1603 420 est,
1619 387 1662 415 hic
1676 395 1691 415 a
1706 389 1785 416 nullis

991 432 1108 459 externis
1123 431 1326 463 condemnatur,
1340 432 1411 460 hunc
1432 433 1519 461 nullus
1534 433 1683 469 deprzcdari
1707 440 1782 470 pote-

992 478 1036 511 rit,
1054 477 1097 506 hic
1110 483 1239 513 perpetuo
1253 483 1342 506 manet
1359 483 1430 506 tutus
1445 483 1472 506 et
1486 480 1597 514 inti-ger.
1615 481 1635 507 A
1649 481 1722 508 cultu
1736 489 1783 508 an-

993 528 1045 551 tem
1066 529 1176 552 externo
1196 524 1334 553 innttmera
1349 526 1471 553 oriuntur
1490 527 1558 553 mala
1576 527 1712 554 :nondnm
1727 528 1787 555 (lim

991 570 1087 598 anima:
1103 576 1271 603 noeumenta,
1293 572 1472 607 arrogantiam
1489 580 1548 607 qua:
1572 573 1634 600 inde
1655 575 1783 607 nascitur,

992 614 1145 650 despectum
1167 617 1291 650 proximi,
1315 617 1410 644 fastum
1433 617 1553 652 spiritus,
1579 618 1675 646 anima:
1694 626 1786 647 corru-

993 660 1121 694 ptionem,
1136 661 1302 697 voluptatum
1318 662 1468 690 illicitarum
1494 671 1623 697 examen;
1646 664 1692 692 sed
1713 664 1788 692 facile

992 705 1116 740 diripitur
1133 706 1177 733 ille
1194 707 1280 734 cultus
1299 712 1326 734 ct
1342 707 1502 735 famulorum
1518 709 1684 744 malignitate
1702 710 1784 737 latro-

994 759 1110 786 numque
1125 752 1237 785 insidiis,
1254 760 1358 780 necnon
1379 754 1604 789 sycophantartnn
1627 755 1783 787 calumniis;

992 802 1020 824 et
1041 798 1142 825 infinita
1163 799 1232 826 mala
1257 799 1378 827 invenire
1404 800 1430 827 in
1452 807 1486 828 eo
1503 801 1574 834 licet,
1596 809 1627 829 ac
1645 807 1786 837 perpetuas

992 843 1192 872 atnaritudines.
1207 845 1287 879 Atqui
1302 845 1381 873 Sarra
1394 846 1453 874 talis
1470 854 1521 874 non
1541 854 1617 881 erat;
1633 848 1679 876 sed
1696 857 1786 876 vcrtnn

993 889 1146 923 possidebat
1161 895 1283 917 ornatum
1296 900 1303 918 :
1315 890 1375 919 ideo
1387 896 1414 919 et
1427 892 1504 927 digna
1517 892 1565 920 fuit
1577 893 1726 928 patriarcha
1740 903 1746 921 :
1760 901 1788 922 et

992 934 1061 961 sicut
1080 934 1124 962 ille
1143 935 1288 969 festinavit,
1303 940 1330 963 et
1349 936 1376 963 in
1396 937 1594 965 tabernaculum
1609 939 1737 972 cucurrit,
1751 940 1786 966 ita

992 985 1018 1007 ct
1040 980 1096 1015 ipsa
1117 988 1213 1016 magno
1233 981 1321 1009 studio
1345 981 1406 1009 fecit
1428 990 1487 1018 qua:
1502 983 1630 1018 imperata
1653 990 1738 1017 erant,
1761 991 1788 1012 et

994 1026 1100 1054 miscuit
1116 1031 1169 1054 tres
1194 1034 1334 1055 mensuras
1353 1028 1458 1056 similaz.
1479 1029 1543 1056 Nam
1558 1030 1619 1064 quia
1640 1034 1693 1057 tres
1708 1036 1786 1058 erant

992 1072 1037 1106 qui
1054 1072 1228 1106 advenerant,
1245 1078 1298 1100 tres
1314 1081 1452 1101 mensuras
1463 1074 1544 1109 jussit
1565 1076 1682 1108 misceri,
1707 1081 1735 1103 ut
1748 1077 1784 1103 ci-

994 1118 1044 1145 tius
1058 1126 1139 1153 panes
1158 1123 1324 1153 pararentur.
1340 1119 1374 1146 Et
1388 1125 1416 1147 ut
1431 1120 1480 1148 hoc
1496 1122 1633 1156 ιιτωεοῃίῑ,
1654 1121 1686 1149 ad
1703 1122 1784 1150 boves

993 1164 1049 1199 ipse
1072 1164 1168 1192 iterum
1189 1166 1305 1192 cucurrit
1324 1165 1358 1201 (υ.
1382 1165 1421 1201 7).
1436 1167 1458 1193 0
1483 1167 1751 1202 scnisjuventutem!
1773 1178 1788 1195 o

992 1210 1088 1237 animo).
1106 1210 1241 1244 vigorem!
1257 1211 1342 1237 currit
1364 1210 1397 1237 ad
1420 1211 1512 1244 boves,
1530 1217 1556 1238 et
1582 1221 1634 1239 non
1656 1214 1786 1247 permittit

992 1256 1106 1291 aliquem
1121 1256 1278 1283 famulorum
1293 1264 1325 1283 eo
1337 1263 1463 1291 pergere:
1475 1265 1522 1292 per
1533 1258 1621 1284 omnia
1635 1263 1789 1287 monstrans

993 1302 1025 1329 iis
1039 1302 1084 1337 qui
1104 1301 1277 1336 advenerant,
1293 1308 1393 1337 quanta
1415 1302 1548 1338 voluptate
1568 1304 1691 1338 perfusus
1706 1311 1787 1338 esset,

993 1353 1019 1375 ct
1032 1349 1123 1383 quanti
1141 1347 1241 1376 faceret
1256 1356 1349 1376 eorum
1365 1349 1546 1383 praesentiam,
1561 1357 1643 1384 solue
1658 1350 1729 1378 hunc
1741 1359 1789 1386 pro

995 1394 1118 1421 thesauro
1130 1394 1229 1422 habere
1241 1394 1382 1422 honorent.
1400 1394 1430 1421 Et
1446 1395 1553 1430 accepit,
1568 1395 1662 1430 inquit,
1679 1396 1785 1424 vitulum

995 1440 1112 1468 (anellum
1127 1445 1150 1467 et
1178 1441 1280 1468 bonum.
1310 1440 1367 1475 Ipse
1390 1449 1436 1475 per
1456 1442 1628 1476 semetipsum
1655 1442 1788 1470 delectum

993 1486 1066 1519 fecit,
1082 1490 1109 1514 et
1122 1486 1251 1521 optimum
1269 1487 1313 1521 qui
1331 1486 1423 1513 aderat
1434 1492 1573 1521 acceptum
1598 1495 1682 1522 puero
1694 1488 1785 1520 dedit,

995 1538 1021 1560 et
1045 1533 1118 1560 illum
1143 1541 1248 1568 quoque
1262 1538 1349 1568 urget,
1366 1538 1396 1560 ut
1419 1534 1478 1561 sine
1503 1541 1576 1561 inora
1587 1539 1714 1569 quantum
1732 1535 1789 1562 lieti

994 1583 1082 1613 potest
1093 1583 1262 1613 approperet.

1029 1625 1056 1652 6.
1077 1625 1266 1653 Animadverte
1285 1626 1420 1660 quomodo
1441 1626 1529 1652 omnia
1553 1633 1612 1653 cum
1637 1625 1787 1659 velocitate,

993 1678 1054 1698 cum
1066 1671 1179 1699 ferventi
1193 1672 1342 1706 alacritate,
1359 1680 1419 1699 cum
1438 1673 1582 1705 hilaritate,
1605 1680 1665 1700 cum
1680 1673 1786 1708 gaudio,

993 1724 1053 1744 cum
1078 1725 1173 1752 magna
1184 1717 1350 1752 iucunditate
1371 1718 1444 1744 fiant.
1472 1717 1504 1744 Et
1520 1718 1646 1753 festinavit
1664 1726 1726 1753 puer
1744 1719 1790 1745 hac

995 1763 1088 1797 facere.
1107 1762 1199 1797 Neque
1212 1762 1255 1789 hic
1266 1770 1346 1790 senex
1361 1762 1483 1797 quiescit,
1500 1762 1547 1790 sed
1561 1763 1656 1789 iterum
1669 1762 1694 1790 in
1709 1763 1790 1790 mini.

993 1809 1040 1835 stri
1054 1808 1175 1836 ordinem
1188 1808 1291 1836 transit.
1308 1809 1334 1836 8.
1352 1808 1385 1835 Et
1395 1813 1422 1835 ut
1432 1809 1528 1844 accepit
1543 1809 1662 1844 butyrum
1676 1814 1699 1836 et
1712 1809 1752 1836 lac
1766 1816 1790 1836 et

993 1855 1108 1889 vitulum,
1125 1863 1198 1890 quem
1219 1859 1383 1888 mactaverat,
1399 1855 1518 1890 apposuit
1539 1855 1600 1881 illis.
1616 1855 1662 1882 Sic
1677 1863 1724 1890 per
1745 1863 1788 1883 se-

994 1901 1136 1935 metipsum
1157 1901 1246 1928 omnia
1261 1901 1324 1928 facit
1346 1906 1373 1929 ct
1394 1901 1513 1935 apponit.
1529 1900 1563 1928 Et
1577 1908 1663 1936 neque
1679 1901 1787 1937 dignum

994 1947 1167 1982 semetipsum
1181 1947 1286 1975 censuit
1301 1947 1346 1982 qui
1362 1947 1514 1974 consideret
1528 1954 1589 1974 cum
1603 1948 1653 1981 eis,
1672 1948 1719 1976 sed
1736 1949 1789 1976 illis

994 1993 1195 2021 comedentibus
1213 1992 1338 2020 adstabat
1351 1993 1408 2027 ipse
1423 1993 1473 2019 sub
1488 1993 1594 2020 arbore.
1616 1992 1639 2020 Ο
1654 1994 1788 2028 magnitu-

993 2038 1082 2066 dinem
1104 2038 1309 2073 hospitalitatis!
1329 2045 1347 2065 ο
1367 2038 1524 2065 humilitatis
1546 2039 1750 2068 excellentiam!
1772 2050 1788 2067 υ

994 2090 1110 2112 mentem
1125 2084 1267 2112 admodum
1291 2084 1456 2120 religiosam!
1474 2085 1596 2112 adstabat
1616 2087 1787 2114 centonarius

994 2133 1074 2160 homo
1087 2133 1287 2160 comedentibns
1304 2127 1366 2160 illis.
1380 2132 1442 2159 Mihi
1457 2132 1562 2160 videtur
1575 2137 1637 2160 tunc
1652 2141 1707 2169 pra:
1722 2142 1787 2169 gau-

993 2179 1037 2206 dio
1045 2179 1235 2213 alacritateque
1250 2179 1344 2211 multa,
1360 2178 1542 2206 imbecillitate
1553 2186 1600 2205 sua
1613 2178 1696 2206 factus
1709 2187 1788 2214 supe—

995 2226 1058 2257 rior.
1083 2230 1110 2252 et
1130 2225 1212 2252 robur
1225 2225 1359 2260 quoddam
1380 2225 1525 2261 accepisse.
1542 2225 1619 2260 Saepe
1635 2226 1705 2253 ettim
1721 2234 1787 2254 con-

994 2272 1082 2300 suevit
1103 2272 1227 2299 alacritas
1251 2271 1357 2304 animae,
1382 2271 1403 2298 si
1423 2272 1529 2306 quando
1552 2272 1676 2300 roborata
1699 2273 1787 2305 fuerit,

994 2319 1100 2345 vincere
1110 2317 1232 2352 corporis
1246 2317 1468 2345 imbecillitatem.
1483 2317 1576 2345 Stabat
1587 2318 1666 2353 igitur
1678 2319 1785 2352 patriar-

994 2362 1043 2391 cha
1056 2362 1131 2397 quasi
1146 2363 1272 2396 famulus,
1289 2363 1340 2390 hoc
1354 2370 1458 2390 summo
1479 2363 1573 2390 lienori
1592 2363 1702 2395 habens,
1718 2365 1787 2399 quod

995 2409 1171 2443 prmscntibns
1183 2408 1357 2442 ministraret,
1377 2414 1404 2436 et
1426 2409 1559 2436 solaretur
1572 2409 1676 2437 itineris
1696 2417 1788 2438 eorum

994 2455 1123 2483 laborem.
1147 2455 1242 2483 Vidisti
1268 2461 1366 2491 quanta
1390 2455 1456 2490 justi
1482 2455 1672 2490 hospitalitas?
1697 2455 1789 2491 Neque

993 2502 1063 2529 enim
1079 2502 1129 2530 hoc
1141 2501 1227 2530 solum
1237 2501 1389 2535 considam,
1403 2501 1475 2536 quod
1485 2508 1567 2536 panes
1582 2503 1785 2537 proposueritet

994 2548 1127 2575 vitulum:
1143 2547 1189 2575 sed
1215 2547 1279 2575 illud
1301 2547 1405 2582 cogita,
1429 2553 1489 2573 cum
1515 2551 1615 2581 quanto
1638 2546 1740 2574 honore
1762 2552 1789 2574 et

993 2597 1093 2628 quanta
1106 2592 1236 2620 modestia
1257 2592 1374 2620 exhibita
1397 2592 1430 2619 sit
1447 2591 1623 2626 hospitalitas.
1645 2592 1702 2620 Non
1721 2593 1789 2621 sicas

995 2639 1082 2673 multi,
1094 2639 1139 2675 qui
1155 2639 1176 2666 si
1187 2638 1250 2674 quid
1272 2638 1326 2665 tale
1345 2636 1466 2671 fecerint,
1483 2637 1640 2672 superbiant
1658 2643 1684 2664 et
1698 2638 1788 2672 despi-

993 2685 1068 2713 ciunt
1089 2689 1227 2719 susceptos
1248 2684 1378 2719 hospites,
1395 2691 1427 2710 eo
1443 2683 1515 2718 quod
1538 2683 1714 2710 ministerimn
1738 2684 1790 2712 illis

995 2731 1147 2760 exhibeant.
1163 2731 1218 2758 lloc
1234 2735 1322 2758 autem
1338 2729 1450 2764 perinde
1464 2733 1515 2762 est,
1533 2737 1564 2756 ac
1579 2729 1600 2756 si
1614 2729 1674 2764 quis
1685 2729 1790 2757 divitias

994 2782 1138 2813 congreget
1156 2781 1183 2804 et
1205 2775 1395 2804 circumferat:
1411 2779 1438 2802 ct
1458 2783 1519 2802 cum
1538 2775 1685 2810 collegerit,
1700 2776 1789 2803 omnia

995 2824 1073 2851 simul
1090 2831 1105 2852 e
1117 2823 1239 2851 manibus
1252 2822 1383 2857 projiciat.
1402 2822 1529 2857 Quisquis
1545 2822 1618 2850 enim
1640 2830 1700 2850 cmn
1716 2830 1791 2850 arro-

997 2872 1087 2906 gantia
1110 2876 1234 2906 operatur
1256 2869 1400 2904 quidpiam,
1431 2874 1457 2896 ct
1483 2869 1520 2896 sic
1542 2868 1610 2896 facit
1636 2870 1709 2904 quasi
1729 2869 1790 2904 plus
