2044 3131
259 137 311 163 5θὸ

257 194 388 228 pra-heret
403 199 480 226 quattt
493 192 634 226 acciperet,
651 194 735 221 nescit
748 193 810 228 quid
823 192 901 220 faciat
916 201 922 218 :
936 191 1047 227 proinde

258 244 283 265 ιιι
296 238 458 270 mercedem,
470 246 529 272 qua:
544 238 605 265 Itinc
621 239 784 274 proveniret,
796 239 936 274 disperdit.
953 238 1049 265 Vcrunt

257 285 342 319 justus
359 284 404 311 ille
421 284 510 312 Sciens
533 284 596 319 quid
623 289 787 319 operaretur,
815 292 861 320 per
881 284 970 311 omnia
991 291 1050 319 quae

258 330 379 363 faciebat,
394 330 551 357 ostendebat
565 331 728 358 alacritatent
743 331 849 358 utentis.
867 331 900 358 Et
913 335 1050 365 postquam

257 376 365 410 largiter
379 381 406 403 et
420 383 514 410 magna
529 375 662 403 hilaritate
677 376 817 403 seminavit
831 376 1048 410 hospitalitatem,

257 421 346 448 statim
370 425 397 448 et
412 421 564 455 manipulos
583 421 733 448 ttbcrrimos
747 421 867 449 messuit.
882 420 948 448 Nam
963 420 1006 447 ubi
1018 428 1048 448 ea

257 474 317 500 (pta:
331 474 363 494 ex
389 473 418 493 se
442 470 519 494 erant
542 466 672 501 implevit,
688 471 715 494 et
734 466 800 494 nihil
816 466 999 502 praetermisit,
1019 473 1051 493 ae

258 513 337 540 linem
350 516 521 547 acceperttnt,
533 520 592 548 quae
603 513 636 540 ad
650 513 856 549 hospitalitatem
871 512 1048 548 pertinebant,

257 558 446 593 dcclarataque
459 558 507 586 fuit
518 559 581 594 justi
594 559 676 586 virtus
691 567 697 585 :
715 563 778 586 tunc
795 559 904 586 demum
921 563 949 586 ut
964 558 1051 586 disce—

259 609 300 631 ret
323 604 410 639 justus
437 609 597 640 quantorttm
619 610 646 632 et
670 606 786 640 qualium
816 605 946 633 bonorum
970 612 1049 632 causa

258 651 337 678 fuerit
359 650 534 685 hospitalitas,
554 651 708 679 manifestat
730 658 760 678 se
778 651 799 678 is
823 651 868 686 qui
890 651 1048 684 advenerat,

258 703 338 732 atque
356 697 481 731 paulatim
499 697 600 732 justuut
619 705 675 725 sua:
694 697 901 733 magnitudinem
925 698 1050 732 potentia:

258 743 347 770 docet.
363 742 428 770 Nam
444 743 489 770 ubi
502 742 565 770 vidit
580 750 640 770 eum
657 747 772 770 stantem
787 743 856 778 apud
871 751 1007 778 quercum,
1024 747 1050 770 et

260 788 356 815 stattdo
377 796 500 823 magnum
530 789 659 816 honorem
687 793 714 816 et
741 790 917 817 ministerittm
942 789 1048 821 afferre,

257 834 326 862 dixit
345 834 369 861 ei
384 844 389 860 :
406 835 433 862 9.
452 834 501 861 Ubi
523 839 558 861 est
582 834 663 862 Sarra
683 843 748 861 uxor
770 835 832 862 tua?
846 835 941 863 Statim
961 839 1050 862 autem

259 888 306 914 per
320 880 554 915 interrogationem
574 880 753 908 sultindieavit
774 881 799 908 ei
821 889 851 909 se
875 889 926 908 non
943 889 1003 909 esse
1017 889 1050 908 ex

258 926 411 961 vulgaribus
422 924 548 961 aliquem,
566 931 658 961 utpote
672 927 715 961 qui
727 931 753 954 et
767 927 857 954 uxoris
871 926 940 953 illius
953 935 1049 954 nomen

260 973 352 1000 sciret.
379 973 426 1000 Ille
453 977 542 1000 autem
566 973 668 1008 inquit:
684 972 751 999 Ecce
773 973 799 999 in
821 973 992 1000 tabernacula.
1016 973 1050 1000 Et

257 1019 319 1052 quia
340 1018 441 1051 statim,
458 1022 592 1053 tamquam
606 1018 688 1052 Deus,
705 1019 869 1054 pollicitttrtts
884 1024 941 1047 crat
955 1019 978 1046 ei
992 1027 1052 1054 qua:

258 1071 338 1099 Supra
359 1069 479 1091 naturam
494 1068 582 1098 erant,
598 1069 706 1099 propter
722 1065 772 1092 ltoe
785 1069 812 1092 et
825 1065 939 1093 dicendo
953 1073 1051 1104 nomen

258 1110 346 1138 Sarra:
365 1110 524 1145 significavit
543 1118 622 1145 supra
645 1111 780 1138 hominem
802 1118 862 1139 esse
881 1119 941 1138 eum
957 1112 1000 1146 qui
1026 1111 1051 1138 itt

260 1155 459 1183 tabernaculum
473 1155 531 1190 ejus
546 1155 701 1183 diverterat.
718 1156 760 1183 10.
776 1155 910 1183 Revertens
923 1156 998 1188 enim,
1013 1157 1053 1183 in-

259 1201 326 1235 quit,
342 1201 437 1227 veniam
458 1201 491 1227 ad
508 1205 532 1227 te
544 1201 680 1227 secundum
702 1206 800 1236 tempus
819 1201 866 1227 hoc
884 1201 909 1228 in
929 1201 1014 1234 ltoras,
1030 1206 1053 1228 et

260 1245 358 1273 habebit
371 1246 453 1280 filium
469 1245 550 1273 Sarra
561 1254 625 1273 uxor
636 1250 688 1272 tua.
704 1246 774 1273 Ecce
791 1245 981 1281 hospitalitatis
997 1248 1052 1273 fru-

261 1296 331 1324 ettts,
347 1299 409 1318 ecce
424 1291 570 1318 alacritatis
587 1291 658 1318 illius
672 1291 747 1318 mira:
762 1299 876 1324 merces,
899 1299 960 1319 ecce
980 1292 1053 1319 Iaho-

264 1345 322 1365 rum
336 1337 422 1364 SﬂI‘I'LB
442 1337 642 1364 retributiones.
659 1336 711 1363 Illa
730 1342 824 1372 autem.
847 1338 940 1372 ittquit,
958 1338 1053 1364 audivit

257 1384 334 1417 juxta
349 1383 439 1410 ostium
449 1382 614 1416 tabernaculi,
625 1388 695 1410 stans
710 1387 764 1417 post
775 1383 848 1410 illud.
866 1383 908 1410 12.
920 1382 954 1410 Et
967 1389 994 1410 ut
1007 1383 1054 1410 ltoc

260 1429 366 1462 audivit,
381 1430 434 1456 risit
447 1437 542 1462 secum,
563 1429 648 1456 dicens
659 1438 668 1456 .'
684 1428 803 1456 Nondum
819 1429 918 1465 quidem
932 1430 992 1456 mihi
1005 1429 1052 1463 fuit

261 1483 339 1509 usque
351 1483 436 1508 nunc;
450 1475 567 1501 dominus
581 1478 663 1501 autem
677 1482 745 1501 meus
755 1478 840 1501 senex.
855 1474 889 1501 Et
904 1478 931 1501 ιιι
944 1478 1055 1502 excusa

263 1522 351 1548 divina
366 1521 502 1556 Scriptura
517 1521 636 1554 Sarratn,
648 1521 721 1555 prius
735 1520 905 1556 significavit:
916 1520 957 1548 II.
974 1520 1055 1547 Abra-

265 1568 324 1593 ham
337 1571 421 1593 autem
440 1571 462 1593 et
485 1566 566 1593 Sarra
579 1566 703 1601 progressi
717 1571 788 1593 erant
803 1566 830 1592 in
844 1566 930 1593 diebus
947 1567 1009 1593 suis.
1024 1567 1056 1594 Et

265 1620 351 1647 neque
370 1612 421 1639 Itoc
438 1616 562 1639 contenta
580 1611 672 1646 adjicit
686 1620 691 1637 :
707 1611 740 1637 Et
760 1611 884 1638 desierant
900 1611 987 1638 Sarra:
1001 1612 1056 1646 ﬁeri

263 1655 405 1685 muliebria.
429 1658 568 1685 Arcfactus
592 1662 660 1691 erat,
684 1657 779 1692 inquit,
807 1657 882 1691 fons,
908 1663 1057 1685 excatcatus

263 1704 367 1736 oculus,
384 1703 489 1731 officina
514 1703 569 1738 ipsa
590 1707 648 1731 erat
670 1703 770 1731 inutilis
790 1703 868 1730 facta.
884 1703 924 1730 Ad
937 1711 996 1738 qua:
1015 1712 1055 1731 re-

264 1751 379 1786 spiciens
402 1750 492 1782 Sarra,
515 1749 648 1785 cogitabat
668 1749 738 1785 apud
756 1750 927 1784 semetipsam
951 1754 1056 1778 mtalem

266 1803 344 1822 suam
366 1800 392 1823 et
406 1799 570 1822 senectutem
589 1794 746 1830 patriarchae
761 1795 795 1831 (υ.
811 1795 868 1830 12).
881 1795 979 1822 Verum
994 1795 1057 1822 dum

266 1842 311 1868 illa
326 1842 394 1868 intra
411 1840 608 1868 tabernaculum
621 1841 656 1867 ita
676 1841 783 1876 cogitat,
798 1841 820 1868 is
835 1841 880 1876 qui
898 1842 949 1868 scit
962 1849 1057 1869 arcana

264 1887 372 1922 utentis,
385 1886 568 1916 demonstrare
583 1886 674 1915 volens
688 1891 714 1915 et
727 1887 833 1917 virtutis
854 1894 909 1916 sua:
922 1888 1058 1916 excellen-

265 1935 339 1967 tiam,
363 1938 391 1961 et
415 1934 480 1961 nihil
505 1934 638 1961 occultum
661 1941 691 1961 se
711 1934 804 1966 latere,
833 1934 897 1961 dicit
922 1934 1057 1961 Abrah:e:

264 1980 308 2008 15.
327 1979 378 2007 Cur
400 1980 456 2006 risit
478 1979 561 2007 Sarra
573 1979 644 2014 apud
666 1980 786 2014 seipsam,
803 1979 888 2007 dicens
902 1987 911 2007 :
926 1979 1060 2016 Numquid

264 2035 319 2053 orre
329 2026 448 2062 pariam?
461 2034 506 2061 ego
520 2030 604 2053 autem
618 2025 698 2053 senui.
714 2025 777 2053 Haec
789 2025 859 2053 enim
874 2025 917 2053 illa
931 2025 1000 2061 apud
1014 2033 1059 2053 se-

265 2072 406 2106 metipsam
433 2071 576 2106 cogitabat.
605 2071 650 2098 I4.
678 2070 749 2097 Num
771 2071 934 2106 impossibile,
963 2071 1058 2106 inquit,

265 2117 335 2151 apud
354 2116 434 2143 Deum
448 2116 569 2143 verbum?
583 2116 654 2143 Ecce
668 2109 807 2144 manifeste
819 2116 934 2150 seipsum
948 2116 1057 2151 detegit.

266 2163 324 2190 Non
347 2163 430 2195 scitis,
451 2162 546 2196 inquit,
569 2169 622 2194 me,
643 2166 744 2189 naturae
766 2161 895 2189 Dominus
914 2170 974 2190 cum
995 2162 1055 2195 sint,

268 2208 357 2236 omnia
379 2214 458 2242 posse
479 2207 586 2242 quando
609 2207 729 2241 voluero,
753 2211 780 2234 et
802 2212 935 2235 mortuam
956 2215 1060 2242 quoque

268 2253 374 2280 1t'ult'am
400 2252 540 2280 fecundam
562 2257 589 2280 et
612 2253 697 2288 partui
717 2253 839 2280 idoneam
866 2252 971 2281 facere?
990 2253 1060 2280 Nam

267 2298 438 2334 impossibile,
472 2298 575 2333 inquit,
608 2298 678 2332 apud
707 2297 790 2324 Deum
821 2298 938 2333 aliquid?
967 2298 1061 2327 Nonne

271 2344 360 2372 omnia
386 2344 453 2371 facio
477 2347 504 2371 et
525 2342 702 2370 transformo?
726 2350 816 2370 nonne
836 2344 897 2370 vitae
918 2348 944 2371 et
967 2345 1062 2372 mortis

269 2394 430 2425 potestatem
453 2389 557 2416 habeo?
572 2388 644 2415 Nunt
656 2389 809 2424 impossibile
829 2395 865 2416 est
882 2390 979 2424 aliquid
991 2390 1061 2425 apud

270 2436 374 2463 Deum?
388 2435 482 2462 Nonne
501 2434 573 2469 prius
593 2434 643 2461 Itoe
666 2435 799 2469 pollicitus
818 2435 896 2463 sum?
917 2435 985 2463 Ntttn
1014 2443 1061 2471 po-

270 2486 323 2508 test
340 2480 474 2515 quidpiam
489 2487 502 2506 a
517 2487 560 2507 tne
576 2479 675 2507 dictttm
689 2488 741 2507 non
761 2481 787 2508 in
806 2488 872 2515 opus
884 2481 977 2509 exire?
991 2482 1060 2509 Audi

270 2526 361 2560 igitur,
377 2525 447 2560 quod
461 2524 493 2552 In
509 2530 620 2560 tempore
631 2526 677 2552 liae
690 2531 802 2553 revertar
811 2527 844 2553 ad
858 2532 880 2554 te
896 2528 922 2554 in
935 2528 1021 2561 haras,
1039 2533 1062 2555 et

270 2573 316 2599 erit
337 2572 424 2600 Same
439 2572 518 2607 ﬁlius.
543 2572 684 2607 Postquam
707 2578 852 2606 revertere,
877 2574 972 2608 ittquit,
995 2579 1062 2601 tent-

270 2626 335 2653 pore
351 2618 410 2650 hoc,
427 2622 489 2646 tunc
502 2618 569 2646 sciet
580 2626 610 2646 re
625 2619 680 2653 ipsa
698 2619 779 2646 Sarra
793 2619 864 2654 quod
880 2626 965 2654 neque
980 2627 1060 2647 sene—

269 2669 329 2691 ctus
340 2663 364 2691 ei
375 2663 512 2690 obstacqu
527 2663 616 2698 fuerit,
629 2671 716 2699 neque
731 2665 856 2692 sterilitas
871 2673 878 2692 :
893 2665 939 2692 sed
950 2665 1061 2692 verbum

271 2716 361 2736 meum
376 2716 428 2735 non
443 2709 538 2743 poterit
549 2709 651 2737 irrituttt
663 2710 748 2742 reddi,
765 2715 791 2738 et
805 2715 895 2745 partus
906 2718 964 2738 eam
980 2712 1060 2740 doce-

269 2754 310 2781 bit
322 2761 414 2781 eorum
429 2762 488 2789 qua:
501 2763 517 2782 a
531 2762 574 2782 me
586 2755 656 2782 dicta
677 2761 739 2783 sunt
757 2757 913 2791 potentiam.
927 2757 1061 2785 Caeterum

271 2804 300 2826 ιιι
313 2799 357 2827 illa
373 2800 483 2832 audivit,
499 2808 584 2836 neque
595 2801 639 2828 illa
651 2809 710 2836 quae
723 2803 851 2837 cogitaret
865 2811 924 2831 esse
938 2805 1062 2838 prmsenti

271 2846 384 2880 occulta,
405 2846 447 2873 15.
474 2845 581 2882 Negavit
601 2847 705 2875 dicens:
722 2847 781 2875 Non
803 2849 857 2876 risi.
877 2849 968 2877 Timor
991 2851 1061 2878 cuitu

616 136 642 163 S.
664 136 801 165 JO.\NNIS
821 134 1055 164 CIIRYSOSTUMI
1077 135 1233 163 ARCIIIEP.
1256 135 1521 165 CONSI‘ANTINOP.

1848 138 1899 166 '58!

1105 197 1277 220 concusserat
1297 193 1354 228 ejus
1376 198 1502 222 mentem.
1526 195 1670 230 Propterea
1691 195 1828 232 Scriptura
1851 197 1902 224 hoc

1105 242 1190 265 totuut
1211 238 1356 266 infirmitati
1377 240 1436 275 ejus
1456 240 1574 268 tribuens
1593 240 1688 276 inquit,
1710 241 1812 269 Timore
1833 243 1900 269 enim

1105 284 1236 318 perterrita
1255 284 1314 320 fuit.
1335 285 1432 312 Verum
1453 286 1601 320 patriarcha
1618 287 1682 315 dicit
1700 288 1724 315 ei
1738 295 1746 316 :
1759 287 1830 321 Non,
1856 291 1900 316 sed

1104 329 1191 356 risisti.
1200 329 1244 357 Ne
1259 335 1344 365 putes,
1362 330 1456 366 inquit,
1471 331 1534 359 licet
1548 332 1574 359 in
1587 332 1677 361 animo
1690 332 1748 360 btec
1763 337 1896 361 tractave-

1104 375 1150 408 ris,
1167 379 1192 402 et
1207 376 1233 402 in
1248 377 1352 403 occulto
1372 377 1474 408 riseris,
1492 377 1548 404 ltmc
1559 384 1639 413 posse
1651 378 1778 405 abscondi
1797 378 1832 405 ab
1843 380 1902 414 ejus

1104 421 1147 456 qui
1164 420 1273 449 advertit
1283 422 1382 450 virtute
1394 426 1422 449 et
1437 422 1560 450 scientia.
1578 423 1668 458 Itaque
1681 431 1780 459 negare
1799 424 1901 451 factum

1104 468 1167 500 noli,
1183 475 1216 495 ne
1237 468 1320 495 addas
1339 468 1372 496 ad
1394 473 1546 503 peccatum.
1563 469 1655 504 Magna
1677 471 1748 498 enim
1766 470 1847 498 hodie
1867 471 1902 498 ab

1105 512 1155 540 hac
1167 513 1348 548 hospitalitate
1362 514 1438 541 nobis
1454 514 1612 549 provenient
1624 514 1703 542 horta.

1139 559 1165 586 7.
1188 558 1295 586 Moralis
1318 559 1469 586 exhortatio.
1487 559 1610 588 —Huuc
1633 560 1768 588 imitemur
1791 568 1903 594 omnes,

1103 610 1130 633 et
1141 612 1262 640 magnam
1280 612 1403 640 geramus
1417 605 1605 640 hospitalitatis
1617 613 1708 634 curam
1722 615 1728 634 :
1744 614 1796 634 nou
1812 611 1841 634 ut
1856 607 1903 635 flu-

1103 657 1196 678 xorum
1208 654 1235 677 et
1246 650 1456 685 corruptibilium
1477 650 1680 679 retributionem
1692 651 1779 679 solum
1791 653 1905 687 accipia-

1103 703 1162 722 mus
1172 716 1179 728 ,
1191 695 1238 723 scd
1252 699 1280 722 ut
1292 702 1452 730 reponamus
1467 696 1543 724 nobis
1556 696 1634 724 etiam
1650 697 1840 725 immortalium
1857 698 1905 725 bo-

1102 748 1196 768 norum
1210 740 1371 768 fruitionem.
1392 741 1457 768 Nam
1469 742 1491 768 si
1503 741 1553 769 hoc
1572 741 1682 770 facimus
1693 764 1700 776 ,
1712 750 1760 770 nos
1770 743 1849 770 etiaut
1861 743 1905 771 hic

1102 786 1235 813 Christum
1249 787 1424 821 suscipiemus
1436 807 1444 821 ,
1459 791 1487 815 et
1501 787 1626 822 suscipiet
1639 788 1720 815 etiam
1744 789 1801 823 ipso
1815 797 1863 816 uos
1878 789 1903 816 itt

1104 832 1283 860 mansionibus
1302 833 1354 861 illis
1366 840 1424 868 qua:
1437 833 1471 860 ab
1481 837 1582 861 :eteruo
1596 838 1750 868 purpurata:
1764 839 1827 862 sunt
1841 835 1905 862 dili-

1102 877 1222 913 gentibus
1237 878 1321 912 ipsum
1332 902 1340 911 ,
1360 877 1550 913 audiemusque
1564 877 1598 905 ab
1610 886 1643 906 eo
1663 888 1670 905 :
1690 878 1791 912 Vertite,
1807 879 1906 907 benedi-

1103 923 1137 950 cti
1145 923 1236 951 Patris
1248 924 1309 956 mei,
1323 923 1349 950 in
1360 924 1522 951 hereditatem
1535 924 1641 959 arcipite
1658 929 1828 960 prteparatum
1839 926 1907 953 vobis

1103 977 1207 1004 regnum
1219 969 1250 995 ab
1262 969 1358 1004 origine
1370 969 1458 996 mundi
1467 969 1574 1004 (Matth.
1586 970 1630 997 25.
1643 970 1747 1005 55.56).
1756 970 1837 1005 (iuius
1847 979 1907 1005 gra-

1105 1014 1139 1041 tia
1160 1019 1187 1042 et
1213 1018 1321 1049 propter
1346 1015 1431 1049 quid?
1446 1014 1549 1042 Esurivi
1575 1015 1658 1049 ettim,
1674 1019 1697 1042 et
1716 1015 1820 1054 dedistis
1846 1016 1907 1042 milii

1105 1060 1276 1086 manducare:
1293 1059 1379 1093 sitiri,
1394 1064 1416 1086 et
1437 1060 1541 1093 potastis
1556 1067 1616 1087 me:
1641 1061 1789 1096 peregrinus
1811 1061 1861 1096 fui,
1884 1066 1906 1088 et

1105 1106 1239 1140 collegistis
1249 1107 1335 1133 me:itt
1344 1115 1441 1134 carcere
1453 1107 1502 1142 fui,
1512 1112 1534 1134 et
1547 1107 1665 1134 inrisistis
1681 1116 1728 1134 me.
1739 1107 1807 1140 Quid
1820 1108 1908 1135 minus

1105 1151 1245 1178 ntolestttm
1269 1159 1347 1186 quam
1374 1151 1449 1179 haec?
1471 1152 1539 1179 Num
1563 1152 1683 1187 praecipit
1704 1153 1779 1180 nobis
1803 1153 1908 1180 curiose

1104 1196 1217 1223 scrutari
1232 1201 1259 1224 ct
1284 1197 1428 1232 inquirere,
1450 1197 1606 1232 quibusnam
1632 1197 1791 1225 deberemus
1812 1205 1904 1225 curam

1105 1242 1250 1269 exhibere?
1268 1242 1307 1269 Tu
1331 1243 1401 1277 quod
1421 1247 1493 1270 tuum
1509 1247 1566 1277 est,
1583 1242 1681 1278 inquit,
1700 1243 1823 1278 05tende,
1847 1244 1908 1271 licet

1105 1287 1225 1322 abiectus
1247 1293 1274 1315 et
1287 1289 1346 1316 vilis
1359 1289 1403 1322 sit,
1431 1295 1460 1317 ut
1475 1294 1601 1324 apparet,
1618 1297 1695 1324 qttcm
1724 1289 1797 1318 foves
1814 1300 1820 1318 :
1849 1298 1909 1326 qua:

1106 1334 1176 1360 ettint
1188 1334 1214 1360 in
1228 1334 1286 1362 illos
1297 1334 1363 1361 facta
1374 1339 1445 1369 sunt,
1459 1342 1509 1370 ego
1519 1340 1547 1362 ut
1560 1336 1624 1363 mihi
1638 1337 1686 1372 ipsi
1698 1336 1765 1364 facta
1782 1343 1908 1371 agnosco.

1107 1380 1249 1415 Propterea
1260 1380 1361 1408 addidit
1373 1389 1378 1407 :
1391 1380 1422 1408 In
1433 1386 1555 1415 quantum
1567 1382 1661 1417 fecistis
1673 1383 1716 1409 uni
1724 1384 1832 1418 fratrum
1844 1390 1910 1409 meo-

1107 1433 1165 1451 rum
1180 1425 1355 1459 minintorum,
1370 1425 1432 1452 mihi
1446 1426 1538 1460 fecistis
1553 1426 1632 1462 (Ibid.
1645 1434 1669 1454 υ.
1681 1428 1738 1462 40).
1756 1427 1837 1462 Igitur
1850 1434 1910 1454 cuttt

1108 1475 1180 1498 tanta
1194 1478 1226 1498 ex
1243 1470 1421 1506 hospitalitate
1439 1473 1492 1498 sint
1509 1472 1598 1505 lucra,
1613 1480 1665 1499 non
1690 1477 1910 1505 contemnamus,

1108 1517 1156 1546 sed
1171 1517 1288 1551 quotidie
1311 1517 1390 1552 hujus
1406 1517 1482 1544 honre
1497 1518 1682 1553 negotiationis
1697 1525 1801 1546 merces
1814 1517 1913 1546 inferre

1108 1563 1272 1597 Studeamus,
1299 1564 1414 1592 scientes
1438 1564 1578 1592 Dominum
1602 1569 1722 1592 nostrum
1748 1565 1912 1592 alacritatem

1109 1616 1242 1644 magnant,
1266 1616 1318 1635 non
1340 1609 1460 1636 ciborum
1485 1609 1588 1643 pondus
1602 1611 1738 1645 requirere
1749 1631 1755 1641 .
1766 1618 1820 1637 non
1833 1618 1910 1637 tuen-

1109 1661 1165 1684 sam
1179 1658 1371 1689 sumptuosam,
1387 1654 1434 1682 scd
1457 1659 1573 1682 mentem
1587 1654 1700 1683 hilarem
1710 1676 1717 1688 ,
1732 1663 1785 1683 non
1811 1660 1914 1682 tantuttt

1110 1699 1288 1727 ntittisterium
1304 1707 1318 1726 a
1333 1699 1411 1727 nudis
1426 1700 1524 1733 verbis,
1540 1701 1587 1728 sed
1597 1701 1735 1729 caritatem
1749 1708 1765 1728 a
1780 1709 1847 1736 puro
1857 1701 1911 1728 siu-

1110 1752 1226 1780 ceroque
1249 1746 1340 1773 corde.
1356 1745 1457 1774 Idcirco
1482 1751 1510 1774 et
1537 1747 1642 1782 sapiens
1661 1747 1768 1783 quidam
1792 1748 1914 1775 dicebat:

1111 1791 1203 1818 Melior
1223 1799 1303 1818 sermo
1314 1800 1389 1826 quam
1400 1800 1491 1819 munus
1507 1793 1600 1828 (Eccli.
1616 1794 1659 1821 I8.
1673 1793 1729 1830 Ili).
1752 1794 1831 1829 Stepe
1845 1795 1915 1821 enim

1111 1838 1242 1866 sermonis
1254 1838 1411 1874 obsequium
1425 1838 1510 1874 magis
1521 1844 1625 1867 recreat
1638 1839 1800 1876 indigentem
1812 1861 1819 1874 ,
1835 1848 1913 1876 quant

1112 1885 1212 1913 donttnt
1225 1886 1320 1920 ipsum.
1337 1885 1399 1914 IIan
1417 1893 1478 1913 cum
1492 1888 1607 1914 sciamus
1618 1908 1624 1920 ,
1641 1895 1675 1914 ne
1688 1887 1770 1914 simus
1794 1887 1916 1914 diﬂicilcs

1112 1940 1173 1968 erga
1189 1940 1235 1960 eos
1255 1933 1300 1968 qui
1315 1932 1347 1959 ad
1363 1940 1411 1960 nos
1425 1932 1554 1960 aeceduut
1568 1942 1574 1960 :
1588 1933 1635 1960 sed
1651 1933 1672 1961 si
1693 1933 1859 1968 potuerimus
1873 1941 1918 1961 eo-

1112 1987 1171 2006 rum
1186 1979 1302 2014 iuopiam
1313 1979 1452 2007 sublevare
1463 2000 1470 2012 ,
1484 1979 1535 2007 hoc
1547 1979 1674 2007 faciamus
1689 1987 1749 2007 cum
1756 1979 1854 2015 gaudio
1869 1980 1915 2006 Ιιρ-

1114 2026 1223 2061 titiaque
1241 2034 1336 2061 magna
1351 2035 1357 2052 :
1374 2033 1427 2054 nou
1439 2030 1467 2053 ut
1487 2026 1636 2061 praebentes
1652 2027 1749 2062 aliqttid
1760 2048 1767 2060 ,
1785 2027 1832 2054 sed
1846 2031 1874 2054 ut
1885 2026 1919 2053 ab

1113 2071 1152 2098 eis
1164 2071 1277 2099 maxima
1292 2071 1452 2107 accipientes
1468 2081 1475 2098 :
1489 2072 1560 2107 quod
1584 2073 1605 2100 si
1629 2081 1682 2100 non
1707 2080 1849 2108 possumus
1860 2094 1869 2107 ,
1886 2081 1920 2101 nc

1113 2119 1196 2146 simus
1210 2119 1297 2153 asperi
1313 2119 1338 2146 in
1366 2126 1412 2146 eos
1428 2128 1434 2146 :
1450 2118 1496 2146 sed
1513 2119 1600 2146 verbis
1613 2120 1708 2147 saltem
1722 2127 1816 2147 eorum
1826 2127 1920 2147 curam

1113 2172 1240 2199 agamus,
1271 2169 1298 2192 et
1322 2172 1383 2192 ettm
1408 2165 1611 2193 mansuetudine
1633 2165 1844 2201 respmtdeamus
1868 2166 1918 2193 eis.

1113 2209 1201 2243 Quare
1220 2210 1290 2238 enim
1303 2209 1369 2237 dure
1381 2210 1526 2245 compellas
1547 2210 1621 2238 eum?
1645 2210 1712 2238 Num
1736 2211 1830 2246 cogit?
1856 2219 1923 2238 num

1115 2255 1168 2283 vim
1183 2255 1265 2283 facit?
1281 2255 1364 2289 Orat,
1379 2256 1520 2291 supplicat,
1535 2256 1676 2285 obsecrat:
1691 2257 1735 2292 qui
1757 2261 1847 2284 autem
1862 2256 1922 2284 bzcc

1115 2300 1195 2333 facit,
1210 2301 1372 2328 contumelia
1385 2301 1480 2336 dignus
1494 2309 1547 2328 non
1561 2306 1612 2328 est.
1629 2301 1697 2335 Quid
1719 2301 1779 2328 dico
1789 2323 1796 2334 ,
1815 2306 1874 2329 orat
1895 2306 1923 2328 ct

1115 2345 1257 2381 supplicat?
1272 2346 1411 2373 Inuumera
1434 2346 1501 2373 bene
1516 2350 1674 2381 apprecatur
1684 2367 1692 2380 ,
1707 2351 1734 2374 et
1757 2346 1816 2373 hare
1830 2347 1919 2373 omnia

1117 2391 1180 2418 facit
1195 2399 1243 2426 pro
1254 2399 1306 2418 uno
1323 2391 1401 2419 obolo
1411 2412 1419 2425 ,
1435 2399 1520 2426 neque
1534 2396 1622 2419 tamett
1637 2391 1711 2419 illunt
1724 2399 1876 2427 erogamus.
1891 2392 1925 2419 Et

1116 2445 1195 2472 quam
1217 2446 1392 2473 assequemur
1407 2438 1532 2466 veniam?
1546 2446 1626 2473 quam
1647 2438 1804 2466 Itabebimus
1827 2438 1924 2466 defen-

1116 2485 1236 2512 sionem?
1252 2485 1303 2519 Ipsi
1325 2485 1432 2520 quidem
1447 2485 1565 2520 quotidie
1586 2486 1685 2513 lautam
1700 2493 1820 2513 mensam
1847 2485 1925 2513 nobis

1116 2532 1211 2566 apponi
1228 2538 1368 2564 curamus,
1391 2537 1418 2558 et
1443 2539 1515 2566 stupe
1531 2532 1590 2566 plus
1606 2539 1687 2567 quam
1701 2539 1764 2559 usus
1790 2532 1925 2567 requirit,

1118 2578 1295 2605 insumimus:
1313 2578 1365 2606 illis
1385 2586 1448 2606 vero
1468 2586 1555 2614 neque
1569 2586 1681 2614 parvum
1691 2578 1754 2614 quid
1775 2579 1925 2606 contmnni~

1116 2631 1218 2657 camus,
1231 2624 1309 2659 idque
1317 2631 1376 2651 cum
1386 2624 1524 2651 innumera
1536 2624 1605 2651 bona
1614 2632 1660 2659 per
1668 2624 1718 2651 hos
1729 2632 1778 2652 nos
1787 2624 1925 2652 habituros

1116 2674 1313 2704 exspectemus.
1345 2669 1398 2697 Sed
1421 2677 1437 2697 ο
1464 2677 1586 2705 magnam
1621 2669 1767 2697 desidiam!
1792 2670 1923 2704 Quantattt

1117 2715 1187 2741 enint
1216 2715 1277 2742 hinc
1295 2715 1426 2749 jacturant
1451 2715 1582 2743 facimus?
1602 2719 1730 2750 quantutn
1746 2715 1814 2743 lucri
1829 2724 1846 2743 e
1868 2724 1921 2742 nta-

1117 2760 1194 2788 ttibus
1222 2761 1321 2788 nostris
1359 2761 1490 2789 excedere
1525 2761 1722 2796 permittimus?
1749 2761 1922 2789 Occasionem

1117 2811 1215 2833 nostra:
1229 2806 1324 2833 salutis
1343 2814 1357 2833 a
1370 2807 1422 2834 Deo
1438 2806 1515 2834 nobis
1527 2807 1614 2834 datam
1630 2807 1826 2842 amandautus,
1843 2815 1924 2842 neque

1117 2852 1276 2886 cogitamus,
1292 2852 1330 2880 γει
1353 2853 1378 2880 III
1403 2857 1492 2881 utettte
1522 2860 1659 2881 versamus
1683 2852 1744 2881 Itittc
1767 2854 1922 2888 parvitatem
