2044 3131
699 150 733 179 ΙΝ
751 152 827 180 CAP.
847 154 939 182 XVIII.
960 155 1081 185 GENES.
1102 158 1216 186 llOMlL.
1238 158 1318 187 XLII.

1763 166 1815 194 386

766 327 1025 373 HOMlLlA
1065 331 1215 374 XLll.

295 447 360 476 Cum
379 449 556 477 surrexissent
572 455 661 479 autem
673 453 733 486 viri,
756 458 926 488 respexerunt
939 455 967 482 in
983 455 1076 491 faciem
1094 456 1267 487 Sodomorum
1286 463 1312 487 et
1329 460 1481 490 Gomorrhe
1501 461 1575 499 (Cen.
1594 464 1637 492 18.
1657 463 1712 501 i6).

231 579 258 607 ‘I.
274 578 419 608 Didicimus
432 587 465 608 ex
484 580 608 609 hesterna
623 582 748 617 lectione,
764 583 905 618 carissimi,
927 584 984 612 exi-

193 625 274 652 miam
293 625 356 660 justi
376 625 580 662 hospitalitatem
595 637 602 655 :
616 635 665 664 age
681 633 707 656 et
723 636 752 656 ea
767 637 825 664 qum
838 636 985 665 sequuntur

194 675 350 704 tractantes,
365 671 444 699 hodie
454 672 588 700 discamus
602 673 790 709 benignitatem
804 679 831 702 et
840 677 982 704 commise-

194 715 324 742 rationem
332 715 499 750 patriarchze.
511 717 634 745 Possedit
646 719 718 746 enim
732 720 829 747 eximie
839 720 927 755 justus
939 722 984 750 ille

195 761 306 789 virtutes
328 769 433 790 omnes.
456 762 547 798 Neque
571 764 642 791 enim
665 769 766 792 tantum
785 765 853 794 bene
874 767 983 796 affectus

193 811 252 834 erat
265 807 290 834 in
306 808 450 842 proximos,
467 816 553 844 neque
566 809 704 845 hospitalis
720 815 820 839 tantum
834 817 861 840 et
877 813 983 841 miseri-

194 860 267 886 cors,
289 853 336 881 sed
351 858 379 881 et
391 853 456 881 alias
471 854 583 883 virtutes
596 862 690 884 omnes
703 856 817 885 ubertim
829 857 980 887 exhibebat.

195 897 262 925 Nam
281 898 338 926 sive
358 899 511 934 patientiam
532 900 658 929 exhibere
678 909 744 937 opus
758 902 803 937 sit,
817 903 935 932 invenies
948 904 982 932 il-

194 943 249 970 lum
265 943 290 971 in
301 951 434 973 summum
444 945 514 974 illius
526 947 652 975 verticem
664 955 832 983 progressum
847 958 854 977 :
870 950 925 978 sive
932 949 982 978 hu-

193 989 331 1018 militatem
342 991 472 1025 requiras,
488 992 590 1020 videbis
604 997 632 1021 et
646 993 672 1021 in
686 994 736 1022 hac
750 995 817 1023 nulli
830 996 980 1032 cedentem,

193 1034 239 1062 sed
250 1042 343 1063 omnes
353 1037 584 1066 transcendentem
596 1047 603 1066 :
617 1039 674 1068 sive
689 1040 755 1069 fides
767 1041 926 1071 declaranda
933 1044 980 1078 sit,

192 1084 220 1107 et
234 1081 259 1107 in
278 1081 329 1109 hoc
351 1089 407 1116 pra:
420 1083 543 1111 omnibus
564 1085 622 1113 aliis
636 1085 741 1114 laudem
762 1088 917 1117 merebitur.
933 1089 982 1118 Est

190 1125 262 1152 enim
276 1127 362 1154 anima
377 1127 435 1162 ejus
450 1128 536 1164 imago
549 1130 669 1165 quaedam
684 1132 810 1167 animata,
826 1135 915 1163 varios
925 1135 982 1163 vir-

193 1175 276 1198 tutqu
290 1172 391 1200 colores
401 1173 426 1200 in
437 1180 467 1202 se
480 1178 628 1203 ostentans.
644 1176 709 1210 Quae
721 1178 800 1213 igitur
813 1180 890 1207 nobis
904 1186 979 1215 post-

193 1215 242 1243 hac
256 1217 346 1244 relicta
365 1223 407 1246 est
421 1221 566 1254 excusatio,
588 1229 648 1248 cum
669 1230 736 1251 unus
761 1224 842 1252 homo
869 1230 979 1255 cunctas

191 1260 218 1286 in
232 1268 261 1288 se
276 1262 385 1290 virtutes
400 1264 544 1298 possideat,
559 1273 607 1294 nos
622 1274 685 1295 vero
700 1268 734 1295 ita
749 1274 872 1304 expertes
886 1279 978 1300 earum

190 1307 284 1340 simus,
301 1313 330 1336 ut
351 1313 384 1336 ne
408 1318 488 1338 unam
503 1312 609 1346 quidem
635 1321 761 1342 exercere
782 1316 878 1350 juvet?
902 1317 977 1351 Quod

189 1352 261 1378 eiiim
284 1360 335 1380 non
355 1355 415 1388 quia
441 1363 494 1383 non
511 1364 659 1391 possumus,
677 1359 723 1386 sed
738 1360 797 1395 quia
813 1362 946 1397 nolumus,
961 1372 977 1392 a

190 1396 268 1424 bonis
291 1399 412 1427 omnibus
431 1401 514 1428 simus
528 1402 615 1436 alieni,
633 1404 698 1431 illud
714 1406 855 1435 manifeste
878 1409 977 1438 iudicat

187 1443 259 1477 quod
272 1445 346 1471 multi
359 1445 476 1480 ejusdem
489 1452 590 1476 natura:
606 1449 727 1479 homines
741 1452 908 1482 inveniantur
920 1456 975 1483 vir-

188 1488 288 1515 tutibus
308 1491 454 1525 conspicui.
472 1492 504 1520 Et
517 1501 580 1521 vero
594 1495 662 1522 istud
675 1496 760 1531 ipsum
777 1499 846 1533 quod
861 1501 975 1534 patriar—

186 1533 247 1566 cha,
272 1535 316 1569 qui
338 1540 399 1563 ante
422 1538 515 1571 gratia:
541 1543 644 1574 tempus
665 1546 692 1568 et
710 1547 770 1570 ante
788 1533 871 1579 legem
888 1545 945 1579 fuit,
959 1555 975 1574 a

187 1580 275 1613 scipso
287 1584 313 1607 et
324 1588 339 1608 a
353 1580 463 1610 scientia
478 1591 538 1619 quat
559 1589 661 1613 naturre
675 1587 752 1615 insita
767 1594 817 1623 est,
832 1590 857 1617 in
873 1595 973 1620 tantum

186 1626 306 1659 pervenit
318 1627 421 1655 virtutis
440 1628 583 1664 fastigium,
603 1631 700 1660 sufficit
713 1639 740 1661 ut
762 1642 856 1663 omnes
870 1643 974 1666 nostras

184 1672 370 1700 excusationes
385 1674 491 1703 refutet.
507 1677 542 1704 At
557 1677 624 1705 forte
638 1679 727 1707 dicent
739 1681 820 1717 aliqui
837 1691 844 1710 :
862 1683 908 1711 Vir
929 1684 973 1713 ille

184 1716 294 1744 multam
308 1725 323 1744 a
345 1718 398 1746 Deo
410 1721 522 1755 gratiam
537 1729 716 1759 consequutus
734 1731 775 1754 est
791 1748 798 1759 ,
815 1733 841 1756 et
855 1730 972 1758 omnium

185 1762 312 1791 Dominus
323 1765 381 1800 ejus
393 1767 554 1803 singularem
567 1770 658 1798 habuit
672 1779 773 1800 curam.
790 1773 888 1809 Etiam,
904 1776 930 1804 id
945 1781 973 1805 et

182 1816 233 1844 ego
247 1809 330 1838 fateor
353 1820 360 1839 :
385 1821 477 1841 verum
500 1816 551 1843 nisi
572 1817 674 1852 primus
695 1823 723 1846 et
737 1820 793 1855 ipse
808 1821 878 1856 quod
893 1831 972 1851 suum

183 1859 240 1881 erat
260 1855 375 1890 fecisset,
399 1866 451 1887 non
466 1864 536 1889 tanta
557 1869 572 1889 a
594 1862 707 1891 Domino
726 1855 894 1896 obtinuisset.
919 1869 972 1896 Ea-

182 1905 292 1934 propter
303 1909 357 1930 non
370 1903 420 1931 hoc
433 1906 519 1933 solum
534 1908 646 1943 respice,
659 1909 705 1937 sed
717 1910 742 1938 in
756 1919 915 1949 unoquoque
930 1914 970 1942 di-

182 1943 295 1979 ligenter
314 1949 432 1983 attende,
448 1952 580 1986 quomodo
603 1954 717 1988 primum
733 1956 759 1984 in
779 1958 901 1987 omnibus
914 1959 969 1987 vir-

181 1991 246 2018 tutis
259 1999 314 2020 sua:
324 1996 699 2035 experimentumexhibuerit,
710 2006 789 2038 atque
800 2005 839 2032 sic
849 2005 968 2035 divinum

179 2038 307 2066 meruerit
321 2041 482 2075 praesidium.
503 2044 565 2073 Haec
585 2053 655 2082 saepe
669 2048 743 2076 vobis
764 2049 966 2088 declaravimus,

179 2081 253 2110 illum
274 2092 379 2120 nempe,
393 2088 500 2122 quando
520 2098 535 2117 a
551 2092 634 2125 patria
649 2100 696 2121 sua
713 2095 853 2130 migrabat,
874 2097 929 2126 non

178 2130 391 2163 progenitoribus
409 2140 502 2162 semen
523 2135 584 2164 ﬁdei
607 2139 753 2173 accepisse,
780 2141 827 2169 sed
846 2149 861 2170 a
875 2144 966 2179 seipso

176 2173 253 2202 valde
269 2175 420 2211 religiosam
430 2183 509 2214 atque
524 2182 593 2215 piam
612 2189 729 2212 mentem
747 2187 900 2218 exhibuisse

182 2195 253 2202 .-.ην
269 2195 420 2211 ..ι-,διυοιιιιι
430 2195 509 2214 ιιιψις
524 2195 593 2215 pium
612 2195 729 2212 tuentem
747 2195 900 2218 exnmmsse
915 2198 922 2223 ;

176 2218 312 2249 hominem
327 2222 411 2257 illum,
427 2232 488 2253 cum
500 2234 586 2261 nuper
597 2235 611 2255 a
621 2229 746 2259 Chaldma
762 2234 906 2263 translatus
919 2195 966 2264 ea

174 2269 223 2296 set,
250 2266 347 2295 iterum
370 2270 458 2298 subito
479 2273 583 2306 jussum
601 2274 653 2301 alio
666 2283 786 2312 pergere,
809 2284 836 2306 et
848 2280 964 2310 alienam

174 2313 273 2339 terram
280 2319 335 2341 sua:
348 2315 483 2350 praeferre,
499 2325 551 2345 non
565 2319 706 2349 fluctuasse
716 2323 804 2351 animo
814 2345 822 2358 ,
838 2333 890 2354 non
904 2327 963 2355 dis-

171 2355 275 2389 tulisse,
292 2358 339 2386 sed
362 2361 451 2388 statim
465 2363 591 2397 imperata
612 2365 706 2394 fecisse
718 2388 725 2401 ,
741 2355 820 2404 idque
840 2378 900 2400 eum
916 2380 964 2401 ne-

170 2401 251 2428 sciret
259 2402 366 2433 ubinam
379 2407 484 2435 errandi
495 2408 598 2438 futurus
611 2416 680 2439 esset
692 2412 762 2446 linis,
774 2401 799 2442 et
811 2416 958 2452 festinasse,

170 2451 197 2474 et
211 2453 377 2484 properasse,
399 2456 428 2480 ut
441 2454 485 2488 qui
504 2455 531 2482 in
546 2455 577 2483 iis
589 2464 648 2492 quae
662 2459 739 2492 plane
755 2460 854 2489 incerta
869 2451 956 2498 erant,

173 2503 307 2535 tamquam
320 2508 392 2531 certa
412 2511 511 2540 essent,
527 2510 679 2537 mandatum
695 2511 740 2538 Dei
753 2512 875 2540 omnibus
887 2521 955 2549 prte-

167 2544 307 2574 ferendum
319 2548 436 2577 duceret.

163 2609 168 2624 ι

161 2641 168 2666 l
206 2641 322 2669 Facient:
335 2645 402 2677 quod
414 2645 440 2670 in
454 2652 480 2671 se
495 2650 530 2671 est
551 2645 617 2672 Deus
626 2648 748 2675 manilium
763 2658 813 2677 non
826 2657 907 2685 negat.
922 2667 956 2673 -

172 2687 263 2715 Vidisti
276 2689 410 2723 quomodo
424 2690 458 2717 ah
475 2691 548 2718 initio
563 2700 621 2727 qum
643 2701 657 2720 a
673 2696 815 2730 semetipso
829 2702 904 2725 erant
919 2704 956 2726 at-

169 2731 270 2765 tuli-rit,
283 2737 310 2759 et
321 2739 459 2768 propterea
471 2735 559 2762 divina
573 2737 691 2771 quotidie
705 2739 819 2768 ubertim
832 2749 954 2777 suscepe-

168 2777 226 2804 rit?
246 2777 348 2806 Eodem
370 2780 460 2813 modo,
479 2780 579 2815 dilecti,
594 2783 673 2811 etiam
687 2792 745 2817 nos,
759 2787 780 2813 si
796 2787 957 2817 voluerimus

169 2829 284 2857 superna
310 2823 359 2852 frui
379 2827 473 2860 gratia,
498 2827 632 2855 imitemur
655 2831 842 2866 patriai-chain,
871 2839 898 2862 et
924 2843 957 2864 ne

169 2873 328 2898 etinctemur
353 2871 427 2901 obire
453 2873 589 2908 virtutem,
613 2877 659 2903 sed
683 2885 894 2916 unamquamque
922 2882 956 2909 ita

1036 595 1218 624 exerceamus,
1234 596 1262 619 ut
1276 593 1380 622 oculum
1394 597 1477 631 illum,
1491 596 1536 633 qui
1549 602 1630 636 sopiri
1643 604 1738 640 nescit,
1758 614 1823 634 con-

1035 632 1156 661 ciliemus
1168 635 1244 663 nobis
1258 637 1291 664 ad
1305 641 1456 670 mercedem
1468 644 1642 674 tribuendam.
1660 649 1766 678 Etenim
1780 653 1825 686 qui

1034 678 1085 705 scit
1099 686 1196 707 arcana
1220 685 1318 711 mentis
1339 692 1446 720 nostrre,
1460 696 1521 718 cum
1537 691 1632 720 viderit
1644 701 1736 723 sanam
1749 705 1825 725 men-

1035 726 1089 750 tem
1112 730 1240 761 nostram,
1257 733 1284 756 et
1298 738 1346 758 nos
1361 733 1451 761 conari
1467 739 1493 762 et
1513 737 1577 764 eniti
1592 739 1624 765 ad
1645 740 1750 769 virtutis
1762 750 1824 771 cer-

1035 772 1142 806 tamina,
1156 775 1245 803 statim
1257 781 1321 805 nutu
1329 779 1480 809 etsubsidio
1492 790 1541 811 suo
1553 791 1603 812 nos
1614 786 1731 822 adjuvat,
1744 790 1823 818 simul

1032 821 1060 845 et
1079 818 1184 848 labores
1199 827 1304 850 nostros
1318 824 1495 861 imminuens,
1516 834 1542 857 et
1556 830 1688 861 inﬁmam
1702 840 1822 864 naturam

1032 869 1151 892 nostram
1166 865 1304 903 robor-aus,
1323 870 1472 907 uberesque
1495 875 1683 906 retributiones
1696 882 1823 916 suppedi-

1034 913 1103 937 tans.
1119 910 1189 939 Sane
1204 912 1231 940 in
1242 913 1388 950 Olympicis
1399 920 1589 950 certaminibus
1599 910 1753 960 neutiquam
1762 928 1822 962 quis

1032 956 1084 984 tale
1094 957 1157 993 quid
1172 959 1290 988 inveniet
1304 971 1311 988 :
1327 963 1375 991 sed
1387 968 1439 992 stat
1453 967 1609 1002 pzedotriha,
1626 956 1708 1006 fitque
1718 956 1823 1009 speeta-

1032 1006 1073 1028 tor
1084 1006 1187 1032 tantum
1201 1008 1369 1042 certantium,
1385 1017 1471 1045 neque
1485 1012 1513 1040 in
1535 1014 1588 1042 ulla
1601 1023 1631 1043 re
1643 1006 1821 1055 potest'adju-

1030 1054 1103 1081 vare,
1118 1049 1165 1077 sed
1180 1057 1319 1086 exspectat
1342 1054 1428 1084 donec
1448 1057 1558 1087 victoria
1580 1049 1729 1092 declaretur
1744 1074 1750 1092 :
1765 1049 1821 1094 I50-

1030 1094 1117 1121 minus
1139 1101 1229 1125 autem
1251 1104 1342 1128 noster
1361 1109 1416 1130 non
1436 1104 1483 1138 ita,
1507 1106 1555 1133 sed
1579 1108 1657 1136 simul
1682 1111 1821 1141 uobiscum

1029 1145 1123 1174 certat,
1144 1147 1172 1170 et
1195 1151 1302 1173 manum
1322 1149 1442 1184 porrigit,
1459 1155 1485 1177 et
1503 1151 1583 1180 simul
1597 1157 1777 1192 congreditur,
1794 1165 1821 1188 et

1029 1186 1103 1219 quasi
1116 1187 1233 1223 undique
1245 1191 1354 1219 enititur
1367 1198 1395 1220 ut
1412 1194 1593 1226 adversarium
1605 1205 1726 1229 nostrum
1741 1204 1818 1232 nobis

1030 1231 1124 1264 tradat,
1142 1233 1259 1269 nihilque
1280 1243 1333 1264 non
1355 1232 1419 1273 agit,
1444 1246 1567 1277 satagens
1583 1245 1649 1272 utin
1675 1249 1820 1278 certamine

1029 1279 1228 1314 prmvaleamus,
1241 1286 1268 1308 et
1280 1282 1427 1318 vincamus,
1441 1294 1494 1321 quo
1507 1289 1586 1324 capiti
1606 1297 1698 1321 nostro
1709 1294 1818 1323 immar-

1028 1324 1178 1352 ceseibilem
1193 1326 1310 1361 imponat
1330 1336 1466 1359 coronam.
1483 1334 1608 1362 Coronam
1622 1339 1704 1372 enim,
1723 1340 1818 1376 inquit,

1028 1369 1167 1403 gratiarum
1187 1372 1295 1408 accipies
1318 1375 1343 1401 in
1362 1377 1444 1411 capite
1458 1382 1500 1405 tuo
1516 1379 1606 1415 (Prov.
1624 1383 1649 1410 Ι.
1666 1369 1703 1415 9).
1719 1369 1777 1414 Jan)
1791 1369 1818 1416 ili

1028 1414 1081 1441 illis
1105 1415 1250 1452 Olympicis
1271 1421 1463 1451 certaminibus
1481 1414 1579 1454 corona
1602 1434 1663 1462 post
1679 1431 1818 1461 victoriam

1027 1459 1091 1487 nihil
1113 1462 1182 1489 aliud
1202 1468 1253 1498 est,
1270 1473 1349 1500 quam
1364 1468 1425 1495 folia
1441 1470 1518 1504 lauri,
1534 1459 1612 1508 quam
1632 1459 1818 1510 applaususwe—t

1026 1507 1183 1536 acclamatio
1196 1510 1278 1546 vulgi,
1290 1520 1349 1547 qua:
1364 1516 1453 1542 omnia
1468 1507 1609 1553 appetente
1623 1529 1732 1557 vespera
1748 1533 1817 1553 mur-

1025 1558 1134 1580 cescuut
1147 1559 1171 1581 et
1187 1562 1316 1589 pereunt:
1332 1563 1359 1585 at
1371 1567 1469 1588 corona
1482 1570 1541 1597 qua:
1552 1572 1600 1598 pro
1612 1566 1741 1597 virtuteet
1757 1571 1816 1605 ejus

1025 1597 1166 1627 sudoribus
1181 1600 1267 1635 datur,
1287 1603 1352 1631 nihil
1375 1604 1455 1634 habet
1471 1597 1608 1644 sensibile,
1624 1619 1710 1648 neque
1724 1597 1817 1648 in

1025 1643 1121 1671 smculo
1137 1645 1275 1674 nobiseum
1289 1647 1455 1685 dissolvitur,
1471 1654 1518 1681 sed
1533 1661 1659 1691 perpetua
1667 1643 1714 1686 Iest
1728 1665 1754 1688 et
1766 1662 1816 1690 im-

1024 1689 1154 1723 mortalis,
1176 1692 1324 1721 extendens
1343 1702 1372 1722 se
1397 1696 1424 1724 in
1449 1699 1537 1727 omnia
1563 1689 1670 1730 saecula.
1694 1704 1727 1732 Et
1741 1705 1816 1735 labor

1024 1734 1130 1768 quidem
1150 1741 1191 1764 est
1209 1739 1283 1772 parvi
1298 1743 1426 1776 temporis
1440 1751 1448 1776 ;
1462 1752 1566 1774 merces
1580 1752 1668 1776 autem
1693 1750 1814 1782 laborum

1023 1777 1103 1806 finem
1123 1788 1177 1808 non
1190 1781 1279 1818 habet,
1300 1792 1386 1821 neque
1401 1788 1472 1816 cedit
1487 1793 1609 1827 tempori,
1632 1801 1719 1830 neque
1740 1805 1814 1827 mar-

1022 1826 1114 1854 cescit.
1129 1827 1163 1855 Et
1184 1833 1212 1856 ut
1225 1830 1344 1865 discatis,
1369 1840 1432 1861 ecce
1453 1841 1518 1870 quot
1537 1838 1600 1865 anui
1616 1826 1812 1878 przetericrunt,

1021 1876 1086 1906 quot
1093 1874 1289 1909 generationes,
1302 1884 1317 1904 a
1330 1885 1383 1912 quo
1395 1880 1543 1912 patriarcha
1559 1883 1602 1911 hic
1617 1885 1644 1913 in
1659 1886 1726 1915 vivis
1740 1888 1789 1918 fuit

1021 1920 1048 1943 et
1059 1917 1194 1946 sicutheri
1206 1923 1232 1947 et
1246 1920 1336 1954 hodie,
1349 1922 1385 1950 ita
1396 1923 1497 1959 fulgent
1515 1927 1573 1962 ejus
1587 1937 1635 1964 pro
1651 1931 1746 1961 virtute
1759 1917 1810 1962 eo-

1021 1968 1105 1996 route,
1121 1966 1148 1991 et
1161 1971 1246 2000 usque
1258 1966 1292 1993 ad
1310 1971 1567 2000 consummationem
1581 1975 1670 2003 seculi
1687 1978 1812 2009 omnibus

1019 2009 1064 2044 qui
1087 2014 1159 2038 recte
1184 2011 1302 2047 sapiunt,
1318 2020 1501 2050 argumentum
1516 2023 1558 2047 est
1577 2023 1710 2051 sermonis
1723 2029 1750 2053 et
1761 2025 1810 2053 do-

1019 2054 1121 2085 ctrinae.

1053 2100 1081 2127 2.
1095 2100 1210 2130 Facilius
1222 2104 1351 2132 medemur
1361 2106 1454 2135 anim
1464 2128 1471 2141 ,
1487 2117 1563 2144 quant
1575 2113 1689 2148 corporis
1702 2117 1807 2146 morbis.

1017 2161 1053 2166 —
1067 2146 1182 2176 Proinde
1189 2150 1250 2184 quia
1265 2151 1326 2178 talis
1337 2157 1379 2179 est
1392 2153 1476 2181 virtus
1487 2155 1564 2191 justi,
1580 2146 1809 2192 aditemulandum

1018 2191 1093 2220 illum
1116 2195 1342 2231 expergiscamur,
1367 2201 1395 2225 et
1413 2200 1454 2226 vel
1475 2208 1537 2229 sero
1561 2204 1667 2233 uiridem
1690 2191 1807 2236 nostram

1018 2237 1196 2273 agnoscentes
1217 2241 1393 2277 nobilitatem,
1415 2245 1591 2279 patriarcham
1622 2250 1766 2286 imitemur,
1782 2261 1809 2282 et

1015 2283 1049 2312 de
1064 2285 1148 2313 salute
1163 2291 1254 2314 nostra
1274 2289 1432 2323 cogitemus,
1449 2293 1531 2320 multa
1555 2294 1672 2323 adhibita
1694 2283 1806 2334 diligen-

1016 2329 1062 2363 tia,
1079 2334 1107 2357 ut
1121 2337 1173 2358 non
1189 2332 1274 2359 solum
1290 2340 1387 2368 corpus
1401 2343 1495 2364 sanum
1509 2339 1552 2371 sit,
1567 2340 1614 2367 sed
1626 2346 1652 2368 et
1665 2348 1693 2368 ut
1705 2343 1804 2372 diversi

1014 2376 1110 2404 animat
1119 2378 1204 2405 morbi
1217 2384 1352 2407 curentur.
1371 2380 1438 2408 Nam
1449 2382 1471 2409 si
1483 2383 1643 2412 voluerimus
1649 2387 1732 2415 sobrii
1746 2397 1806 2419 esse

1013 2429 1044 2449 ac
1052 2422 1152 2458 vigiles,
1162 2423 1265 2452 facilius
1273 2426 1381 2454 morbos
1390 2427 1486 2455 animae
1494 2436 1573 2463 quam
1584 2432 1703 2466 corporis
1710 2440 1804 2462 emcn-

1012 2466 1144 2496 dabimus.
1169 2468 1236 2496 Nam
1249 2471 1354 2505 quoties
1369 2479 1419 2499 nos
1432 2471 1538 2501 affectio
1553 2476 1683 2510 quaepiam
1699 2483 1806 2512 pertur-
1839 2486 1841 2489 ‘

1012 2513 1067 2547 bat,
1084 2515 1106 2542 si
1120 2515 1281 2543 voluerimus
1301 2517 1344 2551 pia
1369 2518 1545 2554 religiosaque
1566 2527 1655 2550 mente
1683 2526 1801 2559 cogitare

1008 2559 1136 2594 judicium
1152 2561 1203 2588 diei
1227 2561 1298 2589 illius
1316 2563 1451 2598 terribilis,
1474 2570 1500 2592 et
1521 2572 1573 2593 non
1592 2567 1624 2595 ad
1639 2574 1799 2603 praesentem

1011 2606 1173 2641 voluptatem
1190 2611 1322 2642 spectare,
1347 2609 1393 2636 sed
1415 2610 1448 2637 ad
1460 2612 1592 2640 cruciatus
1610 2622 1678 2649 quos
1694 2622 1803 2653 prepter

1011 2651 1085 2679 illam
1095 2651 1219 2685 feremus,
1234 2654 1323 2681 statim
1338 2654 1371 2682 ab
1382 2656 1469 2683 anima
1484 2662 1574 2685 nostra
1590 2661 1690 2690 resiliet
1700 2667 1726 2690 et
1735 2651 1801 2693 avos

1009 2696 1083 2724 labit.
1106 2696 1252 2733 Eapropter
1267 2706 1300 2726 ne
1322 2699 1407 2728 simus
1421 2702 1596 2738 negligentes,
1616 2707 1663 2734 sed
1686 2709 1804 2738 scientes

1009 2748 1121 2776 agonem
1135 2750 1194 2770 esse
1214 2748 1242 2771 ct
1255 2749 1402 2779 certamen,
1418 2751 1446 2773 ut
1467 2747 1493 2774 in
1507 2749 1599 2783 prtelio
1614 2750 1735 2781 hostibus
1750 2763 1800 2783 nos

1008 2787 1164 2823 objiciamus
1186 2794 1309 2825 oportet,
1324 2792 1443 2826 quotidie
1464 2800 1618 2830 renovetur,
1635 2805 1666 2825 ac
1679 2799 1797 2835 vigorem

1005 2835 1149 2869 juvenilem
1172 2837 1282 2866 reciniat
1297 2839 1402 2866 animus
1423 2846 1524 2875 noster,
1548 2848 1577 2871 ut
1598 2852 1715 2881 superno
1737 2847 1798 2876 freti

1009 2880 1142 2915 prmsidio,
1158 2882 1233 2910 mala!
1248 2883 1326 2918 hujus
1342 2885 1443 2920 bestiae,
1457 2887 1619 2918 insidiatoris
1633 2880 1692 2920 dico
1703 2892 1799 2922 salutis
