2044 3131
191 103 257 132 δ89ιν

190 159 261 186 alias-
282 158 442 187 exhibuisse-
453 167 460 186 :
471 163 501 187 et
518 159 693 187 insurrexisse
707 159 870 195 potentiores
886 163 980 187 contra

190 204 374 238 iuvalidieres,
400 205 560 240 ditioresque
582 209 674 232 contra
698 212 837 240 pauperes.
869 204 983 233 Proinde

190 257 243 277 non
258 249 356 283 solum,
377 250 471 285 inquit,
493 258 605 285 magnus
626 255 684 277 erat
706 251 827 285 planctus
847 250 981 284 clamoris,

190 294 239 322 sed
248 299 277 322 et
292 300 398 329 peccata
411 295 530 329 ipsorum
544 302 597 322 non
612 295 729 331 vulgaria
751 295 836 329 fuere,
860 295 906 323 sed
927 303 983 322 ma-

188 347 252 375 gna,
277 344 356 374 atque
378 340 505 375 ingentia.
529 340 666 368 lnsolitum
687 342 760 369 enim
772 341 917 376 iniquitatis
930 349 984 368 mo-

189 385 254 412 dum
275 385 507 419 excogitaverunt,
522 390 551 413 et
572 386 673 413 alienas
697 391 723 414 et
745 386 851 414 illicitas
871 386 982 414 coeundi

189 430 263 466 leges
288 431 455 459 invenerunt.
479 433 568 467 Atque
586 437 657 460 tanta
680 437 738 460 erat
759 433 866 460 malitia:
888 433 983 468 procli-

189 478 268 511 vitas,
294 482 322 505 ut
343 485 437 505 omnes
459 479 532 506 omni
554 479 624 506 malo
647 479 823 514 replerentur,
844 484 871 506 et
884 479 982 507 nullam

190 528 289 558 postea
310 524 506 552 correctionem
528 524 715 558 admitterent,
747 526 871 561 dignique
894 531 984 554 essent

189 569 245 603 qui-
264 570 368 604 penitus
389 570 560 597 abolerentur
581 580 588 598 :
612 578 698 606 neque
724 571 796 598 enim
823 568 982 600 incurabiles

189 614 296 642 illorum
307 616 392 643 morbi
408 616 526 644 medicos
538 615 669 644 ferebant.
683 617 778 645 Postea
791 617 890 645 docens
904 625 982 646 omne

188 661 328 690 hominum
342 671 436 698 genus,
458 663 521 691 licet
534 671 632 699 magna
644 663 729 692 valde—
737 669 765 692 et
779 664 914 699 explorata
929 664 996 692 sint.

189 714 307 743 peccata,
321 716 374 735 non
383 713 564 737 antea-tamen
575 710 798 744 pronuntiandam
811 710 981 743 sententiam,

189 762 268 788 quam
290 755 437 782 manifesta:
462 755 631 790 probationes
652 756 751 790 adsint,
777 756 894 791 inquit:
915 756 993 784 Cum”

188 801 349 835 descendere,
373 801 460 829 videbo
488 807 571 829 utrum
588 803 666 838 juxta
690 803 825 830 clamorem
848 803 995 838 ipsorum,.

160 873 166 877 ,
188 847 232 882 qui
253 846 287 873 ad
310 856 351 874 me
371 848 446 881 venit,
465 848 606 883 perﬁciant,
629 856 715 881 necne,
741 853 768 875 ut
782 848 869 875 sciant.

225 893 286 920 Non
309 898 368 921 sunt
393 894 482 920 auditu
506 894 560 921 solo
583 894 771 921 condemnandi
791 894 839 922 rei.
859 909 896 914 —
913 894 981 927 Quid

189 938 239 966 sibi
262 939 328 972 vult,
349 943 377 966 et
399 947 447 968 cur
469 947 621 967 sermonem
645 947 723 967 suum
746 940 781 967 ita
804 940 982 975 atlemperat?

189 984 253 1011 Cum
266 985 426 1018 descendere,
443 985 537 1020 inquit,
561 986 658 1012 uidebo.
673 985 804 1021 Numquid
823 986 857 1014 de
877 987 935 1014 loco
955 987 981 1014 in

189 1029 277 1057 locum
301 1031 395 1058 transit
419 1031 604 1058 universorum
627 1031 775 1059 Dominus?
809 1032 896 1059 Absit.
923 1032 994 1060 Non--

189 1075 240 1103 hoc
261 1076 311 1104 sibi
334 1076 408 1109 vult;
435 1076 483 1104 sed
507 1081 535 1104 ut
559 1076 623 1111 dixi,
639 1077 764 1104 crassiori
788 1083 912 1106 sermone
933 1085 989 1105 nos.

189 1122 328 1150 instituere
349 1123 438 1157 cupit,
468 1130 562 1158 magna
589 1130 655 1157 opus
678 1129 739 1149 esse
761 1121 903 1157 diligentia.
922 1131 932 1149 τ
955 1126 983 1151 et

189 1175 242 1195 non
271 1168 361 1196 auditu
389 1169 447 1195 solo
479 1174 632 1203 peccatores
662 1168 879 1196 cottdemuandos
901 1176 996 1204 esse,.

189 1220 276 1248 neque
290 1214 449 1241 sententiam
464 1214 608 1246 ferendam,
631 1214 682 1241 nisi
710 1214 893 1249 comprobatio
908 1222 979 1250 pra:-

188 1260 276 1287 eedat.
304 1259 449 1287 Audiamus
462 1260 519 1288 hazc
531 1267 641 1288 omnesa
649 1260 710 1288 Non
721 1259 793 1288 enim
807 1261 894 1288 solum
907 1261 923 1288 ii
936 1261 994 1296 qui~

190 1312 240 1339 pro
254 1305 378 1332 tribunali
398 1306 502 1338 sedent,
524 1306 670 1334 observare
685 1306 754 1333 lianc
771 1307 858 1342 legem
872 1307 990 1340 dcbent,.

190 1352 237 1379 sed
254 1357 281 1379 et
296 1352 384 1379 nullus
403 1360 529 1387 umquam
544 1353 577 1380 ob
591 1353 689 1380 nudam
709 1354 905 1381 accusationem
919 1361 981 1388 pro-

191 1399 290 1425 xitnum
307 1399 475 1426 condemnet.
501 1398 602 1426 Idcirco
620 1399 731 1426 enimet
745 1403 805 1433 post
818 1400 874 1426 hmc
887 1399 987 1427 beatus

190 1444 277 1471 Moses
295 1444 393 1479 Spiritu
409 1449 501 1472 sancto
515 1444 620 1471 afﬂatus
632 1445 772 1477 admonet,
795 1444 887 1471 dicens
901 1452 909 1470 :
926 1444 978 1471 Au-

189 1491 270 1517 ditum
287 1499 379 1518 vanum
398 1499 430 1517 ne
452 1491 561 1526 accipias
586 1489 693 1526 (Exod.
705 1490 751 1518 23.
766 1489 814 1525 1).
835 1490 869 1517 Ει
889 1490 994 1518 beatus

189 1537 297 1569 Paulus,
325 1536 456 1570 seribens,
479 1535 611 1564 clamabat
627 1545 633 1563 ε
649 1535 687 1562 Tu
708 1540 792 1562 autem
817 1543 861 1562 cur
878 1536 981 1571 judicas

190 1583 293 1616 fratrem
307 1587 377 1608 tuum
402 1581 489 1617 (Rom.
504 1581 547 1608 H.
562 1581 627 1616 10)?
641 1581 761 1609 Christus
783 1589 888 1616 quoque
911 1589 979 1616 prae-

189 1627 290 1661 cipiens
312 1626 446 1662 discipulis
460 1627 525 1659 suis,
542 1631 568 1653 et
581 1627 679 1653 docens
694 1626 847 1653 Iudaeorum
860 1627 981 1653 multitu-

189 1673 290 1705 dinem,
313 1673 412 1700 scribas
432 1680 535 1706 eorum,
552 1677 579 1699 et
593 1672 752 1705 Pltarismos,
771 1671 866 1706 Nolite,
886 1673 980 1707 inquit,

184 1718 324 1754 judicare,.
335 1724 360 1746 ut
380 1728 431 1746 non
443 1719 594 1754 judicemini
615 1719 722 1755 (Matt/1.
739 1719 765 1745 7.
782 1719 818 1753 1).
831 1719 883 1746 Cur
897 1719 987 1752 enim,

190 1765 285 1800 inquit,
309 1770 371 1793 ante
393 1769 496 1800 tempus
516 1765 618 1792 iuvadis
640 1765 737 1800 judicis
752 1765 815 1800 jus?
836 1773 885 1793 cur
910 1773 980 1800 prac—

191 1811 266 1839 venis
279 1811 349 1839 diem
364 1811 437 1839 illum
453 1811 615 1839 terribilem?
632 1811 676 1838 Vis
686 1811 768 1846 judex
783 1819 842 1839 esse
855 1812 866 1838 ἱ)
889 1811 980 1839 Judica

191 1857 371 1892 temetipsum,
394 1862 421 1885 et
436 1862 479 1884 tua
493 1857 599 1884 delicta.
613 1857 706 1884 Nullus
718 1862 759 1884 est
772 1857 816 1892 qui
829 1861 909 1884 vetet.
937 1857 981 1884 Sic

191 1903 262 1930 cnim
282 1907 309 1930 et
331 1908 438 1938 peccata
453 1908 495 1930 tua
509 1903 716 1936 emendabis,.et
730 1903 795 1930 nihil
810 1911 843 1930 ex
865 1903 916 1930 hoc
940 1904 981 1930 iu-

190 1948 323 1975 commodi
343 1949 441 1983 cupies.
456 1948 532 1982 Quod
547 1948 682 1975 sirelictis
695 1948 775 1975 rebus
787 1948 839 1975 tuis
856 1947 933 1976 sedes
947 1948 980 1976 ad

189 1993 361 2028 iudicandum
379 1993 455 2026 alios,
480 1993 596 2028 majores
609 1997 635 2020 te
649 1992 696 2020 tibi
711 1993 759 2028 ipsi
773 1993 898 2028 colligere
918 2000 981 2027 pce-

191 2043 311 2065 catorum
327 2039 445 2066 sarcinas
458 2046 511 2065 non
525 2038 618 2065 sentis.
634 2038 746 2070 Idcirco,
761 2038 883 2071 obsecro,
900 2038 982 2073 fugia-

193 2091 251 2111 mus
262 2084 371 2111 omnino
382 2091 397 2111 a
410 2083 618 2111 condemnandis
632 2083 702 2111 aliis.
722 2083 790 2111 Nam
807 2084 856 2111 etsi
869 2083 983 2118 judicia-

192 2131 238 2157 riaz
254 2131 391 2165 potestatis
409 2137 462 2158 non
481 2130 518 2157 sis
540 2130 689 2165 particeps,
719 2134 835 2157 attamen
856 2130 982 2164 judicasti

193 2179 293 2208 mente,
306 2179 334 2202 et.
347 2179 456 2210 peccato
476 2175 559 2202 fecisti
579 2179 604 2203 te
616 2175 771 2209 obnoxium,
791 2175 898 2210 quando
912 2176 982 2203 nulla

192 2220 419 2247 demenstratione
437 2223 561 2255 accepta,
586 2220 634 2248 sed
654 2227 838 2254 saepenumero
859 2221 915 2248 sola
938 2228 981 2248 su-

193 2266 322 2302 spicione,
333 2271 360 2294 et
368 2267 439 2294 tenui
453 2267 621 2294 accusatione
634 2267 806 2294 condemnas.
815 2267 983 2302 Quapropter

195 2313 288 2340 beatus
305 2313 389 2340 David
403 2313 534 2340 clamabat
551 2312 642 2340 dicens
664 2321 670 2339 :
688 2312 985 2340 Detraltentent'secreto

195 2360 309 2393 proximo
327 2367 383 2390 suo.
405 2359 471 2386 hunc
490 2359 654 2394 persequebar
673 2358 760 2394 (Psal.
783 2359 843 2386 i00.
862 2358 899 2394 5).

227 2405 256 2431 Δ.
276 2403 372 2431 Alienas
384 2406 459 2439 [enim
471 2404 634 2439 parcendum.
646 2402 783 2431 -—Vidisti
796 2403 900 2431 virtutis
915 2403 984 2430 emi-

195 2450 332 2477 nentiam?
349 2449 407 2476 Non
419 2450 505 2476 solum
520 2457 571 2476 non
583 2449 727 2483 recipiebat
741 2457 800 2483 quae
814 2449 980 2482 dicebantur,

195 2495 242 2522 sed
256 2499 283 2522 et
292 2494 416 2529 abigebat
428 2493 559 2521 volentem
569 2494 643 2521 fratri
659 2501 707 2521 suo
718 2494 885 2521 maledicere.
902 2494 984 2529 Igitur

195 2541 216 2568 si
240 2545 269 2568 ct.
290 2548 339 2568 nos
362 2544 474 2575 peccata.
491 2544 581 2567 nostra
598 2540 756 2567 imminuere
769 2540 905 2573 volumus,
933 2540 984 2567 hoc

195 2586 311 2613 maxime
332 2585 450 2612 omnium
474 2592 621 2619 servemus,
643 2593 693 2612 nec
712 2585 921 2613 condemnemus
933 2585 984 2612 fra-

196 2636 251 2659 tres
263 2636 378 2664 nostros,
393 2638 478 2666 neque
491 2630 633 2658 detrahere
645 2631 782 2665 cupientes
795 2630 984 2658 admittamus:

197 2679 251 2705 imo
264 2677 407 2705 secundum
422 2676 576 2711 prophetam
587 2676 732 2712 abigamus,
746 2681 773 2704 et
788 2676 895 2704 omnino
910 2683 985 2703 aver-

199 2730 297 2751 semur.
309 2722 365 2750 lloe
374 2723 444 2750 enim
459 2721 554 2756 opinor
563 2726 590 2749 et
604 2722 759 2757 prophetam
775 2722 874 2749 Mosem
885 2721 986 2748 insinu-

198 2775 255 2801 are,
273 2775 334 2795 cum
353 2767 431 2795 dicit:
446 2766 567 2794 Auditum
587 2774 678 2793 vanum
699 2775 730 2794 ne
745 2767 869 2802 acceperis
888 2765 986 2801 (Exod.

200 2816 246 2844 25.
268 2812 304 2849 l).
324 2813 357 2841 Et
372 2812 422 2841 hac
438 2811 472 2841 de
489 2818 569 2840 causa
590 2812 669 2840 etiam
690 2819 759 2840 nunc
781 2811 908 2841 Dominus
932 2815 987 2838 tam

698 101 730 130 IN
750 102 823 131 CAP.
845 100 937 129 XVIII.
957 99 1078 129 GENES.
1095 99 1209 127 llOMlL.
1231 100 1309 127 XLll.

1764 101 1820 129 590

1036 165 1126 185 crasso
1149 166 1273 186 sermone
1301 167 1364 188 usus
1387 165 1428 188 cst
1456 161 1483 190 ln
1505 162 1645 191 utilitatem
1677 163 1823 191 animarum

1035 210 1195 231 nostrarum.
1211 205 1278 232 Dicit
1288 206 1360 233 enim
1376 214 1383 233 ε
1398 206 1461 234 Cum
1472 208 1623 236 descendere
1634 210 1828 242 autem,videbo.

1033 249 1088 277 Cur
1112 249 1204 277 enim?
1225 250 1293 277 Num
1323 251 1473 279 nesciebat?
1502 253 1674 288 ignorabatne
1701 261 1823 290 peccato-

1034 303 1093 322 rum
1115 296 1346 331 magnitudincm?
1366 304 1400 324 an
1419 298 1554 326 nesciebat
1574 299 1663 335 lapsos
1677 301 1822 328 correctio-

1034 348 1095 368 nem
1111 349 1164 368 non
1177 342 1370 376 suseepturos?
1391 343 1477 370 Absit.
1500 344 1597 372 Verum
1618 347 1692 381 quasi
1715 348 1821 375 satisfa-

1033 387 1149 415 ctionem
1163 388 1304 422 quamdam
1322 388 1398 416 affert
1422 389 1453 417 iis
1472 390 1516 425 qui
1529 391 1639 426 posthac
1656 392 1823 427 impudenter

1034 440 1160 462 accusare
1185 435 1287 468 volent,
1314 440 1341 463 et
1354 436 1525 464 monstrando
1538 444 1629 465 eorum
1649 439 1822 473 pervicaciam

1034 484 1061 507 et
1079 480 1182 508 virtutis
1199 482 1355 516 penuriam,
1381 486 1452 509 tanta
1468 490 1531 510 usus
1546 488 1587 511 est
1598 485 1732 519 patientia.
1755 486 1821 513 For-

1035 527 1112 554 tassis
1125 531 1213 555 autem
1228 535 1281 555 non
1295 532 1404 563 propter
1416 528 1466 556 hoc
1478 529 1575 562 solum,
1600 531 1647 557 sed
1668 536 1695 558 et
1709 536 1737 558 ut
1751 532 1824 566 justo

1033 573 1229 601 deturoceasio
1240 573 1393 601 declarandi
1413 579 1527 601 mentem
1545 583 1619 602 suam
1636 577 1824 604 misericordias

1033 619 1150 654 plenam,
1174 624 1200 647 et
1213 620 1282 647 bene
1294 620 1320 647 in
1333 620 1399 648 alios
1413 620 1546 648 affectam.
1567 622 1663 657 Angeli
1684 623 1771 657 cnim,
1794 629 1824 652 ut

1033 665 1099 698 dixi,
1124 665 1245 693 abierant
1268 666 1296 694 in
1318 666 1433 694 Sodoma
1459 666 1578 702 (v.22):
1594 668 1744 703 patriarcha
1761 677 1824 696 vero

1034 711 1129 739 stabnt
1146 719 1237 739 coram
1259 712 1372 740 Domino
1394 721 1401 739 :
1424 713 1469 740 25.
1493 712 1525 740 Et
1549 718 1575 739 ut
1597 714 1824 750 appropinquavit,

1034 756 1128 791 inquit,
1139 756 1279 791 Abraham,
1299 757 1362 784 dixit
1376 765 1386 784 :
1400 757 1531 793 Numquid
1541 759 1629 793 perdes
1639 759 1714 786 simul
1725 760 1827 794 justum

1033 809 1091 828 cum
1109 801 1199 835 impio,
1222 806 1245 828 et
1264 802 1312 829 erit
1320 802 1407 837 justus
1426 803 1491 829 sicut
1509 804 1625 838 impius?
1643 804 1664 831 0
1687 804 1750 838 justi
1775 805 1823 832 viri

1033 846 1174 874 fiduciam!
1191 847 1255 880 imo,
1277 855 1294 874 ο
1315 853 1411 883 quanta
1432 849 1513 875 animi
1534 850 1744 877 commiseratio!
1759 858 1823 885 quo-

1033 892 1113 919 modo
1134 893 1373 920 commiserationis
1387 893 1515 921 ebrietate
1529 900 1652 928 gravatus
1666 896 1748 923 nescit
1760 896 1822 930 quid

1034 937 1114 964 dicat.
1131 937 1165 964 Et
1179 938 1323 965 ostendens
1338 938 1425 965 divina
1440 938 1590 974 Scriptura,
1618 941 1703 974 ipsum
1728 950 1824 977 magno

1034 983 1129 1011 timore
1139 988 1166 1011 et
1181 989 1296 1012 tremore
1310 991 1403 1020 preces
1416 984 1541 1018 fundere,
1556 985 1593 1013 ait
1607 995 1614 1013 :
1632 986 1666 1014 Ut
1685 989 1824 1023 appropin-

1033 1030 1118 1065 quavit
1136 1030 1273 1063 Abraham,
1295 1031 1359 1058 dixit
1372 1038 1382 1058 :
1396 1029 1528 1067 Numquid
1542 1033 1630 1067 perdes
1643 1033 1719 1060 simul
1724 1035 1825 1069 justum

1033 1083 1090 1102 cum
1102 1075 1198 1111 impie?
1208 1076 1275 1109 Quid
1290 1075 1363 1109 facis,
1380 1084 1396 1104 ο
1408 1077 1485 1104 beate
1497 1078 1662 1112 patriarcha?
1675 1079 1742 1113 Quid
1758 1088 1824 1115 opus

1034 1120 1114 1149 habet
1134 1126 1177 1150 tua
1196 1123 1384 1158 deprecatione
1399 1123 1536 1157 Dominus,
1562 1130 1592 1152 ut
1611 1134 1645 1154 ne
1662 1126 1713 1154 hoc
1728 1127 1828 1155 faciat?

1034 1167 1132 1195 Verum
1152 1176 1187 1196 ne
1206 1169 1255 1197 hoc
1277 1170 1425 1204 cogitemus
1443 1178 1515 1198 :non
1536 1171 1607 1198 enim
1621 1173 1695 1206 quasi
1710 1173 1823 1200 Domino

1034 1212 1085 1241 hoc
1100 1212 1200 1240 facturo
1216 1212 1289 1247 dicit,
1311 1214 1357 1242 sed
1372 1215 1434 1249 quia
1449 1215 1589 1243 manifeste
1607 1222 1716 1254 preptcr
1732 1217 1822 1245 fratris

1034 1258 1117 1284 ﬁlium
1130 1257 1220 1285 dicere
1231 1265 1284 1285 non
1299 1259 1431 1292 audebat,
1454 1267 1610 1288 communes
1631 1268 1679 1295 pro
1700 1262 1824 1289 omnibus

1033 1303 1120 1331 fundit
1140 1311 1243 1338 preces,
1264 1305 1355 1332 volens
1375 1313 1434 1333 cum
1458 1306 1518 1333 aliis
1540 1311 1567 1333 et
1592 1306 1662 1334 hunc
1695 1315 1821 1342 servare,

1033 1354 1060 1379 et
1084 1357 1144 1377 cum
1163 1350 1214 1378 hoc
1228 1350 1307 1378 etiam
1322 1351 1388 1379 alios
1403 1352 1527 1387 eripere:
1545 1352 1689 1388 incipitque
1707 1355 1823 1389 patroci-

1034 1395 1102 1429 nari,
1126 1403 1157 1423 ac
1180 1395 1243 1423 dicit
1266 1404 1272 1423 :
1298 1396 1343 1424 24.
1359 1397 1388 1424 Si
1404 1398 1497 1432 fucrint
1515 1399 1696 1434 quinquaginta
1709 1400 1776 1435 justi
1798 1401 1824 1428 iu

1033 1441 1140 1475 civitate,
1163 1450 1222 1468 num
1235 1441 1324 1471 perdes
1344 1443 1405 1469 eos?
1418 1441 1478 1470 Non
1488 1452 1576 1478 parces
1598 1445 1642 1471 toti
1655 1445 1709 1472 loco
1722 1451 1824 1481 propter

1032 1487 1213 1522 quinquaginta
1228 1488 1327 1521 justas,
1343 1488 1364 1515 si
1383 1488 1476 1516 inventi
1496 1489 1591 1524 fuerint
1608 1490 1633 1517 in
1648 1491 1698 1518 ea?
1710 1491 1754 1519 25.
1768 1491 1823 1518 Na-

1033 1541 1159 1567 quaquant
1181 1533 1259 1569 facies
1276 1534 1381 1561 verbum
1407 1534 1463 1566 hoc,
1486 1539 1512 1560 ut
1535 1535 1636 1562 occidas
1651 1537 1750 1570 justum
1768 1546 1824 1564 cum

1032 1578 1123 1614 impie,
1148 1583 1171 1604 et
1185 1579 1310 1614 sit-iustus
1320 1580 1383 1606 sicut
1398 1579 1500 1614 impius.
1520 1579 1698 1616 Nequaquam.
1716 1582 1766 1616 Qui
1779 1584 1825 1619 ju-

1033 1623 1102 1650 dicas
1120 1631 1218 1650 attinent
1231 1628 1332 1656 terram,
1351 1633 1401 1651 non
1414 1625 1492 1660 facies
1508 1625 1660 1659 judicium?
1677 1627 1744 1655 Vide
1759 1636 1824 1663 quo-

1033 1668 1112 1695 modo
1135 1673 1162 1696 et
1181 1669 1205 1695 in
1233 1668 1283 1697 hac
1304 1670 1425 1697 oratione
1441 1677 1516 1697 suam
1536 1671 1686 1706 religiosam
1705 1677 1732 1700 et
1753 1673 1823 1708 piam

1034 1719 1150 1742 utentem
1174 1714 1310 1748 declarat,
1339 1720 1364 1743 et
1386 1716 1503 1751 iudicem
1523 1718 1610 1745 omnis
1636 1722 1713 1745 terra:
1739 1720 1824 1746 conii-

1034 1764 1114 1794 tetur,
1151 1766 1326 1796 precaturque
1350 1769 1384 1788 ne
1408 1766 1498 1796 pereat
1519 1762 1606 1796 justus
1629 1771 1688 1790 cum
1713 1764 1824 1798 injuste.

1034 1807 1127 1834 Postea
1143 1807 1214 1835 mitis
1228 1811 1255 1835 et
1274 1807 1404 1843 benignus
1427 1808 1554 1835 Dominus
1579 1809 1671 1836 annuit
1693 1811 1831 1844 petitioni,

1033 1857 1060 1880 et
1085 1852 1149 1879 dicit
1170 1862 1176 1879 :
1203 1853 1282 1880 Facio
1304 1853 1329 1880 id
1350 1852 1413 1888 quid
1425 1853 1524 1885 dixisti,
1539 1858 1566 1881 et
1580 1855 1680 1889 accipio
1693 1859 1763 1882 tuam
1778 1864 1825 1891 pe-

1035 1898 1165 1926 titionem.
1187 1898 1232 1925 26.
1259 1898 1289 1926 Si
1320 1899 1477 1925 invenientur
1504 1899 1686 1935 quinquaginta
1710 1901 1776 1936 justi
1798 1902 1837 1928 in.

1035 1945 1141 1978 civitate,
1165 1950 1268 1980 propter
1282 1944 1340 1972 illos
1366 1953 1469 1980 parcam
1490 1946 1536 1972 toti
1555 1946 1620 1974 loco.
1653 1947 1726 1975 Dabo
1751 1947 1841 1981 hee,.

1034 1991 1128 2026 inquit,
1150 1991 1438 2027 quinquagintajustis,
1450 1991 1476 2023 si
1491 1992 1592 2019 inventi
1603 1992 1713 2026 fuerint,
1725 1999 1752 2022 et
1765 1995 1824 2022 aliis

1034 2038 1145 2064 salutem
1172 2037 1340 2072 impertiam,
1369 2042 1396 2065 et
1417 2038 1571 2073 petitionem
1597 2042 1668 2066 tuam
1684 2040 1823 2074 implebo.

1036 2082 1133 2110 Verum
1160 2083 1297 2110 videamus
1314 2083 1413 2118 justum
1440 2083 1532 2117 illum,
1562 2085 1697 2117 quomodo
1719 2091 1825 2122 arrepta

1036 2128 1143 2162 ﬁducia,
1160 2133 1187 2156 et
1198 2128 1285 2163 agnita
1299 2128 1440 2156 clementia
1461 2128 1526 2162 Dei,
1551 2129 1646 2157 iterum
1663 2130 1742 2157 aliam
1757 2131 1825 2165 peti-

1036 2174 1136 2201 tionem
1159 2174 1245 2206 afi'ert,
1269 2178 1295 2201 ct
1316 2174 1401 2208 inquit
1426 2182 1433 2200 :
1455 2174 1499 2201 π
1525 2173 1602 2201 N'unc
1622 2175 1687 2209 carpi
1706 2175 1775 2211 [equi
1793 2177 1828 2202 ad

1036 2220 1174 2246 Dominum
1198 2227 1291 2250 meum,
1309 2226 1355 2254 ego
1378 2223 1461 2245 autem
1485 2227 1540 2246 sum
1564 2224 1630 2246 terra
1652 2221 1763 2248 et'cinis'.
1788 2221 1827 2248 Nc

1036 2269 1121 2299 putes,
1147 2264 1240 2299 inquit,
1269 2264 1395 2297 Domine,
1421 2271 1463 2292 me
1487 2265 1610 2300 ignorare
1631 2265 1773 2301 mcipsum,
1802 2273 1830 2294 ct

1037 2309 1185 2345 transgredi
1210 2317 1382 2341 mensuram,
1411 2313 1438 2336 et
1465 2313 1535 2336 tanta
1558 2310 1594 2336 uti
1623 2309 1728 2338 ﬁducia.
1764 2311 1827 2339 Scio

1037 2357 1119 2389 enim,
1144 2363 1187 2382 me
1212 2359 1310 2382 terram
1331 2362 1390 2382 esse
1416 2359 1443 2382 et
1465 2355 1582 2382 cinerem
1598 2355 1669 2382 :scd‘
1687 2356 1755 2383 sicut
1778 2356 1828 2384 huc

1037 2401 1102 2434 scio,
1117 2405 1144 2428 et
1156 2399 1296 2428 manifeste
1309 2400 1376 2432 scio,
1390 2399 1428 2426 ita
1440 2407 1527 2434 neque
1544 2399 1608 2426 illud
1623 2400 1724 2435 ignoro,
1738 2402 1830 2436 copio-

1037 2453 1095 2474 sam
1115 2453 1175 2473 esse
1196 2451 1248 2472 tuae
1263 2445 1411 2472 clementiae
1423 2444 1649 2479 magnitudinem,-
1663 2449 1690 2472 et
1709 2449 1737 2473 te
1760 2446 1832 2473 divi-

1039 2495 1091 2519 teut
1117 2497 1176 2518 esse
1203 2490 1335 2522 bonitate,
1363 2489 1484 2523 vcllcque
1498 2496 1591 2516 omnes
1606 2489 1726 2516 homines
1738 2490 1834 2517 salvw-

1038 2537 1106 2565 fieri.
1131 2535 1197 2562 Nam
1219 2543 1286 2570 quos
1305 2543 1336 2562 ex
1362 2534 1444 2561 nihilo
1458 2534 1613 2569 produxisti,
1632 2535 1766 2569 quomodo
1796 2536 1834 2562 ru-

1038 2587 1096 2610 etes
1112 2581 1250 2617 perderes,
1270 2580 1319 2607 nisi
1339 2587 1433 2615 magna
1458 2584 1529 2607 esset
1550 2585 1719 2614 peccatorum
1733 2582 1833 2616 copia?

1040 2628 1139 2656 idcirco
1157 2628 1253 2655 iterum
1269 2633 1316 2654 oro
1329 2630 1355 2653 et
1369 2633 1472 2660 precor,
1489 2625 1533 2653 28.
1554 2626 1585 2653 Si
1602 2627 1733 2660 pauciores
1752 2629 1829 2662 quin—

1040 2674 1159 2709 quaginta
1184 2673 1279 2699 inventi
1301 2671 1404 2707 fuerint,
1420 2676 1443 2698 et
1461 2670 1629 2706 quadraginta
1649 2672 1759 2707 quinque
1786 2675 1826 2708 [ας

1041 2720 1106 2747 erint
1127 2719 1155 2747 in
1178 2718 1278 2745 civitate
1295 2717 1370 2752 justi,
1393 2725 1444 2743 non
1458 2717 1566 2744 salvabis
1580 2717 1727 2745 civitatem?
1740 2718 1834 2746 ΕΜΓ»

1039 2764 1078 2791 xit
1101 2772 1111 2791 :
1132 2763 1162 2791 Si
1179 2761 1273 2790 inventi
1283 2762 1376 2798 fuerint
1391 2761 1560 2797 quadraginta
1578 2763 1696 2798 quinque,
1708 2772 1758 2791 non
1770 2773 1829 2798 pcr-

1043 2811 1111 2838 dam.
1133 2810 1197 2844 Quis
1216 2817 1265 2846 pro
1281 2808 1407 2845 dignitate
1420 2808 1560 2837 Dominum
1573 2809 1843 2845 omniumdaudariag
