  <div class='ocr_page' id='page_1' title='image "/cluster/home/n/w/nwhite01/storage/ocr_20150623/53-54/njp.32101077772638/399.png"; bbox 0 0 2044 3131; ppageno 0'>
   <div class='ocr_carea' id='block_1_1' title="bbox 212 132 257 162">
    <p class='ocr_par' dir='ltr' id='par_1_1' title="bbox 212 132 257 162">
     <span class='ocr_line' id='line_1_1' title="bbox 212 132 257 162; baseline -0.044 0"><span class='ocrx_word' id='word_1_1' title='bbox 212 132 257 162; x_wconf 75' lang='grc'><strong>591</strong></span> 
     </span>
    </p>
   </div>
   <div class='ocr_carea' id='block_1_2' title="bbox 210 182 1004 224">
    <p class='ocr_par' dir='ltr' id='par_1_2' title="bbox 210 182 1004 224">
     <span class='ocr_line' id='line_1_2' title="bbox 210 182 1004 224; baseline -0.009 -6"><span class='ocrx_word' id='word_1_2' title='bbox 210 193 245 219; x_wconf 78' lang='lat' dir='ltr'><strong>ob</strong></span> <span class='ocrx_word' id='word_1_3' title='bbox 267 193 368 217; x_wconf 81' lang='lat' dir='ltr'><strong>tantam</strong></span> <span class='ocrx_word' id='word_1_4' title='bbox 391 186 544 224; x_wconf 69' lang='lat' dir='ltr'><strong>patientiam</strong></span> <span class='ocrx_word' id='word_1_5' title='bbox 566 191 646 221; x_wconf 83' lang='lat' dir='ltr'><strong>atque</strong></span> <span class='ocrx_word' id='word_1_6' title='bbox 669 185 860 220; x_wconf 80' lang='lat' dir='ltr'><strong>indulgentiam</strong></span> <span class='ocrx_word' id='word_1_7' title='bbox 876 194 882 212; x_wconf 89' lang='lat'><strong>:</strong></span> <span class='ocrx_word' id='word_1_8' title='bbox 897 183 938 211; x_wconf 88' lang='lat' dir='ltr'><strong>vel</strong></span> <span class='ocrx_word' id='word_1_9' title='bbox 961 182 1004 217; x_wconf 86' lang='lat' dir='ltr'><strong>ju-</strong></span> 
     </span>
    </p>
   </div>
   <div class='ocr_carea' id='block_1_3' title="bbox 209 228 1003 269">
    <p class='ocr_par' dir='ltr' id='par_1_3' title="bbox 209 228 1003 269">
     <span class='ocr_line' id='line_1_3' title="bbox 209 228 1003 269; baseline -0.01 -5"><span class='ocrx_word' id='word_1_10' title='bbox 209 242 281 264; x_wconf 85' lang='lat' dir='ltr'><strong>stum</strong></span> <span class='ocrx_word' id='word_1_11' title='bbox 293 235 401 263; x_wconf 90' lang='lat' dir='ltr'><strong>beatum</strong></span> <span class='ocrx_word' id='word_1_12' title='bbox 415 231 576 269; x_wconf 77' lang='lat' dir='ltr'><strong>prmdicarit,</strong></span> <span class='ocrx_word' id='word_1_13' title='bbox 588 235 660 259; x_wconf 84' lang='lat' dir='ltr'><strong>tanta</strong></span> <span class='ocrx_word' id='word_1_14' title='bbox 675 231 817 268; x_wconf 72' lang='lat' dir='ltr'><strong>praeditum</strong></span> <span class='ocrx_word' id='word_1_15' title='bbox 832 229 945 258; x_wconf 83' lang='lat' dir='ltr'><strong>ﬁducia?</strong></span> <span class='ocrx_word' id='word_1_16' title='bbox 957 228 1003 256; x_wconf 76' lang='lat'><strong>29.</strong></span> 
     </span>
    </p>
   </div>
   <div class='ocr_carea' id='block_1_4' title="bbox 212 276 1006 318">
    <p class='ocr_par' dir='ltr' id='par_1_4' title="bbox 212 276 1006 318">
     <span class='ocr_line' id='line_1_4' title="bbox 212 276 1006 318; baseline -0.008 -9"><span class='ocrx_word' id='word_1_17' title='bbox 212 281 246 309; x_wconf 74' lang='lat' dir='ltr'><strong>Et</strong></span> <span class='ocrx_word' id='word_1_18' title='bbox 268 281 374 318; x_wconf 69' lang='lat' dir='ltr'><strong>adjecit,</strong></span> <span class='ocrx_word' id='word_1_19' title='bbox 400 279 495 314; x_wconf 88' lang='lat' dir='ltr'><strong>inquit,</strong></span> <span class='ocrx_word' id='word_1_20' title='bbox 519 279 587 306; x_wconf 86' lang='lat' dir='ltr'><strong>ultra</strong></span> <span class='ocrx_word' id='word_1_21' title='bbox 602 278 679 313; x_wconf 83' lang='lat' dir='ltr'><strong>loqui,</strong></span> <span class='ocrx_word' id='word_1_22' title='bbox 703 283 728 306; x_wconf 83' lang='lat' dir='ltr'><strong>et</strong></span> <span class='ocrx_word' id='word_1_23' title='bbox 747 278 812 305; x_wconf 66' lang='lat' dir='ltr'><strong>dixit</strong></span> <span class='ocrx_word' id='word_1_24' title='bbox 827 285 837 305; x_wconf 89' lang='lat'><strong><em>:</em></strong></span> <span class='ocrx_word' id='word_1_25' title='bbox 860 277 891 305; x_wconf 89' lang='lat' dir='ltr'><strong>Si</strong></span> <span class='ocrx_word' id='word_1_26' title='bbox 911 276 1006 304; x_wconf 76' lang='lat' dir='ltr'><strong>inventi</strong></span> 
     </span>
    </p>
   </div>
   <div class='ocr_carea' id='block_1_5' title="bbox 210 322 1005 364">
    <p class='ocr_par' dir='ltr' id='par_1_5' title="bbox 210 322 1005 364">
     <span class='ocr_line' id='line_1_5' title="bbox 210 322 1005 364; baseline -0.008 -9"><span class='ocrx_word' id='word_1_27' title='bbox 210 329 303 364; x_wconf 73' lang='lat' dir='ltr'><strong>fuerint</strong></span> <span class='ocrx_word' id='word_1_28' title='bbox 315 327 349 353; x_wconf 87' lang='lat' dir='ltr'><strong>ibi</strong></span> <span class='ocrx_word' id='word_1_29' title='bbox 363 325 532 362; x_wconf 83' lang='lat' dir='ltr'><strong>quadraginta</strong></span> <span class='ocrx_word' id='word_1_30' title='bbox 543 324 556 351; x_wconf 66' lang='grc' dir='ltr'><em>ἲ</em></span> <span class='ocrx_word' id='word_1_31' title='bbox 577 324 611 352; x_wconf 86' lang='lat' dir='ltr'><strong>Et</strong></span> <span class='ocrx_word' id='word_1_32' title='bbox 626 324 689 351; x_wconf 69' lang='lat' dir='ltr'><strong>dixit</strong></span> <span class='ocrx_word' id='word_1_33' title='bbox 712 330 722 351; x_wconf 90' lang='lat'><strong><em>:</em></strong></span> <span class='ocrx_word' id='word_1_34' title='bbox 741 323 802 350; x_wconf 83' lang='lat' dir='ltr'><strong>Non</strong></span> <span class='ocrx_word' id='word_1_35' title='bbox 816 322 920 359; x_wconf 77' lang='lat' dir='ltr'><strong><em>perdam</em></strong></span> <span class='ocrx_word' id='word_1_36' title='bbox 943 330 1005 357; x_wconf 87' lang='lat' dir='ltr'><strong>pro-</strong></span> 
     </span>
    </p>
   </div>
   <div class='ocr_carea' id='block_1_6' title="bbox 210 368 1004 410">
    <p class='ocr_par' dir='ltr' id='par_1_6' title="bbox 210 368 1004 410">
     <span class='ocr_line' id='line_1_6' title="bbox 210 368 1004 410; baseline -0.008 -8"><span class='ocrx_word' id='word_1_37' title='bbox 210 380 265 410; x_wconf 81' lang='lat' dir='ltr'><strong>pter</strong></span> <span class='ocrx_word' id='word_1_38' title='bbox 289 373 467 410; x_wconf 70' lang='lat' dir='ltr'><strong>quadraginta.</strong></span> <span class='ocrx_word' id='word_1_39' title='bbox 494 372 561 399; x_wconf 82' lang='lat' dir='ltr'><strong>Exin</strong></span> <span class='ocrx_word' id='word_1_40' title='bbox 584 371 660 407; x_wconf 86' lang='lat' dir='ltr'><strong>quasi</strong></span> <span class='ocrx_word' id='word_1_41' title='bbox 684 370 816 398; x_wconf 79' lang='lat' dir='ltr'><strong>reveritus</strong></span> <span class='ocrx_word' id='word_1_42' title='bbox 840 368 1004 397; x_wconf 83' lang='lat' dir='ltr'><strong>ineﬁ&#39;abllem</strong></span> 
     </span>
    </p>
   </div>
   <div class='ocr_carea' id='block_1_7' title="bbox 209 414 1005 456">
    <p class='ocr_par' dir='ltr' id='par_1_7' title="bbox 209 414 1005 456">
     <span class='ocr_line' id='line_1_7' title="bbox 209 414 1005 456; baseline -0.009 -7"><span class='ocrx_word' id='word_1_43' title='bbox 209 421 256 449; x_wconf 86' lang='lat' dir='ltr'><strong>Dei</strong></span> <span class='ocrx_word' id='word_1_44' title='bbox 281 420 435 456; x_wconf 70' lang='lat' dir='ltr'><strong>patientiam</strong></span> <span class='ocrx_word' id='word_1_45' title='bbox 456 419 554 455; x_wconf 78' lang='lat' dir='ltr'><strong>justus,</strong></span> <span class='ocrx_word' id='word_1_46' title='bbox 580 423 608 446; x_wconf 88' lang='lat' dir='ltr'><strong>et</strong></span> <span class='ocrx_word' id='word_1_47' title='bbox 629 417 726 445; x_wconf 88' lang='lat' dir='ltr'><strong>timens</strong></span> <span class='ocrx_word' id='word_1_48' title='bbox 739 423 773 444; x_wconf 88' lang='lat' dir='ltr'><strong>ne</strong></span> <span class='ocrx_word' id='word_1_49' title='bbox 787 415 857 443; x_wconf 80' lang='lat' dir='ltr'><strong>forte</strong></span> <span class='ocrx_word' id='word_1_50' title='bbox 871 414 1005 450; x_wconf 85' lang='lat' dir='ltr'><strong>precando</strong></span> 
     </span>
    </p>
   </div>
   <div class='ocr_carea' id='block_1_8' title="bbox 209 461 1002 498">
    <p class='ocr_par' dir='ltr' id='par_1_8' title="bbox 209 461 1002 498">
     <span class='ocr_line' id='line_1_8' title="bbox 209 461 1002 498; baseline -0.01 -3"><span class='ocrx_word' id='word_1_51' title='bbox 209 467 332 495; x_wconf 82' lang='lat' dir='ltr'><strong>videatur</strong></span> <span class='ocrx_word' id='word_1_52' title='bbox 355 465 546 494; x_wconf 80' lang='lat' dir='ltr'><strong>transcendere</strong></span> <span class='ocrx_word' id='word_1_53' title='bbox 561 464 681 498; x_wconf 89' lang='lat' dir='ltr'><strong>modum,</strong></span> <span class='ocrx_word' id='word_1_54' title='bbox 697 463 761 492; x_wconf 88' lang='lat' dir='ltr'><strong>dicit</strong></span> <span class='ocrx_word' id='word_1_55' title='bbox 776 472 783 490; x_wconf 72' lang='grc' dir='ltr'>ε</span> <span class='ocrx_word' id='word_1_56' title='bbox 798 462 843 491; x_wconf 75' lang='grc'><strong>50.</strong></span> <span class='ocrx_word' id='word_1_57' title='bbox 860 461 1002 497; x_wconf 74' lang='lat' dir='ltr'><strong>Numquid,</strong></span> 
     </span>
    </p>
   </div>
   <div class='ocr_carea' id='block_1_9' title="bbox 210 507 1005 548">
    <p class='ocr_par' dir='ltr' id='par_1_9' title="bbox 210 507 1005 548">
     <span class='ocr_line' id='line_1_9' title="bbox 210 507 1005 548; baseline -0.009 -7"><span class='ocrx_word' id='word_1_58' title='bbox 210 513 330 546; x_wconf 74' lang='lat' dir='ltr'><strong>Domine,</strong></span> <span class='ocrx_word' id='word_1_59' title='bbox 351 512 373 540; x_wconf 72' lang='lat' dir='ltr'><strong>si</strong></span> <span class='ocrx_word' id='word_1_60' title='bbox 393 512 482 548; x_wconf 83' lang='lat' dir='ltr'><strong>loquar</strong></span> <span class='ocrx_word' id='word_1_61' title='bbox 502 519 512 540; x_wconf 85' lang='lat'><strong><em>:</em></strong></span> <span class='ocrx_word' id='word_1_62' title='bbox 537 511 567 538; x_wconf 85' lang='lat' dir='ltr'><strong>Si</strong></span> <span class='ocrx_word' id='word_1_63' title='bbox 590 510 685 538; x_wconf 79' lang='lat' dir='ltr'><strong>inuenti</strong></span> <span class='ocrx_word' id='word_1_64' title='bbox 708 509 802 545; x_wconf 76' lang='lat' dir='ltr'><strong>fuerint</strong></span> <span class='ocrx_word' id='word_1_65' title='bbox 820 508 856 536; x_wconf 87' lang='lat' dir='ltr'><strong>ibi</strong></span> <span class='ocrx_word' id='word_1_66' title='bbox 881 507 1005 543; x_wconf 72' lang='lat' dir='ltr'><strong>triginta?</strong></span> 
     </span>
    </p>
   </div>
   <div class='ocr_carea' id='block_1_10' title="bbox 209 552 1003 594">
    <p class='ocr_par' dir='ltr' id='par_1_10' title="bbox 209 552 1003 594">
     <span class='ocr_line' id='line_1_10' title="bbox 209 552 1003 594; baseline -0.01 -7"><span class='ocrx_word' id='word_1_67' title='bbox 209 559 277 593; x_wconf 83' lang='lat' dir='ltr'><strong>Quia</strong></span> <span class='ocrx_word' id='word_1_68' title='bbox 298 563 420 594; x_wconf 78' lang='lat' dir='ltr'><strong>paratum</strong></span> <span class='ocrx_word' id='word_1_69' title='bbox 441 557 543 585; x_wconf 72' lang='lat' dir='ltr'><strong>invertit</strong></span> <span class='ocrx_word' id='word_1_70' title='bbox 564 556 598 584; x_wconf 87' lang='lat' dir='ltr'><strong>ad</strong></span> <span class='ocrx_word' id='word_1_71' title='bbox 619 554 848 587; x_wconf 87' lang='lat' dir='ltr'><strong>misericordiam,</strong></span> <span class='ocrx_word' id='word_1_72' title='bbox 878 561 931 581; x_wconf 91' lang='lat' dir='ltr'><strong>non</strong></span> <span class='ocrx_word' id='word_1_73' title='bbox 948 552 1003 588; x_wconf 84' lang='lat' dir='ltr'><strong>jam</strong></span> 
     </span>
    </p>
   </div>
   <div class='ocr_carea' id='block_1_11' title="bbox 210 598 1003 641">
    <p class='ocr_par' dir='ltr' id='par_1_11' title="bbox 210 598 1003 641">
     <span class='ocr_line' id='line_1_11' title="bbox 210 598 1003 641; baseline -0.01 -7"><span class='ocrx_word' id='word_1_74' title='bbox 210 605 336 641; x_wconf 75' lang='lat' dir='ltr'><strong>paulatim</strong></span> <span class='ocrx_word' id='word_1_75' title='bbox 358 604 493 637; x_wconf 87' lang='lat' dir='ltr'><strong>diminuit,</strong></span> <span class='ocrx_word' id='word_1_76' title='bbox 519 610 605 638; x_wconf 88' lang='lat' dir='ltr'><strong>neque</strong></span> <span class='ocrx_word' id='word_1_77' title='bbox 628 602 746 638; x_wconf 89' lang='lat' dir='ltr'><strong>quinque</strong></span> <span class='ocrx_word' id='word_1_78' title='bbox 765 601 852 637; x_wconf 84' lang='lat' dir='ltr'><strong>justos</strong></span> <span class='ocrx_word' id='word_1_79' title='bbox 867 598 1003 632; x_wconf 88' lang='lat' dir='ltr'><strong>detrahit,</strong></span> 
     </span>
    </p>
   </div>
   <div class='ocr_carea' id='block_1_12' title="bbox 209 645 1004 686">
    <p class='ocr_par' dir='ltr' id='par_1_12' title="bbox 209 645 1004 686">
     <span class='ocr_line' id='line_1_12' title="bbox 209 645 1004 686; baseline -0.011 -5"><span class='ocrx_word' id='word_1_80' title='bbox 209 653 256 681; x_wconf 80' lang='lat' dir='ltr'><strong>sed</strong></span> <span class='ocrx_word' id='word_1_81' title='bbox 282 652 386 686; x_wconf 88' lang='lat' dir='ltr'><strong>decem,</strong></span> <span class='ocrx_word' id='word_1_82' title='bbox 416 655 443 679; x_wconf 88' lang='lat' dir='ltr'><strong>et</strong></span> <span class='ocrx_word' id='word_1_83' title='bbox 468 651 508 679; x_wconf 90' lang='lat' dir='ltr'><strong>sic</strong></span> <span class='ocrx_word' id='word_1_84' title='bbox 528 649 605 678; x_wconf 78' lang='lat' dir='ltr'><strong>affert</strong></span> <span class='ocrx_word' id='word_1_85' title='bbox 629 648 807 685; x_wconf 73' lang='lat' dir='ltr'><strong>patrocinium</strong></span> <span class='ocrx_word' id='word_1_86' title='bbox 827 655 834 674; x_wconf 88' lang='lat'><strong>:</strong></span> <span class='ocrx_word' id='word_1_87' title='bbox 858 646 890 674; x_wconf 83' lang='lat' dir='ltr'><strong>Si</strong></span> <span class='ocrx_word' id='word_1_88' title='bbox 912 645 1004 674; x_wconf 78' lang='lat' dir='ltr'><strong>inventi</strong></span> 
     </span>
    </p>
   </div>
   <div class='ocr_carea' id='block_1_13' title="bbox 210 693 1004 737">
    <p class='ocr_par' dir='ltr' id='par_1_13' title="bbox 210 693 1004 737">
     <span class='ocr_line' id='line_1_13' title="bbox 210 693 1004 737; baseline -0.011 -9"><span class='ocrx_word' id='word_1_89' title='bbox 210 701 302 737; x_wconf 77' lang='lat' dir='ltr'><strong>fuerint</strong></span> <span class='ocrx_word' id='word_1_90' title='bbox 317 699 370 727; x_wconf 82' lang='lat' dir='ltr'><strong>illic</strong></span> <span class='ocrx_word' id='word_1_91' title='bbox 383 698 486 734; x_wconf 81' lang='lat' dir='ltr'><strong>triginta</strong></span> <span class='ocrx_word' id='word_1_92' title='bbox 497 697 510 724; x_wconf 69' lang='grc' dir='ltr'><strong><em>Ρ</em></strong></span> <span class='ocrx_word' id='word_1_93' title='bbox 524 697 558 724; x_wconf 84' lang='lat' dir='ltr'><strong>Et</strong></span> <span class='ocrx_word' id='word_1_94' title='bbox 571 696 635 724; x_wconf 74' lang='lat' dir='ltr'><strong>dixit</strong></span> <span class='ocrx_word' id='word_1_95' title='bbox 647 703 657 723; x_wconf 88' lang='lat'><strong><em>:</em></strong></span> <span class='ocrx_word' id='word_1_96' title='bbox 669 694 729 723; x_wconf 84' lang='lat' dir='ltr'><strong>Non</strong></span> <span class='ocrx_word' id='word_1_97' title='bbox 740 694 856 730; x_wconf 82' lang='lat' dir='ltr'><strong><em>perdam,</em></strong></span> <span class='ocrx_word' id='word_1_98' title='bbox 869 693 891 721; x_wconf 80' lang='lat' dir='ltr'><strong>si</strong></span> <span class='ocrx_word' id='word_1_99' title='bbox 901 693 1004 720; x_wconf 74' lang='lat' dir='ltr'><strong>invene-</strong></span> 
     </span>
    </p>
   </div>
   <div class='ocr_carea' id='block_1_14' title="bbox 210 739 1003 780">
    <p class='ocr_par' dir='ltr' id='par_1_14' title="bbox 210 739 1003 780">
     <span class='ocr_line' id='line_1_14' title="bbox 210 739 1003 780; baseline -0.01 -7"><span class='ocrx_word' id='word_1_100' title='bbox 210 747 258 773; x_wconf 84' lang='lat' dir='ltr'><strong>rim</strong></span> <span class='ocrx_word' id='word_1_101' title='bbox 271 746 323 773; x_wconf 81' lang='lat' dir='ltr'><strong>illic</strong></span> <span class='ocrx_word' id='word_1_102' title='bbox 345 744 459 780; x_wconf 84' lang='lat' dir='ltr'><strong>triginta.</strong></span> <span class='ocrx_word' id='word_1_103' title='bbox 481 742 672 771; x_wconf 70' lang='lat' dir='ltr'><strong>Animadverte</strong></span> <span class='ocrx_word' id='word_1_104' title='bbox 685 745 785 777; x_wconf 87' lang='lat' dir='ltr'><strong>quanta</strong></span> <span class='ocrx_word' id='word_1_105' title='bbox 796 739 863 776; x_wconf 81' lang='lat' dir='ltr'><strong>justi</strong></span> <span class='ocrx_word' id='word_1_106' title='bbox 876 742 1003 768; x_wconf 85' lang='lat' dir='ltr'><strong>constan-</strong></span> 
     </span>
    </p>
   </div>
   <div class='ocr_carea' id='block_1_15' title="bbox 210 785 1005 826">
    <p class='ocr_par' dir='ltr' id='par_1_15' title="bbox 210 785 1005 826">
     <span class='ocr_line' id='line_1_15' title="bbox 210 785 1005 826; baseline -0.01 -7"><span class='ocrx_word' id='word_1_107' title='bbox 210 793 244 819; x_wconf 89' lang='lat' dir='ltr'><strong>tia</strong></span> <span class='ocrx_word' id='word_1_108' title='bbox 259 800 265 824; x_wconf 88' lang='lat'><strong>;</strong></span> <span class='ocrx_word' id='word_1_109' title='bbox 291 790 367 826; x_wconf 88' lang='lat' dir='ltr'><strong>quasi</strong></span> <span class='ocrx_word' id='word_1_110' title='bbox 382 791 439 826; x_wconf 83' lang='lat' dir='ltr'><strong>ipse</strong></span> <span class='ocrx_word' id='word_1_111' title='bbox 454 789 523 817; x_wconf 79' lang='lat' dir='ltr'><strong>foret</strong></span> <span class='ocrx_word' id='word_1_112' title='bbox 537 787 669 816; x_wconf 74' lang='lat' dir='ltr'><strong>obnoxius</strong></span> <span class='ocrx_word' id='word_1_113' title='bbox 682 786 834 818; x_wconf 67' lang='lat' dir='ltr'><strong>sententiae,</strong></span> <span class='ocrx_word' id='word_1_114' title='bbox 847 785 882 813; x_wconf 82' lang='lat' dir='ltr'><strong>ita</strong></span> <span class='ocrx_word' id='word_1_115' title='bbox 900 785 1005 820; x_wconf 86' lang='lat' dir='ltr'><strong>eripere</strong></span> 
     </span>
    </p>
   </div>
   <div class='ocr_carea' id='block_1_16' title="bbox 210 831 1003 878">
    <p class='ocr_par' dir='ltr' id='par_1_16' title="bbox 210 831 1003 878">
     <span class='ocr_line' id='line_1_16' title="bbox 210 831 1003 878; baseline -0.009 -13"><span class='ocrx_word' id='word_1_116' title='bbox 210 837 298 865; x_wconf 74' lang='lat' dir='ltr'><strong>Blttdcl</strong></span> <span class='ocrx_word' id='word_1_117' title='bbox 322 844 337 864; x_wconf 88' lang='lat' dir='ltr'><strong>a</strong></span> <span class='ocrx_word' id='word_1_118' title='bbox 362 843 439 872; x_wconf 84' lang='lat' dir='ltr'><strong>poma</strong></span> <span class='ocrx_word' id='word_1_119' title='bbox 456 834 655 863; x_wconf 88' lang='lat' dir='ltr'><strong>Sodomitarum</strong></span> <span class='ocrx_word' id='word_1_120' title='bbox 668 837 784 878; x_wconf 81' lang='lat' dir='ltr'><strong>gentem.</strong></span> <span class='ocrx_word' id='word_1_121' title='bbox 798 832 843 860; x_wconf 78' lang='lat' dir='ltr'><strong>3t.</strong></span> <span class='ocrx_word' id='word_1_122' title='bbox 870 831 905 859; x_wconf 83' lang='lat' dir='ltr'><strong>Et</strong></span> <span class='ocrx_word' id='word_1_123' title='bbox 919 831 1003 878; x_wconf 75' lang='lat' dir='ltr'><strong>dixit,</strong></span> 
     </span>
    </p>
   </div>
   <div class='ocr_carea' id='block_1_17' title="bbox 209 877 1006 916">
    <p class='ocr_par' dir='ltr' id='par_1_17' title="bbox 209 877 1006 916">
     <span class='ocr_line' id='line_1_17' title="bbox 209 877 1006 916; baseline -0.006 -7"><span class='ocrx_word' id='word_1_124' title='bbox 209 882 329 914; x_wconf 86' lang='lat' dir='ltr'><strong>quoniam</strong></span> <span class='ocrx_word' id='word_1_125' title='bbox 343 890 445 916; x_wconf 75' lang='lat' dir='ltr'><strong>possunt</strong></span> <span class='ocrx_word' id='word_1_126' title='bbox 457 880 525 916; x_wconf 86' lang='lat' dir='ltr'><strong>loqui</strong></span> <span class='ocrx_word' id='word_1_127' title='bbox 538 880 572 908; x_wconf 90' lang='lat' dir='ltr'><strong>ad</strong></span> <span class='ocrx_word' id='word_1_128' title='bbox 587 879 723 907; x_wconf 85' lang='lat' dir='ltr'><strong>Dominum</strong></span> <span class='ocrx_word' id='word_1_129' title='bbox 741 887 750 906; x_wconf 93' lang='lat'><strong><em>:</em></strong></span> <span class='ocrx_word' id='word_1_130' title='bbox 764 878 795 906; x_wconf 80' lang='lat' dir='ltr'><strong>Si</strong></span> <span class='ocrx_word' id='word_1_131' title='bbox 807 878 899 906; x_wconf 76' lang='lat' dir='ltr'><strong>inventi</strong></span> <span class='ocrx_word' id='word_1_132' title='bbox 912 877 1006 914; x_wconf 80' lang='lat' dir='ltr'><strong>fuerint</strong></span> 
     </span>
    </p>
   </div>
   <div class='ocr_carea' id='block_1_18' title="bbox 209 923 1002 964">
    <p class='ocr_par' dir='ltr' id='par_1_18' title="bbox 209 923 1002 964">
     <span class='ocr_line' id='line_1_18' title="bbox 209 923 1002 964; baseline -0.006 -9"><span class='ocrx_word' id='word_1_133' title='bbox 209 928 245 955; x_wconf 86' lang='lat' dir='ltr'><strong>ibi</strong></span> <span class='ocrx_word' id='word_1_134' title='bbox 257 927 365 964; x_wconf 80' lang='lat' dir='ltr'><strong>viginti?</strong></span> <span class='ocrx_word' id='word_1_135' title='bbox 391 926 425 954; x_wconf 84' lang='lat' dir='ltr'><strong>Et</strong></span> <span class='ocrx_word' id='word_1_136' title='bbox 446 926 511 954; x_wconf 78' lang='lat' dir='ltr'><strong>dixit</strong></span> <span class='ocrx_word' id='word_1_137' title='bbox 537 933 546 953; x_wconf 90' lang='lat'><em>:</em></span> <span class='ocrx_word' id='word_1_138' title='bbox 568 925 629 953; x_wconf 90' lang='lat' dir='ltr'><strong>Non</strong></span> <span class='ocrx_word' id='word_1_139' title='bbox 653 925 757 960; x_wconf 82' lang='lat' dir='ltr'><strong>perdam</strong></span> <span class='ocrx_word' id='word_1_140' title='bbox 787 929 890 959; x_wconf 79' lang='lat' dir='ltr'><strong>propter</strong></span> <span class='ocrx_word' id='word_1_141' title='bbox 905 923 1002 959; x_wconf 80' lang='lat' dir='ltr'><strong>viginti.</strong></span> 
     </span>
    </p>
   </div>
   <div class='ocr_carea' id='block_1_19' title="bbox 209 970 1005 1006">
    <p class='ocr_par' dir='ltr' id='par_1_19' title="bbox 209 970 1005 1006">
     <span class='ocr_line' id='line_1_19' title="bbox 209 970 1005 1006; baseline -0.005 -5"><span class='ocrx_word' id='word_1_142' title='bbox 209 974 324 1002; x_wconf 83' lang='lat' dir='ltr'><strong>Omnem</strong></span> <span class='ocrx_word' id='word_1_143' title='bbox 338 980 489 1001; x_wconf 90' lang='lat' dir='ltr'><strong>sermonem</strong></span> <span class='ocrx_word' id='word_1_144' title='bbox 505 971 669 1000; x_wconf 84' lang='lat' dir='ltr'><strong>transcendit</strong></span> <span class='ocrx_word' id='word_1_145' title='bbox 689 975 717 999; x_wconf 91' lang='lat' dir='ltr'><strong>et</strong></span> <span class='ocrx_word' id='word_1_146' title='bbox 738 978 845 999; x_wconf 90' lang='lat' dir='ltr'><strong>omnem</strong></span> <span class='ocrx_word' id='word_1_147' title='bbox 865 970 1005 1006; x_wconf 86' lang='lat' dir='ltr'><strong>cogitatio-</strong></span> 
     </span>
    </p>
   </div>
   <div class='ocr_carea' id='block_1_20' title="bbox 211 1016 1007 1051">
    <p class='ocr_par' dir='ltr' id='par_1_20' title="bbox 211 1016 1007 1051">
     <span class='ocr_line' id='line_1_20' title="bbox 211 1016 1007 1051; baseline -0.005 -5"><span class='ocrx_word' id='word_1_148' title='bbox 211 1026 272 1046; x_wconf 81' lang='lat' dir='ltr'><strong>nem</strong></span> <span class='ocrx_word' id='word_1_149' title='bbox 287 1017 391 1046; x_wconf 91' lang='lat' dir='ltr'><strong>Domini</strong></span> <span class='ocrx_word' id='word_1_150' title='bbox 405 1017 519 1046; x_wconf 82' lang='lat' dir='ltr'><strong>bonitas.</strong></span> <span class='ocrx_word' id='word_1_151' title='bbox 535 1017 600 1051; x_wconf 83' lang='lat' dir='ltr'><strong>Quis</strong></span> <span class='ocrx_word' id='word_1_152' title='bbox 614 1017 685 1045; x_wconf 88' lang='lat' dir='ltr'><strong>enim</strong></span> <span class='ocrx_word' id='word_1_153' title='bbox 699 1021 829 1049; x_wconf 88' lang='lat' dir='ltr'><strong>nostrum,</strong></span> <span class='ocrx_word' id='word_1_154' title='bbox 849 1016 893 1051; x_wconf 89' lang='lat' dir='ltr'><strong>qui</strong></span> <span class='ocrx_word' id='word_1_155' title='bbox 909 1016 935 1043; x_wconf 88' lang='lat' dir='ltr'><strong>in</strong></span> <span class='ocrx_word' id='word_1_156' title='bbox 950 1023 1007 1043; x_wconf 89' lang='lat' dir='ltr'><strong>me-</strong></span> 
     </span>
    </p>
   </div>
   <div class='ocr_carea' id='block_1_21' title="bbox 210 1061 1006 1095">
    <p class='ocr_par' dir='ltr' id='par_1_21' title="bbox 210 1061 1006 1095">
     <span class='ocr_line' id='line_1_21' title="bbox 210 1061 1006 1095; baseline -0.005 -3"><span class='ocrx_word' id='word_1_157' title='bbox 210 1065 256 1093; x_wconf 90' lang='lat' dir='ltr'><strong>dio</strong></span> <span class='ocrx_word' id='word_1_158' title='bbox 277 1063 441 1092; x_wconf 87' lang='lat' dir='ltr'><strong>inﬁnitorum</strong></span> <span class='ocrx_word' id='word_1_159' title='bbox 465 1063 597 1091; x_wconf 89' lang='lat' dir='ltr'><strong>malorum</strong></span> <span class='ocrx_word' id='word_1_160' title='bbox 620 1070 769 1095; x_wconf 88' lang='lat' dir='ltr'><strong>versamur,</strong></span> <span class='ocrx_word' id='word_1_161' title='bbox 793 1062 874 1089; x_wconf 90' lang='lat' dir='ltr'><strong>vellet</strong></span> <span class='ocrx_word' id='word_1_162' title='bbox 896 1061 1006 1089; x_wconf 82' lang='lat' dir='ltr'><strong>terendo</strong></span> 
     </span>
    </p>
   </div>
   <div class='ocr_carea' id='block_1_22' title="bbox 210 1107 1005 1144">
    <p class='ocr_par' dir='ltr' id='par_1_22' title="bbox 210 1107 1005 1144">
     <span class='ocr_line' id='line_1_22' title="bbox 210 1107 1005 1144; baseline -0.004 -7"><span class='ocrx_word' id='word_1_163' title='bbox 210 1110 370 1138; x_wconf 83' lang='lat' dir='ltr'><strong>sententiam</strong></span> <span class='ocrx_word' id='word_1_164' title='bbox 385 1113 478 1137; x_wconf 87' lang='lat' dir='ltr'><strong>contra</strong></span> <span class='ocrx_word' id='word_1_165' title='bbox 493 1109 630 1144; x_wconf 82' lang='lat' dir='ltr'><strong>proximos</strong></span> <span class='ocrx_word' id='word_1_166' title='bbox 646 1113 720 1137; x_wconf 88' lang='lat' dir='ltr'><strong>tanta</strong></span> <span class='ocrx_word' id='word_1_167' title='bbox 735 1108 773 1136; x_wconf 87' lang='lat' dir='ltr'><strong>uti</strong></span> <span class='ocrx_word' id='word_1_168' title='bbox 787 1107 949 1143; x_wconf 79' lang='lat' dir='ltr'><strong>indulgentia</strong></span> <span class='ocrx_word' id='word_1_169' title='bbox 963 1111 1005 1134; x_wconf 91' lang='lat' dir='ltr'><strong>at-</strong></span> 
     </span>
    </p>
   </div>
   <div class='ocr_carea' id='block_1_23' title="bbox 209 1155 434 1191">
    <p class='ocr_par' dir='ltr' id='par_1_23' title="bbox 209 1155 434 1191">
     <span class='ocr_line' id='line_1_23' title="bbox 209 1155 434 1191; baseline 0.004 -10"><span class='ocrx_word' id='word_1_170' title='bbox 209 1163 262 1191; x_wconf 85' lang='lat' dir='ltr'><strong>que</strong></span> <span class='ocrx_word' id='word_1_171' title='bbox 273 1155 413 1183; x_wconf 84' lang='lat' dir='ltr'><strong>clementia</strong></span> <span class='ocrx_word' id='word_1_172' title='bbox 421 1155 434 1182; x_wconf 72' lang='grc' dir='ltr'><strong>ι</strong></span> 
     </span>
    </p>
   </div>
   <div class='ocr_carea' id='block_1_24' title="bbox 246 1198 1006 1234">
    <p class='ocr_par' dir='ltr' id='par_1_24' title="bbox 246 1198 1006 1234">
     <span class='ocr_line' id='line_1_24' title="bbox 246 1198 1006 1234; baseline -0.004 -6"><span class='ocrx_word' id='word_1_173' title='bbox 246 1201 274 1228; x_wconf 78' lang='grc'><strong>5.</strong></span> <span class='ocrx_word' id='word_1_174' title='bbox 294 1199 484 1228; x_wconf 89' lang='lat' dir='ltr'><strong>Verumtamen</strong></span> <span class='ocrx_word' id='word_1_175' title='bbox 496 1200 584 1234; x_wconf 84' lang='lat' dir='ltr'><strong>justus</strong></span> <span class='ocrx_word' id='word_1_176' title='bbox 599 1199 644 1227; x_wconf 90' lang='lat' dir='ltr'><strong>ille</strong></span> <span class='ocrx_word' id='word_1_177' title='bbox 663 1199 758 1227; x_wconf 87' lang='lat' dir='ltr'><strong>videns</strong></span> <span class='ocrx_word' id='word_1_178' title='bbox 770 1199 877 1226; x_wconf 81' lang='lat' dir='ltr'><strong>divitias</strong></span> <span class='ocrx_word' id='word_1_179' title='bbox 888 1198 1006 1226; x_wconf 87' lang='lat' dir='ltr'><strong>clemen-</strong></span> 
     </span>
    </p>
   </div>
   <div class='ocr_carea' id='block_1_25' title="bbox 210 1244 1006 1280">
    <p class='ocr_par' dir='ltr' id='par_1_25' title="bbox 210 1244 1006 1280">
     <span class='ocr_line' id='line_1_25' title="bbox 210 1244 1006 1280; baseline -0.001 -8"><span class='ocrx_word' id='word_1_180' title='bbox 210 1245 254 1273; x_wconf 74' lang='lat' dir='ltr'><strong>tia:</strong></span> <span class='ocrx_word' id='word_1_181' title='bbox 269 1244 327 1279; x_wconf 89' lang='lat' dir='ltr'><strong>Dei,</strong></span> <span class='ocrx_word' id='word_1_182' title='bbox 341 1252 394 1272; x_wconf 90' lang='lat' dir='ltr'><strong>non</strong></span> <span class='ocrx_word' id='word_1_183' title='bbox 403 1245 533 1277; x_wconf 85' lang='lat' dir='ltr'><strong>subsistit,</strong></span> <span class='ocrx_word' id='word_1_184' title='bbox 545 1245 592 1272; x_wconf 87' lang='lat' dir='ltr'><strong>scd</strong></span> <span class='ocrx_word' id='word_1_185' title='bbox 603 1245 700 1273; x_wconf 87' lang='lat' dir='ltr'><strong>iterum</strong></span> <span class='ocrx_word' id='word_1_186' title='bbox 710 1245 792 1273; x_wconf 88' lang='lat' dir='ltr'><strong>dicit:</strong></span> <span class='ocrx_word' id='word_1_187' title='bbox 804 1245 849 1272; x_wconf 74' lang='grc'><strong>52.</strong></span> <span class='ocrx_word' id='word_1_188' title='bbox 862 1245 1006 1280; x_wconf 77' lang='lat' dir='ltr'><strong>Numquid,</strong></span> 
     </span>
    </p>
   </div>
   <div class='ocr_carea' id='block_1_26' title="bbox 211 1291 1007 1327">
    <p class='ocr_par' dir='ltr' id='par_1_26' title="bbox 211 1291 1007 1327">
     <span class='ocr_line' id='line_1_26' title="bbox 211 1291 1007 1327; baseline 0.003 -10"><span class='ocrx_word' id='word_1_189' title='bbox 211 1291 321 1320; x_wconf 84' lang='lat' dir='ltr'><strong>Domine</strong></span> <span class='ocrx_word' id='word_1_190' title='bbox 331 1311 339 1325; x_wconf 95' lang='lat'><strong>,</strong></span> <span class='ocrx_word' id='word_1_191' title='bbox 355 1291 377 1318; x_wconf 82' lang='lat' dir='ltr'><strong>si</strong></span> <span class='ocrx_word' id='word_1_192' title='bbox 391 1291 480 1327; x_wconf 78' lang='lat' dir='ltr'><strong>loquar</strong></span> <span class='ocrx_word' id='word_1_193' title='bbox 494 1291 579 1318; x_wconf 84' lang='lat' dir='ltr'><strong>adhuc</strong></span> <span class='ocrx_word' id='word_1_194' title='bbox 593 1291 670 1318; x_wconf 71' lang='lat' dir='ltr'><strong>semel</strong></span> <span class='ocrx_word' id='word_1_195' title='bbox 678 1291 690 1318; x_wconf 70' lang='grc' dir='ltr'><strong>γ</strong></span> <span class='ocrx_word' id='word_1_196' title='bbox 704 1291 770 1318; x_wconf 85' lang='lat' dir='ltr'><strong>Nam</strong></span> <span class='ocrx_word' id='word_1_197' title='bbox 792 1291 852 1326; x_wconf 85' lang='lat' dir='ltr'><strong>quia</strong></span> <span class='ocrx_word' id='word_1_198' title='bbox 866 1291 1007 1319; x_wconf 75' lang='lat' dir='ltr'><strong>ineffabilis</strong></span> 
     </span>
    </p>
   </div>
   <div class='ocr_carea' id='block_1_27' title="bbox 211 1336 1006 1372">
    <p class='ocr_par' dir='ltr' id='par_1_27' title="bbox 211 1336 1006 1372">
     <span class='ocr_line' id='line_1_27' title="bbox 211 1336 1006 1372; baseline 0.001 -8"><span class='ocrx_word' id='word_1_199' title='bbox 211 1341 270 1364; x_wconf 87' lang='lat' dir='ltr'><strong>erat</strong></span> <span class='ocrx_word' id='word_1_200' title='bbox 289 1336 440 1369; x_wconf 88' lang='lat' dir='ltr'><strong>tolerantia,</strong></span> <span class='ocrx_word' id='word_1_201' title='bbox 454 1341 563 1372; x_wconf 85' lang='lat' dir='ltr'><strong>propter</strong></span> <span class='ocrx_word' id='word_1_202' title='bbox 575 1337 627 1364; x_wconf 91' lang='lat' dir='ltr'><strong>hoc</strong></span> <span class='ocrx_word' id='word_1_203' title='bbox 646 1337 776 1365; x_wconf 83' lang='lat' dir='ltr'><strong>reveritus</strong></span> <span class='ocrx_word' id='word_1_204' title='bbox 789 1345 823 1365; x_wconf 88' lang='lat' dir='ltr'><strong>ne</strong></span> <span class='ocrx_word' id='word_1_205' title='bbox 836 1342 864 1365; x_wconf 91' lang='lat' dir='ltr'><strong>et</strong></span> <span class='ocrx_word' id='word_1_206' title='bbox 885 1337 1006 1372; x_wconf 81' lang='lat' dir='ltr'><strong>indigna-</strong></span> 
     </span>
    </p>
   </div>
   <div class='ocr_carea' id='block_1_28' title="bbox 214 1382 1005 1418">
    <p class='ocr_par' dir='ltr' id='par_1_28' title="bbox 214 1382 1005 1418">
     <span class='ocr_line' id='line_1_28' title="bbox 214 1382 1005 1418; baseline 0.001 -8"><span class='ocrx_word' id='word_1_207' title='bbox 214 1383 314 1410; x_wconf 87' lang='lat' dir='ltr'><strong>tionem</strong></span> <span class='ocrx_word' id='word_1_208' title='bbox 326 1382 455 1410; x_wconf 82' lang='lat' dir='ltr'><strong>adversus</strong></span> <span class='ocrx_word' id='word_1_209' title='bbox 469 1390 498 1410; x_wconf 88' lang='lat' dir='ltr'><strong>se</strong></span> <span class='ocrx_word' id='word_1_210' title='bbox 506 1387 626 1410; x_wconf 88' lang='lat' dir='ltr'><strong>moveret</strong></span> <span class='ocrx_word' id='word_1_211' title='bbox 634 1383 692 1418; x_wconf 85' lang='lat' dir='ltr'><strong>ejus</strong></span> <span class='ocrx_word' id='word_1_212' title='bbox 705 1383 751 1418; x_wconf 89' lang='lat' dir='ltr'><strong>qui</strong></span> <span class='ocrx_word' id='word_1_213' title='bbox 764 1383 916 1418; x_wconf 79' lang='lat' dir='ltr'><strong>rogabatur,</strong></span> <span class='ocrx_word' id='word_1_214' title='bbox 930 1383 1005 1411; x_wconf 84' lang='lat' dir='ltr'><strong>dicit:</strong></span> 
     </span>
    </p>
   </div>
   <div class='ocr_carea' id='block_1_29' title="bbox 215 1427 1007 1465">
    <p class='ocr_par' dir='ltr' id='par_1_29' title="bbox 215 1427 1007 1465">
     <span class='ocr_line' id='line_1_29' title="bbox 215 1427 1007 1465; baseline 0.001 -9"><span class='ocrx_word' id='word_1_215' title='bbox 215 1428 361 1465; x_wconf 80' lang='lat' dir='ltr'><strong>Numquid,</strong></span> <span class='ocrx_word' id='word_1_216' title='bbox 376 1427 505 1456; x_wconf 81' lang='lat' dir='ltr'><strong>Domine?</strong></span> <span class='ocrx_word' id='word_1_217' title='bbox 517 1428 585 1456; x_wconf 88' lang='lat' dir='ltr'><strong>Num</strong></span> <span class='ocrx_word' id='word_1_218' title='bbox 597 1429 766 1457; x_wconf 83' lang='lat' dir='ltr'><strong>temerarium</strong></span> <span class='ocrx_word' id='word_1_219' title='bbox 779 1429 904 1465; x_wconf 83' lang='lat' dir='ltr'><strong>quiddam</strong></span> <span class='ocrx_word' id='word_1_220' title='bbox 916 1430 1007 1459; x_wconf 79' lang='lat' dir='ltr'><strong>facio?</strong></span> 
     </span>
    </p>
   </div>
   <div class='ocr_carea' id='block_1_30' title="bbox 214 1473 1007 1511">
    <p class='ocr_par' dir='ltr' id='par_1_30' title="bbox 214 1473 1007 1511">
     <span class='ocr_line' id='line_1_30' title="bbox 214 1473 1007 1511; baseline 0.001 -9"><span class='ocrx_word' id='word_1_221' title='bbox 214 1474 278 1502; x_wconf 85' lang='lat' dir='ltr'><strong>dicit</strong></span> <span class='ocrx_word' id='word_1_222' title='bbox 294 1483 300 1500; x_wconf 90' lang='lat'>:</span> <span class='ocrx_word' id='word_1_223' title='bbox 315 1481 379 1501; x_wconf 92' lang='lat' dir='ltr'><strong>num</strong></span> <span class='ocrx_word' id='word_1_224' title='bbox 401 1473 593 1509; x_wconf 88' lang='lat' dir='ltr'><strong>impudentiam</strong></span> <span class='ocrx_word' id='word_1_225' title='bbox 614 1482 670 1511; x_wconf 72' lang='lat' dir='ltr'><strong>pra:</strong></span> <span class='ocrx_word' id='word_1_226' title='bbox 693 1482 736 1503; x_wconf 91' lang='lat' dir='ltr'><strong>me</strong></span> <span class='ocrx_word' id='word_1_227' title='bbox 756 1474 833 1503; x_wconf 74' lang='lat' dir='ltr'><strong>fero?</strong></span> <span class='ocrx_word' id='word_1_228' title='bbox 856 1483 920 1503; x_wconf 89' lang='lat' dir='ltr'><strong>num</strong></span> <span class='ocrx_word' id='word_1_229' title='bbox 939 1483 1007 1511; x_wconf 86' lang='lat' dir='ltr'><strong>opus</strong></span> 
     </span>
    </p>
   </div>
   <div class='ocr_carea' id='block_1_31' title="bbox 213 1519 1007 1554">
    <p class='ocr_par' dir='ltr' id='par_1_31' title="bbox 213 1519 1007 1554">
     <span class='ocr_line' id='line_1_31' title="bbox 213 1519 1007 1554; baseline 0.003 -8"><span class='ocrx_word' id='word_1_230' title='bbox 213 1519 438 1547; x_wconf 89' lang='lat' dir='ltr'><strong>condemnatione</strong></span> <span class='ocrx_word' id='word_1_231' title='bbox 453 1519 562 1554; x_wconf 82' lang='lat' dir='ltr'><strong>dignum</strong></span> <span class='ocrx_word' id='word_1_232' title='bbox 575 1519 654 1553; x_wconf 85' lang='lat' dir='ltr'><strong>facio,</strong></span> <span class='ocrx_word' id='word_1_233' title='bbox 667 1520 689 1547; x_wconf 87' lang='lat' dir='ltr'><strong>si</strong></span> <span class='ocrx_word' id='word_1_234' title='bbox 698 1523 791 1554; x_wconf 88' lang='lat' dir='ltr'><strong>loquar</strong></span> <span class='ocrx_word' id='word_1_235' title='bbox 804 1519 891 1548; x_wconf 91' lang='lat' dir='ltr'><strong>adhuc</strong></span> <span class='ocrx_word' id='word_1_236' title='bbox 903 1521 1007 1548; x_wconf 80' lang='lat' dir='ltr'><strong>semel?</strong></span> 
     </span>
    </p>
   </div>
   <div class='ocr_carea' id='block_1_32' title="bbox 211 1564 1006 1599">
    <p class='ocr_par' dir='ltr' id='par_1_32' title="bbox 211 1564 1006 1599">
     <span class='ocr_line' id='line_1_32' title="bbox 211 1564 1006 1599; baseline 0.004 -8"><span class='ocrx_word' id='word_1_237' title='bbox 211 1565 264 1592; x_wconf 81' lang='lat' dir='ltr'><strong>Pro</strong></span> <span class='ocrx_word' id='word_1_238' title='bbox 275 1572 369 1599; x_wconf 79' lang='lat' dir='ltr'><strong>magna</strong></span> <span class='ocrx_word' id='word_1_239' title='bbox 376 1568 402 1592; x_wconf 91' lang='lat' dir='ltr'><strong>et</strong></span> <span class='ocrx_word' id='word_1_240' title='bbox 413 1564 582 1592; x_wconf 87' lang='lat' dir='ltr'><strong>inenarrabili</strong></span> <span class='ocrx_word' id='word_1_241' title='bbox 589 1564 707 1593; x_wconf 80' lang='lat' dir='ltr'><strong>bonitate</strong></span> <span class='ocrx_word' id='word_1_242' title='bbox 713 1573 758 1593; x_wconf 86' lang='lat' dir='ltr'><strong>tua</strong></span> <span class='ocrx_word' id='word_1_243' title='bbox 763 1571 849 1594; x_wconf 87' lang='lat' dir='ltr'><strong>aonuc</strong></span> <span class='ocrx_word' id='word_1_244' title='bbox 857 1573 936 1594; x_wconf 89' lang='lat' dir='ltr'><strong>unam</strong></span> <span class='ocrx_word' id='word_1_245' title='bbox 946 1573 1006 1594; x_wconf 88' lang='lat' dir='ltr'><strong>ora-</strong></span> 
     </span>
    </p>
   </div>
   <div class='ocr_carea' id='block_1_33' title="bbox 210 1611 1008 1647">
    <p class='ocr_par' dir='ltr' id='par_1_33' title="bbox 210 1611 1008 1647">
     <span class='ocr_line' id='line_1_33' title="bbox 210 1611 1008 1647; baseline 0.003 -9"><span class='ocrx_word' id='word_1_246' title='bbox 210 1612 308 1641; x_wconf 79' lang='lat' dir='ltr'><strong>tionem</strong></span> <span class='ocrx_word' id='word_1_247' title='bbox 316 1611 429 1646; x_wconf 85' lang='lat' dir='ltr'><strong>accipito</strong></span> <span class='ocrx_word' id='word_1_248' title='bbox 439 1619 453 1638; x_wconf 90' lang='lat' dir='ltr'><strong>a</strong></span> <span class='ocrx_word' id='word_1_249' title='bbox 460 1611 548 1645; x_wconf 88' lang='lat' dir='ltr'><strong>mc,Si</strong></span> <span class='ocrx_word' id='word_1_250' title='bbox 555 1617 638 1639; x_wconf 80' lang='lat' dir='ltr'><strong>autent</strong></span> <span class='ocrx_word' id='word_1_251' title='bbox 648 1612 739 1640; x_wconf 74' lang='lat' dir='ltr'><strong>inuenti</strong></span> <span class='ocrx_word' id='word_1_252' title='bbox 745 1611 839 1647; x_wconf 78' lang='lat' dir='ltr'><strong>[uerint</strong></span> <span class='ocrx_word' id='word_1_253' title='bbox 848 1611 901 1640; x_wconf 84' lang='lat' dir='ltr'><strong>illic</strong></span> <span class='ocrx_word' id='word_1_254' title='bbox 908 1613 1008 1640; x_wconf 78' lang='lat' dir='ltr'><strong>decent?-</strong></span> 
     </span>
    </p>
   </div>
   <div class='ocr_carea' id='block_1_34' title="bbox 208 1656 1006 1694">
    <p class='ocr_par' dir='ltr' id='par_1_34' title="bbox 208 1656 1006 1694">
     <span class='ocr_line' id='line_1_34' title="bbox 208 1656 1006 1694; baseline 0.003 -10"><span class='ocrx_word' id='word_1_255' title='bbox 208 1657 243 1685; x_wconf 74' lang='lat' dir='ltr'><strong>Et</strong></span> <span class='ocrx_word' id='word_1_256' title='bbox 255 1657 320 1684; x_wconf 67' lang='lat' dir='ltr'><strong>dixit</strong></span> <span class='ocrx_word' id='word_1_257' title='bbox 330 1665 340 1684; x_wconf 89' lang='lat'><strong><em>:</em></strong></span> <span class='ocrx_word' id='word_1_258' title='bbox 356 1656 416 1684; x_wconf 86' lang='lat' dir='ltr'><strong>Non</strong></span> <span class='ocrx_word' id='word_1_259' title='bbox 428 1657 532 1692; x_wconf 83' lang='lat' dir='ltr'><strong>perdam</strong></span> <span class='ocrx_word' id='word_1_260' title='bbox 539 1662 642 1693; x_wconf 83' lang='lat' dir='ltr'><strong>propter</strong></span> <span class='ocrx_word' id='word_1_261' title='bbox 652 1658 747 1685; x_wconf 83' lang='lat' dir='ltr'><strong>decem.</strong></span> <span class='ocrx_word' id='word_1_262' title='bbox 758 1657 790 1686; x_wconf 85' lang='lat' dir='ltr'><strong>Et</strong></span> <span class='ocrx_word' id='word_1_263' title='bbox 805 1658 865 1694; x_wconf 58' lang='lat' dir='ltr'><strong>quia</strong></span> <span class='ocrx_word' id='word_1_264' title='bbox 877 1659 951 1693; x_wconf 88' lang='lat' dir='ltr'><strong>prius</strong></span> <span class='ocrx_word' id='word_1_265' title='bbox 963 1658 1006 1687; x_wconf 90' lang='lat' dir='ltr'><strong>di-</strong></span> 
     </span>
    </p>
   </div>
   <div class='ocr_carea' id='block_1_35' title="bbox 209 1704 1006 1742">
    <p class='ocr_par' dir='ltr' id='par_1_35' title="bbox 209 1704 1006 1742">
     <span class='ocr_line' id='line_1_35' title="bbox 209 1704 1006 1742; baseline 0.004 -11"><span class='ocrx_word' id='word_1_266' title='bbox 209 1705 250 1731; x_wconf 82' lang='lat' dir='ltr'><strong>xit</strong></span> <span class='ocrx_word' id='word_1_267' title='bbox 266 1714 273 1732; x_wconf 86' lang='lat'><strong>:</strong></span> <span class='ocrx_word' id='word_1_268' title='bbox 289 1704 380 1732; x_wconf 83' lang='lat' dir='ltr'><strong>Adhuc</strong></span> <span class='ocrx_word' id='word_1_269' title='bbox 391 1705 469 1732; x_wconf 78' lang='lat' dir='ltr'><strong>semet</strong></span> <span class='ocrx_word' id='word_1_270' title='bbox 480 1705 570 1740; x_wconf 87' lang='lat' dir='ltr'><strong>loquar</strong></span> <span class='ocrx_word' id='word_1_271' title='bbox 580 1705 593 1732; x_wconf 63' lang='lat'><strong>.7</strong></span> <span class='ocrx_word' id='word_1_272' title='bbox 606 1706 651 1733; x_wconf 78' lang='grc'><strong>55.</strong></span> <span class='ocrx_word' id='word_1_273' title='bbox 662 1705 740 1740; x_wconf 83' lang='lat' dir='ltr'><strong>Abiit,</strong></span> <span class='ocrx_word' id='word_1_274' title='bbox 769 1706 866 1742; x_wconf 86' lang='lat' dir='ltr'><strong>inquit,</strong></span> <span class='ocrx_word' id='word_1_275' title='bbox 882 1706 1006 1734; x_wconf 69' lang='lat' dir='ltr'><strong>Dominus</strong></span> 
     </span>
    </p>
   </div>
   <div class='ocr_carea' id='block_1_36' title="bbox 209 1751 1006 1788">
    <p class='ocr_par' dir='ltr' id='par_1_36' title="bbox 209 1751 1006 1788">
     <span class='ocr_line' id='line_1_36' title="bbox 209 1751 1006 1788; baseline 0.004 -10"><span class='ocrx_word' id='word_1_276' title='bbox 209 1756 341 1786; x_wconf 75' lang='lat' dir='ltr'><strong>postquam</strong></span> <span class='ocrx_word' id='word_1_277' title='bbox 351 1756 490 1779; x_wconf 73' lang='lat' dir='ltr'><strong>cessaverat</strong></span> <span class='ocrx_word' id='word_1_278' title='bbox 500 1751 567 1788; x_wconf 80' lang='lat' dir='ltr'><strong>loqui</strong></span> <span class='ocrx_word' id='word_1_279' title='bbox 577 1751 703 1786; x_wconf 77' lang='lat' dir='ltr'><strong>Abrahte;</strong></span> <span class='ocrx_word' id='word_1_280' title='bbox 715 1757 737 1780; x_wconf 87' lang='lat' dir='ltr'><strong>et</strong></span> <span class='ocrx_word' id='word_1_281' title='bbox 749 1752 878 1780; x_wconf 74' lang='lat' dir='ltr'><strong>Abraham</strong></span> <span class='ocrx_word' id='word_1_282' title='bbox 893 1761 1006 1781; x_wconf 74' lang='lat' dir='ltr'><strong>reversus</strong></span> 
     </span>
    </p>
   </div>
   <div class='ocr_carea' id='block_1_37' title="bbox 209 1797 1005 1827">
    <p class='ocr_par' dir='ltr' id='par_1_37' title="bbox 209 1797 1005 1827">
     <span class='ocr_line' id='line_1_37' title="bbox 209 1797 1005 1827; baseline 0.001 -2"><span class='ocrx_word' id='word_1_283' title='bbox 209 1803 244 1825; x_wconf 73' lang='lat' dir='ltr'><strong>cst</strong></span> <span class='ocrx_word' id='word_1_284' title='bbox 254 1798 280 1825; x_wconf 85' lang='lat' dir='ltr'><strong>in</strong></span> <span class='ocrx_word' id='word_1_285' title='bbox 298 1797 380 1825; x_wconf 80' lang='lat' dir='ltr'><strong>locum</strong></span> <span class='ocrx_word' id='word_1_286' title='bbox 394 1807 478 1826; x_wconf 75' lang='lat' dir='ltr'><strong>suum.</strong></span> <span class='ocrx_word' id='word_1_287' title='bbox 490 1798 599 1826; x_wconf 87' lang='lat' dir='ltr'><strong>Vidistis</strong></span> <span class='ocrx_word' id='word_1_288' title='bbox 614 1798 757 1826; x_wconf 88' lang='lat' dir='ltr'><strong>Dominum</strong></span> <span class='ocrx_word' id='word_1_289' title='bbox 774 1798 808 1826; x_wconf 86' lang='lat' dir='ltr'><strong>ad</strong></span> <span class='ocrx_word' id='word_1_290' title='bbox 827 1803 946 1827; x_wconf 88' lang='lat' dir='ltr'><strong>nostram</strong></span> <span class='ocrx_word' id='word_1_291' title='bbox 961 1800 1005 1827; x_wconf 75' lang='lat' dir='ltr'><strong>in—</strong></span> 
     </span>
    </p>
   </div>
   <div class='ocr_carea' id='block_1_38' title="bbox 209 1844 1005 1881">
    <p class='ocr_par' dir='ltr' id='par_1_38' title="bbox 209 1844 1005 1881">
     <span class='ocr_line' id='line_1_38' title="bbox 209 1844 1005 1881; baseline 0.003 -10"><span class='ocrx_word' id='word_1_292' title='bbox 209 1844 360 1872; x_wconf 87' lang='lat' dir='ltr'><strong>ﬁrmitatem</strong></span> <span class='ocrx_word' id='word_1_293' title='bbox 375 1852 405 1872; x_wconf 91' lang='lat' dir='ltr'><strong>se</strong></span> <span class='ocrx_word' id='word_1_294' title='bbox 421 1844 619 1872; x_wconf 84' lang='lat' dir='ltr'><strong>demittenlem?</strong></span> <span class='ocrx_word' id='word_1_295' title='bbox 639 1844 742 1872; x_wconf 87' lang='lat' dir='ltr'><strong>vidistis</strong></span> <span class='ocrx_word' id='word_1_296' title='bbox 752 1849 779 1873; x_wconf 89' lang='lat' dir='ltr'><strong>et</strong></span> <span class='ocrx_word' id='word_1_297' title='bbox 790 1845 854 1880; x_wconf 86' lang='lat' dir='ltr'><strong>justi</strong></span> <span class='ocrx_word' id='word_1_298' title='bbox 863 1853 924 1881; x_wconf 78' lang='lat' dir='ltr'><strong>erga</strong></span> <span class='ocrx_word' id='word_1_299' title='bbox 939 1846 1005 1874; x_wconf 84' lang='lat' dir='ltr'><strong>alios</strong></span> 
     </span>
    </p>
   </div>
   <div class='ocr_carea' id='block_1_39' title="bbox 207 1888 1002 1926">
    <p class='ocr_par' dir='ltr' id='par_1_39' title="bbox 207 1888 1002 1926">
     <span class='ocr_line' id='line_1_39' title="bbox 207 1888 1002 1926; baseline 0.003 -10"><span class='ocrx_word' id='word_1_300' title='bbox 207 1888 351 1917; x_wconf 76' lang='lat' dir='ltr'><strong>affectum?</strong></span> <span class='ocrx_word' id='word_1_301' title='bbox 375 1889 504 1917; x_wconf 87' lang='lat' dir='ltr'><strong>didicistis</strong></span> <span class='ocrx_word' id='word_1_302' title='bbox 526 1894 624 1925; x_wconf 85' lang='lat' dir='ltr'><strong>quanta</strong></span> <span class='ocrx_word' id='word_1_303' title='bbox 638 1890 678 1917; x_wconf 89' lang='lat' dir='ltr'><strong>vis</strong></span> <span class='ocrx_word' id='word_1_304' title='bbox 697 1890 732 1918; x_wconf 90' lang='lat' dir='ltr'><strong>sit</strong></span> <span class='ocrx_word' id='word_1_305' title='bbox 746 1898 839 1918; x_wconf 87' lang='lat' dir='ltr'><strong>eorum</strong></span> <span class='ocrx_word' id='word_1_306' title='bbox 853 1891 897 1926; x_wconf 90' lang='lat' dir='ltr'><strong>qui</strong></span> <span class='ocrx_word' id='word_1_307' title='bbox 917 1892 1002 1919; x_wconf 80' lang='lat' dir='ltr'><strong>virtu-</strong></span> 
     </span>
    </p>
   </div>
   <div class='ocr_carea' id='block_1_40' title="bbox 208 1935 1003 1973">
    <p class='ocr_par' dir='ltr' id='par_1_40' title="bbox 208 1935 1003 1973">
     <span class='ocr_line' id='line_1_40' title="bbox 208 1935 1003 1973; baseline 0.004 -11"><span class='ocrx_word' id='word_1_308' title='bbox 208 1940 261 1962; x_wconf 90' lang='lat' dir='ltr'><strong>tem</strong></span> <span class='ocrx_word' id='word_1_309' title='bbox 275 1936 421 1963; x_wconf 82' lang='lat' dir='ltr'><strong>exercent?</strong></span> <span class='ocrx_word' id='word_1_310' title='bbox 433 1935 461 1964; x_wconf 90' lang='lat' dir='ltr'><strong>Si</strong></span> <span class='ocrx_word' id='word_1_311' title='bbox 474 1936 546 1963; x_wconf 88' lang='lat' dir='ltr'><strong>enim</strong></span> <span class='ocrx_word' id='word_1_312' title='bbox 562 1936 661 1964; x_wconf 87' lang='lat' dir='ltr'><strong>inventi</strong></span> <span class='ocrx_word' id='word_1_313' title='bbox 675 1936 784 1969; x_wconf 78' lang='lat' dir='ltr'><strong>iuerint,</strong></span> <span class='ocrx_word' id='word_1_314' title='bbox 799 1937 895 1973; x_wconf 89' lang='lat' dir='ltr'><strong>inquit,</strong></span> <span class='ocrx_word' id='word_1_315' title='bbox 910 1938 1003 1966; x_wconf 86' lang='lat' dir='ltr'><strong>decem</strong></span> 
     </span>
    </p>
   </div>
   <div class='ocr_carea' id='block_1_41' title="bbox 204 1980 1005 2016">
    <p class='ocr_par' dir='ltr' id='par_1_41' title="bbox 204 1980 1005 2016">
     <span class='ocr_line' id='line_1_41' title="bbox 204 1980 1005 2016; baseline 0.007 -10"><span class='ocrx_word' id='word_1_316' title='bbox 204 1980 285 2015; x_wconf 90' lang='lat' dir='ltr'><strong>justi,</strong></span> <span class='ocrx_word' id='word_1_317' title='bbox 311 1985 419 2016; x_wconf 86' lang='lat' dir='ltr'><strong>propter</strong></span> <span class='ocrx_word' id='word_1_318' title='bbox 446 1981 507 2009; x_wconf 92' lang='lat' dir='ltr'><strong>illos</strong></span> <span class='ocrx_word' id='word_1_319' title='bbox 525 1982 651 2012; x_wconf 82' lang='lat' dir='ltr'><strong>omnibus</strong></span> <span class='ocrx_word' id='word_1_320' title='bbox 675 1983 861 2011; x_wconf 89' lang='lat' dir='ltr'><strong>remissionem</strong></span> <span class='ocrx_word' id='word_1_321' title='bbox 885 1985 1005 2012; x_wconf 87' lang='lat' dir='ltr'><strong>concedo</strong></span> 
     </span>
    </p>
   </div>
   <div class='ocr_carea' id='block_1_42' title="bbox 210 2027 1002 2063">
    <p class='ocr_par' dir='ltr' id='par_1_42' title="bbox 210 2027 1002 2063">
     <span class='ocr_line' id='line_1_42' title="bbox 210 2027 1002 2063; baseline 0.006 -10"><span class='ocrx_word' id='word_1_322' title='bbox 210 2030 393 2063; x_wconf 81' lang='lat' dir='ltr'><strong>peccatorum.</strong></span> <span class='ocrx_word' id='word_1_323' title='bbox 410 2027 467 2055; x_wconf 85' lang='lat' dir='ltr'><strong>Non</strong></span> <span class='ocrx_word' id='word_1_324' title='bbox 480 2027 549 2055; x_wconf 86' lang='lat' dir='ltr'><strong>bene</strong></span> <span class='ocrx_word' id='word_1_325' title='bbox 563 2027 693 2061; x_wconf 88' lang='lat' dir='ltr'><strong>dicebam,</strong></span> <span class='ocrx_word' id='word_1_326' title='bbox 704 2028 762 2057; x_wconf 68' lang='lat' dir='ltr'><strong>haec</strong></span> <span class='ocrx_word' id='word_1_327' title='bbox 772 2029 861 2057; x_wconf 87' lang='lat' dir='ltr'><strong>omnia</strong></span> <span class='ocrx_word' id='word_1_328' title='bbox 875 2029 945 2058; x_wconf 82' lang='lat' dir='ltr'><strong>facta</strong></span> <span class='ocrx_word' id='word_1_329' title='bbox 957 2038 1002 2058; x_wconf 91' lang='lat' dir='ltr'><strong>es-</strong></span> 
     </span>
    </p>
   </div>
   <div class='ocr_carea' id='block_1_43' title="bbox 208 2073 1002 2112">
    <p class='ocr_par' dir='ltr' id='par_1_43' title="bbox 208 2073 1002 2112">
     <span class='ocr_line' id='line_1_43' title="bbox 208 2073 1002 2112; baseline 0.005 -12"><span class='ocrx_word' id='word_1_330' title='bbox 208 2080 248 2106; x_wconf 85' lang='lat' dir='ltr'><strong>se,</strong></span> <span class='ocrx_word' id='word_1_331' title='bbox 265 2077 294 2100; x_wconf 93' lang='lat' dir='ltr'><strong>ut</strong></span> <span class='ocrx_word' id='word_1_332' title='bbox 309 2073 380 2101; x_wconf 89' lang='lat' dir='ltr'><strong>nulla</strong></span> <span class='ocrx_word' id='word_1_333' title='bbox 394 2078 487 2110; x_wconf 89' lang='lat' dir='ltr'><strong>postea</strong></span> <span class='ocrx_word' id='word_1_334' title='bbox 500 2074 668 2110; x_wconf 87' lang='lat' dir='ltr'><strong>relinquatur</strong></span> <span class='ocrx_word' id='word_1_335' title='bbox 683 2075 854 2111; x_wconf 88' lang='lat' dir='ltr'><strong>impudenter</strong></span> <span class='ocrx_word' id='word_1_336' title='bbox 868 2075 1002 2112; x_wconf 90' lang='lat' dir='ltr'><strong>loquenti-</strong></span> 
     </span>
    </p>
   </div>
   <div class='ocr_carea' id='block_1_44' title="bbox 205 2119 1000 2151">
    <p class='ocr_par' dir='ltr' id='par_1_44' title="bbox 205 2119 1000 2151">
     <span class='ocr_line' id='line_1_44' title="bbox 205 2119 1000 2151; baseline 0.006 -5"><span class='ocrx_word' id='word_1_337' title='bbox 205 2119 256 2147; x_wconf 83' lang='lat' dir='ltr'><strong>bus</strong></span> <span class='ocrx_word' id='word_1_338' title='bbox 269 2120 466 2149; x_wconf 87' lang='lat' dir='ltr'><strong>contradicendi</strong></span> <span class='ocrx_word' id='word_1_339' title='bbox 481 2121 605 2148; x_wconf 85' lang='lat' dir='ltr'><strong>occasio?</strong></span> <span class='ocrx_word' id='word_1_340' title='bbox 618 2121 763 2149; x_wconf 89' lang='lat' dir='ltr'><strong>Suntenim</strong></span> <span class='ocrx_word' id='word_1_341' title='bbox 773 2122 850 2150; x_wconf 91' lang='lat' dir='ltr'><strong>multi</strong></span> <span class='ocrx_word' id='word_1_342' title='bbox 864 2122 1000 2151; x_wconf 85' lang='lat' dir='ltr'><strong>insanien-</strong></span> 
     </span>
    </p>
   </div>
   <div class='ocr_carea' id='block_1_45' title="bbox 206 2166 1000 2204">
    <p class='ocr_par' dir='ltr' id='par_1_45' title="bbox 206 2166 1000 2204">
     <span class='ocr_line' id='line_1_45' title="bbox 206 2166 1000 2204; baseline 0.005 -11"><span class='ocrx_word' id='word_1_343' title='bbox 206 2166 282 2199; x_wconf 88' lang='lat' dir='ltr'><strong>tium,</strong></span> <span class='ocrx_word' id='word_1_344' title='bbox 298 2167 343 2202; x_wconf 87' lang='lat' dir='ltr'><strong>qui</strong></span> <span class='ocrx_word' id='word_1_345' title='bbox 367 2166 463 2194; x_wconf 84' lang='lat' dir='ltr'><strong>inireni</strong></span> <span class='ocrx_word' id='word_1_346' title='bbox 488 2166 576 2202; x_wconf 90' lang='lat' dir='ltr'><strong>lingua</strong></span> <span class='ocrx_word' id='word_1_347' title='bbox 588 2171 616 2195; x_wconf 90' lang='lat' dir='ltr'><strong>et</strong></span> <span class='ocrx_word' id='word_1_348' title='bbox 638 2167 838 2204; x_wconf 88' lang='lat' dir='ltr'><strong>reprehendere</strong></span> <span class='ocrx_word' id='word_1_349' title='bbox 857 2173 885 2197; x_wconf 89' lang='lat' dir='ltr'><strong>et</strong></span> <span class='ocrx_word' id='word_1_350' title='bbox 909 2168 1000 2198; x_wconf 88' lang='lat' dir='ltr'><strong>dicere</strong></span> 
     </span>
    </p>
   </div>
   <div class='ocr_carea' id='block_1_46' title="bbox 205 2212 1001 2249">
    <p class='ocr_par' dir='ltr' id='par_1_46' title="bbox 205 2212 1001 2249">
     <span class='ocr_line' id='line_1_46' title="bbox 205 2212 1001 2249; baseline 0.004 -10"><span class='ocrx_word' id='word_1_351' title='bbox 205 2212 305 2240; x_wconf 83' lang='lat' dir='ltr'><strong>audent</strong></span> <span class='ocrx_word' id='word_1_352' title='bbox 322 2221 329 2240; x_wconf 89' lang='lat'><strong>:</strong></span> <span class='ocrx_word' id='word_1_353' title='bbox 351 2212 440 2246; x_wconf 84' lang='lat' dir='ltr'><strong>Quare</strong></span> <span class='ocrx_word' id='word_1_354' title='bbox 463 2212 572 2240; x_wconf 84' lang='lat' dir='ltr'><strong>incensa</strong></span> <span class='ocrx_word' id='word_1_355' title='bbox 593 2218 656 2241; x_wconf 86' lang='lat' dir='ltr'><strong>sunt</strong></span> <span class='ocrx_word' id='word_1_356' title='bbox 677 2213 812 2242; x_wconf 80' lang='lat' dir='ltr'><strong>Sodoma?</strong></span> <span class='ocrx_word' id='word_1_357' title='bbox 827 2214 855 2242; x_wconf 90' lang='lat' dir='ltr'><strong>Si</strong></span> <span class='ocrx_word' id='word_1_358' title='bbox 869 2215 1001 2249; x_wconf 87' lang='lat' dir='ltr'><strong>patienter</strong></span> 
     </span>
    </p>
   </div>
   <div class='ocr_carea' id='block_1_47' title="bbox 205 2257 997 2296">
    <p class='ocr_par' dir='ltr' id='par_1_47' title="bbox 205 2257 997 2296">
     <span class='ocr_line' id='line_1_47' title="bbox 205 2257 997 2296; baseline 0.003 -9"><span class='ocrx_word' id='word_1_359' title='bbox 205 2258 309 2287; x_wconf 81' lang='lat' dir='ltr'><strong>tulisset</strong></span> <span class='ocrx_word' id='word_1_360' title='bbox 330 2265 377 2286; x_wconf 89' lang='lat' dir='ltr'><strong>eos</strong></span> <span class='ocrx_word' id='word_1_361' title='bbox 403 2257 546 2291; x_wconf 88' lang='lat' dir='ltr'><strong>Dominus,</strong></span> <span class='ocrx_word' id='word_1_362' title='bbox 572 2258 641 2286; x_wconf 87' lang='lat' dir='ltr'><strong>forte</strong></span> <span class='ocrx_word' id='word_1_363' title='bbox 663 2259 848 2294; x_wconf 67' lang='lat' dir='ltr'><strong>paenitentiam</strong></span> <span class='ocrx_word' id='word_1_364' title='bbox 871 2261 997 2296; x_wconf 79' lang='lat' dir='ltr'><strong>egissent.</strong></span> 
     </span>
    </p>
   </div>
   <div class='ocr_carea' id='block_1_48' title="bbox 205 2304 999 2341">
    <p class='ocr_par' dir='ltr' id='par_1_48' title="bbox 205 2304 999 2341">
     <span class='ocr_line' id='line_1_48' title="bbox 205 2304 999 2341; baseline 0.004 -9"><span class='ocrx_word' id='word_1_365' title='bbox 205 2304 319 2340; x_wconf 85' lang='lat' dir='ltr'><strong>Propter</strong></span> <span class='ocrx_word' id='word_1_366' title='bbox 334 2304 384 2332; x_wconf 92' lang='lat' dir='ltr'><strong>hoc</strong></span> <span class='ocrx_word' id='word_1_367' title='bbox 397 2304 569 2333; x_wconf 86' lang='lat' dir='ltr'><strong>ostendittibi</strong></span> <span class='ocrx_word' id='word_1_368' title='bbox 584 2305 709 2340; x_wconf 76' lang='lat' dir='ltr'><strong>nequitia:</strong></span> <span class='ocrx_word' id='word_1_369' title='bbox 722 2307 947 2341; x_wconf 83' lang='lat' dir='ltr'><strong>exsuperantiam;</strong></span> <span class='ocrx_word' id='word_1_370' title='bbox 962 2307 999 2335; x_wconf 89' lang='lat' dir='ltr'><strong>ita</strong></span> 
     </span>
    </p>
   </div>
   <div class='ocr_carea' id='block_1_49' title="bbox 204 2344 996 2387">
    <p class='ocr_par' dir='ltr' id='par_1_49' title="bbox 204 2344 996 2387">
     <span class='ocr_line' id='line_1_49' title="bbox 204 2344 996 2387; baseline 0.004 -9"><span class='ocrx_word' id='word_1_371' title='bbox 204 2354 234 2378; x_wconf 90' lang='lat' dir='ltr'><strong>ut</strong></span> <span class='ocrx_word' id='word_1_372' title='bbox 247 2351 274 2378; x_wconf 88' lang='lat' dir='ltr'><strong>in</strong></span> <span class='ocrx_word' id='word_1_373' title='bbox 290 2344 361 2378; x_wconf 78' lang='lat' dir='ltr'><strong>tanta</strong></span> <span class='ocrx_word' id='word_1_374' title='bbox 380 2350 550 2379; x_wconf 89' lang='lat' dir='ltr'><strong>multitudine</strong></span> <span class='ocrx_word' id='word_1_375' title='bbox 574 2355 645 2378; x_wconf 79' lang='lat' dir='ltr'><strong>tanta</strong></span> <span class='ocrx_word' id='word_1_376' title='bbox 664 2351 770 2379; x_wconf 88' lang='lat' dir='ltr'><strong>virtutis</strong></span> <span class='ocrx_word' id='word_1_377' title='bbox 784 2353 891 2387; x_wconf 91' lang='lat' dir='ltr'><strong>penuria</strong></span> <span class='ocrx_word' id='word_1_378' title='bbox 907 2352 996 2387; x_wconf 88' lang='lat' dir='ltr'><strong>fuerit,</strong></span> 
     </span>
    </p>
   </div>
   <div class='ocr_carea' id='block_1_50' title="bbox 204 2395 997 2436">
    <p class='ocr_par' dir='ltr' id='par_1_50' title="bbox 204 2395 997 2436">
     <span class='ocr_line' id='line_1_50' title="bbox 204 2395 997 2436; baseline 0.006 -13"><span class='ocrx_word' id='word_1_379' title='bbox 204 2400 233 2423; x_wconf 90' lang='lat' dir='ltr'><strong>ut</strong></span> <span class='ocrx_word' id='word_1_380' title='bbox 247 2396 300 2424; x_wconf 75' lang='lat' dir='ltr'><strong>alio</strong></span> <span class='ocrx_word' id='word_1_381' title='bbox 311 2395 433 2432; x_wconf 84' lang='lat' dir='ltr'><strong>quodam</strong></span> <span class='ocrx_word' id='word_1_382' title='bbox 448 2396 549 2424; x_wconf 86' lang='lat' dir='ltr'><strong>diluvio</strong></span> <span class='ocrx_word' id='word_1_383' title='bbox 564 2396 704 2432; x_wconf 77' lang='lat' dir='ltr'><strong>indigeret,</strong></span> <span class='ocrx_word' id='word_1_384' title='bbox 726 2402 753 2426; x_wconf 88' lang='lat' dir='ltr'><strong>et</strong></span> <span class='ocrx_word' id='word_1_385' title='bbox 775 2398 853 2433; x_wconf 84' lang='lat' dir='ltr'><strong>quale</strong></span> <span class='ocrx_word' id='word_1_386' title='bbox 873 2399 948 2436; x_wconf 85' lang='lat' dir='ltr'><strong>prius</strong></span> <span class='ocrx_word' id='word_1_387' title='bbox 970 2401 997 2428; x_wconf 92' lang='lat' dir='ltr'><strong>in</strong></span> 
     </span>
    </p>
   </div>
   <div class='ocr_carea' id='block_1_51' title="bbox 205 2440 998 2479">
    <p class='ocr_par' dir='ltr' id='par_1_51' title="bbox 205 2440 998 2479">
     <span class='ocr_line' id='line_1_51' title="bbox 205 2440 998 2479; baseline 0.008 -11"><span class='ocrx_word' id='word_1_388' title='bbox 205 2441 305 2472; x_wconf 82' lang='lat' dir='ltr'><strong>mundo</strong></span> <span class='ocrx_word' id='word_1_389' title='bbox 323 2440 380 2468; x_wconf 80' lang='lat' dir='ltr'><strong>fuit.</strong></span> <span class='ocrx_word' id='word_1_390' title='bbox 398 2441 451 2469; x_wconf 87' lang='lat' dir='ltr'><strong>Sed</strong></span> <span class='ocrx_word' id='word_1_391' title='bbox 477 2441 537 2477; x_wconf 86' lang='lat' dir='ltr'><strong>quia</strong></span> <span class='ocrx_word' id='word_1_392' title='bbox 549 2442 690 2477; x_wconf 86' lang='lat' dir='ltr'><strong>promissio</strong></span> <span class='ocrx_word' id='word_1_393' title='bbox 701 2442 748 2471; x_wconf 88' lang='lat' dir='ltr'><strong>Dei</strong></span> <span class='ocrx_word' id='word_1_394' title='bbox 764 2449 816 2479; x_wconf 88' lang='lat' dir='ltr'><strong>est,</strong></span> <span class='ocrx_word' id='word_1_395' title='bbox 840 2449 867 2473; x_wconf 90' lang='lat' dir='ltr'><strong>ut</strong></span> <span class='ocrx_word' id='word_1_396' title='bbox 882 2453 936 2473; x_wconf 89' lang='lat' dir='ltr'><strong>non</strong></span> <span class='ocrx_word' id='word_1_397' title='bbox 957 2446 998 2474; x_wconf 91' lang='lat' dir='ltr'><strong>ul-</strong></span> 
     </span>
    </p>
   </div>
   <div class='ocr_carea' id='block_1_52' title="bbox 204 2487 994 2528">
    <p class='ocr_par' dir='ltr' id='par_1_52' title="bbox 204 2487 994 2528">
     <span class='ocr_line' id='line_1_52' title="bbox 204 2487 994 2528; baseline 0.009 -14"><span class='ocrx_word' id='word_1_398' title='bbox 204 2491 242 2514; x_wconf 90' lang='lat' dir='ltr'><strong>tra</strong></span> <span class='ocrx_word' id='word_1_399' title='bbox 257 2487 309 2515; x_wconf 87' lang='lat' dir='ltr'><strong>talo</strong></span> <span class='ocrx_word' id='word_1_400' title='bbox 327 2487 456 2515; x_wconf 80' lang='lat' dir='ltr'><strong>inferatur</strong></span> <span class='ocrx_word' id='word_1_401' title='bbox 476 2488 648 2523; x_wconf 88' lang='lat' dir='ltr'><strong>supplicium,</strong></span> <span class='ocrx_word' id='word_1_402' title='bbox 663 2494 802 2525; x_wconf 84' lang='lat' dir='ltr'><strong>propterea</strong></span> <span class='ocrx_word' id='word_1_403' title='bbox 817 2491 899 2520; x_wconf 89' lang='lat' dir='ltr'><strong>alium</strong></span> <span class='ocrx_word' id='word_1_404' title='bbox 908 2500 994 2528; x_wconf 68' lang='lat' dir='ltr'><strong>pmnm</strong></span> 
     </span>
    </p>
   </div>
   <div class='ocr_carea' id='block_1_53' title="bbox 202 2533 995 2574">
    <p class='ocr_par' dir='ltr' id='par_1_53' title="bbox 202 2533 995 2574">
     <span class='ocr_line' id='line_1_53' title="bbox 202 2533 995 2574; baseline 0.008 -13"><span class='ocrx_word' id='word_1_405' title='bbox 202 2533 312 2561; x_wconf 90' lang='lat' dir='ltr'><strong>modum</strong></span> <span class='ocrx_word' id='word_1_406' title='bbox 325 2533 467 2569; x_wconf 79' lang='lat' dir='ltr'><strong>excogitat,</strong></span> <span class='ocrx_word' id='word_1_407' title='bbox 481 2533 560 2561; x_wconf 89' lang='lat' dir='ltr'><strong>simul</strong></span> <span class='ocrx_word' id='word_1_408' title='bbox 570 2533 604 2562; x_wconf 92' lang='lat' dir='ltr'><strong>de</strong></span> <span class='ocrx_word' id='word_1_409' title='bbox 617 2534 669 2563; x_wconf 91' lang='lat' dir='ltr'><strong>illis</strong></span> <span class='ocrx_word' id='word_1_410' title='bbox 682 2543 774 2570; x_wconf 60' lang='lat' dir='ltr'><strong>poenas</strong></span> <span class='ocrx_word' id='word_1_411' title='bbox 785 2543 894 2566; x_wconf 83' lang='lat' dir='ltr'><strong>sumens</strong></span> <span class='ocrx_word' id='word_1_412' title='bbox 907 2543 934 2566; x_wconf 90' lang='lat' dir='ltr'><strong>et</strong></span> <span class='ocrx_word' id='word_1_413' title='bbox 944 2546 995 2574; x_wconf 81' lang='lat' dir='ltr'><strong>po-</strong></span> 
     </span>
    </p>
   </div>
   <div class='ocr_carea' id='block_1_54' title="bbox 202 2578 994 2620">
    <p class='ocr_par' dir='ltr' id='par_1_54' title="bbox 202 2578 994 2620">
     <span class='ocr_line' id='line_1_54' title="bbox 202 2578 994 2620; baseline 0.011 -15"><span class='ocrx_word' id='word_1_414' title='bbox 202 2578 282 2606; x_wconf 75' lang='lat' dir='ltr'><strong>steris</strong></span> <span class='ocrx_word' id='word_1_415' title='bbox 297 2578 421 2606; x_wconf 85' lang='lat' dir='ltr'><strong>omnibus</strong></span> <span class='ocrx_word' id='word_1_416' title='bbox 438 2585 593 2614; x_wconf 87' lang='lat' dir='ltr'><strong>perpetuam</strong></span> <span class='ocrx_word' id='word_1_417' title='bbox 607 2581 727 2616; x_wconf 60' lang='lat' dir='ltr'><strong>praebens</strong></span> <span class='ocrx_word' id='word_1_418' title='bbox 742 2582 901 2612; x_wconf 87' lang='lat' dir='ltr'><strong>doctrinam.</strong></span> <span class='ocrx_word' id='word_1_419' title='bbox 921 2585 994 2620; x_wconf 83' lang='lat' dir='ltr'><strong>Quo-</strong></span> 
     </span>
    </p>
   </div>
   <div class='ocr_carea' id='block_1_55' title="bbox 201 2623 978 2663">
    <p class='ocr_par' dir='ltr' id='par_1_55' title="bbox 201 2623 978 2663">
     <span class='ocr_line' id='line_1_55' title="bbox 201 2623 978 2663; baseline 0.01 -11"><span class='ocrx_word' id='word_1_420' title='bbox 201 2623 273 2652; x_wconf 81' lang='lat' dir='ltr'><strong>niam</strong></span> <span class='ocrx_word' id='word_1_421' title='bbox 283 2625 354 2652; x_wconf 88' lang='lat' dir='ltr'><strong>enim</strong></span> <span class='ocrx_word' id='word_1_422' title='bbox 365 2629 466 2653; x_wconf 64' lang='lat' dir='ltr'><strong>naturai</strong></span> <span class='ocrx_word' id='word_1_423' title='bbox 476 2626 547 2661; x_wconf 75' lang='lat' dir='ltr'><strong>leges</strong></span> <span class='ocrx_word' id='word_1_424' title='bbox 560 2627 756 2663; x_wconf 88' lang='lat' dir='ltr'><strong>subverterant,</strong></span> <span class='ocrx_word' id='word_1_425' title='bbox 779 2635 807 2658; x_wconf 85' lang='lat' dir='ltr'><strong>et</strong></span> <span class='ocrx_word' id='word_1_426' title='bbox 826 2632 928 2660; x_wconf 84' lang='lat' dir='ltr'><strong>alienos</strong></span> <span class='ocrx_word' id='word_1_427' title='bbox 940 2633 978 2660; x_wconf 91' lang='lat' dir='ltr'><strong>illi</strong></span> 
     </span>
    </p>
   </div>
   <div class='ocr_carea' id='block_1_56' title="bbox 200 2670 992 2716">
    <p class='ocr_par' dir='ltr' id='par_1_56' title="bbox 200 2670 992 2716">
     <span class='ocr_line' id='line_1_56' title="bbox 200 2670 992 2716; baseline 0.015 -20"><span class='ocrx_word' id='word_1_428' title='bbox 200 2670 321 2706; x_wconf 81' lang='lat' dir='ltr'><strong>citosque</strong></span> <span class='ocrx_word' id='word_1_429' title='bbox 333 2671 518 2707; x_wconf 80' lang='lat' dir='ltr'><strong>excogitarant</strong></span> <span class='ocrx_word' id='word_1_430' title='bbox 529 2674 625 2708; x_wconf 87' lang='lat' dir='ltr'><strong>coitus,</strong></span> <span class='ocrx_word' id='word_1_431' title='bbox 637 2675 736 2704; x_wconf 91' lang='lat' dir='ltr'><strong>idcirco</strong></span> <span class='ocrx_word' id='word_1_432' title='bbox 745 2677 880 2706; x_wconf 86' lang='lat' dir='ltr'><strong>insolitum</strong></span> <span class='ocrx_word' id='word_1_433' title='bbox 890 2680 992 2716; x_wconf 84' lang='lat' dir='ltr'><strong>suppli-</strong></span> 
     </span>
    </p>
   </div>
   <div class='ocr_carea' id='block_1_57' title="bbox 200 2716 993 2760">
    <p class='ocr_par' dir='ltr' id='par_1_57' title="bbox 200 2716 993 2760">
     <span class='ocr_line' id='line_1_57' title="bbox 200 2716 993 2760; baseline 0.015 -17"><span class='ocrx_word' id='word_1_434' title='bbox 200 2716 235 2744; x_wconf 86' lang='lat' dir='ltr'><strong>cii</strong></span> <span class='ocrx_word' id='word_1_435' title='bbox 260 2716 369 2745; x_wconf 86' lang='lat' dir='ltr'><strong>modum</strong></span> <span class='ocrx_word' id='word_1_436' title='bbox 385 2717 488 2746; x_wconf 83' lang='lat' dir='ltr'><strong>induxit</strong></span> <span class='ocrx_word' id='word_1_437' title='bbox 508 2725 620 2756; x_wconf 88' lang='lat' dir='ltr'><strong>propter</strong></span> <span class='ocrx_word' id='word_1_438' title='bbox 643 2721 750 2751; x_wconf 82' lang='lat' dir='ltr'><strong>illorum</strong></span> <span class='ocrx_word' id='word_1_439' title='bbox 763 2724 929 2760; x_wconf 81' lang='lat' dir='ltr'><strong>iniquitatem</strong></span> <span class='ocrx_word' id='word_1_440' title='bbox 942 2735 949 2753; x_wconf 91' lang='lat'>:</span> <span class='ocrx_word' id='word_1_441' title='bbox 964 2732 993 2756; x_wconf 88' lang='lat' dir='ltr'><strong>et</strong></span> 
     </span>
    </p>
   </div>
   <div class='ocr_carea' id='block_1_58' title="bbox 201 2762 991 2805">
    <p class='ocr_par' dir='ltr' id='par_1_58' title="bbox 201 2762 991 2805">
     <span class='ocr_line' id='line_1_58' title="bbox 201 2762 991 2805; baseline 0.014 -16"><span class='ocrx_word' id='word_1_442' title='bbox 201 2767 280 2792; x_wconf 74' lang='lat' dir='ltr'><strong>terrae</strong></span> <span class='ocrx_word' id='word_1_443' title='bbox 292 2762 393 2791; x_wconf 82' lang='lat' dir='ltr'><strong>viscera</strong></span> <span class='ocrx_word' id='word_1_444' title='bbox 408 2763 509 2793; x_wconf 84' lang='lat' dir='ltr'><strong>inutilia</strong></span> <span class='ocrx_word' id='word_1_445' title='bbox 523 2765 649 2801; x_wconf 85' lang='lat' dir='ltr'><strong>reddens,</strong></span> <span class='ocrx_word' id='word_1_446' title='bbox 665 2773 692 2796; x_wconf 91' lang='lat' dir='ltr'><strong>et</strong></span> <span class='ocrx_word' id='word_1_447' title='bbox 705 2768 798 2800; x_wconf 87' lang='lat' dir='ltr'><strong>relicto</strong></span> <span class='ocrx_word' id='word_1_448' title='bbox 810 2771 923 2805; x_wconf 87' lang='lat' dir='ltr'><strong>posteris</strong></span> <span class='ocrx_word' id='word_1_449' title='bbox 933 2779 991 2800; x_wconf 85' lang='lat' dir='ltr'><strong>mo-</strong></span> 
     </span>
    </p>
   </div>
   <div class='ocr_carea' id='block_1_59' title="bbox 199 2808 991 2850">
    <p class='ocr_par' dir='ltr' id='par_1_59' title="bbox 199 2808 991 2850">
     <span class='ocr_line' id='line_1_59' title="bbox 199 2808 991 2850; baseline 0.013 -13"><span class='ocrx_word' id='word_1_450' title='bbox 199 2808 320 2837; x_wconf 77' lang='lat' dir='ltr'><strong>nimento</strong></span> <span class='ocrx_word' id='word_1_451' title='bbox 334 2814 470 2845; x_wconf 84' lang='lat' dir='ltr'><strong>perpetuo,</strong></span> <span class='ocrx_word' id='word_1_452' title='bbox 485 2815 514 2839; x_wconf 88' lang='lat' dir='ltr'><strong>ut</strong></span> <span class='ocrx_word' id='word_1_453' title='bbox 533 2820 569 2840; x_wconf 84' lang='lat' dir='ltr'><strong>ne</strong></span> <span class='ocrx_word' id='word_1_454' title='bbox 588 2813 682 2842; x_wconf 84' lang='lat' dir='ltr'><strong>eadem</strong></span> <span class='ocrx_word' id='word_1_455' title='bbox 696 2816 812 2850; x_wconf 58' lang='lat' dir='ltr'><strong>aggressi</strong></span> <span class='ocrx_word' id='word_1_456' title='bbox 835 2817 860 2845; x_wconf 95' lang='lat' dir='ltr'><strong>in</strong></span> <span class='ocrx_word' id='word_1_457' title='bbox 883 2816 991 2847; x_wconf 83' lang='lat' dir='ltr'><strong>easdem</strong></span> 
     </span>
    </p>
   </div>
   <div class='ocr_carea' id='block_1_60' title="bbox 199 2854 987 2901">
    <p class='ocr_par' dir='ltr' id='par_1_60' title="bbox 199 2854 987 2901">
     <span class='ocr_line' id='line_1_60' title="bbox 199 2854 987 2901; baseline 0.01 -16"><span class='ocrx_word' id='word_1_458' title='bbox 199 2854 315 2886; x_wconf 77' lang='lat' dir='ltr'><strong>incidant</strong></span> <span class='ocrx_word' id='word_1_459' title='bbox 328 2863 430 2893; x_wconf 67' lang='lat' dir='ltr'><strong>parias.</strong></span> <span class='ocrx_word' id='word_1_460' title='bbox 448 2857 618 2887; x_wconf 85' lang='lat' dir='ltr'><strong>Licetautem</strong></span> <span class='ocrx_word' id='word_1_461' title='bbox 630 2860 727 2890; x_wconf 83' lang='lat' dir='ltr'><strong>volenti</strong></span> <span class='ocrx_word' id='word_1_462' title='bbox 744 2862 777 2890; x_wconf 89' lang='lat' dir='ltr'><strong>ad</strong></span> <span class='ocrx_word' id='word_1_463' title='bbox 790 2863 846 2891; x_wconf 77' lang='lat' dir='ltr'><strong>loca</strong></span> <span class='ocrx_word' id='word_1_464' title='bbox 863 2865 905 2892; x_wconf 82' lang='lat' dir='ltr'><strong>illa</strong></span> <span class='ocrx_word' id='word_1_465' title='bbox 925 2873 987 2901; x_wconf 63' lang='lat' dir='ltr'><strong>per»</strong></span> 
     </span>
    </p>
   </div>
   <div class='ocr_carea' id='block_1_61' title="bbox 566 123 1476 155">
    <p class='ocr_par' dir='ltr' id='par_1_61' title="bbox 566 123 1476 155">
     <span class='ocr_line' id='line_1_61' title="bbox 566 123 1476 155; baseline -0.001 0"><span class='ocrx_word' id='word_1_466' title='bbox 566 127 594 155; x_wconf 86' lang='lat' dir='ltr'><strong>S.</strong></span> <span class='ocrx_word' id='word_1_467' title='bbox 615 127 754 155; x_wconf 66' lang='lat' dir='ltr'><strong>JOANNIS</strong></span> <span class='ocrx_word' id='word_1_468' title='bbox 772 123 1010 154; x_wconf 71' lang='lat' dir='ltr'><strong>CHRYSOSTOMI</strong></span> <span class='ocrx_word' id='word_1_469' title='bbox 1030 123 1189 152; x_wconf 75' lang='lat' dir='ltr'><strong>ARCIIIEP.</strong></span> <span class='ocrx_word' id='word_1_470' title='bbox 1208 124 1476 154; x_wconf 63' lang='lat' dir='ltr'><strong>CONSTANTINOP.</strong></span> 
     </span>
    </p>
   </div>
   <div class='ocr_carea' id='block_1_62' title="bbox 1793 131 1848 159">
    <p class='ocr_par' dir='ltr' id='par_1_62' title="bbox 1793 131 1848 159">
     <span class='ocr_line' id='line_1_62' title="bbox 1793 131 1848 159; baseline 0 0"><span class='ocrx_word' id='word_1_471' title='bbox 1793 131 1848 159; x_wconf 67' lang='lat'><strong>392</strong></span> 
     </span>
    </p>
   </div>
   <div class='ocr_carea' id='block_1_63' title="bbox 1059 182 1853 218">
    <p class='ocr_par' dir='ltr' id='par_1_63' title="bbox 1059 182 1853 218">
     <span class='ocr_line' id='line_1_63' title="bbox 1059 182 1853 218; baseline 0.005 -8"><span class='ocrx_word' id='word_1_472' title='bbox 1059 189 1123 218; x_wconf 81' lang='lat' dir='ltr'><strong>gere</strong></span> <span class='ocrx_word' id='word_1_473' title='bbox 1136 182 1228 211; x_wconf 85' lang='lat' dir='ltr'><strong>videre</strong></span> <span class='ocrx_word' id='word_1_474' title='bbox 1243 183 1328 218; x_wconf 86' lang='lat' dir='ltr'><strong>ipsam</strong></span> <span class='ocrx_word' id='word_1_475' title='bbox 1342 189 1440 213; x_wconf 86' lang='lat' dir='ltr'><strong>terram</strong></span> <span class='ocrx_word' id='word_1_476' title='bbox 1451 205 1458 217; x_wconf 91' lang='lat'><strong>,</strong></span> <span class='ocrx_word' id='word_1_477' title='bbox 1472 189 1501 212; x_wconf 85' lang='lat' dir='ltr'><strong>ut</strong></span> <span class='ocrx_word' id='word_1_478' title='bbox 1518 184 1554 212; x_wconf 90' lang='lat' dir='ltr'><strong>ita</strong></span> <span class='ocrx_word' id='word_1_479' title='bbox 1568 184 1671 218; x_wconf 82' lang='lat' dir='ltr'><strong>dicam,</strong></span> <span class='ocrx_word' id='word_1_480' title='bbox 1692 185 1853 214; x_wconf 78' lang='lat' dir='ltr'><strong>clamantem</strong></span> 
     </span>
    </p>
   </div>
   <div class='ocr_carea' id='block_1_64' title="bbox 1058 228 1852 267">
    <p class='ocr_par' dir='ltr' id='par_1_64' title="bbox 1058 228 1852 267">
     <span class='ocr_line' id='line_1_64' title="bbox 1058 228 1852 267; baseline 0.005 -11"><span class='ocrx_word' id='word_1_481' title='bbox 1058 233 1086 256; x_wconf 91' lang='lat' dir='ltr'><strong>et</strong></span> <span class='ocrx_word' id='word_1_482' title='bbox 1098 228 1285 257; x_wconf 88' lang='lat' dir='ltr'><strong>ostendentem</strong></span> <span class='ocrx_word' id='word_1_483' title='bbox 1299 231 1421 266; x_wconf 86' lang='lat' dir='ltr'><strong>supplicii</strong></span> <span class='ocrx_word' id='word_1_484' title='bbox 1430 231 1540 266; x_wconf 78' lang='lat' dir='ltr'><strong>vestigia</strong></span> <span class='ocrx_word' id='word_1_485' title='bbox 1549 236 1609 267; x_wconf 56' lang='lat' dir='ltr'><strong>post</strong></span> <span class='ocrx_word' id='word_1_486' title='bbox 1623 237 1677 260; x_wconf 83' lang='lat' dir='ltr'><strong>tam</strong></span> <span class='ocrx_word' id='word_1_487' title='bbox 1690 232 1790 260; x_wconf 75' lang='lat' dir='ltr'><strong>multos</strong></span> <span class='ocrx_word' id='word_1_488' title='bbox 1802 239 1852 260; x_wconf 80' lang='lat' dir='ltr'><strong>an-</strong></span> 
     </span>
    </p>
   </div>
   <div class='ocr_carea' id='block_1_65' title="bbox 1058 276 1853 313">
    <p class='ocr_par' dir='ltr' id='par_1_65' title="bbox 1058 276 1853 313">
     <span class='ocr_line' id='line_1_65' title="bbox 1058 276 1853 313; baseline 0.006 -11"><span class='ocrx_word' id='word_1_489' title='bbox 1058 283 1119 310; x_wconf 90' lang='lat' dir='ltr'><strong>nos,</strong></span> <span class='ocrx_word' id='word_1_490' title='bbox 1135 276 1211 311; x_wconf 86' lang='lat' dir='ltr'><strong>quasi</strong></span> <span class='ocrx_word' id='word_1_491' title='bbox 1227 276 1283 304; x_wconf 89' lang='lat' dir='ltr'><strong>heri</strong></span> <span class='ocrx_word' id='word_1_492' title='bbox 1305 277 1348 305; x_wconf 85' lang='lat' dir='ltr'><strong>vel</strong></span> <span class='ocrx_word' id='word_1_493' title='bbox 1369 277 1449 305; x_wconf 86' lang='lat' dir='ltr'><strong>hodie</strong></span> <span class='ocrx_word' id='word_1_494' title='bbox 1468 278 1597 313; x_wconf 83' lang='lat' dir='ltr'><strong>impressa</strong></span> <span class='ocrx_word' id='word_1_495' title='bbox 1612 287 1619 306; x_wconf 90' lang='lat'><strong>:</strong></span> <span class='ocrx_word' id='word_1_496' title='bbox 1642 284 1696 306; x_wconf 85' lang='lat' dir='ltr'><strong>tam</strong></span> <span class='ocrx_word' id='word_1_497' title='bbox 1712 278 1853 307; x_wconf 78' lang='lat' dir='ltr'><strong>manifesta</strong></span> 
     </span>
    </p>
   </div>
   <div class='ocr_carea' id='block_1_66' title="bbox 1057 322 1852 361">
    <p class='ocr_par' dir='ltr' id='par_1_66' title="bbox 1057 322 1852 361">
     <span class='ocr_line' id='line_1_66' title="bbox 1057 322 1852 361; baseline 0.006 -13"><span class='ocrx_word' id='word_1_498' title='bbox 1057 322 1207 350; x_wconf 82' lang='lat' dir='ltr'><strong>ostenditur</strong></span> <span class='ocrx_word' id='word_1_499' title='bbox 1221 322 1377 359; x_wconf 80' lang='lat' dir='ltr'><strong>indignatio.</strong></span> <span class='ocrx_word' id='word_1_500' title='bbox 1390 324 1452 352; x_wconf 88' lang='lat' dir='ltr'><strong>Ideo</strong></span> <span class='ocrx_word' id='word_1_501' title='bbox 1462 325 1585 359; x_wconf 87' lang='lat' dir='ltr'><strong>obsecro,</strong></span> <span class='ocrx_word' id='word_1_502' title='bbox 1594 329 1624 352; x_wconf 88' lang='lat' dir='ltr'><strong>ut</strong></span> <span class='ocrx_word' id='word_1_503' title='bbox 1637 325 1718 353; x_wconf 79' lang='lat' dir='ltr'><strong>alieni</strong></span> <span class='ocrx_word' id='word_1_504' title='bbox 1730 325 1852 361; x_wconf 84' lang='lat' dir='ltr'><strong>supplicii</strong></span> 
     </span>
    </p>
   </div>
   <div class='ocr_carea' id='block_1_67' title="bbox 1057 368 1422 405">
    <p class='ocr_par' dir='ltr' id='par_1_67' title="bbox 1057 368 1422 405">
     <span class='ocr_line' id='line_1_67' title="bbox 1057 368 1422 405; baseline 0.005 -10"><span class='ocrx_word' id='word_1_505' title='bbox 1057 368 1180 403; x_wconf 88' lang='lat' dir='ltr'><strong>exemplo</strong></span> <span class='ocrx_word' id='word_1_506' title='bbox 1196 376 1244 396; x_wconf 86' lang='lat' dir='ltr'><strong>nos</strong></span> <span class='ocrx_word' id='word_1_507' title='bbox 1252 369 1422 405; x_wconf 76' lang='lat' dir='ltr'><strong>castigemur.</strong></span> 
     </span>
    </p>
   </div>
   <div class='ocr_carea' id='block_1_68' title="bbox 1095 413 1856 451">
    <p class='ocr_par' dir='ltr' id='par_1_68' title="bbox 1095 413 1856 451">
     <span class='ocr_line' id='line_1_68' title="bbox 1095 413 1856 451; baseline 0.004 -10"><span class='ocrx_word' id='word_1_508' title='bbox 1095 413 1144 442; x_wconf 83' lang='lat' dir='ltr'><strong>Hic</strong></span> <span class='ocrx_word' id='word_1_509' title='bbox 1153 415 1256 451; x_wconf 78' lang='lat' dir='ltr'><strong>impune</strong></span> <span class='ocrx_word' id='word_1_510' title='bbox 1264 420 1393 451; x_wconf 74' lang='lat' dir='ltr'><strong>peccantes</strong></span> <span class='ocrx_word' id='word_1_511' title='bbox 1400 417 1515 444; x_wconf 72' lang='lat' dir='ltr'><strong>acerbius</strong></span> <span class='ocrx_word' id='word_1_512' title='bbox 1525 416 1693 451; x_wconf 68' lang='lat' dir='ltr'><strong>punientnrin</strong></span> <span class='ocrx_word' id='word_1_513' title='bbox 1702 416 1783 445; x_wconf 84' lang='lat' dir='ltr'><strong>altera</strong></span> <span class='ocrx_word' id='word_1_514' title='bbox 1791 418 1856 451; x_wconf 70' lang='lat' dir='ltr'><strong>vita;</strong></span> 
     </span>
    </p>
   </div>
   <div class='ocr_carea' id='block_1_69' title="bbox 1058 459 1854 498">
    <p class='ocr_par' dir='ltr' id='par_1_69' title="bbox 1058 459 1854 498">
     <span class='ocr_line' id='line_1_69' title="bbox 1058 459 1854 498; baseline 0.005 -11"><span class='ocrx_word' id='word_1_515' title='bbox 1058 459 1193 495; x_wconf 76' lang='lat' dir='ltr'><strong>proborum</strong></span> <span class='ocrx_word' id='word_1_516' title='bbox 1207 469 1285 488; x_wconf 75' lang='lat' dir='ltr'><strong>causa</strong></span> <span class='ocrx_word' id='word_1_517' title='bbox 1304 461 1374 489; x_wconf 80' lang='lat' dir='ltr'><strong>Deus</strong></span> <span class='ocrx_word' id='word_1_518' title='bbox 1389 463 1512 496; x_wconf 84' lang='lat' dir='ltr'><strong>patienter</strong></span> <span class='ocrx_word' id='word_1_519' title='bbox 1524 463 1574 498; x_wconf 81' lang='lat' dir='ltr'><strong>fert</strong></span> <span class='ocrx_word' id='word_1_520' title='bbox 1589 468 1785 498; x_wconf 71' lang='lat' dir='ltr'><strong>peccatores.——</strong></span> <span class='ocrx_word' id='word_1_521' title='bbox 1799 463 1854 491; x_wconf 85' lang='lat' dir='ltr'><strong>Sed</strong></span> 
     </span>
    </p>
   </div>
   <div class='ocr_carea' id='block_1_70' title="bbox 1057 505 1854 545">
    <p class='ocr_par' dir='ltr' id='par_1_70' title="bbox 1057 505 1854 545">
     <span class='ocr_line' id='line_1_70' title="bbox 1057 505 1854 545; baseline 0.004 -11"><span class='ocrx_word' id='word_1_522' title='bbox 1057 505 1125 534; x_wconf 86' lang='lat' dir='ltr'><strong>forte</strong></span> <span class='ocrx_word' id='word_1_523' title='bbox 1145 507 1243 535; x_wconf 81' lang='lat' dir='ltr'><strong>dixerit</strong></span> <span class='ocrx_word' id='word_1_524' title='bbox 1262 507 1358 543; x_wconf 86' lang='lat' dir='ltr'><strong>aliquis</strong></span> <span class='ocrx_word' id='word_1_525' title='bbox 1373 517 1379 534; x_wconf 92' lang='lat'>:</span> <span class='ocrx_word' id='word_1_526' title='bbox 1396 507 1466 542; x_wconf 83' lang='lat' dir='ltr'><strong>Quid</strong></span> <span class='ocrx_word' id='word_1_527' title='bbox 1479 509 1563 544; x_wconf 73' lang='lat' dir='ltr'><strong>ergo?</strong></span> <span class='ocrx_word' id='word_1_528' title='bbox 1575 516 1624 537; x_wconf 85' lang='lat' dir='ltr'><strong>cur</strong></span> <span class='ocrx_word' id='word_1_529' title='bbox 1637 509 1673 536; x_wconf 93' lang='lat' dir='ltr'><strong>illi</strong></span> <span class='ocrx_word' id='word_1_530' title='bbox 1692 517 1785 545; x_wconf 72' lang='lat' dir='ltr'><strong>poenas</strong></span> <span class='ocrx_word' id='word_1_531' title='bbox 1803 510 1854 538; x_wconf 85' lang='lat' dir='ltr'><strong>de-</strong></span> 
     </span>
    </p>
   </div>
   <div class='ocr_carea' id='block_1_71' title="bbox 1057 552 1855 590">
    <p class='ocr_par' dir='ltr' id='par_1_71' title="bbox 1057 552 1855 590">
     <span class='ocr_line' id='line_1_71' title="bbox 1057 552 1855 590; baseline 0.004 -10"><span class='ocrx_word' id='word_1_532' title='bbox 1057 552 1165 580; x_wconf 78' lang='lat' dir='ltr'><strong>derunt?</strong></span> <span class='ocrx_word' id='word_1_533' title='bbox 1177 560 1266 581; x_wconf 90' lang='lat' dir='ltr'><strong>nonne</strong></span> <span class='ocrx_word' id='word_1_534' title='bbox 1279 558 1341 582; x_wconf 89' lang='lat' dir='ltr'><strong>sunt</strong></span> <span class='ocrx_word' id='word_1_535' title='bbox 1353 554 1434 582; x_wconf 84' lang='lat' dir='ltr'><strong>etiam</strong></span> <span class='ocrx_word' id='word_1_536' title='bbox 1445 562 1516 582; x_wconf 88' lang='lat' dir='ltr'><strong>nunc</strong></span> <span class='ocrx_word' id='word_1_537' title='bbox 1530 555 1607 582; x_wconf 83' lang='lat' dir='ltr'><strong>multi</strong></span> <span class='ocrx_word' id='word_1_538' title='bbox 1617 555 1661 590; x_wconf 88' lang='lat' dir='ltr'><strong>qui</strong></span> <span class='ocrx_word' id='word_1_539' title='bbox 1672 555 1766 584; x_wconf 88' lang='lat' dir='ltr'><strong>eadem</strong></span> <span class='ocrx_word' id='word_1_540' title='bbox 1777 563 1855 583; x_wconf 68' lang='lat' dir='ltr'><strong>como</strong></span> 
     </span>
    </p>
   </div>
   <div class='ocr_carea' id='block_1_72' title="bbox 1056 598 1854 635">
    <p class='ocr_par' dir='ltr' id='par_1_72' title="bbox 1056 598 1854 635">
     <span class='ocr_line' id='line_1_72' title="bbox 1056 598 1854 635; baseline 0.004 -9"><span class='ocrx_word' id='word_1_541' title='bbox 1056 598 1165 626; x_wconf 89' lang='lat' dir='ltr'><strong>mittunt</strong></span> <span class='ocrx_word' id='word_1_542' title='bbox 1175 599 1287 632; x_wconf 88' lang='lat' dir='ltr'><strong>scelera,</strong></span> <span class='ocrx_word' id='word_1_543' title='bbox 1304 606 1392 634; x_wconf 87' lang='lat' dir='ltr'><strong>neque</strong></span> <span class='ocrx_word' id='word_1_544' title='bbox 1406 604 1494 628; x_wconf 80' lang='lat' dir='ltr'><strong>tamen</strong></span> <span class='ocrx_word' id='word_1_545' title='bbox 1505 600 1668 635; x_wconf 75' lang='lat' dir='ltr'><strong>puniuntur?</strong></span> <span class='ocrx_word' id='word_1_546' title='bbox 1681 601 1772 628; x_wconf 86' lang='lat' dir='ltr'><strong>Etiam</strong></span> <span class='ocrx_word' id='word_1_547' title='bbox 1786 601 1854 629; x_wconf 86' lang='lat' dir='ltr'><strong>:scd</strong></span> 
     </span>
    </p>
   </div>
   <div class='ocr_carea' id='block_1_73' title="bbox 1057 644 1854 682">
    <p class='ocr_par' dir='ltr' id='par_1_73' title="bbox 1057 644 1854 682">
     <span class='ocr_line' id='line_1_73' title="bbox 1057 644 1854 682; baseline 0.004 -11"><span class='ocrx_word' id='word_1_548' title='bbox 1057 644 1109 672; x_wconf 88' lang='lat' dir='ltr'><strong>hoc</strong></span> <span class='ocrx_word' id='word_1_549' title='bbox 1128 645 1294 680; x_wconf 87' lang='lat' dir='ltr'><strong>potissimum</strong></span> <span class='ocrx_word' id='word_1_550' title='bbox 1309 645 1440 680; x_wconf 84' lang='lat' dir='ltr'><strong>majorem</strong></span> <span class='ocrx_word' id='word_1_551' title='bbox 1455 653 1562 681; x_wconf 75' lang='lat' dir='ltr'><strong>pomum</strong></span> <span class='ocrx_word' id='word_1_552' title='bbox 1581 646 1736 674; x_wconf 87' lang='lat' dir='ltr'><strong>conciliabit</strong></span> <span class='ocrx_word' id='word_1_553' title='bbox 1750 647 1784 674; x_wconf 87' lang='lat' dir='ltr'><strong>iis</strong></span> <span class='ocrx_word' id='word_1_554' title='bbox 1807 647 1854 682; x_wconf 86' lang='lat' dir='ltr'><strong>qui</strong></span> 
     </span>
    </p>
   </div>
   <div class='ocr_carea' id='block_1_74' title="bbox 1057 689 1856 728">
    <p class='ocr_par' dir='ltr' id='par_1_74' title="bbox 1057 689 1856 728">
     <span class='ocr_line' id='line_1_74' title="bbox 1057 689 1856 728; baseline 0.005 -11"><span class='ocrx_word' id='word_1_555' title='bbox 1057 689 1119 717; x_wconf 91' lang='lat' dir='ltr'><strong>talia</strong></span> <span class='ocrx_word' id='word_1_556' title='bbox 1132 695 1286 726; x_wconf 85' lang='lat' dir='ltr'><strong>perpetrant</strong></span> <span class='ocrx_word' id='word_1_557' title='bbox 1298 690 1318 717; x_wconf 93' lang='grc'><strong>¹.</strong></span> <span class='ocrx_word' id='word_1_558' title='bbox 1328 690 1442 725; x_wconf 86' lang='lat' dir='ltr'><strong>Quando</strong></span> <span class='ocrx_word' id='word_1_559' title='bbox 1453 691 1527 719; x_wconf 88' lang='lat' dir='ltr'><strong>enim</strong></span> <span class='ocrx_word' id='word_1_560' title='bbox 1538 699 1593 719; x_wconf 88' lang='lat' dir='ltr'><strong>non</strong></span> <span class='ocrx_word' id='word_1_561' title='bbox 1603 693 1766 728; x_wconf 86' lang='lat' dir='ltr'><strong>castigamur</strong></span> <span class='ocrx_word' id='word_1_562' title='bbox 1774 701 1806 721; x_wconf 89' lang='lat' dir='ltr'><strong>ex</strong></span> <span class='ocrx_word' id='word_1_563' title='bbox 1822 693 1856 722; x_wconf 80' lang='lat' dir='ltr'><strong>iis</strong></span> 
     </span>
    </p>
   </div>
   <div class='ocr_carea' id='block_1_75' title="bbox 1057 735 1856 774">
    <p class='ocr_par' dir='ltr' id='par_1_75' title="bbox 1057 735 1856 774">
     <span class='ocr_line' id='line_1_75' title="bbox 1057 735 1856 774; baseline 0.005 -12"><span class='ocrx_word' id='word_1_564' title='bbox 1057 742 1116 769; x_wconf 68' lang='lat' dir='ltr'><strong>qua:</strong></span> <span class='ocrx_word' id='word_1_565' title='bbox 1127 735 1180 762; x_wconf 90' lang='lat' dir='ltr'><strong>illis</strong></span> <span class='ocrx_word' id='word_1_566' title='bbox 1189 735 1344 763; x_wconf 88' lang='lat' dir='ltr'><strong>acciderunt</strong></span> <span class='ocrx_word' id='word_1_567' title='bbox 1354 756 1361 769; x_wconf 89' lang='lat'><strong>,</strong></span> <span class='ocrx_word' id='word_1_568' title='bbox 1374 741 1402 764; x_wconf 83' lang='lat' dir='ltr'><strong>et</strong></span> <span class='ocrx_word' id='word_1_569' title='bbox 1413 743 1464 765; x_wconf 90' lang='lat' dir='ltr'><strong>nec</strong></span> <span class='ocrx_word' id='word_1_570' title='bbox 1483 736 1619 772; x_wconf 83' lang='lat' dir='ltr'><strong>quidpiam</strong></span> <span class='ocrx_word' id='word_1_571' title='bbox 1635 738 1711 766; x_wconf 88' lang='lat' dir='ltr'><strong>nobis</strong></span> <span class='ocrx_word' id='word_1_572' title='bbox 1732 739 1856 774; x_wconf 83' lang='lat' dir='ltr'><strong>provenit</strong></span> 
     </span>
    </p>
   </div>
   <div class='ocr_carea' id='block_1_76' title="bbox 1057 780 1855 817">
    <p class='ocr_par' dir='ltr' id='par_1_76' title="bbox 1057 780 1855 817">
     <span class='ocr_line' id='line_1_76' title="bbox 1057 780 1855 817; baseline 0.005 -10"><span class='ocrx_word' id='word_1_573' title='bbox 1057 780 1123 808; x_wconf 87' lang='lat' dir='ltr'><strong>lucri</strong></span> <span class='ocrx_word' id='word_1_574' title='bbox 1135 788 1169 808; x_wconf 88' lang='lat' dir='ltr'><strong>ex</strong></span> <span class='ocrx_word' id='word_1_575' title='bbox 1181 781 1306 816; x_wconf 87' lang='lat' dir='ltr'><strong>patientia</strong></span> <span class='ocrx_word' id='word_1_576' title='bbox 1314 781 1371 814; x_wconf 85' lang='lat' dir='ltr'><strong>Dei,</strong></span> <span class='ocrx_word' id='word_1_577' title='bbox 1386 782 1473 817; x_wconf 85' lang='lat' dir='ltr'><strong>cogita</strong></span> <span class='ocrx_word' id='word_1_578' title='bbox 1485 782 1620 817; x_wconf 88' lang='lat' dir='ltr'><strong>quomodo</strong></span> <span class='ocrx_word' id='word_1_579' title='bbox 1634 783 1707 811; x_wconf 88' lang='lat' dir='ltr'><strong>illum</strong></span> <span class='ocrx_word' id='word_1_580' title='bbox 1723 784 1855 811; x_wconf 81' lang='lat' dir='ltr'><strong>inexstin-</strong></span> 
     </span>
    </p>
   </div>
   <div class='ocr_carea' id='block_1_77' title="bbox 1057 827 1856 864">
    <p class='ocr_par' dir='ltr' id='par_1_77' title="bbox 1057 827 1856 864">
     <span class='ocr_line' id='line_1_77' title="bbox 1057 827 1856 864; baseline 0.003 -9"><span class='ocrx_word' id='word_1_581' title='bbox 1057 827 1184 862; x_wconf 78' lang='lat' dir='ltr'><strong>guibilem</strong></span> <span class='ocrx_word' id='word_1_582' title='bbox 1197 827 1286 863; x_wconf 90' lang='lat' dir='ltr'><strong>ignem</strong></span> <span class='ocrx_word' id='word_1_583' title='bbox 1303 828 1487 856; x_wconf 84' lang='lat' dir='ltr'><strong>vehementius</strong></span> <span class='ocrx_word' id='word_1_584' title='bbox 1498 828 1699 864; x_wconf 86' lang='lat' dir='ltr'><strong>nobismetipsis</strong></span> <span class='ocrx_word' id='word_1_585' title='bbox 1714 830 1856 858; x_wconf 82' lang='lat' dir='ltr'><strong>succendi-</strong></span> 
     </span>
    </p>
   </div>
   <div class='ocr_carea' id='block_1_78' title="bbox 1057 874 1854 910">
    <p class='ocr_par' dir='ltr' id='par_1_78' title="bbox 1057 874 1854 910">
     <span class='ocr_line' id='line_1_78' title="bbox 1057 874 1854 910; baseline 0.003 -9"><span class='ocrx_word' id='word_1_586' title='bbox 1057 881 1127 907; x_wconf 85' lang='lat' dir='ltr'><strong>mus,</strong></span> <span class='ocrx_word' id='word_1_587' title='bbox 1152 877 1180 901; x_wconf 91' lang='lat' dir='ltr'><strong>et</strong></span> <span class='ocrx_word' id='word_1_588' title='bbox 1203 874 1330 902; x_wconf 82' lang='lat' dir='ltr'><strong>acerbum</strong></span> <span class='ocrx_word' id='word_1_589' title='bbox 1352 882 1471 902; x_wconf 85' lang='lat' dir='ltr'><strong>vermem</strong></span> <span class='ocrx_word' id='word_1_590' title='bbox 1494 882 1629 910; x_wconf 84' lang='lat' dir='ltr'><strong>paramus.</strong></span> <span class='ocrx_word' id='word_1_591' title='bbox 1652 875 1854 910; x_wconf 71' lang='lat' dir='ltr'><strong>Verumtamen,</strong></span> 
     </span>
    </p>
   </div>
   <div class='ocr_carea' id='block_1_79' title="bbox 1057 919 1855 956">
    <p class='ocr_par' dir='ltr' id='par_1_79' title="bbox 1057 919 1855 956">
     <span class='ocr_line' id='line_1_79' title="bbox 1057 919 1855 956; baseline 0.004 -10"><span class='ocrx_word' id='word_1_592' title='bbox 1057 919 1118 954; x_wconf 90' lang='lat' dir='ltr'><strong>quia</strong></span> <span class='ocrx_word' id='word_1_593' title='bbox 1130 925 1238 955; x_wconf 88' lang='lat' dir='ltr'><strong>propter</strong></span> <span class='ocrx_word' id='word_1_594' title='bbox 1249 920 1361 956; x_wconf 86' lang='lat' dir='ltr'><strong>gratiam</strong></span> <span class='ocrx_word' id='word_1_595' title='bbox 1377 920 1424 948; x_wconf 85' lang='lat' dir='ltr'><strong>Dei</strong></span> <span class='ocrx_word' id='word_1_596' title='bbox 1437 925 1501 949; x_wconf 90' lang='lat' dir='ltr'><strong>sunt</strong></span> <span class='ocrx_word' id='word_1_597' title='bbox 1521 926 1549 949; x_wconf 87' lang='lat' dir='ltr'><strong>et</strong></span> <span class='ocrx_word' id='word_1_598' title='bbox 1573 929 1644 948; x_wconf 89' lang='lat' dir='ltr'><strong>nunc</strong></span> <span class='ocrx_word' id='word_1_599' title='bbox 1659 921 1735 949; x_wconf 86' lang='lat' dir='ltr'><strong>multi</strong></span> <span class='ocrx_word' id='word_1_600' title='bbox 1756 922 1855 950; x_wconf 83' lang='lat' dir='ltr'><strong>virtute</strong></span> 
     </span>
    </p>
   </div>
   <div class='ocr_carea' id='block_1_80' title="bbox 1058 965 1856 1003">
    <p class='ocr_par' dir='ltr' id='par_1_80' title="bbox 1058 965 1856 1003">
     <span class='ocr_line' id='line_1_80' title="bbox 1058 965 1856 1003; baseline 0.003 -9"><span class='ocrx_word' id='word_1_601' title='bbox 1058 965 1172 1001; x_wconf 65' lang='lat' dir='ltr'><strong>prtediti,</strong></span> <span class='ocrx_word' id='word_1_602' title='bbox 1188 967 1233 1002; x_wconf 91' lang='lat' dir='ltr'><strong>qui</strong></span> <span class='ocrx_word' id='word_1_603' title='bbox 1258 967 1366 1002; x_wconf 87' lang='lat' dir='ltr'><strong>placare</strong></span> <span class='ocrx_word' id='word_1_604' title='bbox 1385 972 1497 1003; x_wconf 84' lang='lat' dir='ltr'><strong>possunt</strong></span> <span class='ocrx_word' id='word_1_605' title='bbox 1516 967 1675 1001; x_wconf 86' lang='lat' dir='ltr'><strong>Dominum,</strong></span> <span class='ocrx_word' id='word_1_606' title='bbox 1698 968 1768 996; x_wconf 85' lang='lat' dir='ltr'><strong>sicut</strong></span> <span class='ocrx_word' id='word_1_607' title='bbox 1793 973 1856 997; x_wconf 82' lang='lat' dir='ltr'><strong>tunc</strong></span> 
     </span>
    </p>
   </div>
   <div class='ocr_carea' id='block_1_81' title="bbox 1059 1011 1854 1049">
    <p class='ocr_par' dir='ltr' id='par_1_81' title="bbox 1059 1011 1854 1049">
     <span class='ocr_line' id='line_1_81' title="bbox 1059 1011 1854 1049; baseline 0.004 -10"><span class='ocrx_word' id='word_1_608' title='bbox 1059 1011 1206 1046; x_wconf 83' lang='lat' dir='ltr'><strong>patriarcha</strong></span> <span class='ocrx_word' id='word_1_609' title='bbox 1223 1020 1229 1038; x_wconf 93' lang='lat'>:</span> <span class='ocrx_word' id='word_1_610' title='bbox 1247 1013 1350 1040; x_wconf 83' lang='lat' dir='ltr'><strong>tametsi</strong></span> <span class='ocrx_word' id='word_1_611' title='bbox 1364 1020 1424 1045; x_wconf 88' lang='lat' dir='ltr'><strong>nos,</strong></span> <span class='ocrx_word' id='word_1_612' title='bbox 1440 1020 1501 1040; x_wconf 92' lang='lat' dir='ltr'><strong>cum</strong></span> <span class='ocrx_word' id='word_1_613' title='bbox 1517 1020 1568 1041; x_wconf 90' lang='lat' dir='ltr'><strong>nos</strong></span> <span class='ocrx_word' id='word_1_614' title='bbox 1581 1014 1654 1049; x_wconf 85' lang='lat' dir='ltr'><strong>ipsos</strong></span> <span class='ocrx_word' id='word_1_615' title='bbox 1673 1014 1854 1048; x_wconf 81' lang='lat' dir='ltr'><strong>attendimus,</strong></span> 
     </span>
    </p>
   </div>
   <div class='ocr_carea' id='block_1_82' title="bbox 1058 1057 1855 1094">
    <p class='ocr_par' dir='ltr' id='par_1_82' title="bbox 1058 1057 1855 1094">
     <span class='ocr_line' id='line_1_82' title="bbox 1058 1057 1855 1094; baseline 0.005 -10"><span class='ocrx_word' id='word_1_616' title='bbox 1058 1060 1086 1085; x_wconf 90' lang='lat' dir='ltr'><strong>et</strong></span> <span class='ocrx_word' id='word_1_617' title='bbox 1099 1061 1217 1085; x_wconf 88' lang='lat' dir='ltr'><strong>nostram</strong></span> <span class='ocrx_word' id='word_1_618' title='bbox 1232 1057 1352 1086; x_wconf 87' lang='lat' dir='ltr'><strong>videmus</strong></span> <span class='ocrx_word' id='word_1_619' title='bbox 1365 1058 1506 1092; x_wconf 85' lang='lat' dir='ltr'><strong>desidiam,</strong></span> <span class='ocrx_word' id='word_1_620' title='bbox 1521 1063 1646 1094; x_wconf 83' lang='lat' dir='ltr'><strong>putamus</strong></span> <span class='ocrx_word' id='word_1_621' title='bbox 1660 1060 1755 1087; x_wconf 86' lang='lat' dir='ltr'><strong>miram</strong></span> <span class='ocrx_word' id='word_1_622' title='bbox 1768 1061 1855 1088; x_wconf 83' lang='lat' dir='ltr'><strong>virtti-</strong></span> 
     </span>
    </p>
   </div>
   <div class='ocr_carea' id='block_1_83' title="bbox 1060 1103 1856 1140">
    <p class='ocr_par' dir='ltr' id='par_1_83' title="bbox 1060 1103 1856 1140">
     <span class='ocr_line' id='line_1_83' title="bbox 1060 1103 1856 1140; baseline 0.004 -10"><span class='ocrx_word' id='word_1_623' title='bbox 1060 1103 1093 1130; x_wconf 89' lang='lat' dir='ltr'><strong>tis</strong></span> <span class='ocrx_word' id='word_1_624' title='bbox 1105 1103 1245 1131; x_wconf 85' lang='lat' dir='ltr'><strong>raritatem</strong></span> <span class='ocrx_word' id='word_1_625' title='bbox 1259 1113 1266 1130; x_wconf 88' lang='lat'><strong>:</strong></span> <span class='ocrx_word' id='word_1_626' title='bbox 1280 1109 1397 1132; x_wconf 87' lang='lat' dir='ltr'><strong>attamen</strong></span> <span class='ocrx_word' id='word_1_627' title='bbox 1413 1109 1522 1139; x_wconf 88' lang='lat' dir='ltr'><strong>propter</strong></span> <span class='ocrx_word' id='word_1_628' title='bbox 1538 1105 1646 1133; x_wconf 88' lang='lat' dir='ltr'><strong>illorum</strong></span> <span class='ocrx_word' id='word_1_629' title='bbox 1662 1106 1799 1140; x_wconf 88' lang='lat' dir='ltr'><strong>virtutem,</strong></span> <span class='ocrx_word' id='word_1_630' title='bbox 1812 1113 1856 1133; x_wconf 83' lang='lat' dir='ltr'><strong>er-</strong></span> 
     </span>
    </p>
   </div>
   <div class='ocr_carea' id='block_1_84' title="bbox 1058 1149 1871 1194">
    <p class='ocr_par' dir='ltr' id='par_1_84' title="bbox 1058 1149 1871 1194">
     <span class='ocr_line' id='line_1_84' title="bbox 1058 1149 1871 1194; baseline 0.002 -17"><span class='ocrx_word' id='word_1_631' title='bbox 1058 1157 1091 1185; x_wconf 84' lang='lat' dir='ltr'><strong>ga</strong></span> <span class='ocrx_word' id='word_1_632' title='bbox 1102 1149 1169 1177; x_wconf 82' lang='lat' dir='ltr'><strong>alios</strong></span> <span class='ocrx_word' id='word_1_633' title='bbox 1183 1150 1253 1178; x_wconf 84' lang='lat' dir='ltr'><strong>Deus</strong></span> <span class='ocrx_word' id='word_1_634' title='bbox 1274 1151 1427 1186; x_wconf 82' lang='lat' dir='ltr'><strong>patientiam</strong></span> <span class='ocrx_word' id='word_1_635' title='bbox 1446 1150 1565 1179; x_wconf 82' lang='lat' dir='ltr'><strong>exhibet.</strong></span> <span class='ocrx_word' id='word_1_636' title='bbox 1581 1150 1616 1178; x_wconf 85' lang='lat' dir='ltr'><strong>Et</strong></span> <span class='ocrx_word' id='word_1_637' title='bbox 1629 1155 1658 1179; x_wconf 85' lang='lat' dir='ltr'><strong>ut</strong></span> <span class='ocrx_word' id='word_1_638' title='bbox 1673 1152 1744 1180; x_wconf 79' lang='lat' dir='ltr'><strong>scias</strong></span> <span class='ocrx_word' id='word_1_639' title='bbox 1762 1152 1871 1194; x_wconf 49' lang='lat' dir='ltr'><strong>talium‘</strong></span> 
     </span>
    </p>
   </div>
   <div class='ocr_carea' id='block_1_85' title="bbox 1060 1197 1853 1234">
    <p class='ocr_par' dir='ltr' id='par_1_85' title="bbox 1060 1197 1853 1234">
     <span class='ocr_line' id='line_1_85' title="bbox 1060 1197 1853 1234; baseline 0.001 -9"><span class='ocrx_word' id='word_1_640' title='bbox 1060 1197 1197 1225; x_wconf 90' lang='lat' dir='ltr'><strong>hominum</strong></span> <span class='ocrx_word' id='word_1_641' title='bbox 1229 1198 1326 1226; x_wconf 90' lang='lat' dir='ltr'><strong>ﬁducia</strong></span> <span class='ocrx_word' id='word_1_642' title='bbox 1349 1199 1427 1226; x_wconf 91' lang='lat' dir='ltr'><strong>nobis</strong></span> <span class='ocrx_word' id='word_1_643' title='bbox 1447 1198 1494 1226; x_wconf 87' lang='lat' dir='ltr'><strong>Dei</strong></span> <span class='ocrx_word' id='word_1_644' title='bbox 1524 1198 1679 1233; x_wconf 88' lang='lat' dir='ltr'><strong>patientiam</strong></span> <span class='ocrx_word' id='word_1_645' title='bbox 1704 1199 1853 1234; x_wconf 89' lang='lat' dir='ltr'><strong>conciliari,</strong></span> 
     </span>
    </p>
   </div>
   <div class='ocr_carea' id='block_1_86' title="bbox 1059 1243 1853 1279">
    <p class='ocr_par' dir='ltr' id='par_1_86' title="bbox 1059 1243 1853 1279">
     <span class='ocr_line' id='line_1_86' title="bbox 1059 1243 1853 1279; baseline 0.004 -10"><span class='ocrx_word' id='word_1_646' title='bbox 1059 1243 1120 1270; x_wconf 91' lang='lat' dir='ltr'><strong>audi</strong></span> <span class='ocrx_word' id='word_1_647' title='bbox 1139 1251 1173 1270; x_wconf 87' lang='lat' dir='ltr'><strong>ex</strong></span> <span class='ocrx_word' id='word_1_648' title='bbox 1199 1243 1249 1271; x_wconf 91' lang='lat' dir='ltr'><strong>hac</strong></span> <span class='ocrx_word' id='word_1_649' title='bbox 1272 1243 1329 1279; x_wconf 89' lang='lat' dir='ltr'><strong>ipsa</strong></span> <span class='ocrx_word' id='word_1_650' title='bbox 1351 1244 1473 1278; x_wconf 85' lang='lat' dir='ltr'><strong>historia,</strong></span> <span class='ocrx_word' id='word_1_651' title='bbox 1488 1244 1552 1279; x_wconf 89' lang='lat' dir='ltr'><strong>quid</strong></span> <span class='ocrx_word' id='word_1_652' title='bbox 1574 1243 1646 1272; x_wconf 87' lang='lat' dir='ltr'><strong>dicat</strong></span> <span class='ocrx_word' id='word_1_653' title='bbox 1669 1245 1829 1279; x_wconf 65' lang='lat' dir='ltr'><strong>patriarcha:</strong></span> <span class='ocrx_word' id='word_1_654' title='bbox 1847 1255 1853 1272; x_wconf 93' lang='lat'><strong><em>:</em></strong></span> 
     </span>
    </p>
   </div>
   <div class='ocr_carea' id='block_1_87' title="bbox 1060 1289 1855 1326">
    <p class='ocr_par' dir='ltr' id='par_1_87' title="bbox 1060 1289 1855 1326">
     <span class='ocr_line' id='line_1_87' title="bbox 1060 1289 1855 1326; baseline 0.003 -9"><span class='ocrx_word' id='word_1_655' title='bbox 1060 1289 1092 1317; x_wconf 89' lang='lat' dir='ltr'><strong>Si</strong></span> <span class='ocrx_word' id='word_1_656' title='bbox 1106 1289 1190 1316; x_wconf 81' lang='lat' dir='ltr'><strong>decem</strong></span> <span class='ocrx_word' id='word_1_657' title='bbox 1208 1290 1292 1326; x_wconf 77' lang='lat' dir='ltr'><strong>justas</strong></span> <span class='ocrx_word' id='word_1_658' title='bbox 1313 1291 1430 1318; x_wconf 81' lang='lat' dir='ltr'><strong>invenero</strong></span> <span class='ocrx_word' id='word_1_659' title='bbox 1441 1311 1449 1323; x_wconf 85' lang='lat'><strong>,</strong></span> <span class='ocrx_word' id='word_1_660' title='bbox 1466 1299 1517 1318; x_wconf 86' lang='lat' dir='ltr'><strong>non</strong></span> <span class='ocrx_word' id='word_1_661' title='bbox 1542 1291 1648 1326; x_wconf 78' lang='lat' dir='ltr'><strong>perdant</strong></span> <span class='ocrx_word' id='word_1_662' title='bbox 1665 1292 1799 1319; x_wconf 84' lang='lat' dir='ltr'><strong>civitatem.</strong></span> <span class='ocrx_word' id='word_1_663' title='bbox 1823 1292 1855 1320; x_wconf 88' lang='lat' dir='ltr'><strong>Et</strong></span> 
     </span>
    </p>
   </div>
   <div class='ocr_carea' id='block_1_88' title="bbox 1059 1334 1855 1371">
    <p class='ocr_par' dir='ltr' id='par_1_88' title="bbox 1059 1334 1855 1371">
     <span class='ocr_line' id='line_1_88' title="bbox 1059 1334 1855 1371; baseline 0.004 -9"><span class='ocrx_word' id='word_1_664' title='bbox 1059 1334 1122 1370; x_wconf 90' lang='lat' dir='ltr'><strong>quid</strong></span> <span class='ocrx_word' id='word_1_665' title='bbox 1137 1334 1197 1362; x_wconf 88' lang='lat' dir='ltr'><strong>dico</strong></span> <span class='ocrx_word' id='word_1_666' title='bbox 1211 1335 1303 1364; x_wconf 88' lang='lat' dir='ltr'><strong>decem</strong></span> <span class='ocrx_word' id='word_1_667' title='bbox 1315 1335 1422 1371; x_wconf 71' lang='lat' dir='ltr'><strong>iustos?</strong></span> <span class='ocrx_word' id='word_1_668' title='bbox 1436 1336 1528 1364; x_wconf 86' lang='lat' dir='ltr'><strong>Nullus</strong></span> <span class='ocrx_word' id='word_1_669' title='bbox 1542 1336 1665 1365; x_wconf 86' lang='lat' dir='ltr'><strong>inventus</strong></span> <span class='ocrx_word' id='word_1_670' title='bbox 1680 1337 1733 1365; x_wconf 90' lang='lat' dir='ltr'><strong>illic</strong></span> <span class='ocrx_word' id='word_1_671' title='bbox 1754 1338 1789 1365; x_wconf 89' lang='lat' dir='ltr'><strong>ab</strong></span> <span class='ocrx_word' id='word_1_672' title='bbox 1803 1338 1855 1366; x_wconf 67' lang='lat' dir='ltr'><strong>ini.</strong></span> 
     </span>
    </p>
   </div>
   <div class='ocr_carea' id='block_1_89' title="bbox 1059 1380 1854 1418">
    <p class='ocr_par' dir='ltr' id='par_1_89' title="bbox 1059 1380 1854 1418">
     <span class='ocr_line' id='line_1_89' title="bbox 1059 1380 1854 1418; baseline 0.006 -11"><span class='ocrx_word' id='word_1_673' title='bbox 1059 1380 1160 1416; x_wconf 90' lang='lat' dir='ltr'><strong>quitate</strong></span> <span class='ocrx_word' id='word_1_674' title='bbox 1180 1381 1294 1414; x_wconf 89' lang='lat' dir='ltr'><strong>alienus,</strong></span> <span class='ocrx_word' id='word_1_675' title='bbox 1310 1382 1361 1409; x_wconf 86' lang='lat' dir='ltr'><strong>nisi</strong></span> <span class='ocrx_word' id='word_1_676' title='bbox 1374 1382 1448 1410; x_wconf 87' lang='lat' dir='ltr'><strong>solus</strong></span> <span class='ocrx_word' id='word_1_677' title='bbox 1462 1381 1617 1417; x_wconf 85' lang='lat' dir='ltr'><strong>Lotjustus,</strong></span> <span class='ocrx_word' id='word_1_678' title='bbox 1632 1387 1659 1410; x_wconf 88' lang='lat' dir='ltr'><strong>et</strong></span> <span class='ocrx_word' id='word_1_679' title='bbox 1677 1383 1734 1418; x_wconf 78' lang='lat' dir='ltr'><strong>ejus</strong></span> <span class='ocrx_word' id='word_1_680' title='bbox 1745 1383 1806 1412; x_wconf 69' lang='lat' dir='ltr'><strong>dum</strong></span> <span class='ocrx_word' id='word_1_681' title='bbox 1821 1383 1854 1411; x_wconf 84' lang='lat' dir='ltr'><strong>ﬁ-</strong></span> 
     </span>
    </p>
   </div>
   <div class='ocr_carea' id='block_1_90' title="bbox 1060 1427 1854 1464">
    <p class='ocr_par' dir='ltr' id='par_1_90' title="bbox 1060 1427 1854 1464">
     <span class='ocr_line' id='line_1_90' title="bbox 1060 1427 1854 1464; baseline 0.004 -10"><span class='ocrx_word' id='word_1_682' title='bbox 1060 1427 1112 1455; x_wconf 72' lang='lat' dir='ltr'><strong>liae.</strong></span> <span class='ocrx_word' id='word_1_683' title='bbox 1129 1427 1203 1455; x_wconf 84' lang='lat' dir='ltr'><strong>Uxor</strong></span> <span class='ocrx_word' id='word_1_684' title='bbox 1217 1427 1290 1454; x_wconf 90' lang='lat' dir='ltr'><strong>enim</strong></span> <span class='ocrx_word' id='word_1_685' title='bbox 1307 1433 1416 1463; x_wconf 87' lang='lat' dir='ltr'><strong>propter</strong></span> <span class='ocrx_word' id='word_1_686' title='bbox 1430 1428 1516 1463; x_wconf 86' lang='lat' dir='ltr'><strong>ipsum</strong></span> <span class='ocrx_word' id='word_1_687' title='bbox 1537 1429 1606 1456; x_wconf 87' lang='lat' dir='ltr'><strong>torte</strong></span> <span class='ocrx_word' id='word_1_688' title='bbox 1621 1436 1728 1464; x_wconf 75' lang='lat' dir='ltr'><strong>pmnam</strong></span> <span class='ocrx_word' id='word_1_689' title='bbox 1739 1430 1854 1458; x_wconf 79' lang='lat' dir='ltr'><strong>civitatis</strong></span> 
     </span>
    </p>
   </div>
   <div class='ocr_carea' id='block_1_91' title="bbox 1059 1472 1854 1509">
    <p class='ocr_par' dir='ltr' id='par_1_91' title="bbox 1059 1472 1854 1509">
     <span class='ocr_line' id='line_1_91' title="bbox 1059 1472 1854 1509; baseline 0.005 -10"><span class='ocrx_word' id='word_1_690' title='bbox 1059 1472 1160 1508; x_wconf 78' lang='lat' dir='ltr'><strong>eﬂ&#39;ugit,</strong></span> <span class='ocrx_word' id='word_1_691' title='bbox 1175 1477 1267 1508; x_wconf 83' lang='lat' dir='ltr'><strong>postea</strong></span> <span class='ocrx_word' id='word_1_692' title='bbox 1280 1477 1368 1501; x_wconf 89' lang='lat' dir='ltr'><strong>tamen</strong></span> <span class='ocrx_word' id='word_1_693' title='bbox 1378 1481 1486 1509; x_wconf 69' lang='lat' dir='ltr'><strong>poenam</strong></span> <span class='ocrx_word' id='word_1_694' title='bbox 1494 1473 1685 1509; x_wconf 74' lang='lat' dir='ltr'><strong>deditignavite</strong></span> <span class='ocrx_word' id='word_1_695' title='bbox 1697 1483 1762 1502; x_wconf 67' lang='lat' dir='ltr'><strong>suae.</strong></span> <span class='ocrx_word' id='word_1_696' title='bbox 1779 1475 1854 1504; x_wconf 80' lang='lat' dir='ltr'><strong>Nunc</strong></span> 
     </span>
    </p>
   </div>
   <div class='ocr_carea' id='block_1_92' title="bbox 1059 1519 1854 1557">
    <p class='ocr_par' dir='ltr' id='par_1_92' title="bbox 1059 1519 1854 1557">
     <span class='ocr_line' id='line_1_92' title="bbox 1059 1519 1854 1557; baseline 0.004 -11"><span class='ocrx_word' id='word_1_697' title='bbox 1059 1523 1148 1547; x_wconf 89' lang='lat' dir='ltr'><strong>autem</strong></span> <span class='ocrx_word' id='word_1_698' title='bbox 1166 1523 1277 1554; x_wconf 89' lang='lat' dir='ltr'><strong>propter</strong></span> <span class='ocrx_word' id='word_1_699' title='bbox 1296 1519 1458 1548; x_wconf 74' lang='lat' dir='ltr'><strong>ineffabilem</strong></span> <span class='ocrx_word' id='word_1_700' title='bbox 1473 1520 1521 1548; x_wconf 92' lang='lat' dir='ltr'><strong>Dei</strong></span> <span class='ocrx_word' id='word_1_701' title='bbox 1540 1520 1771 1555; x_wconf 86' lang='lat' dir='ltr'><strong>misericordiam,</strong></span> <span class='ocrx_word' id='word_1_702' title='bbox 1792 1522 1854 1557; x_wconf 82' lang='lat' dir='ltr'><strong>quia</strong></span> 
     </span>
    </p>
   </div>
   <div class='ocr_carea' id='block_1_93' title="bbox 1059 1566 1854 1602">
    <p class='ocr_par' dir='ltr' id='par_1_93' title="bbox 1059 1566 1854 1602">
     <span class='ocr_line' id='line_1_93' title="bbox 1059 1566 1854 1602; baseline 0.004 -9"><span class='ocrx_word' id='word_1_703' title='bbox 1059 1566 1144 1602; x_wconf 88' lang='lat' dir='ltr'><strong>pietas</strong></span> <span class='ocrx_word' id='word_1_704' title='bbox 1160 1567 1355 1594; x_wconf 87' lang='lat' dir='ltr'><strong>incrementum</strong></span> <span class='ocrx_word' id='word_1_705' title='bbox 1377 1566 1502 1602; x_wconf 87' lang='lat' dir='ltr'><strong>sumpsit,</strong></span> <span class='ocrx_word' id='word_1_706' title='bbox 1526 1567 1601 1595; x_wconf 89' lang='lat' dir='ltr'><strong>multi</strong></span> <span class='ocrx_word' id='word_1_707' title='bbox 1616 1568 1697 1595; x_wconf 85' lang='lat' dir='ltr'><strong>etiam</strong></span> <span class='ocrx_word' id='word_1_708' title='bbox 1717 1569 1743 1595; x_wconf 92' lang='lat' dir='ltr'><strong>in</strong></span> <span class='ocrx_word' id='word_1_709' title='bbox 1759 1568 1854 1597; x_wconf 82' lang='lat' dir='ltr'><strong>mediis</strong></span> 
     </span>
    </p>
   </div>
   <div class='ocr_carea' id='block_1_94' title="bbox 1058 1613 1853 1648">
    <p class='ocr_par' dir='ltr' id='par_1_94' title="bbox 1058 1613 1853 1648">
     <span class='ocr_line' id='line_1_94' title="bbox 1058 1613 1853 1648; baseline 0 -7"><span class='ocrx_word' id='word_1_710' title='bbox 1058 1613 1211 1641; x_wconf 88' lang='lat' dir='ltr'><strong>civitatibus</strong></span> <span class='ocrx_word' id='word_1_711' title='bbox 1224 1613 1336 1640; x_wconf 88' lang='lat' dir='ltr'><strong>latentes</strong></span> <span class='ocrx_word' id='word_1_712' title='bbox 1354 1617 1466 1648; x_wconf 88' lang='lat' dir='ltr'><strong>possunt</strong></span> <span class='ocrx_word' id='word_1_713' title='bbox 1485 1613 1592 1648; x_wconf 87' lang='lat' dir='ltr'><strong>placare</strong></span> <span class='ocrx_word' id='word_1_714' title='bbox 1606 1613 1699 1646; x_wconf 83' lang='lat' dir='ltr'><strong>Deum.</strong></span> <span class='ocrx_word' id='word_1_715' title='bbox 1714 1618 1742 1641; x_wconf 92' lang='lat' dir='ltr'><strong>et</strong></span> <span class='ocrx_word' id='word_1_716' title='bbox 1757 1614 1802 1641; x_wconf 83' lang='lat' dir='ltr'><strong>alii</strong></span> <span class='ocrx_word' id='word_1_717' title='bbox 1827 1614 1853 1642; x_wconf 88' lang='lat' dir='ltr'><strong>in</strong></span> 
     </span>
    </p>
   </div>
   <div class='ocr_carea' id='block_1_95' title="bbox 1059 1659 1853 1695">
    <p class='ocr_par' dir='ltr' id='par_1_95' title="bbox 1059 1659 1853 1695">
     <span class='ocr_line' id='line_1_95' title="bbox 1059 1659 1853 1695; baseline 0.003 -9"><span class='ocrx_word' id='word_1_718' title='bbox 1059 1659 1194 1686; x_wconf 88' lang='lat' dir='ltr'><strong>montibus</strong></span> <span class='ocrx_word' id='word_1_719' title='bbox 1205 1663 1232 1686; x_wconf 88' lang='lat' dir='ltr'><strong>et</strong></span> <span class='ocrx_word' id='word_1_720' title='bbox 1242 1659 1385 1695; x_wconf 85' lang='lat' dir='ltr'><strong>speluncis,</strong></span> <span class='ocrx_word' id='word_1_721' title='bbox 1402 1666 1599 1695; x_wconf 84' lang='lat' dir='ltr'><strong>paucorumque</strong></span> <span class='ocrx_word' id='word_1_722' title='bbox 1614 1659 1697 1687; x_wconf 86' lang='lat' dir='ltr'><strong>virtus</strong></span> <span class='ocrx_word' id='word_1_723' title='bbox 1711 1660 1853 1689; x_wconf 80' lang='lat' dir='ltr'><strong>multorum</strong></span> 
     </span>
    </p>
   </div>
   <div class='ocr_carea' id='block_1_96' title="bbox 1058 1704 1851 1740">
    <p class='ocr_par' dir='ltr' id='par_1_96' title="bbox 1058 1704 1851 1740">
     <span class='ocr_line' id='line_1_96' title="bbox 1058 1704 1851 1740; baseline -0.001 -7"><span class='ocrx_word' id='word_1_724' title='bbox 1058 1709 1148 1740; x_wconf 81' lang='lat' dir='ltr'><strong>tegere</strong></span> <span class='ocrx_word' id='word_1_725' title='bbox 1156 1705 1227 1733; x_wconf 88' lang='lat' dir='ltr'><strong>valet</strong></span> <span class='ocrx_word' id='word_1_726' title='bbox 1236 1705 1375 1734; x_wconf 84' lang='lat' dir='ltr'><strong>malitiam.</strong></span> <span class='ocrx_word' id='word_1_727' title='bbox 1388 1704 1469 1733; x_wconf 85' lang='lat' dir='ltr'><strong>Multa</strong></span> <span class='ocrx_word' id='word_1_728' title='bbox 1482 1705 1553 1732; x_wconf 89' lang='lat' dir='ltr'><strong>enim</strong></span> <span class='ocrx_word' id='word_1_729' title='bbox 1564 1705 1668 1733; x_wconf 87' lang='lat' dir='ltr'><strong>Domini</strong></span> <span class='ocrx_word' id='word_1_730' title='bbox 1684 1705 1788 1732; x_wconf 89' lang='lat' dir='ltr'><strong>bonitas</strong></span> <span class='ocrx_word' id='word_1_731' title='bbox 1798 1711 1851 1739; x_wconf 83' lang='lat' dir='ltr'><strong>est,</strong></span> 
     </span>
    </p>
   </div>
   <div class='ocr_carea' id='block_1_97' title="bbox 1058 1750 1852 1786">
    <p class='ocr_par' dir='ltr' id='par_1_97' title="bbox 1058 1750 1852 1786">
     <span class='ocr_line' id='line_1_97' title="bbox 1058 1750 1852 1786; baseline 0 -8"><span class='ocrx_word' id='word_1_732' title='bbox 1058 1756 1084 1779; x_wconf 88' lang='lat' dir='ltr'><strong>et</strong></span> <span class='ocrx_word' id='word_1_733' title='bbox 1097 1759 1168 1786; x_wconf 62' lang='lat' dir='ltr'><strong>saepe</strong></span> <span class='ocrx_word' id='word_1_734' title='bbox 1192 1751 1260 1779; x_wconf 84' lang='lat' dir='ltr'><strong>solet</strong></span> <span class='ocrx_word' id='word_1_735' title='bbox 1269 1751 1350 1778; x_wconf 86' lang='lat' dir='ltr'><strong>etiam</strong></span> <span class='ocrx_word' id='word_1_736' title='bbox 1363 1755 1472 1786; x_wconf 90' lang='lat' dir='ltr'><strong>propter</strong></span> <span class='ocrx_word' id='word_1_737' title='bbox 1484 1758 1584 1786; x_wconf 88' lang='lat' dir='ltr'><strong>paucos</strong></span> <span class='ocrx_word' id='word_1_738' title='bbox 1598 1751 1690 1778; x_wconf 90' lang='lat' dir='ltr'><strong>multis</strong></span> <span class='ocrx_word' id='word_1_739' title='bbox 1702 1751 1767 1778; x_wconf 86' lang='lat' dir='ltr'><strong>dare</strong></span> <span class='ocrx_word' id='word_1_740' title='bbox 1779 1750 1852 1778; x_wconf 86' lang='lat' dir='ltr'><strong>salu-</strong></span> 
     </span>
    </p>
   </div>
   <div class='ocr_carea' id='block_1_98' title="bbox 1059 1797 1849 1833">
    <p class='ocr_par' dir='ltr' id='par_1_98' title="bbox 1059 1797 1849 1833">
     <span class='ocr_line' id='line_1_98' title="bbox 1059 1797 1849 1833; baseline -0.001 -7"><span class='ocrx_word' id='word_1_741' title='bbox 1059 1802 1122 1826; x_wconf 85' lang='lat' dir='ltr'><strong>tem.</strong></span> <span class='ocrx_word' id='word_1_742' title='bbox 1143 1797 1177 1825; x_wconf 82' lang='lat' dir='ltr'><strong>Et</strong></span> <span class='ocrx_word' id='word_1_743' title='bbox 1189 1797 1252 1833; x_wconf 90' lang='lat' dir='ltr'><strong>quid</strong></span> <span class='ocrx_word' id='word_1_744' title='bbox 1274 1797 1344 1830; x_wconf 81' lang='lat' dir='ltr'><strong>dico,</strong></span> <span class='ocrx_word' id='word_1_745' title='bbox 1372 1801 1482 1833; x_wconf 87' lang='lat' dir='ltr'><strong>propter</strong></span> <span class='ocrx_word' id='word_1_746' title='bbox 1503 1804 1603 1832; x_wconf 88' lang='lat' dir='ltr'><strong>paucos</strong></span> <span class='ocrx_word' id='word_1_747' title='bbox 1625 1797 1732 1832; x_wconf 75' lang='lat' dir='ltr'><strong>justos?</strong></span> <span class='ocrx_word' id='word_1_748' title='bbox 1759 1798 1849 1833; x_wconf 60' lang='lat' dir='ltr'><strong>Saepe,</strong></span> 
     </span>
    </p>
   </div>
   <div class='ocr_carea' id='block_1_99' title="bbox 1057 1843 1853 1880">
    <p class='ocr_par' dir='ltr' id='par_1_99' title="bbox 1057 1843 1853 1880">
     <span class='ocr_line' id='line_1_99' title="bbox 1057 1843 1853 1880; baseline -0.001 -8"><span class='ocrx_word' id='word_1_749' title='bbox 1057 1844 1163 1880; x_wconf 90' lang='lat' dir='ltr'><strong>quando</strong></span> <span class='ocrx_word' id='word_1_750' title='bbox 1175 1852 1228 1872; x_wconf 92' lang='lat' dir='ltr'><strong>non</strong></span> <span class='ocrx_word' id='word_1_751' title='bbox 1241 1843 1366 1871; x_wconf 85' lang='lat' dir='ltr'><strong>inventus</strong></span> <span class='ocrx_word' id='word_1_752' title='bbox 1378 1848 1419 1871; x_wconf 89' lang='lat' dir='ltr'><strong>est</strong></span> <span class='ocrx_word' id='word_1_753' title='bbox 1434 1844 1461 1870; x_wconf 87' lang='lat' dir='ltr'><strong>in</strong></span> <span class='ocrx_word' id='word_1_754' title='bbox 1476 1843 1602 1878; x_wconf 64' lang='lat' dir='ltr'><strong>praesenti</strong></span> <span class='ocrx_word' id='word_1_755' title='bbox 1620 1845 1670 1870; x_wconf 77' lang='lat' dir='ltr'><strong>rita</strong></span> <span class='ocrx_word' id='word_1_756' title='bbox 1676 1843 1774 1877; x_wconf 87' lang='lat' dir='ltr'><strong>justus,</strong></span> <span class='ocrx_word' id='word_1_757' title='bbox 1791 1850 1853 1878; x_wconf 84' lang='lat' dir='ltr'><strong>pro-</strong></span> 
     </span>
    </p>
   </div>
   <div class='ocr_carea' id='block_1_100' title="bbox 1057 1890 1852 1926">
    <p class='ocr_par' dir='ltr' id='par_1_100' title="bbox 1057 1890 1852 1926">
     <span class='ocr_line' id='line_1_100' title="bbox 1057 1890 1852 1926; baseline -0.001 -7"><span class='ocrx_word' id='word_1_758' title='bbox 1057 1896 1116 1926; x_wconf 89' lang='lat' dir='ltr'><strong>pter</strong></span> <span class='ocrx_word' id='word_1_759' title='bbox 1135 1891 1321 1919; x_wconf 89' lang='lat' dir='ltr'><strong>defunctorum</strong></span> <span class='ocrx_word' id='word_1_760' title='bbox 1334 1891 1477 1925; x_wconf 87' lang='lat' dir='ltr'><strong>virtutem,</strong></span> <span class='ocrx_word' id='word_1_761' title='bbox 1497 1890 1642 1918; x_wconf 81' lang='lat' dir='ltr'><strong>viventium</strong></span> <span class='ocrx_word' id='word_1_762' title='bbox 1662 1890 1806 1917; x_wconf 87' lang='lat' dir='ltr'><strong>miseretur</strong></span> <span class='ocrx_word' id='word_1_763' title='bbox 1825 1894 1852 1918; x_wconf 88' lang='lat' dir='ltr'><strong>et</strong></span> 
     </span>
    </p>
   </div>
   <div class='ocr_carea' id='block_1_101' title="bbox 1056 1935 1851 1971">
    <p class='ocr_par' dir='ltr' id='par_1_101' title="bbox 1056 1935 1851 1971">
     <span class='ocr_line' id='line_1_101' title="bbox 1056 1935 1851 1971; baseline -0.004 -6"><span class='ocrx_word' id='word_1_764' title='bbox 1056 1945 1147 1965; x_wconf 87' lang='lat' dir='ltr'><strong>curam</strong></span> <span class='ocrx_word' id='word_1_765' title='bbox 1162 1937 1242 1965; x_wconf 87' lang='lat' dir='ltr'><strong>habet</strong></span> <span class='ocrx_word' id='word_1_766' title='bbox 1254 1946 1261 1964; x_wconf 89' lang='lat'><strong>:</strong></span> <span class='ocrx_word' id='word_1_767' title='bbox 1274 1937 1344 1965; x_wconf 92' lang='lat' dir='ltr'><strong>unde</strong></span> <span class='ocrx_word' id='word_1_768' title='bbox 1352 1937 1449 1965; x_wconf 89' lang='lat' dir='ltr'><strong>clamat.</strong></span> <span class='ocrx_word' id='word_1_769' title='bbox 1459 1936 1551 1964; x_wconf 86' lang='lat' dir='ltr'><strong>dicens</strong></span> <span class='ocrx_word' id='word_1_770' title='bbox 1561 1945 1568 1963; x_wconf 75' lang='grc' dir='ltr'>ε</span> <span class='ocrx_word' id='word_1_771' title='bbox 1580 1935 1716 1971; x_wconf 78' lang='lat' dir='ltr'><strong>Protegant</strong></span> <span class='ocrx_word' id='word_1_772' title='bbox 1727 1937 1851 1963; x_wconf 80' lang='lat' dir='ltr'><strong>civitatem</strong></span> 
     </span>
    </p>
   </div>
   <div class='ocr_carea' id='block_1_102' title="bbox 1056 1982 1851 2019">
    <p class='ocr_par' dir='ltr' id='par_1_102' title="bbox 1056 1982 1851 2019">
     <span class='ocr_line' id='line_1_102' title="bbox 1056 1982 1851 2019; baseline 0 -9"><span class='ocrx_word' id='word_1_773' title='bbox 1056 1984 1122 2010; x_wconf 83' lang='lat' dir='ltr'><strong>hanc</strong></span> <span class='ocrx_word' id='word_1_774' title='bbox 1144 1988 1246 2019; x_wconf 87' lang='lat' dir='ltr'><strong>propter</strong></span> <span class='ocrx_word' id='word_1_775' title='bbox 1261 1991 1309 2016; x_wconf 89' lang='lat' dir='ltr'><strong>me,</strong></span> <span class='ocrx_word' id='word_1_776' title='bbox 1328 1988 1352 2010; x_wconf 85' lang='lat' dir='ltr'><strong>et</strong></span> <span class='ocrx_word' id='word_1_777' title='bbox 1374 1988 1477 2019; x_wconf 83' lang='lat' dir='ltr'><strong>propter</strong></span> <span class='ocrx_word' id='word_1_778' title='bbox 1500 1982 1583 2010; x_wconf 78' lang='lat' dir='ltr'><strong>David</strong></span> <span class='ocrx_word' id='word_1_779' title='bbox 1598 1990 1704 2018; x_wconf 86' lang='lat' dir='ltr'><strong>puerum</strong></span> <span class='ocrx_word' id='word_1_780' title='bbox 1725 1990 1808 2008; x_wconf 79' lang='lat' dir='ltr'><strong>nteant</strong></span> <span class='ocrx_word' id='word_1_781' title='bbox 1824 1983 1851 2016; x_wconf 72' lang='grc'><strong>(4</strong></span> 
     </span>
    </p>
   </div>
   <div class='ocr_carea' id='block_1_103' title="bbox 1056 2027 1851 2065">
    <p class='ocr_par' dir='ltr' id='par_1_103' title="bbox 1056 2027 1851 2065">
     <span class='ocr_line' id='line_1_103' title="bbox 1056 2027 1851 2065; baseline -0.003 -9"><span class='ocrx_word' id='word_1_782' title='bbox 1056 2028 1121 2065; x_wconf 82' lang='lat' dir='ltr'><strong>Reg.</strong></span> <span class='ocrx_word' id='word_1_783' title='bbox 1137 2028 1179 2056; x_wconf 79' lang='lat' dir='ltr'><strong>i9.</strong></span> <span class='ocrx_word' id='word_1_784' title='bbox 1195 2029 1263 2063; x_wconf 63' lang='lat'><strong>34);</strong></span> <span class='ocrx_word' id='word_1_785' title='bbox 1285 2028 1360 2064; x_wconf 84' lang='lat' dir='ltr'><strong>quasi</strong></span> <span class='ocrx_word' id='word_1_786' title='bbox 1375 2028 1477 2056; x_wconf 89' lang='lat' dir='ltr'><strong>diceret</strong></span> <span class='ocrx_word' id='word_1_787' title='bbox 1491 2036 1499 2054; x_wconf 87' lang='lat'><strong>:</strong></span> <span class='ocrx_word' id='word_1_788' title='bbox 1516 2028 1590 2055; x_wconf 79' lang='lat' dir='ltr'><strong>Licet</strong></span> <span class='ocrx_word' id='word_1_789' title='bbox 1610 2027 1659 2062; x_wconf 88' lang='lat' dir='ltr'><strong>ipsi</strong></span> <span class='ocrx_word' id='word_1_790' title='bbox 1675 2027 1776 2063; x_wconf 71' lang='lat' dir='ltr'><strong>indigni</strong></span> <span class='ocrx_word' id='word_1_791' title='bbox 1798 2028 1851 2055; x_wconf 87' lang='lat' dir='ltr'><strong>sint</strong></span> 
     </span>
    </p>
   </div>
   <div class='ocr_carea' id='block_1_104' title="bbox 1054 2073 1849 2111">
    <p class='ocr_par' dir='ltr' id='par_1_104' title="bbox 1054 2073 1849 2111">
     <span class='ocr_line' id='line_1_104' title="bbox 1054 2073 1849 2111; baseline -0.001 -10"><span class='ocrx_word' id='word_1_792' title='bbox 1054 2075 1099 2111; x_wconf 88' lang='lat' dir='ltr'><strong>qui</strong></span> <span class='ocrx_word' id='word_1_793' title='bbox 1111 2079 1262 2107; x_wconf 87' lang='lat' dir='ltr'><strong>serventur,</strong></span> <span class='ocrx_word' id='word_1_794' title='bbox 1273 2079 1300 2102; x_wconf 89' lang='lat' dir='ltr'><strong>ct</strong></span> <span class='ocrx_word' id='word_1_795' title='bbox 1313 2074 1412 2102; x_wconf 86' lang='lat' dir='ltr'><strong>nullam</strong></span> <span class='ocrx_word' id='word_1_796' title='bbox 1426 2074 1519 2102; x_wconf 88' lang='lat' dir='ltr'><strong>salutis</strong></span> <span class='ocrx_word' id='word_1_797' title='bbox 1532 2073 1648 2101; x_wconf 79' lang='lat' dir='ltr'><strong>habeant</strong></span> <span class='ocrx_word' id='word_1_798' title='bbox 1663 2074 1849 2101; x_wconf 85' lang='lat' dir='ltr'><strong>occasionem:</strong></span> 
     </span>
    </p>
   </div>
   <div class='ocr_carea' id='block_1_105' title="bbox 1054 2119 1848 2157">
    <p class='ocr_par' dir='ltr' id='par_1_105' title="bbox 1054 2119 1848 2157">
     <span class='ocr_line' id='line_1_105' title="bbox 1054 2119 1848 2157; baseline -0.004 -7"><span class='ocrx_word' id='word_1_799' title='bbox 1054 2129 1146 2150; x_wconf 90' lang='lat' dir='ltr'><strong>verum</strong></span> <span class='ocrx_word' id='word_1_800' title='bbox 1159 2121 1221 2157; x_wconf 90' lang='lat' dir='ltr'><strong>quia</strong></span> <span class='ocrx_word' id='word_1_801' title='bbox 1236 2121 1330 2149; x_wconf 88' lang='lat' dir='ltr'><strong>solitus</strong></span> <span class='ocrx_word' id='word_1_802' title='bbox 1349 2128 1408 2148; x_wconf 90' lang='lat' dir='ltr'><strong>sum</strong></span> <span class='ocrx_word' id='word_1_803' title='bbox 1429 2119 1638 2148; x_wconf 89' lang='lat' dir='ltr'><strong>misericorditer</strong></span> <span class='ocrx_word' id='word_1_804' title='bbox 1661 2127 1752 2155; x_wconf 85' lang='lat' dir='ltr'><strong>agere,</strong></span> <span class='ocrx_word' id='word_1_805' title='bbox 1773 2123 1802 2147; x_wconf 90' lang='lat' dir='ltr'><strong>et</strong></span> <span class='ocrx_word' id='word_1_806' title='bbox 1815 2120 1848 2147; x_wconf 87' lang='lat' dir='ltr'><strong>ad</strong></span> 
     </span>
    </p>
   </div>
   <div class='ocr_carea' id='block_1_106' title="bbox 1054 2165 1849 2202">
    <p class='ocr_par' dir='ltr' id='par_1_106' title="bbox 1054 2165 1849 2202">
     <span class='ocr_line' id='line_1_106' title="bbox 1054 2165 1849 2202; baseline -0.003 -7"><span class='ocrx_word' id='word_1_807' title='bbox 1054 2167 1234 2195; x_wconf 87' lang='lat' dir='ltr'><strong>miserandum</strong></span> <span class='ocrx_word' id='word_1_808' title='bbox 1260 2171 1400 2202; x_wconf 86' lang='lat' dir='ltr'><strong>promptus</strong></span> <span class='ocrx_word' id='word_1_809' title='bbox 1410 2174 1469 2194; x_wconf 92' lang='lat' dir='ltr'><strong>sum</strong></span> <span class='ocrx_word' id='word_1_810' title='bbox 1482 2171 1509 2194; x_wconf 87' lang='lat' dir='ltr'><strong>et</strong></span> <span class='ocrx_word' id='word_1_811' title='bbox 1519 2165 1553 2193; x_wconf 90' lang='lat' dir='ltr'><strong>ad</strong></span> <span class='ocrx_word' id='word_1_812' title='bbox 1570 2166 1737 2201; x_wconf 89' lang='lat' dir='ltr'><strong>eripiendum</strong></span> <span class='ocrx_word' id='word_1_813' title='bbox 1752 2174 1767 2193; x_wconf 87' lang='lat' dir='ltr'><strong>c</strong></span> <span class='ocrx_word' id='word_1_814' title='bbox 1780 2166 1849 2193; x_wconf 87' lang='lat' dir='ltr'><strong>cala-</strong></span> 
     </span>
    </p>
   </div>
   <div class='ocr_carea' id='block_1_107' title="bbox 1053 2213 1847 2249">
    <p class='ocr_par' dir='ltr' id='par_1_107' title="bbox 1053 2213 1847 2249">
     <span class='ocr_line' id='line_1_107' title="bbox 1053 2213 1847 2249; baseline -0.004 -7"><span class='ocrx_word' id='word_1_815' title='bbox 1053 2215 1116 2242; x_wconf 88' lang='lat' dir='ltr'><strong>mita</strong></span> <span class='ocrx_word' id='word_1_816' title='bbox 1121 2214 1198 2246; x_wconf 88' lang='lat' dir='ltr'><strong>tibus,</strong></span> <span class='ocrx_word' id='word_1_817' title='bbox 1215 2218 1323 2249; x_wconf 88' lang='lat' dir='ltr'><strong>propter</strong></span> <span class='ocrx_word' id='word_1_818' title='bbox 1332 2213 1474 2248; x_wconf 90' lang='lat' dir='ltr'><strong>mcipsum,</strong></span> <span class='ocrx_word' id='word_1_819' title='bbox 1484 2216 1512 2240; x_wconf 89' lang='lat' dir='ltr'><strong>et</strong></span> <span class='ocrx_word' id='word_1_820' title='bbox 1519 2217 1629 2248; x_wconf 92' lang='lat' dir='ltr'><strong>propter</strong></span> <span class='ocrx_word' id='word_1_821' title='bbox 1638 2220 1751 2248; x_wconf 90' lang='lat' dir='ltr'><strong>puerum</strong></span> <span class='ocrx_word' id='word_1_822' title='bbox 1759 2220 1847 2240; x_wconf 89' lang='lat' dir='ltr'><strong>meum</strong></span> 
     </span>
    </p>
   </div>
   <div class='ocr_carea' id='block_1_108' title="bbox 1053 2259 1848 2295">
    <p class='ocr_par' dir='ltr' id='par_1_108' title="bbox 1053 2259 1848 2295">
     <span class='ocr_line' id='line_1_108' title="bbox 1053 2259 1848 2295; baseline -0.004 -7"><span class='ocrx_word' id='word_1_823' title='bbox 1053 2260 1136 2288; x_wconf 84' lang='lat' dir='ltr'><strong>David</strong></span> <span class='ocrx_word' id='word_1_824' title='bbox 1153 2265 1288 2295; x_wconf 84' lang='lat' dir='ltr'><strong>protegam</strong></span> <span class='ocrx_word' id='word_1_825' title='bbox 1302 2268 1308 2286; x_wconf 92' lang='lat'>:</span> <span class='ocrx_word' id='word_1_826' title='bbox 1320 2264 1348 2287; x_wconf 90' lang='lat' dir='ltr'><strong>et</strong></span> <span class='ocrx_word' id='word_1_827' title='bbox 1358 2259 1402 2294; x_wconf 91' lang='lat' dir='ltr'><strong>qui</strong></span> <span class='ocrx_word' id='word_1_828' title='bbox 1421 2263 1483 2286; x_wconf 84' lang='lat' dir='ltr'><strong>ante</strong></span> <span class='ocrx_word' id='word_1_829' title='bbox 1497 2263 1536 2287; x_wconf 84' lang='lat' dir='ltr'><strong>tot</strong></span> <span class='ocrx_word' id='word_1_830' title='bbox 1556 2265 1640 2286; x_wconf 85' lang='lat' dir='ltr'><strong>annos</strong></span> <span class='ocrx_word' id='word_1_831' title='bbox 1653 2266 1668 2285; x_wconf 92' lang='lat' dir='ltr'><strong>e</strong></span> <span class='ocrx_word' id='word_1_832' title='bbox 1681 2259 1734 2286; x_wconf 89' lang='lat' dir='ltr'><strong>vita</strong></span> <span class='ocrx_word' id='word_1_833' title='bbox 1749 2260 1848 2293; x_wconf 77' lang='lat' dir='ltr'><strong>migra-</strong></span> 
     </span>
    </p>
   </div>
   <div class='ocr_carea' id='block_1_109' title="bbox 1051 2304 1847 2340">
    <p class='ocr_par' dir='ltr' id='par_1_109' title="bbox 1051 2304 1847 2340">
     <span class='ocr_line' id='line_1_109' title="bbox 1051 2304 1847 2340; baseline -0.001 -7"><span class='ocrx_word' id='word_1_834' title='bbox 1051 2306 1098 2339; x_wconf 89' lang='lat' dir='ltr'><strong>vit,</strong></span> <span class='ocrx_word' id='word_1_835' title='bbox 1116 2305 1159 2333; x_wconf 87' lang='lat' dir='ltr'><strong>hic</strong></span> <span class='ocrx_word' id='word_1_836' title='bbox 1173 2309 1265 2333; x_wconf 91' lang='lat' dir='ltr'><strong>auctor</strong></span> <span class='ocrx_word' id='word_1_837' title='bbox 1280 2310 1321 2333; x_wconf 89' lang='lat' dir='ltr'><strong>est</strong></span> <span class='ocrx_word' id='word_1_838' title='bbox 1334 2305 1426 2333; x_wconf 88' lang='lat' dir='ltr'><strong>salutis</strong></span> <span class='ocrx_word' id='word_1_839' title='bbox 1442 2305 1474 2332; x_wconf 88' lang='lat' dir='ltr'><strong>iis</strong></span> <span class='ocrx_word' id='word_1_840' title='bbox 1486 2304 1529 2340; x_wconf 92' lang='lat' dir='ltr'><strong>qui</strong></span> <span class='ocrx_word' id='word_1_841' title='bbox 1543 2312 1590 2332; x_wconf 83' lang='lat' dir='ltr'><strong>sua</strong></span> <span class='ocrx_word' id='word_1_842' title='bbox 1603 2311 1662 2332; x_wconf 90' lang='lat' dir='ltr'><strong>sese</strong></span> <span class='ocrx_word' id='word_1_843' title='bbox 1676 2304 1847 2338; x_wconf 86' lang='lat' dir='ltr'><strong>perdiderant</strong></span> 
     </span>
    </p>
   </div>
   <div class='ocr_carea' id='block_1_110' title="bbox 1051 2350 1845 2386">
    <p class='ocr_par' dir='ltr' id='par_1_110' title="bbox 1051 2350 1845 2386">
     <span class='ocr_line' id='line_1_110' title="bbox 1051 2350 1845 2386; baseline -0.003 -7"><span class='ocrx_word' id='word_1_844' title='bbox 1051 2352 1163 2380; x_wconf 85' lang='lat' dir='ltr'><strong>desidia.</strong></span> <span class='ocrx_word' id='word_1_845' title='bbox 1173 2352 1267 2379; x_wconf 87' lang='lat' dir='ltr'><strong>Vidisti</strong></span> <span class='ocrx_word' id='word_1_846' title='bbox 1279 2352 1447 2379; x_wconf 83' lang='lat' dir='ltr'><strong>clementiam</strong></span> <span class='ocrx_word' id='word_1_847' title='bbox 1462 2350 1578 2384; x_wconf 88' lang='lat' dir='ltr'><strong>Domini,</strong></span> <span class='ocrx_word' id='word_1_848' title='bbox 1588 2350 1722 2385; x_wconf 91' lang='lat' dir='ltr'><strong>quomodo</strong></span> <span class='ocrx_word' id='word_1_849' title='bbox 1736 2358 1784 2378; x_wconf 91' lang='lat' dir='ltr'><strong>eos</strong></span> <span class='ocrx_word' id='word_1_850' title='bbox 1802 2351 1845 2386; x_wconf 86' lang='lat' dir='ltr'><strong>qui</strong></span> 
     </span>
    </p>
   </div>
   <div class='ocr_carea' id='block_1_111' title="bbox 1053 2396 1845 2433">
    <p class='ocr_par' dir='ltr' id='par_1_111' title="bbox 1053 2396 1845 2433">
     <span class='ocr_line' id='line_1_111' title="bbox 1053 2396 1845 2433; baseline -0.001 -9"><span class='ocrx_word' id='word_1_851' title='bbox 1053 2398 1154 2426; x_wconf 87' lang='lat' dir='ltr'><strong>virtute</strong></span> <span class='ocrx_word' id='word_1_852' title='bbox 1183 2398 1301 2433; x_wconf 87' lang='lat' dir='ltr'><strong>pollent,</strong></span> <span class='ocrx_word' id='word_1_853' title='bbox 1334 2398 1436 2425; x_wconf 88' lang='lat' dir='ltr'><strong>honore</strong></span> <span class='ocrx_word' id='word_1_854' title='bbox 1456 2396 1555 2430; x_wconf 78' lang='lat' dir='ltr'><strong>afﬁcit,</strong></span> <span class='ocrx_word' id='word_1_855' title='bbox 1577 2396 1723 2431; x_wconf 74' lang='lat' dir='ltr'><strong>prtrponit,</strong></span> <span class='ocrx_word' id='word_1_856' title='bbox 1744 2401 1772 2424; x_wconf 88' lang='lat' dir='ltr'><strong>et</strong></span> <span class='ocrx_word' id='word_1_857' title='bbox 1799 2396 1845 2424; x_wconf 88' lang='lat' dir='ltr'><strong>toti</strong></span> 
     </span>
    </p>
   </div>
   <div class='ocr_carea' id='block_1_112' title="bbox 1051 2441 1844 2479">
    <p class='ocr_par' dir='ltr' id='par_1_112' title="bbox 1051 2441 1844 2479">
     <span class='ocr_line' id='line_1_112' title="bbox 1051 2441 1844 2479; baseline -0.001 -9"><span class='ocrx_word' id='word_1_858' title='bbox 1051 2443 1214 2470; x_wconf 90' lang='lat' dir='ltr'><strong>multitudini</strong></span> <span class='ocrx_word' id='word_1_859' title='bbox 1225 2443 1390 2479; x_wconf 79' lang='lat' dir='ltr'><strong>acquiparat?</strong></span> <span class='ocrx_word' id='word_1_860' title='bbox 1402 2442 1570 2477; x_wconf 83' lang='lat' dir='ltr'><strong>Quapropter</strong></span> <span class='ocrx_word' id='word_1_861' title='bbox 1580 2447 1606 2469; x_wconf 89' lang='lat' dir='ltr'><strong>et</strong></span> <span class='ocrx_word' id='word_1_862' title='bbox 1619 2441 1715 2469; x_wconf 79' lang='lat' dir='ltr'><strong>Paulus</strong></span> <span class='ocrx_word' id='word_1_863' title='bbox 1728 2441 1844 2469; x_wconf 84' lang='lat' dir='ltr'><strong>dicebat:</strong></span> 
     </span>
    </p>
   </div>
   <div class='ocr_carea' id='block_1_113' title="bbox 1052 2487 1844 2522">
    <p class='ocr_par' dir='ltr' id='par_1_113' title="bbox 1052 2487 1844 2522">
     <span class='ocr_line' id='line_1_113' title="bbox 1052 2487 1844 2522; baseline -0.003 -6"><span class='ocrx_word' id='word_1_864' title='bbox 1052 2488 1283 2516; x_wconf 80' lang='lat' dir='ltr'><strong>Obambulauerunt</strong></span> <span class='ocrx_word' id='word_1_865' title='bbox 1292 2489 1319 2515; x_wconf 90' lang='lat' dir='ltr'><strong>in</strong></span> <span class='ocrx_word' id='word_1_866' title='bbox 1332 2488 1413 2516; x_wconf 76' lang='lat' dir='ltr'><strong>ovillis</strong></span> <span class='ocrx_word' id='word_1_867' title='bbox 1421 2488 1581 2522; x_wconf 80' lang='lat' dir='ltr'><strong>caprinisque</strong></span> <span class='ocrx_word' id='word_1_868' title='bbox 1593 2487 1712 2522; x_wconf 78' lang='lat' dir='ltr'><strong>pellibus,</strong></span> <span class='ocrx_word' id='word_1_869' title='bbox 1721 2487 1844 2520; x_wconf 73' lang='lat' dir='ltr'><strong>destituti,</strong></span> 
     </span>
    </p>
   </div>
   <div class='ocr_carea' id='block_1_114' title="bbox 1050 2532 1844 2571">
    <p class='ocr_par' dir='ltr' id='par_1_114' title="bbox 1050 2532 1844 2571">
     <span class='ocr_line' id='line_1_114' title="bbox 1050 2532 1844 2571; baseline -0.001 -9"><span class='ocrx_word' id='word_1_870' title='bbox 1050 2535 1140 2570; x_wconf 75' lang='lat' dir='ltr'><strong>pressi,</strong></span> <span class='ocrx_word' id='word_1_871' title='bbox 1154 2535 1248 2571; x_wconf 75' lang='lat' dir='ltr'><strong>afﬂicti,</strong></span> <span class='ocrx_word' id='word_1_872' title='bbox 1266 2535 1356 2570; x_wconf 81' lang='lat' dir='ltr'><strong>quibus</strong></span> <span class='ocrx_word' id='word_1_873' title='bbox 1369 2534 1489 2570; x_wconf 79' lang='lat' dir='ltr'><strong>indignus</strong></span> <span class='ocrx_word' id='word_1_874' title='bbox 1500 2538 1553 2561; x_wconf 85' lang='lat' dir='ltr'><strong>erat</strong></span> <span class='ocrx_word' id='word_1_875' title='bbox 1564 2533 1672 2560; x_wconf 76' lang='lat' dir='ltr'><strong>mundus</strong></span> <span class='ocrx_word' id='word_1_876' title='bbox 1687 2532 1698 2569; x_wconf 90' lang='lat'>(</span> <span class='ocrx_word' id='word_1_877' title='bbox 1710 2532 1789 2560; x_wconf 81' lang='lat' dir='ltr'><strong>Hebr.</strong></span> <span class='ocrx_word' id='word_1_878' title='bbox 1800 2533 1844 2561; x_wconf 82' lang='grc' dir='ltr'><strong>Η.</strong></span> 
     </span>
    </p>
   </div>
   <div class='ocr_carea' id='block_1_115' title="bbox 1049 2579 1845 2617">
    <p class='ocr_par' dir='ltr' id='par_1_115' title="bbox 1049 2579 1845 2617">
     <span class='ocr_line' id='line_1_115' title="bbox 1049 2579 1845 2617; baseline -0.004 -8"><span class='ocrx_word' id='word_1_879' title='bbox 1049 2581 1094 2609; x_wconf 78' lang='grc'><strong>5⁵1.</strong></span> <span class='ocrx_word' id='word_1_880' title='bbox 1106 2581 1162 2617; x_wconf 76' lang='grc'><strong>58).</strong></span> <span class='ocrx_word' id='word_1_881' title='bbox 1178 2581 1262 2609; x_wconf 84' lang='lat' dir='ltr'><strong>Totus</strong></span> <span class='ocrx_word' id='word_1_882' title='bbox 1273 2602 1280 2615; x_wconf 94' lang='lat'><strong>,</strong></span> <span class='ocrx_word' id='word_1_883' title='bbox 1297 2581 1397 2616; x_wconf 87' lang='lat' dir='ltr'><strong>inquit,</strong></span> <span class='ocrx_word' id='word_1_884' title='bbox 1420 2580 1471 2608; x_wconf 88' lang='lat' dir='ltr'><strong>iste</strong></span> <span class='ocrx_word' id='word_1_885' title='bbox 1493 2579 1609 2607; x_wconf 90' lang='lat' dir='ltr'><strong>mundus</strong></span> <span class='ocrx_word' id='word_1_886' title='bbox 1621 2600 1628 2612; x_wconf 94' lang='lat'><strong>,</strong></span> <span class='ocrx_word' id='word_1_887' title='bbox 1643 2584 1670 2606; x_wconf 83' lang='lat' dir='ltr'><strong>et</strong></span> <span class='ocrx_word' id='word_1_888' title='bbox 1685 2583 1756 2606; x_wconf 84' lang='lat' dir='ltr'><strong>totus</strong></span> <span class='ocrx_word' id='word_1_889' title='bbox 1772 2579 1845 2606; x_wconf 88' lang='lat' dir='ltr'><strong>orbis</strong></span> 
     </span>
    </p>
   </div>
   <div class='ocr_carea' id='block_1_116' title="bbox 1049 2625 1844 2662">
    <p class='ocr_par' dir='ltr' id='par_1_116' title="bbox 1049 2625 1844 2662">
     <span class='ocr_line' id='line_1_116' title="bbox 1049 2625 1844 2662; baseline -0.005 -8"><span class='ocrx_word' id='word_1_890' title='bbox 1049 2635 1103 2655; x_wconf 90' lang='lat' dir='ltr'><strong>non</strong></span> <span class='ocrx_word' id='word_1_891' title='bbox 1113 2634 1155 2656; x_wconf 89' lang='lat' dir='ltr'><strong>est</strong></span> <span class='ocrx_word' id='word_1_892' title='bbox 1168 2626 1346 2655; x_wconf 82' lang='lat' dir='ltr'><strong>confcrendus</strong></span> <span class='ocrx_word' id='word_1_893' title='bbox 1360 2627 1393 2654; x_wconf 90' lang='lat' dir='ltr'><strong>iis</strong></span> <span class='ocrx_word' id='word_1_894' title='bbox 1407 2626 1453 2662; x_wconf 91' lang='lat' dir='ltr'><strong>qui</strong></span> <span class='ocrx_word' id='word_1_895' title='bbox 1475 2626 1502 2653; x_wconf 91' lang='lat' dir='ltr'><strong>in</strong></span> <span class='ocrx_word' id='word_1_896' title='bbox 1522 2625 1713 2653; x_wconf 82' lang='lat' dir='ltr'><strong>altlictionibus</strong></span> <span class='ocrx_word' id='word_1_897' title='bbox 1725 2628 1754 2652; x_wconf 89' lang='lat' dir='ltr'><strong>et</strong></span> <span class='ocrx_word' id='word_1_898' title='bbox 1770 2632 1844 2658; x_wconf 88' lang='lat' dir='ltr'><strong>pres-</strong></span> 
     </span>
    </p>
   </div>
   <div class='ocr_carea' id='block_1_117' title="bbox 1052 2669 1846 2708">
    <p class='ocr_par' dir='ltr' id='par_1_117' title="bbox 1052 2669 1846 2708">
     <span class='ocr_line' id='line_1_117' title="bbox 1052 2669 1846 2708; baseline -0.006 -7"><span class='ocrx_word' id='word_1_899' title='bbox 1052 2674 1132 2707; x_wconf 82' lang='lat' dir='ltr'><strong>suris,</strong></span> <span class='ocrx_word' id='word_1_900' title='bbox 1148 2677 1176 2701; x_wconf 89' lang='lat' dir='ltr'><strong>et</strong></span> <span class='ocrx_word' id='word_1_901' title='bbox 1184 2673 1303 2701; x_wconf 82' lang='lat' dir='ltr'><strong>nuditate</strong></span> <span class='ocrx_word' id='word_1_902' title='bbox 1315 2676 1397 2708; x_wconf 87' lang='lat' dir='ltr'><strong>agunt</strong></span> <span class='ocrx_word' id='word_1_903' title='bbox 1409 2676 1436 2699; x_wconf 90' lang='lat' dir='ltr'><strong>et</strong></span> <span class='ocrx_word' id='word_1_904' title='bbox 1457 2670 1639 2703; x_wconf 86' lang='lat' dir='ltr'><strong>obambulant,</strong></span> <span class='ocrx_word' id='word_1_905' title='bbox 1652 2674 1679 2698; x_wconf 90' lang='lat' dir='ltr'><strong>et</strong></span> <span class='ocrx_word' id='word_1_906' title='bbox 1698 2669 1724 2697; x_wconf 91' lang='lat' dir='ltr'><strong>in</strong></span> <span class='ocrx_word' id='word_1_907' title='bbox 1737 2669 1846 2705; x_wconf 83' lang='lat' dir='ltr'><strong>spelun-</strong></span> 
     </span>
    </p>
   </div>
   <div class='ocr_carea' id='block_1_118' title="bbox 1047 2717 1466 2754">
    <p class='ocr_par' dir='ltr' id='par_1_118' title="bbox 1047 2717 1466 2754">
     <span class='ocr_line' id='line_1_118' title="bbox 1047 2717 1466 2754; baseline -0.01 -6"><span class='ocrx_word' id='word_1_908' title='bbox 1047 2720 1086 2748; x_wconf 88' lang='lat' dir='ltr'><strong>cis</strong></span> <span class='ocrx_word' id='word_1_909' title='bbox 1099 2723 1240 2748; x_wconf 86' lang='lat' dir='ltr'><strong>versantur</strong></span> <span class='ocrx_word' id='word_1_910' title='bbox 1250 2723 1359 2754; x_wconf 89' lang='lat' dir='ltr'><strong>propter</strong></span> <span class='ocrx_word' id='word_1_911' title='bbox 1373 2717 1466 2745; x_wconf 88' lang='lat' dir='ltr'><strong>Deum.</strong></span> 
     </span>
    </p>
   </div>
   <div class='ocr_carea' id='block_1_119' title="bbox 1080 2771 1844 2808">
    <p class='ocr_par' dir='ltr' id='par_1_119' title="bbox 1080 2771 1844 2808">
     <span class='ocr_line' id='line_1_119' title="bbox 1080 2771 1844 2808; baseline -0.009 -6"><span class='ocrx_word' id='word_1_912' title='bbox 1080 2778 1088 2794; x_wconf 72' lang='grc' dir='ltr'>ι</span> <span class='ocrx_word' id='word_1_913' title='bbox 1106 2777 1176 2802; x_wconf 82' lang='lat' dir='ltr'><strong>Savil.</strong></span> <span class='ocrx_word' id='word_1_914' title='bbox 1189 2780 1216 2808; x_wconf 82' lang='lat' dir='ltr'><strong>ct</strong></span> <span class='ocrx_word' id='word_1_915' title='bbox 1226 2780 1331 2808; x_wconf 69' lang='lat' dir='ltr'><strong>quatuor</strong></span> <span class='ocrx_word' id='word_1_916' title='bbox 1338 2779 1391 2808; x_wconf 78' lang='lat' dir='ltr'><strong>Mss.</strong></span> <span class='ocrx_word' id='word_1_917' title='bbox 1404 2781 1410 2799; x_wconf 87' lang='lat'>:</span> <span class='ocrx_word' id='word_1_918' title='bbox 1420 2773 1497 2808; x_wconf 76' lang='lat' dir='ltr'><strong>Etiam</strong></span> <span class='ocrx_word' id='word_1_919' title='bbox 1508 2772 1567 2808; x_wconf 45' lang='lat' dir='ltr'><strong>{sed</strong></span> <span class='ocrx_word' id='word_1_920' title='bbox 1577 2771 1621 2798; x_wconf 77' lang='lat' dir='ltr'><strong>hoc</strong></span> <span class='ocrx_word' id='word_1_921' title='bbox 1792 2778 1844 2808; x_wconf 71' lang='lat' dir='ltr'><strong>rna-</strong></span> 
     </span>
    </p>
   </div>
   <div class='ocr_carea' id='block_1_120' title="bbox 1041 2801 1844 2839">
    <p class='ocr_par' dir='ltr' id='par_1_120' title="bbox 1041 2801 1844 2839">
     <span class='ocr_line' id='line_1_120' title="bbox 1041 2801 1844 2839; baseline -0.007 -5"><span class='ocrx_word' id='word_1_922' title='bbox 1041 2801 1281 2839; x_wconf 20' lang='lat' dir='ltr'><strong>joremranarietaiem</strong></span> <span class='ocrx_word' id='word_1_923' title='bbox 1290 2806 1377 2839; x_wconf 74' lang='lat' dir='ltr'><strong>animis</strong></span> <span class='ocrx_word' id='word_1_924' title='bbox 1387 2804 1475 2839; x_wconf 77' lang='lat' dir='ltr'><strong>nostris</strong></span> <span class='ocrx_word' id='word_1_925' title='bbox 1486 2804 1587 2839; x_wconf 78' lang='lat' dir='ltr'><strong>injicere</strong></span> <span class='ocrx_word' id='word_1_926' title='bbox 1594 2801 1689 2836; x_wconf 80' lang='lat' dir='ltr'><strong>poterit.</strong></span> <span class='ocrx_word' id='word_1_927' title='bbox 1698 2803 1747 2839; x_wconf 67' lang='lat' dir='ltr'><strong>sed</strong></span> <span class='ocrx_word' id='word_1_928' title='bbox 1759 2801 1844 2828; x_wconf 63' lang='lat' dir='ltr'><strong>lectio</strong></span> 
     </span>
    </p>
   </div>
   <div class='ocr_carea' id='block_1_121' title="bbox 1045 2834 1842 2870">
    <p class='ocr_par' dir='ltr' id='par_1_121' title="bbox 1045 2834 1842 2870">
     <span class='ocr_line' id='line_1_121' title="bbox 1045 2834 1842 2870; baseline -0.008 -6"><span class='ocrx_word' id='word_1_929' title='bbox 1045 2834 1103 2865; x_wconf 73' lang='lat' dir='ltr'><strong>item</strong></span> <span class='ocrx_word' id='word_1_930' title='bbox 1115 2839 1213 2867; x_wconf 77' lang='lat' dir='ltr'><strong>Morelli,</strong></span> <span class='ocrx_word' id='word_1_931' title='bbox 1226 2845 1282 2869; x_wconf 74' lang='lat' dir='ltr'><strong>quae</strong></span> <span class='ocrx_word' id='word_1_932' title='bbox 1294 2838 1378 2863; x_wconf 87' lang='lat' dir='ltr'><strong>melior</strong></span> <span class='ocrx_word' id='word_1_933' title='bbox 1391 2837 1495 2870; x_wconf 79' lang='lat' dir='ltr'><strong>videtur,</strong></span> <span class='ocrx_word' id='word_1_934' title='bbox 1507 2834 1657 2870; x_wconf 54' lang='lat' dir='ltr'><strong>retinentius;</strong></span> <span class='ocrx_word' id='word_1_935' title='bbox 1667 2834 1714 2859; x_wconf 79' lang='lat' dir='ltr'><strong>sub</strong></span> <span class='ocrx_word' id='word_1_936' title='bbox 1725 2834 1778 2859; x_wconf 62' lang='lat' dir='ltr'><strong>hinc</strong></span> <span class='ocrx_word' id='word_1_937' title='bbox 1788 2841 1842 2858; x_wconf 83' lang='lat' dir='ltr'><strong>ma-</strong></span> 
     </span>
    </p>
   </div>
   <div class='ocr_carea' id='block_1_122' title="bbox 1046 2865 1668 2902">
    <p class='ocr_par' dir='ltr' id='par_1_122' title="bbox 1046 2865 1668 2902">
     <span class='ocr_line' id='line_1_122' title="bbox 1046 2865 1668 2902; baseline -0.01 -6"><span class='ocrx_word' id='word_1_938' title='bbox 1046 2877 1095 2902; x_wconf 67' lang='lat' dir='ltr'><strong>gna</strong></span> <span class='ocrx_word' id='word_1_939' title='bbox 1107 2865 1249 2896; x_wconf 72' lang='lat' dir='ltr'><strong>observatur</strong></span> <span class='ocrx_word' id='word_1_940' title='bbox 1262 2870 1351 2894; x_wconf 86' lang='lat' dir='ltr'><strong>in</strong></span> <span class='ocrx_word' id='word_1_941' title='bbox 1366 2871 1390 2894; x_wconf 85' lang='lat' dir='ltr'><strong>ct</strong></span> <span class='ocrx_word' id='word_1_942' title='bbox 1399 2867 1460 2900; x_wconf 73' lang='lat' dir='ltr'><strong>apud</strong></span> <span class='ocrx_word' id='word_1_943' title='bbox 1471 2865 1541 2892; x_wconf 70' lang='lat' dir='ltr'><strong>savii.</strong></span> <span class='ocrx_word' id='word_1_944' title='bbox 1555 2866 1668 2892; x_wconf 76' lang='lat' dir='ltr'><strong>varietas.</strong></span> 
     </span>
    </p>
   </div>
  </div>
