2044 3131
210 195 237 222 6.
258 192 350 229 Igitur,
360 194 467 228 dilecte,
479 194 585 230 quando
593 194 691 223 videris
702 196 789 223 virum
800 195 845 222 vili
858 198 970 223 externo

175 239 267 267 habitu
288 240 424 274 vestitum,
451 241 549 268 virtute
564 247 630 268 vero
644 240 807 269 intrinsecus
831 240 970 274 amictum,

173 293 208 313 ne
218 285 291 314 hunc
303 286 473 321 vilipenderis
493 290 602 322 propter
625 286 652 314 id
678 286 749 322 quod
772 290 882 322 apparet
900 295 906 313 :
923 285 970 314 sed

173 334 270 361 animae
297 333 404 361 divitias
417 333 501 367 disce,
520 337 548 361 et
560 334 692 362 internam
720 333 844 369 gloriam,
866 338 893 360 et
907 337 970 360 tunc

174 379 276 406 videbis
286 379 403 414 undique
420 379 564 415 fulgentem
575 380 710 407 virtutem.
724 379 796 406 Talis
808 383 866 406 erat
877 379 969 406 beatus

173 425 256 459 Elias,
271 425 316 460 qui
336 425 463 453 melotem
480 430 582 453 tantum
603 425 710 457 habuit;
737 430 765 452 et
785 425 830 460 qui
851 431 968 460 purpura

172 470 287 498 vestitus
306 475 364 497 erat
377 470 479 503 Achab,
496 471 568 498 illius
583 470 681 498 melote
702 469 847 504 indigebat.
873 469 968 496 Vidisti

173 515 274 543 Achabi
289 515 417 550 inopiam,
434 516 499 544 Elite
521 520 608 543 autem
617 515 741 543 divitias?
764 515 830 542 Vide
843 519 870 543 et
882 522 968 549 quau-

173 565 229 588 tum
243 565 375 596 potestate
396 561 506 589 distent.
531 561 629 589 Melete
650 561 730 597 hujus
743 561 838 588 caelum
861 560 966 594 clausit,

172 606 322 642 pluviarum
352 606 512 634 descensum
540 606 669 639 inhibuit;
702 607 791 642 lingua
830 605 966 641 prophetae

172 652 278 681 frenum
300 653 349 681 fuit
376 654 453 687 caelo,
467 654 599 689 annisque
621 654 706 681 tribus
719 657 747 681 et
760 661 807 680 sex
830 652 967 680 mensibus

171 698 261 732 pluvia
276 705 329 725 nou
341 697 409 726 fuit:
424 699 469 726 illc
483 703 584 732 autent,
607 706 723 734 purpura
733 699 847 726 amictus
859 703 886 726 et
907 698 966 725 dia-

171 744 277 772 demate
291 745 441 779 redimitus,
461 746 619 773 circumibat
639 752 762 781 qumrens
787 744 943 780 prophetam
955 764 964 778 ,

171 795 200 818 et
226 789 291 818 nihil
312 791 378 818 lucri
393 798 426 818 ex
447 795 519 818 tanta
537 796 668 826 potestate
682 791 806 819 habebat.
832 790 965 819 Cancrum

170 836 233 864 vide
248 837 351 864 Domini
361 837 540 865 clementiatn.
555 837 621 871 Quia
633 837 698 864 vidit
710 836 867 872 prophetam
883 835 966 864 multo

170 882 229 910 zelo
236 887 264 910 et
274 882 378 911 fervore
391 883 503 917 moveri,
515 887 542 910 et
549 890 670 918 magnam
681 883 749 911 hanc
763 881 966 917 pmnaminferri

170 932 263 956 contra
278 932 360 956 totam
376 933 484 962 terram,
494 936 528 956 ne
541 932 569 956 et
590 927 648 963 ipse
660 928 739 956 simul
765 927 792 955 iu
807 926 965 962 supplicium

169 974 301 1002 incideret
312 981 373 1002 cum
402 975 465 1008 illis,
488 979 516 1003 et
531 981 623 1002 eorum
635 974 758 1009 nequitia:
773 981 865 1009 pcenas
878 972 965 1005 daret,

169 1020 235 1048 dicit
247 1020 271 1048 ei
285 1028 292 1047 :
307 1020 400 1056 Surge,
413 1025 436 1048 et
456 1021 519 1048 vade
540 1021 566 1048 in
585 1021 696 1055 Surepta
717 1019 892 1048 Sidoniorum.
906 1018 966 1045 Illic

169 1067 236 1094 enim
251 1067 398 1102 praecipiam
411 1066 512 1094 mulieri
519 1066 609 1098 uiduae,
621 1071 648 1093 ut
657 1070 680 1093 te
691 1069 788 1101 pascat.
801 1064 833 1092 Et
845 1065 964 1097 surrexit,

169 1113 258 1140 (tabiit
266 1113 306 1148 (5.
316 1113 378 1149 Reg.
390 1114 431 1140 t7.
441 1111 717 1148 9.l0).VideSpiritus
727 1112 849 1147 gratiam,
858 1110 964 1138 dilecte.

169 1158 275 1188 Etenim
288 1164 315 1187 et
331 1159 387 1187 heri
396 1159 473 1187 nobis
488 1163 558 1187 totus
573 1166 663 1186 sermo
676 1159 746 1186 circa
757 1156 964 1192 hospitalitatem

170 1205 320 1240 insumptus
334 1210 385 1238 est,
405 1210 432 1233 et
444 1205 524 1233 hodie
544 1205 682 1240 hospitalis
695 1204 746 1231 ista
761 1204 838 1231 vidua
855 1202 892 1239 (a)
906 1210 965 1230 ser-

169 1259 277 1279 nionem
304 1257 422 1279 nostrum
438 1252 591 1287 complebit.
610 1252 644 1278 Et
658 1252 735 1286 venit,
760 1251 860 1286 inquit,
875 1251 910 1277 ad
927 1250 965 1277 ui-

168 1297 258 1331 dttant,
270 1303 293 1325 et
307 1298 399 1325 invenit
418 1307 472 1325 eam
483 1298 642 1334 colligentem
653 1298 732 1333 ligna,
747 1302 770 1324 et
787 1297 848 1324 dicit
862 1297 885 1324 ei
898 1305 908 1323 :
923 1296 966 1323 Da

169 1344 231 1370 milii
250 1352 340 1379 parum
351 1352 433 1378 aquw,
448 1349 471 1370 et
487 1345 577 1371 bibant.
594 1344 640 1372 illa
664 1343 792 1371 obedivit.
811 1343 841 1370 Et
856 1343 920 1369 dixit
931 1343 965 1369 ad

169 1399 224 1418 eant
234 1390 324 1417 iterum
338 1399 345 1417 :
357 1390 481 1418 Fucini/ti
504 1391 684 1418 subcinerieios
704 1399 790 1426 panes,
802 1395 824 1417 et
836 1390 965 1417 comedam

169 1436 257 1471 (Ibid.
272 1445 295 1463 υ.
322 1437 381 1472 tl).
410 1437 455 1464 Illa
479 1445 540 1464 vero
563 1442 653 1471 postea
676 1437 774 1471 detegit
796 1436 965 1463 immodicam

168 1489 244 1509 suam
251 1487 406 1518 egestatem,
417 1483 470 1509 imo
478 1482 670 1510 inenarrabiles
677 1481 886 1516 divitiashlagna
893 1482 964 1508 enim

168 1532 310 1562 paupertas
325 1527 424 1556 indicat
440 1528 593 1555 divitiarum
612 1527 682 1555 illius
695 1526 913 1562 magnitudinem.
931 1526 965 1553 Et

168 1574 233 1601 dicit
247 1583 254 1601 :
271 1574 331 1601 Non
349 1579 385 1602 est
404 1574 505 1602 ancilla:
518 1579 567 1602 tua:
580 1575 628 1601 nisi
650 1574 760 1610 pugillus
771 1574 872 1609 farinw,
885 1578 906 1601 et
917 1582 965 1609 pa-

168 1628 226 1647 rum
235 1620 284 1648 olei
297 1621 322 1647 in
335 1621 469 1655 ampliora,
483 1625 506 1648 et
520 1621 677 1648 comedenma
692 1629 737 1656 ego
748 1626 771 1647 et
787 1621 869 1656 pueri,
877 1625 900 1647 et
909 1629 965 1647 nta-

167 1666 264 1693 riemur
280 1666 360 1701 (Ibid.
383 1674 408 1692 υ.
424 1666 480 1702 I2).
501 1666 660 1694 Miserabilia
678 1666 758 1694 verba
770 1687 778 1699 ,
798 1674 858 1701 qua:
880 1666 965 1702 ipsam

168 1713 300 1747 lapideam
317 1713 432 1741 animam
459 1713 596 1741 inﬂectere
610 1718 728 1748 possent.
755 1713 830 1740 Nulla
855 1713 966 1748 posthac

167 1759 247 1786 nobis
265 1766 328 1794 spes
350 1759 453 1787 salutis.
468 1759 540 1787 Mors
555 1760 581 1787 in
603 1758 705 1787 foribus
724 1763 775 1787 est.
801 1759 858 1787 Hoc
878 1760 964 1788 solum

168 1806 247 1834 nobis
261 1806 384 1834 relictum
408 1811 450 1835 est
464 1807 498 1834 ad
514 1807 606 1841 vitam,
622 1807 693 1843 quod
705 1807 750 1835 vix
771 1807 887 1836 sufficiet
898 1807 965 1836 mihi

168 1857 197 1880 et
210 1852 337 1887 puerulis.
349 1852 378 1880 Id
388 1852 460 1888 quod
469 1858 526 1881 erat
538 1853 565 1881 in
579 1861 637 1881 mea
651 1857 783 1888 potestate
793 1853 854 1885 feci;
868 1861 965 1888 aquam

167 1899 374 1927 connnunicavi.
390 1899 490 1928 Verum
511 1904 541 1928 ut
554 1899 687 1928 discamus
701 1905 728 1927 et
742 1900 861 1927 mulieris
871 1899 965 1935 hospi-

170 1946 309 1980 talitatem,
325 1950 354 1974 et
365 1946 428 1982 justi
443 1954 567 1982 magnam
589 1946 730 1980 fiduciam,
745 1946 807 1975 vide
826 1946 889 1982 quid
907 1946 963 1974 fiat.

169 1991 221 2020 Ubi
236 1992 366 2028 propheta
388 1992 529 2028 diligenter
546 1993 603 2021 lucc
617 1993 706 2020 omnia
716 1993 818 2026 didicit,
842 1997 871 2021 ut
891 1993 966 2021 dete-

169 2042 246 2073 geret
256 2038 334 2066 nobis
345 2039 470 2066 virtutem
486 2039 603 2067 mulieris
616 2039 688 2076 (nam
704 2039 774 2067 Deus
789 2038 834 2074 qtti
847 2039 964 2067 dixerat:

171 2083 288 2120 Prmepi
300 2083 412 2117 mulieri,
423 2089 450 2111 ut
461 2088 484 2111 te
496 2089 583 2120 pascat
594 2084 676 2120 (Ibid.
686 2093 710 2112 υ.
726 2084 767 2120 9),
785 2085 840 2119 ipse
850 2089 908 2112 erat
920 2084 966 2119 qui

171 2134 234 2157 tttne
256 2137 305 2164 per
319 2129 475 2164 prophetam
486 2130 676 2166 operabatur),
691 2129 755 2157 dicit
767 2130 791 2157 ci
806 2137 813 2157 :
830 2129 885 2156 Fac
903 2129 966 2156 mihi

171 2176 291 2211 primum,
306 2180 329 2203 et
338 2176 479 2210 comedam,
493 2181 515 2203 et
526 2181 585 2203 tunc
596 2177 657 2211 ﬁliis
669 2177 728 2204 tuis.
741 2176 849 2208 Audite,
867 2176 965 2203 mulie-

171 2229 224 2254 res,
238 2229 298 2256 qua:
310 2221 410 2249 divitiis
424 2221 544 2255 aliluilis,
560 2226 587 2249 et
600 2222 626 2249 in
642 2222 725 2249 multa
744 2222 847 2250 inutilia
863 2227 965 2250 vestras

171 2266 312 2294 facultates
327 2267 471 2300 insumitis,
483 2274 517 2294 ac
535 2272 595 2302 post
619 2267 662 2295 illa
677 2268 766 2295 omnia
788 2267 855 2296 duos
873 2267 967 2295 obolos

171 2312 361 2348 indigentibus,
373 2313 415 2341 vel
423 2313 481 2341 viro
493 2314 608 2349 cuipiam
619 2314 719 2342 virtute
731 2314 843 2350 praedito
857 2320 967 2350 propter

173 2358 256 2385 Deum
267 2366 363 2394 egeno,
380 2359 535 2394 impendere
557 2367 610 2387 non
623 2360 714 2388 vultis.
730 2360 781 2388 Ista
797 2365 886 2389 autem
899 2361 967 2390 nihil

171 2403 267 2431 horum
277 2404 427 2439 possidens,
440 2405 487 2433 sed
499 2409 600 2433 tantum
611 2406 738 2442 pugillnm
747 2407 850 2440 farinaz,
864 2412 889 2435 et
902 2415 968 2443 pau-

171 2450 198 2477 lo
218 2455 279 2486 post
298 2451 445 2479 secundum
460 2460 535 2480 suam
548 2452 702 2487 opinionem
717 2453 832 2481 filiorum
852 2458 968 2482 tnortem

171 2501 334 2532 spectatura,
351 2503 379 2526 ut
391 2498 519 2527 audivita
533 2499 664 2535 propheta
677 2509 685 2527 ς
702 2499 757 2527 Fac
769 2500 832 2527 milii
844 2501 966 2536 primum,

171 2549 195 2570 et
209 2548 269 2571 tunc
284 2544 330 2572 tibi
343 2549 366 2571 et
382 2545 493 2579 puerulis
508 2546 559 2573 tuis
571 2554 581 2573 :
594 2553 649 2573 non
663 2553 734 2581 :egre
747 2546 815 2579 tulit,
831 2553 885 2574 non
899 2553 967 2574 cun-

171 2594 243 2617 elata
264 2595 317 2623 est,
342 2590 389 2618 sed
410 2590 472 2619 fecit
485 2591 613 2626 imperata
627 2601 635 2619 :
650 2591 777 2620 erudiens
793 2599 888 2620 omnes
907 2599 967 2626 nos,

173 2635 357 2671 praferendos
368 2641 466 2665 nostra:
480 2637 667 2666 refocillationi
681 2645 775 2665 servos
790 2638 837 2665 Dei
854 2646 861 2664 :
876 2642 904 2665 et
914 2645 968 2665 non

174 2686 277 2710 temere
289 2682 349 2709 talia
359 2683 430 2710 lucra
440 2683 634 2718 praetereunda,
641 2683 690 2711 sed
700 2683 889 2712 attendendum
895 2683 967 2710 mul-

174 2733 228 2756 tam
244 2728 307 2757 hinc
318 2729 396 2757 nobis
411 2730 526 2757 futuram
548 2737 608 2757 esse
626 2730 788 2758 mercedem.
805 2729 872 2757 Vide
888 2728 968 2765 igitur

206 2808 245 2838 (α)
261 2812 326 2844 Hanc
336 2812 497 2844 meum.
507 2806 860 2844 vi¢,uaﬂ!..vlqﬁhv5..celem.t.
869 2807 968 2844 οιιτῑεο-

174 2843 269 2895 ἓξὲξ-ε
279 2843 353 2865 Temo
363 2838 480 2873 nt‘supra
492 2839 515 2865 in
530 2838 631 2865 nomina
642 2839 674 2864 de
689 2838 757 2866 uella
777 2842 802 2864 et
822 2838 893 2865 vidua
907 2838 970 2866 dim

674 145 706 174 IN
725 145 802 174 CAP.
824 144 917 174 XVIII.
936 145 1061 175 GENES.
1084 147 1200 175 IIOMIL.
1222 148 1302 177 XLII.

1024 194 1094 223 hanc
1108 195 1230 229 viduam,
1252 205 1301 232 pro
1321 196 1418 233 pugillo
1428 198 1537 233 lat-inre,
1570 204 1598 229 et
1617 202 1734 237 pauxillo
1757 204 1818 232 oleo

1023 239 1158 274 quomodo
1169 246 1326 276 perpetuum
1344 242 1471 271 horreum
1495 245 1546 273 sibi
1560 249 1755 282 comparaverit
1781 250 1816 284 (5

1022 286 1087 322 Reg.
1103 287 1147 314 I7.
1161 287 1215 322 “)-
1227 288 1294 315 Nam
1309 295 1448 325 postquam
1462 293 1531 326 pavit
1546 294 1718 329 prophetam,
1730 305 1817 332 neque

1023 332 1135 366 pugillus
1149 332 1240 360 farinae
1253 334 1359 367 defecit,
1379 344 1465 371 neque
1479 338 1607 373 amphora
1629 341 1692 374 olei,
1704 349 1764 369 cuin
1776 344 1817 370 in-

1023 378 1100 405 terim
1114 378 1182 406 fame
1198 384 1268 406 terra
1287 381 1373 408 omnis
1390 389 1604 412 consumeretur.
1620 385 1667 413 Est
1681 392 1768 415 autem
1789 395 1817 417 et

1021 422 1073 451 huc
1086 423 1241 452 admirabile
1258 430 1285 452 ct
1304 427 1463 461 stupendum
1488 436 1546 456 eam
1572 437 1657 466 neque
1680 432 1817 462 laboribus

1021 473 1112 502 postea
1127 477 1194 504 opus
1207 470 1347 504 habuisse,
1364 471 1410 499 sed
1429 477 1549 507 paratum
1579 481 1709 510 perpetuo
1734 478 1816 507 fuisse

1020 513 1132 541 farinam
1160 520 1186 542 et
1207 515 1306 550 oleum,
1326 522 1353 544 et
1373 525 1460 553 neque
1477 520 1637 555 agricultura
1660 523 1815 559 indiguissr,

1020 567 1108 594 neque
1131 560 1212 588 boum
1238 564 1446 598 cooperatione,
1473 572 1561 600 neque
1585 567 1638 594 ulla
1661 568 1713 596 alia
1733 577 1815 602 cura;

1020 606 1068 633 sed
1081 606 1170 635 videre
1185 612 1243 635 erat
1266 610 1355 636 omnia
1372 616 1468 645 praeter
1495 617 1618 641 naturam
1641 616 1759 644 evenire.
1781 617 1815 646 Et

1019 659 1083 698 cum
1103 660 1161 686 rex,
1177 654 1221 689 qui
1241 662 1366 683 coronam
1381 658 1466 691 capite
1479 658 1609 693 gestabat,
1624 661 1718 689 anxius
1732 667 1814 698 esset,

1019 701 1047 724 et
1071 696 1141 726 fume
1162 698 1313 733 laboraret,
1337 700 1414 736 inops
1434 702 1510 729 vidua
1531 704 1655 731 omnibus
1675 696 1813 741 destituta,

1018 742 1080 776 quia
1092 744 1247 778 prophetam
1257 752 1422 781 susceperat,
1436 747 1462 774 in
1477 752 1631 783 perpetuam
1643 752 1714 779 venit
1728 752 1814 780 abun-

1018 786 1145 833 dantiam.
1161 789 1305 824 Propterea
1320 791 1479 819 etChristus
1487 792 1592 821 dicebat
1607 803 1613 822 :
1630 795 1681 829 Qui
1694 805 1810 833 suscepe-

1018 832 1050 859 rit
1069 834 1218 868 prophetam
1240 835 1266 862 in
1287 836 1388 863 nomine
1397 837 1538 872 prophetia,
1551 841 1689 868 mercedem
1702 844 1812 878 prop/ie-

1018 883 1051 906 ta:
1064 880 1168 915 recipiet
1183 880 1289 917 (Manli.
1308 879 1579 915 I0.H).Vidistiheri
1588 885 1652 920 quid
1661 889 1810 921 patriarcha

1017 927 1146 954 meruerit
1158 927 1232 963 larga
1245 935 1294 956 sua
1309 927 1491 964 hospitalitate
1518 934 1545 957 et
1553 929 1652 957 fervida
1663 931 1810 961 alacritate:

1017 968 1078 997 vide
1089 974 1116 997 et
1132 977 1202 998 nunc
1217 971 1285 999 hanc
1299 971 1437 1001 Sidoniam
1452 979 1564 1010 repente
1574 975 1694 1011 ingentes
1707 977 1813 1006 divitias

1017 1016 1208 1050 possidentem.
1219 1017 1320 1054 Lingua
1328 1020 1398 1046 enim
1408 1021 1545 1056 pr0phota:
1555 1030 1614 1057 qua:
1624 1023 1680 1050 caeli
1695 1024 1812 1054 habenas

1017 1062 1215 1096 moderabatur,
1229 1064 1292 1092 fecit
1305 1070 1334 1092 ut
1345 1065 1439 1094 farina:
1449 1067 1564 1102 pugillus
1576 1073 1603 1096 ct
1616 1069 1668 1098 olei
1680 1071 1810 1106 ampliora

1015 1107 1114 1143 jugiter
1139 1111 1308 1138 scaturirent.

1053 1155 1079 1182 7.
1101 1155 1211 1184 litoralis
1225 1157 1414 1185 ezltorlatia.—
1425 1159 1499 1187 Ilanc
1524 1168 1618 1189 omnes
1635 1162 1774 1191 imitentur
1784 1169 1813 1192 et

1016 1202 1066 1229 viri
1080 1206 1108 1229 et
1119 1203 1254 1231 mulieres.
1270 1203 1327 1239 Ego
1337 1205 1443 1239 quidem
1458 1206 1552 1233 vellem
1569 1214 1616 1235 vos
1627 1209 1659 1235 ad
1675 1210 1814 1244 propheta:

1016 1248 1113 1281 zelum,
1128 1253 1154 1276 et
1165 1248 1198 1276 ad
1212 1248 1269 1284 ejus
1283 1249 1388 1277 virtutis
1401 1250 1576 1279 imitationem
1591 1252 1724 1281 deducere
1739 1262 1747 1280 :
1764 1256 1811 1282 scd

1016 1295 1076 1330 quia
1089 1295 1139 1322 hoc
1149 1303 1292 1324 onerosum
1316 1297 1392 1325 vobis
1418 1297 1524 1326 videtttr
1545 1306 1615 1332 esse,
1641 1302 1763 1335 quamvis
1784 1307 1813 1330 et

1016 1341 1062 1369 ille
1076 1341 1156 1369 homo
1171 1347 1238 1376 erat,
1253 1351 1416 1379 carnemque
1437 1346 1507 1372 sicut
1524 1353 1573 1374 nos
1594 1347 1810 1382 circumferebat,

1016 1392 1044 1415 ct
1055 1388 1175 1415 eamdem
1188 1396 1267 1423 quam
1288 1397 1337 1417 nos
1358 1389 1471 1418 habebat
1485 1396 1606 1419 naturam
1623 1402 1630 1420 :
1645 1401 1736 1421 verum
1750 1396 1812 1428 quia

1016 1441 1076 1469 qua:
1088 1442 1136 1461 sua
1146 1440 1223 1462 erant
1235 1436 1344 1471 largiter
1352 1438 1450 1471 attulit,
1464 1443 1543 1473 atque
1569 1439 1692 1468 virtutem
1706 1441 1811 1476 amplc-

1017 1484 1094 1507 xatus
1108 1484 1159 1515 est,
1175 1489 1319 1516 supernam
1335 1490 1439 1518 quoque
1451 1485 1563 1519 gratiam
1577 1492 1735 1522 asseqnutus
1750 1493 1809 1521 est;

1016 1530 1142 1554 Caeterum
1156 1527 1262 1555 interim
1284 1536 1333 1556 nos
1354 1530 1394 1556 vel
1412 1531 1553 1558 mulierem
1579 1533 1647 1560 hanc
1665 1533 1810 1568 itnitemur,

1017 1576 1044 1599 et
1056 1573 1094 1599 sic
1105 1573 1232 1608 paulatim
1247 1582 1280 1602 eo
1294 1575 1442 1609 veniemus,
1464 1583 1492 1604 ut
1503 1578 1583 1605 etiam
1598 1580 1735 1614 propheta:
1750 1581 1802 1608 imi.

1017 1622 1117 1646 latores
1127 1619 1218 1647 simus.
1237 1619 1406 1648 Emulemur
1420 1622 1509 1658 itaque
1522 1624 1580 1658 ejus
1593 1624 1811 1659 hostiitalitatem,

1017 1669 1045 1693 et
1067 1666 1155 1694 nullus
1174 1666 1285 1702 prslhac
1301 1668 1416 1703 inopiam
1431 1674 1570 1703 prmtexat.
1582 1671 1648 1698 Nam
1668 1678 1812 1706 quantum-

1016 1712 1057 1739 vis
1071 1712 1149 1748 inops
1164 1713 1198 1741 si;
1221 1714 1326 1749 aliquis,
1344 1723 1397 1742 non
1420 1717 1470 1743 erit
1491 1716 1541 1744 hac
1564 1718 1696 1752 egentior,
1709 1719 1751 1746 cui
1777 1719 1811 1746 ad

1017 1765 1099 1785 unum
1116 1763 1217 1786 tantun
1239 1759 1310 1786 dietn
1336 1765 1393 1787 erat
1418 1760 1595 1789 alimentum:
1611 1767 1639 1790 et
1662 1770 1750 1798 neque
1773 1763 1813 1792 sic

1017 1802 1066 1830 fuit
1079 1804 1186 1838 segnior
1199 1803 1232 1832 ad
1246 1804 1399 1839 petitionem
1416 1806 1564 1841 prophetae,
1585 1807 1632 1835 seti
1648 1815 1742 1843 magna
1754 1809 1812 1836 ala-

1016 1850 1113 1878 critate
1125 1850 1149 1878 ei
1164 1851 1260 1885 paruit,
1286 1856 1314 1879 ct
1328 1852 1478 1880 mercedem
1497 1854 1618 1888 protinus
1636 1855 1746 1890 recepit.
1761 1855 1813 1883 Ta-

1017 1895 1052 1924 lia
1066 1896 1138 1924 enim
1149 1901 1222 1930 sunt,
1242 1905 1301 1932 quae
1313 1905 1328 1925 a
1352 1898 1406 1925 Deo
1421 1898 1496 1926 liunt.
1520 1899 1577 1927 Mos
1591 1900 1615 1927 ei
1629 1900 1694 1928 dare
1716 1909 1812 1937 magna

1018 1949 1067 1977 pro
1077 1943 1175 1977 parvis.
1189 1942 1257 1977 Quid
1270 1943 1352 1977 enim,
1367 1943 1420 1978 dic,
1431 1952 1491 1978 oro,
1504 1950 1604 1973 tantum
1614 1947 1712 1981 attulit,
1724 1955 1810 1982 quan-

1017 1992 1074 2016 tum
1094 1988 1221 2023 accepit?
1249 1988 1347 2017 Verum
1377 1989 1507 2019 Dominus
1527 1995 1618 2019 noster
1640 1999 1692 2020 non
1714 1998 1813 2028 quanta

1017 2035 1115 2062 dentur
1136 2035 1275 2063 consuevit
1295 2036 1443 2070 attendere,
1469 2037 1516 2065 sed
1542 2037 1686 2066 voluntatis
1706 2039 1814 2074 largita-

1019 2085 1090 2113 tem;
1113 2085 1141 2108 et
1164 2081 1199 2108 ab
1221 2081 1271 2109 hac
1284 2089 1344 2116 quae
1358 2090 1439 2117 parva
1460 2088 1523 2111 sunt
1535 2091 1629 2119 magna
1652 2085 1812 2119 redduntltr,

1018 2130 1045 2154 et
1058 2133 1152 2161 magna
1172 2133 1245 2161 saepe
1269 2127 1331 2155 vilia
1346 2127 1514 2162 efficiuntur,
1540 2130 1647 2165 quando
1667 2137 1720 2158 non
1733 2130 1812 2158 hilari

1018 2177 1107 2205 animo
1126 2185 1186 2213 quae
1210 2178 1276 2206 liunt
1304 2184 1475 2214 peraguntur.
1502 2179 1650 2215 Eapropter
1665 2180 1743 2208 vidua
1769 2180 1813 2208 illa

1018 2223 1182 2259 evangelica,
1195 2224 1286 2252 multis
1305 2225 1388 2252 multa
1413 2225 1440 2252 in
1455 2225 1672 2261 gazophylacium
1685 2226 1816 2254 mittenti-

1018 2270 1078 2302 bus.
1106 2270 1231 2306 proiectis
1254 2270 1361 2299 duobus
1374 2271 1483 2299 minutis
1496 2279 1590 2299 omnes
1601 2272 1664 2299 vicit
1676 2272 1752 2307 (Luc.
1766 2272 1812 2300 21.

1019 2316 1046 2344 5.
1060 2316 1097 2350 Il),
1113 2324 1166 2344 non
1181 2316 1253 2351 quod
1275 2317 1417 2344 immiserit
1429 2318 1504 2352 plura
1514 2317 1584 2350 aliis,
1599 2318 1646 2346 scd
1661 2318 1732 2354 quod
1746 2319 1813 2346 libe-

1019 2362 1145 2390 ralioretn
1169 2363 1333 2390 voluntatem
1357 2363 1515 2391 ostenderit.
1532 2364 1585 2391 Alii
1607 2364 1694 2396 enim,
1718 2364 1812 2399 inquit,

1019 2415 1054 2436 ex
1077 2416 1110 2436 eo
1122 2408 1193 2444 quod
1211 2409 1262 2437 sibi
1284 2410 1436 2437 abundabat
1451 2410 1647 2446 eleemOsynam
1658 2410 1814 2446 erogabant,

1020 2454 1069 2481 ista
1082 2458 1171 2482 autem
1201 2455 1291 2482 omnia
1316 2463 1491 2490 qumcumque
1515 2456 1669 2490 possidebat
1693 2456 1812 2484 immisit.

1020 2499 1132 2527 Omnem
1159 2500 1230 2528 enim
1243 2501 1342 2528 victum
1365 2509 1452 2534 suum,
1470 2501 1564 2537 inquit,
1586 2502 1686 2537 injecit.

1057 2545 1224 2581 Elecmosyna
1234 2547 1482 2582 eroganda.—Ergo
1490 2547 1615 2575 mulieres
1625 2548 1720 2576 saltem
1732 2549 1815 2576 imite-

1021 2600 1081 2620 mur
1090 2592 1152 2626 viri,
1160 2596 1245 2620 etnon
1255 2592 1438 2620 inferioreseis
1446 2593 1596 2621 videamur:
1606 2594 1654 2621 sed
1662 2595 1816 2622 Studeamus

1021 2646 1075 2666 non
1085 2638 1172 2666 solum
1180 2638 1214 2665 ad
1232 2643 1353 2666 nostrum
1366 2645 1443 2666 usum
1456 2646 1564 2667 omnem
1576 2639 1751 2668 substantiam
1766 2648 1817 2667 no-

1022 2688 1105 2711 stram
1119 2683 1285 2718 impendere,
1305 2683 1353 2710 sed
1374 2688 1401 2711 et
1422 2691 1566 2719 egenorum
1579 2692 1704 2720 magnam
1718 2685 1818 2712 habere

1023 2737 1131 2763 curam,
1157 2728 1237 2764 idque
1256 2736 1317 2756 cum
1339 2729 1477 2757 alacritate
1500 2733 1528 2757 et
1546 2729 1690 2758 hilaritate.
1711 2730 1817 2758 Etenim

1023 2774 1139 2810 agricola
1152 2778 1231 2802 terra;
1249 2774 1415 2802 concredens
1427 2774 1540 2809 semina,
1554 2782 1608 2803 non
1628 2774 1679 2804 hoc
1692 2782 1754 2803 cum
1769 2775 1818 2803 tri-

1023 2821 1095 2849 stitia
1108 2820 1180 2855 facit,
1194 2820 1241 2849 sed
1255 2820 1374 2855 gaudens
1397 2824 1425 2848 et
1438 2820 1615 2855 laetabundus,
1633 2825 1661 2849 et
1674 2821 1750 2858 quasi
1761 2821 1825 2860 jam.

1026 2874 1073 2904 spe
1084 2866 1233 2903 manipulos
1244 2865 1334 2896 videre
1347 2873 1376 2896 sc
1388 2866 1554 2904 existimans,
1569 2866 1595 2895 in
1610 2870 1682 2897 terra
1693 2863 1818 2895 seminat.
