2044 3131
228 142 280 171 595

229 199 262 225 Et
277 202 316 230 tu,
332 195 438 227 dilecte,
456 202 490 221 ne
510 192 595 220 solum
611 191 761 226 respexeris
775 190 807 217 ad
822 197 883 217 eum
897 188 940 223 qui
956 186 1023 214 rcci-

229 243 277 277 pit,
292 248 378 276 neque
396 240 428 267 ad
449 243 570 273 sumplus
583 237 626 273 qui
652 237 735 268 fiunt;
759 235 805 263 sed
824 235 927 270 cogita,
951 232 1024 260 illum

228 287 336 323 quidem
351 286 395 321 qui
410 293 424 313 a
441 290 466 313 te
479 285 576 319 accipit
597 291 657 312 esse
668 283 800 310 visibilem
811 302 817 313 ,
838 282 918 308 alium
936 285 1024 307 autem

228 341 289 368 qua;
302 333 328 360 in
339 333 414 360 illum
432 331 507 363 fiunt,
523 331 573 358 sibi
592 330 660 357 facta
675 329 832 359 declarare;
851 335 937 362 neque
951 327 1025 353 illum

229 380 365 413 vulgarem
386 377 536 413 quempiam
565 384 641 409 esse,
665 375 712 403 sed
734 374 852 402 omnium
873 373 1023 404 Dominum,

229 423 287 452 etcli
307 430 439 458 terra-que
459 422 647 453 Conditorem;
662 425 689 448 et
708 423 844 454 sumptqu
859 419 932 445 illum
956 417 1026 444 rcdi-

231 475 306 497 tuum
319 469 407 496 locum
422 469 553 500 oblinere,
570 475 619 494 nec
639 466 725 494 Solum
747 473 799 492 non
820 465 941 492 minuere
960 464 1025 490 sul)-

230 514 355 542 stantiam
371 518 453 547 tuam,
467 513 514 541 sed
528 521 625 548 augere
638 512 720 547 magis
739 512 761 538 si
783 519 844 538 cum
858 510 910 538 fide
925 515 951 537 et
971 509 1025 536 ala-

229 560 324 587 critate
347 559 397 587 hoc
411 558 516 586 feceris.
539 558 642 586 Addam
665 558 691 585 id
713 557 782 592 quod
803 556 964 591 praecipuum
986 559 1025 582 est

229 605 348 632 bonum:
365 610 462 640 printer
477 605 525 632 hos
541 604 641 632 reditus
655 608 682 631 et
703 603 787 636 lucra,
801 610 860 637 qua:
874 610 906 629 ex
920 606 1025 636 sumplu

232 656 370 685 paramur,
387 655 494 684 peccata
509 650 589 678 etiam
603 649 786 677 condonantur
802 657 808 675 :
823 648 864 675 cui
879 648 949 675 bono
964 646 1026 682 quid

231 703 279 730 par
293 702 352 723 esse
365 696 480 730 poterit?
502 695 530 722 Si
547 695 626 731 igitur
639 695 761 722 volumus
776 702 840 721 vere
858 693 1025 728 locupletari,

231 745 332 769 etcum
347 741 445 768 divitiis
465 742 545 769 etiatn
563 745 732 776 peccatorum
754 740 873 767 invenire
892 738 1026 767 remissio-

231 796 304 820 nem,
325 787 491 815 cflâ€˜undamus
516 795 559 815 res
580 792 684 815 nostras
709 787 734 814 in
757 794 901 821 egenorum
922 792 1026 818 manus.

231 833 425 868 prmmittamus
439 841 484 861 eas
500 833 527 860 in
541 833 646 867 ctclum,
664 833 707 861 tibi
723 840 809 867 neque
825 833 873 864 fur,
890 839 976 867 neque
988 832 1026 859 la-

232 883 285 912 tro,
302 886 388 913 neque
405 879 533 914 parietum
555 879 677 912 cfl'ossor,
699 885 785 913 neque
807 877 897 904 famuli
916 877 1026 910 malitia,

232 932 319 960 neque
333 924 404 951 aliud
419 925 563 960 quidquam
585 931 682 951 nocere
696 924 792 959 peterit
806 923 904 950 divitiis
919 923 1025 949 i.0stris.

231 970 315 1005 Regio
329 971 399 998 enim
416 971 458 998 illa
478 970 603 997 omnibus
625 969 773 997 istiusmodi
789 969 894 996 damnis
908 968 1028 1003 superior

231 1021 283 1044 est.
297 1016 411 1044 Tantum
425 1024 458 1043 ne
473 1024 567 1043 vanam
580 1016 691 1051 gloriam
707 1020 850 1045 sectemur,
865 1014 911 1041 sed
931 1022 1028 1048 sequa-

231 1070 294 1090 mur
308 1062 381 1097 leges
399 1070 413 1089 a
435 1061 541 1089 Christo
565 1061 684 1094 traditas,
708 1066 737 1088 ut
755 1068 807 1088 non
825 1061 858 1088 ab
879 1059 1029 1087 hominibus

231 1108 326 1136 laudes
339 1108 526 1144 percipiantus,
539 1107 586 1135 sed
596 1115 610 1134 a
625 1106 759 1135 communi
772 1105 891 1133 oumium
906 1105 1027 1138 Domino,

232 1162 268 1182 ne
281 1158 308 1182 et
328 1159 450 1189 sumptus
471 1153 599 1181 faciamus
613 1174 620 1184 .
644 1157 671 1180 et
692 1153 767 1179 lucro
788 1151 973 1179 destituamur.
995 1149 1030 1178 Ut

232 1200 304 1227 enim
318 1199 352 1227 ab
367 1198 469 1226 insidiis
482 1198 540 1225 aliis
553 1198 676 1225 omnihtts
697 1201 760 1224 tuta:
779 1201 840 1224 sunt
862 1195 961 1224 divitia:
983 1202 1031 1229 per

233 1253 327 1274 manus
342 1252 488 1280 pauperum
502 1251 535 1272 eo
551 1244 695 1277 translatae,
716 1243 751 1270 ita
771 1251 819 1278 per
835 1250 928 1270 vanam
943 1241 1029 1269 solum

233 1291 343 1326 gloriam
363 1289 557 1322 absumuntur;
584 1294 610 1316 ct
625 1293 653 1316 ut
675 1289 745 1316 tinea
767 1293 795 1316 et
812 1295 917 1315 vermes
941 1291 1030 1314 vestes

233 1340 418 1370 corrumpunt,
441 1335 476 1362 ita
501 1339 527 1362 ct
547 1334 633 1361 inanis
647 1334 729 1370 gloria
750 1333 854 1362 divitias
867 1341 925 1368 qua:
947 1332 1029 1360 mise-

234 1381 348 1409 ricordia
363 1381 534 1416 colliguntur.
550 1380 659 1413 Idcirco,
676 1380 798 1412 obsecro,
819 1387 871 1406 non
885 1379 970 1407 solum
987 1378 1028 1406 fa-

234 1429 335 1456 ciamus
347 1428 541 1463 clcemosynas,
555 1427 602 1453 sed
617 1431 643 1453 et
655 1431 731 1454 caute
743 1425 880 1457 faciamus,
895 1429 923 1452 ut
936 1432 1031 1459 magna

235 1475 304 1503 bona
317 1475 493 1510 percipiamus
506 1481 553 1509 pro
563 1472 660 1508 parvis,
682 1477 709 1500 ct
731 1480 779 1507 pro
793 1471 927 1507 fragilibus
941 1471 1031 1498 incor-

234 1521 380 1556 ruptibilia,
401 1525 428 1548 et
453 1527 502 1556 pro
525 1519 713 1554 temporalibus
735 1522 845 1551 :etcrna,
869 1522 968 1544 etcum
989 1515 1032 1544 his

236 1568 360 1596 omnibus
374 1567 452 1594 etiam
469 1571 636 1601 peccatorum
652 1565 834 1593 remissionem
848 1564 953 1599 assequi
966 1570 1033 1598 pos-

236 1613 331 1644 simus,
352 1612 474 1647 bonaque
494 1611 537 1639 illa
559 1611 701 1638 ineffabilia
725 1620 732 1641 :
754 1610 850 1646 quibus
868 1618 918 1637 nos
938 1617 1033 1637 omnes

236 1657 315 1694 potiri
338 1658 484 1693 contingat,
505 1657 587 1692 gratia
607 1661 633 1684 et
656 1655 837 1684 misericordia
860 1654 964 1682 Domini
986 1662 1034 1682 no-

236 1704 284 1732 atri
299 1704 362 1732 Jesu
374 1704 484 1736 Christi,
498 1703 541 1732 cui
556 1710 618 1731 cum
639 1702 718 1730 Patre
732 1706 760 1730 ct
772 1706 865 1729 sancto
879 1699 1034 1735 vivificoque

236 1751 336 1788 Spiritu
350 1751 384 1779 sit
394 1751 487 1786 gloria,
504 1757 574 1777 nunc
587 1753 613 1776 ct
623 1756 738 1783 semper,
755 1752 782 1775 et
796 1748 821 1775 in
835 1748 932 1776 SlXECL'la
947 1754 1034 1774 saecu-

239 1797 335 1826 lorum.
352 1797 448 1824 Amen.

513 1860 649 1888 IIORIILH
669 1858 758 1886 XLIII.

246 1917 370 1946 Venerunt
383 1923 478 1952 autem,
500 1918 592 1951 inquit,
616 1915 667 1942 (lim
684 1916 768 1950 angeli
784 1915 897 1942 Sodoma
922 1922 1034 1949 vespere.

544 1962 620 1997 (Gen.
634 1962 680 1989 .19.
699 1962 734 1996 l).

278 2040 302 2066 l.
318 2035 544 2071 Quemadmodum
553 2033 674 2059 lloridtttu
682 2030 815 2065 quoddam
825 2032 931 2063 pratum
940 2027 1028 2054 varios

240 2091 268 2112 et
282 2083 438 2117 omnigeuos
449 2079 527 2106 flores
540 2079 566 2105 in
581 2085 609 2104 se
624 2079 754 2107 ostentat,
770 2075 805 2100 ita
820 2080 846 2100 et
857 2073 946 2100 divina
957 2072 1028 2099 Scri-

241 2135 319 2165 ptura
337 2127 471 2161 justorum
490 2124 603 2150 virtutes
622 2121 698 2148 nobis
713 2120 879 2147 demonstrat
895 2128 901 2144 :
917 2125 969 2144 non
989 2123 1028 2149 ut,

240 2162 311 2201 sicut
325 2173 429 2199 illorum
444 2169 538 2195 florum
553 2166 710 2201 fragrantia,
723 2172 806 2198 parvo
821 2168 941 2196 tempore
957 2162 1029 2189 frua-

243 2225 313 2248 mur,
333 2216 380 2243 sed
394 2219 421 2241 ut
435 2216 592 2248 perpetuam
618 2211 678 2237 inde
700 2209 841 2236 utilitatem
857 2207 1028 2241 recipiamus.

242 2263 299 2291 Illic
311 2269 390 2289 manu
409 2265 510 2287 tantum
525 2257 660 2291 carpimus
675 2255 765 2286 flores,
779 2258 806 2280 et
823 2252 945 2287 protinus
959 2259 1030 2279 mar-

242 2312 381 2336 cescentes
389 2313 464 2334 suam
476 2305 589 2339 gratiam
606 2302 730 2329 amittunt
740 2300 798 2326 :bie
809 2303 898 2326 autem
907 2306 960 2325 non
973 2298 1029 2326 sic:

243 2353 290 2382 sed
303 2352 410 2387 quando
424 2350 535 2377 auribus
550 2349 685 2383 justorum
701 2345 813 2372 virtutes
829 2343 987 2378 accipintus,
1003 2347 1031 2370 et

242 2407 288 2426 eas
305 2399 331 2425 in
345 2398 406 2425 sinu
425 2396 525 2423 mentis
537 2393 702 2428 reponimus,
718 2398 767 2426 per
781 2397 860 2417 omne
876 2393 992 2424 tempus,
1006 2389 1030 2417 si

242 2446 366 2473 volumus
381 2465 388 2476 ,
415 2450 507 2471 eorum
529 2441 603 2468 suavi
625 2440 707 2468 odore
730 2439 781 2466 frui
805 2437 961 2473 poterimus.
985 2438 1040 2471 Age

240 2499 317 2526 ergo,
335 2490 396 2524 quia
419 2493 490 2516 tanta
511 2491 664 2514 sanctorum
679 2487 705 2513 in
719 2485 807 2513 divina
825 2484 963 2520 Scriptura
985 2482 1041 2510 fra-

242 2536 347 2572 grantia
360 2539 410 2567 est,
426 2533 505 2561 hodie
519 2533 578 2560 Loti
591 2533 689 2559 bonum
702 2531 811 2559 odorem
825 2531 1000 2566 inquiramus,
1012 2532 1041 2557 ut

244 2582 358 2610 sciamus
370 2579 480 2614 liquido,
495 2579 595 2613 justum
610 2577 680 2605 hunc
702 2578 727 2604 in
748 2582 850 2604 tantum
864 2577 969 2604 virtutis
983 2576 1040 2609 api-

243 2633 302 2654 cem
319 2629 441 2653 evectum
454 2631 514 2651 esse
529 2623 687 2658 patriarcha:
706 2622 910 2655 consuetudine,
930 2629 990 2656 quae
1003 2620 1041 2648 ef-

243 2672 305 2700 fecit
320 2676 348 2699 ttt
366 2671 476 2706 vestigia
498 2672 568 2699 illius
589 2675 754 2707 sequeretur,
770 2675 797 2697 ct
813 2670 980 2704 peculiariter
994 2669 1041 2696 lto-

243 2719 412 2753 ;pitalitatem
427 2724 572 2746 exerceret.
583 2719 680 2746 Verum
693 2723 721 2744 ut
734 2717 898 2744 manifestior
911 2716 943 2743 sit
953 2723 1042 2743 sermo

244 2771 342 2797 noster,
356 2773 444 2800 opera:
455 2766 568 2800 pretium
587 2765 665 2792 fuerit
686 2763 830 2798 Scripturze
845 2762 926 2790 verba
937 2761 1039 2789 audire.

247 2810 402 2839 LVencrunt
412 2817 505 2844 autem,
517 2811 610 2846 inquit,
628 2811 677 2837 duo
692 2810 777 2846 angeli
793 2810 906 2837 Sodoma
917 2807 1040 2843 (Cap.l9)

245 2858 349 2894 vesperi.
367 2857 455 2892 Quare
478 2857 517 2885 sic
538 2857 636 2892 incepit
657 2861 683 2885 et
698 2855 787 2884 dixit:
808 2854 935 2882 Vcncrunl
959 2858 1042 2881 autem

615 135 645 164 S.
665 133 804 164 JOANNIS
823 126 1063 160 CHRYSOSTOMI
1082 123 1239 154 ARCï¬‚lEP.
1262 122 1527 152 CONSTANTINLâ€˜P.

1822 123 1875 151 Ï‰Î´

1080 183 1130 210 duo
1145 182 1229 214 anqeli
1241 181 1353 209 Sodoma
1364 181 1458 216 vesperi
1469 181 1482 207 .â€™
1494 179 1626 214 Quoniam
1635 185 1773 216 postquam
1782 181 1877 210 diverâ€”

1079 228 1128 256 sati
1144 231 1205 255 sunt
1219 226 1288 260 apud
1310 225 1500 261 patriarcham,
1515 229 1544 252 et
1565 225 1625 252 inde
1645 231 1784 260 surgentes
1799 227 1876 254 abicÂ«

1079 280 1156 307 runt;
1178 281 1209 301 ac
1227 273 1346 300 clemens
1364 272 1492 299 Dominus
1506 277 1532 299 et
1545 277 1661 305 curator,
1676 279 1724 306 pro
1737 280 1783 299 sua
1797 273 1875 300 boui-

1080 325 1134 348 tate
1157 321 1181 347 iu
1204 319 1318 346 humana
1336 318 1419 353 figura
1440 317 1523 351 visus,
1549 318 1647 344 mansit
1669 318 1740 352 apud
1763 319 1875 353 patriar-

1078 367 1166 397 chum,
1185 367 1294 400 loquens
1305 372 1366 392 cum
1383 372 1425 397 eo,
1442 364 1512 392 sicut
1534 365 1591 391 beri
1605 364 1742 392 audivistis
1760 374 1766 392 :
1783 366 1875 393 volens

1080 419 1128 438 nos
1140 418 1233 438 omnes
1248 410 1345 438 docere
1359 414 1386 437 et
1405 410 1540 445 ingentem
1565 410 1717 444 patientiam
1739 418 1828 443 suam,
1847 416 1876 439 et

1080 456 1236 492 patriarchtc
1249 456 1396 489 caritatem,
1406 456 1492 491 angeli
1506 461 1594 483 autem
1606 456 1802 483 contendebant
1813 461 1875 485 tunc

1079 509 1171 530 versus
1185 502 1300 530 Sodoma
1312 511 1319 528 :
1335 509 1446 529 servans
1458 501 1593 536 Scriptura
1609 508 1686 528 suum
1697 501 1821 530 ordinem
1832 503 1875 530 di~

1079 548 1115 576 cit
1127 549 1221 575 iterum
1235 557 1242 575 :
1261 547 1385 574 Venerunt
1400 551 1483 573 autem
1495 547 1546 573 duo
1561 547 1645 582 angeli
1658 547 1774 574 Sodoma
1787 554 1872 582 vespa

1079 595 1112 630 ri,
1126 594 1220 622 facturi
1230 594 1300 629 quod
1316 593 1474 628 imperatum
1489 597 1556 620 erat.

1115 640 1173 667 Loti
1188 640 1346 674 hospitalitas
1361 638 1561 666 laudalur.-Et
1577 638 1636 665 vide
1645 639 1810 674 diligentiam
1825 641 1877 667 ob-

1079 687 1311 721 scrvationcmque
1324 685 1421 713 divina:
1440 685 1595 719 Scripturze,
1615 685 1750 719 quomodo
1771 690 1880 719 tempus

1089 749 1142 777 quo
1152 741 1318 768 advenerunt
1332 738 1409 766 nobis
1422 736 1580 765 declararit:
1590 737 1653 763 dicit
1662 736 1746 767 enim,
1759 735 1874 769 Vesperi.

1088 789 1121 817 Et
1136 795 1220 824 qttare
1240 792 1344 821 tempus
1358 784 1536 820 significavit?
1551 787 1577 810 et
1592 790 1675 818 quare
1689 782 1722 810 ad
1735 789 1881 816 vesperam-

1087 843 1120 864 eo
1134 833 1284 861 venerunt?
1299 832 1333 860 Ut
1347 831 1536 859 ostenderetur
1551 829 1627 856 nobis
1640 835 1736 863 magna
1751 827 1810 854 Loti
1825 828 1876 854 ho-

1086 879 1229 914 spitalitas.
1243 878 1317 905 Sicut
1327 877 1397 903 enim
1411 874 1563 910 patriarcha
1575 874 1671 901 sedens
1686 877 1807 908 tempore
1820 880 1877 899 me-

1086 924 1173 957 ridici,
1185 922 1346 951 observabat
1355 925 1549 956 praatereuntes
1557 941 1564 952 ,
1579 924 1605 946 et
1618 920 1786 946 venationem
1798 926 1875 946 suam

1086 969 1154 996 hanc
1174 968 1293 995 studiose
1314 966 1465 998 exercebat,
1489 970 1517 993 et
1538 966 1696 992 occurrebat
1720 972 1752 991 ac
1778 972 1877 999 magno

1085 1013 1183 1048 gaudio
1196 1011 1313 1039 viatores
1330 1011 1494 1046 suscipiebat
1514 1019 1522 1037 :
1544 1009 1629 1037 simili
1642 1009 1722 1036 modo
1743 1014 1769 1037 et
1787 1009 1876 1043 justus

1086 1059 1140 1090 ille,
1154 1057 1280 1092 quoniam
1292 1055 1394 1083 sciebat
1406 1057 1612 1090 perversitatem
1623 1062 1718 1082 eorum
1729 1055 1773 1088 qui
1788 1055 1813 1080 in
1826 1053 1876 1081 SoÂ»

1085 1103 1171 1130 domis
1187 1102 1345 1129 habitabant
1359 1108 1446 1135 neque
1458 1101 1562 1135 vesperi
1574 1099 1740 1130 discedebat,
1756 1099 1802 1126 sed
1819 1107 1876 1125 ma-

1084 1150 1174 1181 nebat,
1190 1155 1224 1175 uc
1240 1148 1381 1175 thesaurus
1391 1146 1488 1181 aliquis
1502 1146 1550 1180 ipsi
1562 1145 1724 1177 elaberetur,
1740 1150 1767 1172 et
1783 1150 1811 1171 ut
1827 1145 1875 1171 ho-

1084 1195 1237 1230 spitalitatis
1252 1194 1368 1221 fructum
1387 1193 1531 1227 decerpere
1545 1196 1646 1227 posset.
1662 1191 1731 1219 Vere
1744 1191 1873 1218 admirari

1083 1242 1258 1270 vehementer
1268 1240 1330 1268 licet
1340 1239 1405 1274 justi
1418 1240 1499 1274 hujus
1510 1239 1646 1271 virtutem,
1662 1238 1708 1272 qui
1720 1245 1834 1265 versans
1847 1238 1875 1264 in

1083 1289 1172 1317 tnedio
1187 1293 1239 1316 tam
1254 1289 1395 1322 impiorum
1409 1287 1559 1318 hominum,
1575 1294 1627 1313 non
1646 1285 1731 1313 solum
1748 1293 1801 1312 non
1817 1285 1880 1313 inde

1083 1335 1258 1369 negligentior
1272 1338 1312 1361 est
1331 1334 1425 1366 factus,
1441 1332 1487 1360 sed
1503 1336 1529 1360 et
1545 1332 1675 1367 majorem
1689 1331 1813 1359 virtutem
1825 1339 1881 1366 pra

1083 1388 1112 1408 se
1126 1381 1184 1407 tulit
1201 1389 1208 1406 :
1225 1387 1338 1414 cumque
1361 1387 1463 1412 omnes,
1489 1383 1517 1405 ut
1543 1379 1578 1405 ita
1592 1378 1689 1411 dicam,
1717 1378 1742 1405 in
1761 1386 1882 1413 praeceps

1083 1432 1202 1460 ruerent,
1218 1427 1273 1461 ipse
1286 1427 1358 1454 solus
1372 1426 1396 1452 iu
1409 1430 1480 1453 tanta
1493 1425 1659 1452 multitudine
1673 1430 1773 1452 rectam
1787 1425 1881 1452 ambu-

1084 1473 1148 1500 lavit
1158 1473 1237 1499 viam.
1248 1471 1298 1500 Ubi
1311 1479 1382 1499 nunc
1394 1475 1456 1498 sunt
1465 1471 1511 1506 qui
1522 1471 1622 1501 dicunt.
1636 1478 1687 1497 non
1702 1477 1780 1505 posse
1789 1478 1882 1505 qucrn-

1085 1519 1154 1554 piam
1163 1519 1188 1545 in
1200 1517 1554 1545 mediacivitateversantem
1564 1517 1688 1543 virtutem
1700 1523 1808 1544 servare
1817 1524 1824 1543 :
1834 1516 1883 1544 sed

1085 1573 1152 1601 opus
1159 1572 1218 1592 esse
1226 1572 1344 1598 secessu,
1352 1568 1379 1591 et
1390 1568 1514 1591 montana
1523 1563 1635 1598 quadam
1644 1562 1807 1590 habitatione
1817 1573 1823 1590 :
1833 1570 1884 1591 nec

1087 1619 1166 1646 posse
1185 1610 1275 1638 domui
1298 1617 1353 1637 sua:
1375 1609 1540 1644 praefectum,
1560 1614 1586 1636 et
1602 1617 1713 1636 uxorem
1729 1609 1883 1644 habentem,

1086 1663 1113 1684 et
1127 1657 1196 1684 filios
1207 1661 1345 1684 curantem
1356 1663 1387 1683 ac
1398 1655 1521 1688 famulos,
1537 1655 1635 1682 virtute
1648 1655 1788 1690 prtcditum
1803 1656 1886 1683 esse?

1086 1702 1200 1730 Videant
1214 1709 1277 1737 ergo
1290 1702 1390 1736 justum
1412 1702 1485 1728 illum
1508 1708 1569 1728 cum
1591 1701 1712 1734 muliere,
1742 1702 1843 1736 pueris,
1857 1705 1886 1729 et

1087 1748 1202 1781 famulis,
1219 1749 1245 1775 in
1260 1748 1368 1775 civitate
1380 1747 1533 1782 degentem,
1552 1751 1631 1782 atque
1642 1747 1711 1774 inter
1725 1751 1779 1774 tam
1801 1746 1887 1774 malos

1087 1803 1118 1822 ac
1133 1795 1228 1829 impios
1240 1799 1442 1821 conversantem
1455 1798 1482 1821 et
1495 1794 1569 1828 quasi
1582 1793 1722 1820 scintillam
1739 1792 1886 1828 quamdam

1089 1843 1114 1869 in
1128 1841 1216 1869 medio
1230 1841 1296 1868 mari
1318 1841 1461 1873 lucentem,
1484 1848 1534 1867 nec
1553 1841 1639 1867 solum
1664 1847 1716 1866 nou
1739 1840 1884 1874 exstingui,

1088 1887 1135 1916 sed
1150 1888 1268 1923 quotidie
1288 1887 1373 1914 lucem
1388 1886 1528 1914 clariorem
1543 1887 1674 1913 emittere.
1698 1885 1730 1912 Et
1751 1885 1809 1913 hac
1827 1885 1889 1913 dico

1091 1941 1143 1960 non
1160 1932 1303 1967 prohibens
1318 1940 1453 1960 secessum
1466 1932 1500 1958 ab
1518 1932 1638 1963 urbibus,
1654 1939 1742 1966 neque
1757 1931 1888 1959 interdico

1089 1978 1218 2006 montium
1233 1983 1258 2004 et
1272 1979 1444 2005 solitudinum
1458 1978 1688 2005 converSaIionem
1699 1977 1762 2010 ;sed
1776 1976 1886 2004 ostendo

1093 2025 1192 2052 volenti
1207 2024 1297 2051 sobrie
1310 2030 1390 2058 agerc
1406 2027 1433 2049 et
1446 2022 1571 2057 vigilare,
1589 2022 1653 2048 nihil
1671 2021 1733 2048 inde
1751 2020 1884 2048 obstaeuli

1092 2079 1161 2098 esse.
1180 2069 1255 2096 Sicut
1271 2068 1350 2103 igitur
1365 2067 1508 2103 negligenti
1522 2074 1554 2093 ac
1572 2066 1667 2100 supino
1690 2065 1756 2092 nihil
1776 2064 1884 2099 prodEst

1092 2115 1207 2142 solitudo
1220 2124 1224 2140 :
1238 2121 1324 2148 neque
1336 2114 1407 2140 enim
1419 2113 1493 2139 locus
1507 2119 1554 2139 nos
1565 2112 1664 2138 virtute
1673 2110 1736 2137 facit
1746 2110 1884 2145 praeditos,

1096 2161 1143 2189 sed
1159 2168 1234 2187 mens
1250 2165 1276 2186 et
1297 2166 1386 2186 mores
1402 2168 1407 2185 :
1430 2159 1465 2185 ita
1481 2163 1509 2185 et
1520 2158 1637 2193 prudens
1652 2162 1732 2191 atque
1747 2156 1812 2190 vigil
1832 2163 1884 2182 non

1096 2206 1247 2237 offenditur,
1265 2206 1345 2232 etiam
1360 2205 1385 2232 in
1401 2205 1486 2232 media
1502 2204 1610 2231 civitate
1624 2201 1884 2237 dcgens.,Quocirca

1095 2252 1200 2283 vellem,
1212 2251 1282 2278 sicut
1295 2250 1400 2277 beatum
1413 2249 1497 2281 illum,
1509 2249 1609 2276 virtute
1620 2252 1780 2282 pnestantcs
1791 2247 1819 2274 in
1831 2254 1885 2273 tne-

1094 2298 1147 2325 diis
1162 2297 1316 2324 civitatibus
1330 2304 1405 2328 esse,
1420 2300 1449 2322 ut
1465 2296 1541 2330 quasi
1559 2295 1720 2321 fermentum
1733 2293 1796 2320 facti
1815 2292 1882 2324 aliis,

1093 2343 1191 2370 multos
1213 2343 1246 2369 ad
1267 2342 1307 2369 sui
1334 2341 1512 2369 imitationem
1528 2341 1678 2367 traherent.
1698 2340 1800 2366 Verum
1823 2338 1884 2372 quia

1094 2390 1146 2417 hoc
1157 2388 1262 2416 diflicile
1287 2389 1392 2416 videtur
1406 2395 1477 2420 esse,
1498 2388 1594 2415 saltem
1615 2386 1679 2414 illud
1694 2386 1811 2413 alterum
1830 2386 1884 2411 tiat.

1094 2437 1198 2464 Transit
1218 2437 1285 2463 enim
1308 2435 1393 2470 ï¬gura
1419 2434 1510 2461 mundi
1530 2434 1608 2468 Itujus
1624 2433 1650 2466 (Î™
1667 2432 1729 2460 Cor.
1743 2433 1770 2458 7.
1787 2431 1846 2466 51),
1860 2435 1884 2457 et

1093 2483 1182 2510 brevis
1203 2486 1246 2509 est
1264 2482 1319 2508 vita
1339 2487 1457 2515 pmscns
1475 2488 1482 2507 :
1499 2484 1525 2507 et
1545 2479 1595 2506 nisi
1612 2486 1691 2509 nunc,
1712 2485 1774 2505 cum
1797 2478 1884 2504 adhuc

1093 2530 1119 2556 iu
1131 2529 1219 2556 stadio
1226 2536 1330 2560 sumus,
1342 2527 1448 2554 labores
1460 2527 1591 2553 virtutum
1603 2525 1837 2561 aggrediatuunet
1848 2524 1885 2549 la.

1093 2581 1177 2609 queos
1197 2573 1304 2601 malitia:
1317 2573 1486 2608 effugiamus,
1500 2576 1594 2606 postea
1610 2571 1638 2598 in
1652 2577 1751 2596 vanum
1765 2572 1886 2596 nosmet-

1094 2619 1164 2654 ipsos
1179 2619 1405 2654 reprehendemus
1416 2639 1422 2649 ,
1437 2618 1544 2652 quando
1566 2616 1637 2643 nulla
1650 2617 1703 2643 erit
1716 2615 1884 2650 pauitantia:

1095 2665 1208 2692 utilitas.
1229 2664 1295 2691 Nam
1304 2664 1422 2698 quandiu
1435 2664 1461 2690 in
1473 2662 1598 2697 praesenti
1606 2662 1659 2689 vita
1670 2660 1812 2690 fuerimus.
1823 2667 1885 2693 pos-

1093 2716 1155 2738 sunt
1177 2710 1236 2738 inde
1262 2711 1423 2745 pmnilcnles
1448 2709 1552 2736 lucrutn
1577 2708 1710 2741 accipere,
1732 2711 1760 2733 et
1785 2705 1884 2732 ablutis

1093 2757 1227 2790 prioribus
1249 2756 1366 2790 peccatis
1388 2754 1599 2782 misericordiam
1624 2753 1728 2780 Domini
1749 2752 1882 2786 assequi:

1093 2803 1163 2836 quod
1184 2803 1206 2829 si
1226 2801 1436 2836 prmtericriinus
1456 2805 1560 2835 tempus
1574 2806 1703 2834 praesens,
1720 2803 1886 2832 rcpeuteque

1095 2849 1196 2884 abrepti
1209 2848 1356 2876 fuerimus:
1371 2847 1531 2883 poenitentia
1543 2846 1651 2884 quidem
1666 2850 1729 2873 tunc
1745 2845 1884 2876 ducentur.
