2044 3131
202 195 256 225 897

199 253 332 287 νοήσομεν
351 251 400 286 μὲν
424 250 473 278 καὶ
487 250 558 283 τότε,
581 250 709 286 οὐδεμίαν
729 251 758 278 δὲ
776 251 869 285 ὄνησιν
885 250 917 276 ὲκ
933 248 1028 276 τούτου

200 295 306 330 ἕξομεν.
323 295 377 321 Καὶ
394 295 437 320 ῖνα
452 294 549 330 μάθῃς,
570 294 649 321 ἄκουε
665 294 712 321 τοῦ
733 293 874 330 Προφήτω
894 293 1030 327 λέγοντος.

206 339 258 366 Ἐν
273 338 307 365 δὲ
319 337 359 370 τῷ
373 338 430 372 ᾄδῃ
452 339 500 370 τίς
515 338 768 372 ἐξομολογήσεται
787 345 853 370 σοι;
877 337 923 363 καὶ
938 336 1030 370 πάλιν,

206 383 346 416 Ἀδελφὸς
364 384 400 409 οὐ
410 383 580 416 λυτροῦται,
600 382 783 416 λυτρώσεται
794 381 964 415 ἅνθρωπος;
979 381 1031 407 Οὐ-

200 426 265 459 δεὶς,
281 427 372 462 φησὶν,
393 427 468 453 ἔσται
492 426 550 452 ἐκεῖ
570 426 662 452 λοιπὸν
688 426 701 452 6
720 425 912 460 ἐξαιρούμενος
922 424 966 450 τὸν
980 423 1031 450 ὐπδ

199 471 248 505 τῆς
260 470 363 502 οίκείας
380 470 513 505 ῥᾳθυμίας
526 470 728 505 προδεδομένον,
743 468 804 495 οὒτε
821 468 853 495 ἂν
869 467 983 501 ἀδελφὸς
1002 465 1030 502 ᾖ,

200 513 262 540 οὐτε
276 514 309 541 ἂν
326 515 425 549 πατὴρ,
439 513 500 541 οὔτε
520 513 553 540 ἂν
575 514 676 549 μήτηρ.
698 513 752 539 Καὶ
768 511 794 538 τί
808 511 890 545 λέγω,
908 510 1030 544 ἀδελφὸς,

201 558 248 585 καὶ
264 557 363 592 πατὴρ,
378 558 423 584 καὶ
442 558 547 593 μήτηρ;
560 556 629 584 Οὔτε
644 556 721 583 αὐτοὶ
737 556 760 581 οί
776 555 874 582 δίκαιοι
889 555 913 580 οἱ
923 555 1032 589 παρρη-

202 601 262 628 σίαν
276 601 373 635 πολλὴν
389 600 549 636 κεκτημένοι
566 600 624 626 τότε
637 598 820 634 συμϐαλέσθαι
831 607 857 624 τι
872 598 1031 633 δυνήσονται

201 645 276 679 ἡμῖν,
289 646 314 671 ει
328 645 374 671 νῦν
394 644 611 680 ρᾳθυμήσαιμεν.
631 644 698 670 Ἐὰν
716 642 775 676 στῇ
798 642 862 677 γὰρ,
882 640 1032 676 φησὶ,Νῶε

201 687 250 714 καὶ
274 687 333 714 Ἰὼϐ
342 688 389 714 καὶ
406 687 526 721 Δανιὴλ,
541 687 626 719 ὐἰοὺς
635 686 734 714 αὐτῶν
743 686 792 712 καὶ
809 684 970 720 θυγατέρας
979 686 1032 711 αὑ-

201 731 260 757 τῶν
274 731 357 766 οὺμὴ
370 731 537 763 ἐξέλωνται.
547 731 602 758 Καὶ
613 731 663 766 ὅρα
677 731 726 765 τῆς
737 730 851 764 ἀπειλῆς
863 729 893 755 τὺ
906 728 1030 764 μέγεθος,

201 775 247 801 καὶ
263 775 334 806 οἵους
353 775 472 805 δικαίους
489 775 528 805 εἰς
545 774 626 809 μέσον
642 774 814 810 παρήγαγεν.
836 773 944 808 Ἐπειδὴ
959 770 1031 799 οὗτοι

200 818 253 853 γὰρ
266 818 335 845 κατά
347 819 442 854 καιρὸν
458 819 504 845 καὶ
522 819 624 854 ἑτέροις
647 818 782 853 σωτηρίας
803 817 930 849 ὑπόθεσις
952 816 1031 851 γεγό-

199 870 284 889 νασιν·
301 863 314 889 6
328 870 357 888 τε
371 862 424 896 γὰρ
438 862 510 893 Νῶε,
521 862 567 889 τοῦ
576 862 691 897 φοϐεροῦ
704 861 850 888 κλυδωνίου
866 860 968 888 ἐκείνου
981 860 1031 896 τὴν

199 905 359 940 οἰκουμένην
367 906 569 941 κατειληφότος,
583 906 630 932 καὶ
638 906 687 941 τὴν
697 906 812 940 γυναῖκα
820 904 867 931 καὶ
878 904 940 936 τοὺς
955 905 1030 936 υἱοὺς

199 949 293 975 ἔσωσε·
305 949 351 976 καὶ
369 951 383 975 6
405 949 464 976 Ἰὼϐ
478 949 577 984 ὁμοίως
591 950 636 976 καὶ
655 950 758 985 ἑτέροις
777 948 912 984 σωτηρίας
932 948 1031 975 ὑπόθε-

199 999 242 1023 σις
259 992 365 1026 γέγονν
380 992 428 1019 καὶ
441 994 454 1020 ό
465 993 564 1029 Δανιὴλ
578 993 607 1020 δὲ
619 993 732 1024 πολλοὺς
749 992 887 1028 ἐξήρπασε
903 991 1030 1023 θανάτου,

198 1036 279 1070 ἡνίκα
290 1037 304 1063 6
318 1035 454 1072 βάρϐαρος
467 1038 568 1068 ἐκεῖνος
581 1037 717 1071 ἐπιζητῶν
725 1036 759 1063 τὰ
775 1035 843 1071 ὑπὲρ
859 1035 1031 1071 ἀνθρωπίνην

199 1080 278 1114 φύσιν
287 1081 465 1116 τυγχάνοντα,
474 1081 577 1108 ἀνελεῖν
588 1082 726 1117 ἐπεχείρει
737 1081 799 1112 τοὺς
813 1080 971 1112 Χαλδαίους,
984 1081 1031 1107 καὶ

198 1123 261 1155 τοὺς
277 1124 388 1158 Μάγους
404 1125 453 1151 καὶ
468 1126 533 1156 τοὺς
543 1125 724 1160 Γαζαρηνούς.

234 1167 267 1202 β’.
287 1169 341 1195 Καὶ
360 1169 403 1195 ῖνα
429 1169 466 1204 μὴ
491 1169 647 1204 νομίσωμεν
675 1170 716 1196 ὅτι
738 1171 786 1197 καὶ
804 1171 833 1196 ὲν
852 1169 890 1205 τῷ
908 1169 1029 1205 μέλλοντι

198 1211 276 1238 αίῶνι
297 1212 371 1239 ἐσται
397 1213 458 1239 τινὰ
484 1213 605 1245 τοιαῦτα,
623 1214 669 1240 καὶ
696 1215 719 1240 οἱ
741 1215 861 1249 ὲνάρετοι
889 1214 936 1240 καί⁸
960 1214 1029 1248 παῤ-

199 1256 296 1292 ρησίαν
309 1256 416 1290 ἔχοντες
431 1257 493 1288 τοὺς
509 1257 577 1292 μετὰ
600 1256 734 1292 ῥᾳθυμίας
753 1257 869 1284 ἐνταῦθα
889 1257 1030 1290 διάγοντας

198 1300 376 1335 ἐλευθερῶσαι
403 1300 453 1335 τῆς
483 1301 540 1326 ἐκεῖ
558 1301 691 1336 τιμωρίας
713 1301 873 1335 δυνήσονται
902 1301 963 1332 τοὺς
983 1301 1031 1326 αὑ-

197 1342 251 1369 τῶν
284 1342 470 1378 ὲπιτηδείους’
501 1343 544 1369 διὰ
566 1343 644 1370 τοῦτο
672 1345 735 1375 τοὺς
767 1344 887 1375 δικαίους
917 1343 1028 1374 τούτους

198 1387 358 1422 παρήγαγεν
381 1387 458 1421 ἡμῖν,
479 1386 524 1413 τὸν
553 1387 634 1420 φόϐον
656 1388 722 1422 ἡμῖν
744 1387 958 1422 ἀνατεινόμενος,
983 1387 1029 1413 καὶ

198 1429 334 1457 παιδεύων
351 1431 380 1457 ἐν
395 1431 451 1462 τοῖς
471 1430 580 1462 οἰκείοις
596 1430 790 1465 κατορθώμασι
808 1430 876 1465 μετὰ
895 1430 943 1464 τὴν
958 1430 1027 1457 ἀνω-

197 1474 243 1500 θεν
265 1474 344 1509 χάριν
369 1474 417 1505 τὰς
433 1474 542 1505 ὲλπίδας
562 1474 613 1509 τῆς
631 1475 769 1509 σωτηρίας
787 1474 865 1508 ἡμῶν
885 1474 966 1509 ἔχειν⁷
982 1475 1030 1500 καὶ

197 1518 267 1553 μήτε
283 1517 327 1543 ἐπὶ
343 1517 481 1553 προγόνων
503 1517 586 1553 ἀρετῇ
617 1517 689 1552 μέγα
708 1518 816 1552 φρονεῖν
834 1518 857 1549 ⁸,
871 1518 894 1543 εί
909 1516 986 1543 αὐτοὶ
1001 1517 1029 1543 ὲν

197 1561 282 1596 κακίᾳ
294 1561 463 1596 τυγχάνομεν
487 1560 575 1591 ὀντες,
605 1561 672 1595 μήτε
698 1560 740 1586 ἐπ’
756 1560 829 1594 ἄλλῳ
852 1560 916 1591 τινὶ,
929 1560 987 1586 ἀλλ’
1001 1560 1029 1586 ἓν

197 1604 276 1631 τοῦτο
289 1604 367 1639 μόνον
382 1604 549 1636 σπουδάζειν·
569 1605 619 1631 κᾶν
635 1605 782 1640 προγόνους
799 1602 872 1640 ὦμεν
887 1605 1029 1640 ἐναρέτους

199 1647 274 1683 [457]
297 1648 450 1682 ἐσχηκότες,
482 1647 622 1683 μιμεῖσθαι
636 1648 724 1674 αὐτῶν
737 1648 786 1683 τὴν
802 1648 911 1683 ἀρετήν·
931 1648 982 1674 κᾶν
999 1648 1029 1674 τὸ

197 1692 317 1718 ἐναντίον
332 1692 413 1719 πάλιν
427 1691 574 1726 συμϐαίηδ,
590 1691 637 1718 καὶ
651 1691 759 1725 φαύλων
779 1688 854 1726 ὦμεν
877 1691 1027 1726 προγόνων,

199 1735 237 1770 μὴ
247 1735 366 1770 νομίζειν
372 1735 404 1761 ὲκ
413 1735 506 1761 τούτου
517 1744 543 1761 τι
554 1734 873 1769 παραϐλάπτεσθαι,ἀλλὰ
888 1734 955 1769 πρὸς
967 1734 1029 1766 τοὺς

197 1778 248 1812 τῆς
261 1778 361 1813 ἀρετῆς
386 1778 483 1809 πόνους
506 1777 714 1805 ὶπαποδύεσθαι·
740 1778 816 1804 οὐδὲν
839 1778 892 1813 γὰρ
915 1779 980 1813 ἡμῖν
997 1778 1029 1805 ὲκ

197 1822 292 1848 τούτου
318 1821 414 1856 βλάϐος
429 1821 515 1848 ἔσται.
531 1822 665 1853 Ἕκαστος
685 1822 739 1857 γὰρ
756 1822 784 1855 ἐξ
800 1818 837 1848 ὧν
853 1821 1027 1857 διεπράξατο,

197 1865 215 1900 ἢ
235 1864 422 1899 στεφανοῦται,
439 1864 456 1899 ἢ
474 1865 676 1900 κατακρίνεται,
705 1865 831 1901 καθάπερ
847 1866 892 1892 καὶ
905 1866 919 1892 6
938 1865 1028 1900 μακά-

198 1917 257 1944 ριος
273 1907 378 1939 Παῦλός
388 1916 479 1943 φησιν,
503 1908 565 1935 Ἵνα
589 1908 748 1943 κομίσηται
776 1909 904 1942 ἕκαστος
927 1908 962 1935 τὰ
980 1908 1030 1936 διὰ

196 1951 251 1978 τοῦ
269 1951 414 1986 σώματος,
437 1951 511 1985 πρὸς
531 1951 712 1985 ἁέπραξεν,
731 1952 791 1979 εἶτε
818 1952 941 1986 ἀγαθὸν,
969 1953 1029 1980 alte

197 1996 302 2022 κακόν·
314 1995 361 2021 καὶ
375 1994 465 2028 πάλιν,
481 1996 531 2028 ὀς
542 1995 689 2023 ἀποδώσει
702 1996 817 2029 ἑκάστῳ
827 1995 901 2023 κατὰ
913 1997 948 2024 τὰ
958 1997 1029 2032 ἔργα

196 2038 299 2065 αὐτοῦ.
317 2039 406 2073 Ἀπερ
421 2039 527 2066 ἅπαντα
539 2039 638 2071 εἰδότες
655 2038 700 2066 καί
713 2040 803 2066 πᾶσαν
814 2040 950 2075 ῥᾳθυμίαν
961 2041 1028 2066 ἀπο-

196 2082 378 2117 τιναξάμενοι,
392 2082 476 2109 πολὺν
489 2083 539 2118 τῆς
553 2083 652 2119 ἀρετῆς
672 2083 848 2119 ποιησώμεθα
864 2084 951 2118 λόγον.
974 2085 1028 2111 Καὶ

197 2125 236 2158 ὼς
247 2125 286 2152 ἐτι
308 2126 337 2152 ὲν
355 2125 395 2161 τῷ
417 2126 558 2161 σκάμματί
585 2127 668 2161 ἐσμεν
678 2147 685 2158 ,
718 2128 782 2162 πρὶν
797 2127 814 2162 ἢ
829 2126 984 2164 διαλυθῆναι
998 2127 1028 2154 τὸ

197 2168 308 2203 Θέατρον
319 2188 325 2200 ,
348 2168 532 2205 φροντίσωμεν
556 2169 633 2204 ἡμῶν
658 2169 706 2204 τῆς
723 2170 870 2206 σωτηρίας,
888 2170 930 2198 ἴνα
945 2171 973 2197 ὲν
988 2170 1026 2206 τῷ

197 2211 294 2247 βραχεῖ
308 2211 393 2246 τούτῳ
420 2212 508 2246 χρόνῳ
531 2211 578 2246 τὴν
602 2212 702 2248 ἀρετὴν
727 2213 918 2248 μετελθόντες,
944 2215 973 2240 ἐν
988 2215 1027 2250 τῷ

195 2255 314 2289 διηνεκεῖ
324 2254 400 2281 αἰῶνι
414 2255 464 2286 τὰς
478 2255 547 2290 ὑπὲρ
567 2254 669 2290 ταύτης
698 2255 815 2290 ἀμοιϐάς
838 2256 1025 2292 κομισώμεθα·

196 2299 322 2335 καθάπερ
333 2300 380 2325 καὶ
394 2299 408 2325 6
424 2298 526 2329 δίκαιος
545 2296 631 2331 οὗτος,
650 2300 664 2324 6
678 2299 777 2334 μεταξὺ
795 2299 929 2327 τοσούτων
944 2309 1027 2336 πονη-

197 2343 251 2380 ρῶν
267 2343 358 2374 οἱκῶν,
376 2343 422 2369 καὶ
438 2342 533 2369 οὐδένα
560 2342 628 2377 ἔχων
645 2341 776 2377 ζηλοῦντα
792 2342 874 2369 αὐτοῦ
899 2344 948 2379 τὴν
964 2343 1027 2380 ἀρε-

194 2387 254 2423 τὴν,
267 2387 335 2413 ἀλλὰ
348 2387 396 2413 καὶ
408 2386 509 2417 πάντας
522 2385 592 2421 ὁρῶν
606 2385 785 2420 χλευάζοντας
795 2406 802 2418 ,
816 2387 1024 2422 κωμῳδοῦντας,

195 2432 225 2458 οὐ
243 2431 322 2467 μόνον
342 2431 519 2466 ὀκνηρότερος
544 2430 593 2456 οὐκ
610 2430 726 2463 ἐγένετο,
740 2430 806 2456 ἀλλὰ
821 2432 868 2457 καὶ
891 2431 962 2458 οὓτω
987 2432 1026 2459 δι-

195 2475 324 2510 έλαμψεν,
345 2475 382 2506 ὡς
397 2474 594 2509 καταξιωθῆναι
609 2474 655 2501 καὶ
677 2475 808 2508 ἀγγέλους
832 2476 1022 2509 ὐποδέξασθαι·

194 2519 242 2545 καὶ
256 2518 363 2545 πάντων
374 2517 458 2553 ἄρδην
473 2517 673 2552 ἀπολλυμένων,
688 2518 769 2549 αὐτὸς
794 2519 874 2554 μόνος
897 2520 945 2546 σὺν
965 2523 1025 2553 ταῖς

195 2561 344 2597 θυγατράσι
360 2561 470 2595 διέφυγε
492 2561 541 2596 τὴν
567 2561 757 2596 ἐπενεχθεῖσαν
777 2562 864 2598 δίκην.
895 2563 963 2590 Ἀλλ’
978 2565 1024 2591 ἐπὶ

194 2606 244 2640 τὴν
267 2604 425 2631 ἀκολουθίαν
449 2604 495 2630 τοῦ
519 2605 598 2638 λόγου
622 2605 821 2640 ἐπανέλθωμεν.
853 2604 963 2634 Ἦλθον
979 2608 1022 2640 δὲ,

194 2649 287 2684 φησὶν,
302 2649 329 2674 οί
345 2647 399 2674 δύο
416 2648 536 2682 ἄγγελοι
556 2649 600 2681 εὶς
619 2648 735 2684 Σόδομα
755 2649 895 2684 ἑσπέρας.
917 2651 946 2678 ’0
961 2660 1024 2678 και-

194 2691 241 2727 ρὸς
269 2691 386 2726 μάλιστα
409 2691 543 2719 δείκνυσιν
569 2693 633 2728 ἡμῖν
650 2693 697 2719 τοῦ
721 2692 823 2720 δικαίου
851 2693 945 2722 τούτου
975 2695 1023 2731 τὴν

194 2734 413 2770 ὑπερϐάλλουσαν
424 2735 534 2771 ἀρετὴν,
555 2737 596 2763 ὃτι
611 2737 658 2763 καὶ
682 2737 800 2773 ἑσπέρας
817 2739 1022 2776 καταλαϐούσης

192 2778 340 2814 παρέμενε,
356 2779 404 2805 καὶ
415 2779 465 2805 οὐκ
478 2779 618 2813 ἀφίστατο.
637 2780 746 2816 Ἐπειδὴ
755 2781 809 2817 γὰρ
822 2782 879 2817 ᾔδει
889 2783 920 2809 τὸ
931 2784 1022 2811 ἐντεῦ-

193 2821 239 2848 θεν
249 2822 322 2857 αύτῴ
338 2823 495 2858 τικτόμενον
508 2823 609 2859 κέρδος,
626 2824 669 2850 διά
681 2825 759 2851 τοῦτο
772 2825 912 2861 ἐπιθυμῶν
927 2827 1021 2854 ἐπιτυ-

192 2867 248 2901 χεῖν
258 2865 304 2892 τοῦ
318 2866 441 2898 πλούτου,
455 2867 537 2902 πολλῇ
550 2869 582 2902 τῇ
598 2868 742 2904 προσεδρίᾳ
759 2869 898 2904 ἐκέχρητο,
913 2871 959 2897 καὶ
972 2872 1021 2906 τῆς

191 2908 296 2943 ἡμέρας
315 2909 502 2944 πληρωθείσης
514 2910 563 2936 οὐκ
577 2909 716 2945 ἀνεχώρει.
743 2911 868 2938 Τοιοῦτον
877 2912 931 2948 γὰρ
945 2913 1017 2950 ψυχὴ

223 2959 236 2993 _‘
247 2959 312 2993 $2in
335 2962 359 2984 et
370 2961 463 2993 aliqua!
475 2967 531 2985 mss.
546 2961 634 2992 μεγάλοι
643 2961 742 2993 φρονεῖν.

222 2989 458 3022 δεοὶδί.σνμϐαἶνῃ.
547 2989 551 2992 ’
580 2989 584 2991 ⁷
648 2989 665 2993 ”
843 3014 883 3028 ..ι
911 3007 944 3030 i,.

593 194 624 223 S.
641 191 783 222 IOANMS
799 190 1027 220 CHRYSOSTOI

1078 189 1222 218 ιΒΩΗΙΕΡ.
1243 190 1516 219 CONSTANTINOP.

1900 59 1912 83 Ι

1861 188 1915 216 508

1082 248 1180 280 ζέουσα
1208 249 1256 276 καὶ
1283 248 1490 284 διεγηγερμένη·
1518 248 1565 284 οὐχ
1589 248 1640 275 ὑπό
1654 256 1734 274 τινων
1756 245 1916 274 κωλυτικῶν

1082 291 1256 327 ὲμποδίζεται
1269 291 1318 328 τὴν
1333 292 1437 319 οἰκείαν
1459 292 1558 328 ἀρετὴν
1579 290 1773 323 ἐπιδείξασθαι,
1790 290 1859 317 ἀλλά
1870 293 1920 317 και

1079 336 1112 362 δι’
1129 335 1219 362 αὐτῶν
1238 336 1354 371 μάλιστα
1377 335 1431 362 τῶν
1446 335 1605 362 κωλυόντων
1631 335 1771 362 ὲπιπλεῖον
1797 334 1918 369 αἴρεται,

1081 380 1128 406 καὶ
1145 379 1255 414 μείζονα
1269 379 1318 414 τὴν
1333 379 1418 414 φλόγα
1432 379 1482 414 τῆς
1509 379 1658 414 ἐπιθυμίας
1678 378 1804 406 ἀνάπτει.
1834 377 1920 405 Ἰδὼν

1080 423 1124 455 δὲ,
1151 427 1228 459 φησι,
1258 423 1333 456 Λὼτ,
1351 422 1498 456 ἐξανέστη
1526 424 1570 455 εὶς
1586 421 1777 455 συνάντησιν·
1802 421 1917 454 αὐτοῖς.

1087 467 1274 494 ’Δγουέτωσαν
1293 467 1316 493 οί
1331 467 1378 492 καὶ
1394 465 1628 500 παραγινομένους
1641 465 1770 496 πολλάκις
1781 465 1829 492 καὶ
1851 464 1920 491 καθ-

1082 510 1312 543 ικετεδοντας,καὶ
1327 509 1426 544 πολλὴν
1436 509 1484 544 τὴν
1501 508 1664 544 προσεδρίαν
1679 508 1918 543 ἐπιδεικνυμένους

1080 554 1296 589 διακρουόμενοι,
1309 554 1357 580 καὶ
1382 553 1480 588 πολλὴν
1497 553 1545 587 τὴν
1556 552 1752 587 ἀπανθρωπίαν
1765 552 1918 578 ἐπιδεικνύ-

1082 598 1239 633 μενοι.’¹ορα
1252 597 1306 632 γὰρ
1320 597 1365 623 τὸν
1380 597 1482 622 δίκαιον
1495 595 1599 629 τοῦτον,
1616 596 1690 627 ὅπως
1716 596 1766 622 οὐκ
1791 596 1916 631 ἀνέμεινε

1082 640 1283 676 παραγενέσθαι
1297 640 1364 676 πρὸς
1376 639 1466 671 αὐτὸν,
1491 638 1557 666 ἀλλά
1568 639 1692 674 καθάπερ
1706 640 1719 665 6
1734 639 1916 674 πατριάρχης,

1079 685 1129 711 οὐκ
1142 685 1219 716 είδὼς
1227 684 1298 716 τίνες
1311 682 1379 720 ἦσαν
1393 684 1417 710 oi
1429 683 1654 718 παραγεγονότες,
1669 683 1724 709 ἀλλ’
1740 683 1830 715 ὁδίτας
1840 684 1918 715 τινὰς

1079 729 1177 760 αὐτοὺς
1190 727 1258 755 εἶναι
1272 728 1480 761 ὑπολαμϐάνων,
1490 727 1656 762 θεασάμενος
1669 728 1808 763 μονονουχὶ
1824 727 1917 763 ἐσκίρ-

1079 782 1156 808 τησε,
1171 772 1216 799 καὶ
1232 772 1383 808 περιχαρὴς
1398 772 1525 806 γέγονεν,
1541 771 1578 803 ὡς
1600 771 1734 806 ἐπιτυχὼν
1751 771 1802 806 τῆς
1819 772 1915 807 θήρας,

1079 817 1126 843 καὶ
1143 816 1180 851 μὴ
1205 815 1361 851 διαμαρτὼν
1374 815 1421 841 τοῦ
1438 814 1665 850 σπουδαζομένου.
1687 814 1766 841 Ἰδὼν
1780 814 1846 850 γὰρ,
1861 823 1913 849 φη-

1080 859 1131 892 σὶν,
1143 859 1292 893 ἐξανέστη
1309 860 1352 891 είς
1373 858 1563 892 συνάντησιν
1575 858 1687 891 αὐτοῖς,
1703 858 1753 885 καί
1767 858 1916 892 προσεκύ-

1079 909 1155 937 νησε
1168 902 1208 935 τῷ
1221 902 1369 937 προσώπῳ
1381 901 1429 928 ἐπὶ
1441 901 1499 935 τὴν
1512 900 1578 936 γῆν.
1594 901 1783 937 Ηύχαρίστησε
1795 901 1834 937 τῷ
1843 901 1913 936 Θεῷ,

1078 946 1118 973 ὅτι
1134 946 1300 981 κατηξίωσεν
1313 945 1393 972 αὐτὸν
1407 945 1586 978 ὐποδέξασθαι
1603 945 1667 977 τοὺς
1679 945 1836 981 παριόντας.
1845 945 1914 972 Σκό-

1078 998 1124 1016 πει
1137 989 1225 1025 ψυχῆς
1239 989 1348 1024 ἀρετήν.
1363 988 1494 1024 Μεγάλην
1515 988 1673 1024 εὐεργεσίαν
1691 988 1767 1024 παρά
1781 988 1828 1015 τοῦ
1845 988 1913 1016 Θεοῦ

1078 1033 1178 1068 ταύτην
1188 1034 1318 1069 ἡγήσατο,
1332 1033 1364 1059 τὺ
1377 1033 1514 1067 ἐπιτυχεῖν
1526 1031 1579 1058 τῶν
1595 1031 1709 1067 ἀνδρῶν,
1738 1031 1786 1058 καὶ
1797 1031 1841 1058 διὰ
1862 1031 1913 1067 τῆς

1078 1077 1118 1107 είς
1136 1076 1245 1108 τούτους
1258 1075 1406 1109 δεξιώσιως
1424 1076 1470 1102 τὸν
1486 1076 1583 1102 οἰκεῖον
1606 1075 1686 1102 πόθον
1700 1075 1907 1110 ἀποπληρῶσαι.

1078 1121 1123 1156 Μὴ
1138 1121 1191 1156 γάρ
1208 1129 1252 1155 μοι
1262 1120 1334 1153 λέγε,
1352 1120 1392 1146 ὅτι
1404 1119 1512 1153 ἄγγελοι
1527 1117 1606 1154 ἦσαν·
1620 1119 1676 1145 ἀλλ’
1689 1119 1776 1145 ἐκεῖνο
1789 1118 1908 1152 λογίζου,

1078 1166 1118 1192 ὅτι
1143 1166 1157 1191 6
1176 1165 1278 1195 δίκαιος
1295 1161 1371 1195 οὗτος
1388 1163 1492 1190 οὐδέπω
1510 1163 1588 1189 τοῦτο
1605 1161 1682 1198 [458]
1694 1162 1839 1196 ἠπίστατο,
1852 1161 1910 1189 ἀλλ’

1078 1209 1115 1240 ὡς
1143 1207 1302 1243 ἀνθρώπους
1326 1206 1450 1240 ἀγνῶτας
1479 1203 1675 1240 παροδεύοντας
1707 1204 1911 1239 ὑποδεχόμενος,

1078 1251 1148 1278 οὕτω
1160 1251 1284 1278 διέκειτο.
1298 1251 1353 1277 Καὶ
1364 1250 1460 1277 εἶπεν·
1482 1249 1570 1280 Ἰδοὺ,
1586 1249 1690 1282 κύριοι,
1705 1248 1914 1279 ἐκκλίνατεείς

1078 1294 1132 1321 τὸν
1145 1292 1228 1321 οἷκον
1241 1294 1294 1320 τοῦ
1316 1293 1422 1325 παιδὸς
1447 1293 1538 1327 ὑμῶν,
1555 1291 1602 1319 καὶ
1629 1292 1830 1322 καταλύω-ατε,
1862 1291 1910 1317 καί

1078 1338 1207 1371 νίψασθε
1220 1337 1290 1370 τοὺς
1303 1337 1398 1369 πόδας
1413 1336 1506 1370 ὑμῶν,
1521 1335 1569 1362 καὶ
1581 1335 1771 1370 ὀρθρίσαντες
1783 1334 1912 1361 ἀπελεύ-

1078 1383 1171 1408 σεσθε
1196 1382 1238 1413 εις
1254 1381 1311 1415 τὴν
1323 1380 1395 1407 ὁδὸν
1416 1379 1508 1414 ὑμῶν.
1540 1379 1630 1406 Ἰκανά
1643 1379 1678 1405 τὰ
1702 1379 1811 1414 ῥήματα
1826 1377 1911 1404 ταῦτα

1077 1424 1127 1460 τὴν
1139 1424 1352 1458 ἐναποκειμένην
1367 1423 1467 1458 ἀρετὴν
1481 1424 1513 1458 τῇ
1529 1422 1574 1449 τοῦ
1584 1423 1687 1448 δικαίου
1700 1422 1772 1457 ψυχῇ
1793 1421 1911 1447 ἐκκαλύ-

1078 1467 1136 1502 ψαι.
1153 1468 1184 1493 Τί
1210 1467 1264 1501 γὰρ
1291 1467 1324 1493 ἀν
1352 1475 1392 1498 τις
1419 1466 1568 1501 ἐκπλαγείη
1589 1465 1638 1501 τὴν
1661 1464 1911 1500 ταπεινοφροσύνην

1078 1510 1306 1545 ὑπερϐάλλουσαν,
1321 1510 1369 1545 τὴν
1385 1509 1549 1545 θερμότητα,
1560 1509 1592 1544 ἣν
1621 1509 1683 1544 περὶ
1696 1509 1745 1543 τὴν
1759 1508 1910 1542 φιλοξενίαν

1078 1554 1266 1585 ὲπεδείκνυτο;
1283 1553 1366 1584 Ἰδοὺ,
1385 1553 1461 1588 φησὶ,
1483 1553 1587 1586 κύριοι,
1616 1552 1773 1579 ἑκκλίνατε
1793 1553 1835 1584 εις
1859 1551 1913 1577 τὸν

1077 1595 1161 1624 οἷκον
1174 1597 1227 1624 τοῦ
1241 1596 1346 1629 παιδὸς
1359 1596 1452 1631 ὑμῶν.
1468 1596 1616 1627 Κάκείνους
1630 1596 1740 1631 κυρίους
1759 1595 1847 1627 καλεῖ,
1863 1595 1912 1621 καὶ

1077 1639 1173 1666 ἑαυτὸν
1188 1639 1270 1666 παῖδα
1285 1639 1375 1666 αὐτῶν
1397 1639 1534 1674 ὀνομάζει.
1556 1638 1739 1674 ’Δκούσωμεν,
1760 1637 1910 1673 ἀγαπητοὶ,

1077 1683 1131 1710 τῶν
1148 1683 1278 1718 ῥημάτων
1290 1682 1392 1710 τούτων
1409 1683 1478 1718 μετὰ
1492 1682 1645 1718 ἀκριϐείας,
1662 1683 1708 1709 καὶ
1721 1681 1911 1716 παιδευθῶμεν

1077 1726 1124 1753 καὶ
1147 1727 1226 1761 ἡμεῖς
1238 1725 1273 1752 τὰ
1288 1726 1368 1761 ὅμοια
1393 1725 1614 1761 διαπράττεσθαι.
1636 1726 1665 1752 '0
1681 1725 1812 1758 ἐπίδοξος,
1828 1726 1843 1750 6
1860 1732 1910 1751 πε-

1078 1769 1202 1805 ριφανὴς,
1213 1771 1226 1797 6
1242 1771 1270 1796 ὲν
1280 1769 1396 1805 τοσαύτῃ
1411 1770 1553 1806 περιουσίᾳ
1567 1769 1717 1805 τυγχάνων,
1734 1771 1748 1796 6
1757 1768 1913 1795 οἰκοδεσπόο

1077 1822 1136 1849 της,
1151 1814 1211 1845 τοὺς
1221 1814 1319 1846 ὁδίτας,
1334 1814 1396 1845 τοὺς
1413 1813 1514 1847 ξένους,
1527 1814 1591 1845 τοὺς
1610 1813 1743 1848 ἀγνῶτας,
1759 1813 1821 1844 τοὺς
1836 1813 1911 1839 εὐτε-

1077 1856 1132 1888 λεῖς
1158 1856 1189 1882 τὸ
1212 1857 1385 1892 φαινόμενον,
1412 1857 1476 1889 τοὺς
1503 1857 1661 1892 παριόντας,
1685 1857 1748 1888 τοὺς
1764 1855 1912 1891 οὐδαμόθεν

1078 1900 1150 1935 αὐτῷ
1167 1901 1353 1936 προσήκοντας
1361 1901 1471 1936 κυρίους
1486 1900 1614 1936 ὀνομάζει
1628 1900 1674 1927 καί
1683 1907 1774 1935 φησιν·
1794 1899 1912 1926 Ἐκκλίο

1078 1952 1149 1970 ναῖε
1162 1945 1205 1977 εἰς
1218 1943 1271 1970 τὸν
1280 1941 1365 1970 οἷκον
1380 1943 1432 1971 τοῦ
1445 1943 1551 1976 παιδὸς
1561 1943 1645 1978 ὑμῶν
1652 1944 1699 1971 καί
1709 1943 1909 1970 καταλύσατε.

1085 1988 1202 2023 Ἑσπέρα
1221 1987 1285 2023 γὰρ,
1306 1987 1383 2023 φησὶ.
1408 1987 1548 2016 κατέλαϐε.
1575 1986 1708 2021 Πείσθητέ
1735 1995 1791 2022 μοι,
1804 1986 1911 2014 καὶτὸν

1078 2031 1199 2067 κάματον
1212 2031 1261 2065 τῆς
1278 2031 1383 2066 ἡμέρας
1399 2030 1641 2066 παραμυθήσασθε,
1663 2030 1702 2061 είς
1715 2030 1761 2056 τὸν
1775 2028 1851 2057 οἷκον
1864 2029 1910 2056 τοῦ

1077 2074 1172 2106 παιδὸς
1179 2074 1255 2109 ὑμῶν
1271 2074 1482 2105 καταλύσαντες,
1496 2074 1542 2110 Μὴ
1555 2073 1619 2108 γὰρ,
1632 2073 1708 2108 φησὶ,
1726 2073 1796 2108 μέγα
1804 2081 1832 2100 τι
1847 2073 1910 2109 ὑμῖν

1078 2118 1280 2153 ἐπαγγέλλομαι
1291 2127 1298 2152 ;
1309 2118 1447 2152 Νίψασθε
1462 2118 1534 2151 τοὺς
1550 2118 1645 2151 πόδας
1668 2117 1751 2152 ὑμῶν
1768 2118 1832 2149 τοὺς
1857 2117 1910 2144 ὑπὸ

1077 2163 1126 2196 τῆς
1138 2162 1290 2197 ὁδοιπορίας
1305 2161 1488 2196 κεκμηκότας,
1507 2161 1557 2188 καὶ
1578 2161 1769 2195 ὀρθρίσαντες
1782 2160 1910 2188 ἀπελεύ-

1077 2206 1169 2232 σεσθε
1187 2205 1244 2239 τὴν
1254 2204 1327 2232 ὁδὸν
1344 2205 1437 2240 ὑμῶν.
1453 2204 1609 2240 Χαρίσασθε
1623 2202 1669 2232 οὖν
1686 2213 1730 2240 μοι
1742 2203 1844 2239 ταύτην
1859 2205 1909 2239 τὴν

1077 2249 1166 2284 χάριν,
1181 2249 1228 2275 καὶ
1250 2249 1288 2284 μὴ
1318 2248 1482 2284 ἀνανεύοητέ
1507 2257 1557 2284 μου
1572 2248 1639 2284 πρὸς
1657 2249 1706 2284 τὴν
1722 2248 1907 2284 παράκλησιν.

1076 2292 1132 2319 Καὶ
1150 2290 1249 2325 εἶπαν,
1266 2292 1356 2327 φησιν’
1387 2292 1470 2327 Οὐχί,
1487 2293 1556 2319 ἀλλ’
1574 2292 1609 2319 ὲν
1629 2291 1666 2326 τῇ
1683 2292 1809 2325 πλατείᾳ
1824 2300 1909 2318 κατα-

1075 2336 1220 2370 λύσομεν,
1239 2335 1293 2362 Καὶ
1311 2336 1380 2370 μετὰ
1402 2335 1534 2371 τοσαύτην
1549 2335 1719 2371 παράκλησιν
1738 2334 1798 2362 ἰδὼν
1812 2335 1911 2367 αὐτοὺς

1077 2379 1256 2409 ἀνανεύοντας
1271 2379 1322 2405 οὐκ
1336 2379 1495 2414 ὲνάρκησεν,
1509 2379 1558 2406 οὐκ
1569 2379 1674 2415 ἀπέστη
1695 2378 1742 2405 τοῦ
1762 2378 1909 2411 σπουδαζο-

1078 2423 1170 2458 μένου,
1194 2423 1254 2449 οὐδὲ
1276 2422 1360 2449 ἔπαθέ
1376 2431 1402 2449 τι
1423 2422 1560 2455 τοιοῦτον,
1590 2419 1644 2449 οἷον
1669 2423 1750 2458 ἡμεῖς
1779 2422 1909 2454 πολλάκις

1076 2466 1215 2501 ποιοῦμεν·
1228 2466 1275 2492 καὶ
1287 2466 1333 2492 ἐὰν
1349 2465 1402 2501 ἄρα
1418 2465 1483 2492 ποτέ
1499 2473 1560 2493 τινα
1584 2466 1786 2502 προτρέψασθαι
1811 2466 1908 2501 βουλη-

1075 2509 1197 2544 θείημεν,
1212 2506 1270 2535 εἷτα
1287 2508 1448 2544 θεασώμεθα
1473 2508 1541 2544 πρὸς
1559 2508 1647 2543 ὀλίγον
1662 2508 1836 2540 ἀνανεύοντα,
1863 2509 1909 2535 εὐ-

1076 2552 1123 2584 θὺς
1133 2551 1316 2587 ἀφιστάμεθα·
1343 2553 1389 2578 καὶ
1412 2551 1491 2579 τοῦτο
1505 2552 1648 2587 συμϐαίνει
1660 2552 1715 2579 ἀπὸ
1728 2552 1774 2579 τοῦ
1792 2553 1830 2588 μὴ
1847 2552 1910 2588 θερ-

1076 2596 1171 2631 μότητι
1188 2595 1234 2622 καὶ
1251 2595 1324 2630 πόθῳ
1339 2595 1416 2622 τοῦτο
1428 2596 1525 2628 ποιεῖν,
1539 2595 1606 2622 ἀλλὰ
1631 2596 1748 2631 μάλιστα
1765 2597 1812 2623 καὶ
1831 2596 1909 2631 vopi-

1075 2638 1131 2672 ζειν
1141 2638 1277 2674 ἀρκοῦσαν
1288 2638 1436 2672 ἀπολογίαν
1451 2638 1533 2674 ἔχειν,
1547 2638 1577 2665 τὸ
1593 2639 1682 2673 λέγειν
1697 2639 1738 2666 ὅτι
1759 2639 1789 2666 τό
1799 2648 1831 2674 γε
1845 2640 1911 2666 ἑαυ-

1078 2682 1127 2710 τῶν
1137 2683 1335 2718 πεποιήκαμεν.

1109 2726 1144 2761 γ’.
1151 2727 1184 2753 Τί
1198 2727 1295 2760 λέγεις,
1305 2727 1346 2753 ὃτι
1357 2726 1387 2753 τὸ
1396 2726 1497 2753 σαυτοῦ
1506 2727 1673 2763 πεποίηκας;
1691 2727 1847 2760 ’Δπώλεσας
1857 2729 1907 2764 τὴν

1074 2771 1169 2807 θήραν,
1186 2770 1333 2805 διήμαρτες
1357 2770 1404 2797 τοῦ
1431 2770 1583 2807 θησαυροῦ,
1598 2771 1645 2798 καὶ
1669 2770 1700 2797 τὸ
1725 2771 1838 2799 σεαυτοῦ
1856 2781 1906 2799 περ

1073 2815 1202 2850 ποίηκας;
1217 2814 1283 2840 Τότε
1298 2814 1330 2840 ἂν
1346 2812 1380 2850 ἧς
1392 2815 1422 2841 τὺ
1436 2815 1535 2842 σαυτοῦ
1551 2815 1718 2850 πεποιηκὼς,
1737 2816 1762 2843 εί
1782 2816 1821 2852 μὴ
1832 2817 1907 2852 Epp:-

1073 2860 1126 2894 ψας
1141 2859 1194 2886 ἀπὸ
1206 2859 1260 2885 τῶν
1271 2859 1370 2894 χειρῶν
1381 2859 1426 2885 τὸν
1436 2859 1611 2894 θησαυρὸνβί
1623 2860 1659 2894 μὴ
1672 2859 1847 2895 παρέδραμες
1856 2860 1906 2896 τὴν

1075 2903 1169 2937 ἄγραν,
1176 2903 1200 2928 εί
1210 2903 1246 2938 μὴ
1254 2902 1400 2937 ἀφοσιώσει
1407 2909 1418 2923 ι
1430 2905 1465 2938 τῇ
1476 2903 1557 2938 μέχρι
1565 2903 1694 2939 ῥημάτων
1701 2903 1750 2938 τὴν
1756 2903 1906 2938 φιλοξενίαν

1071 2945 1285 2977 ἔπεδείξυ›.’Δλλ’
1300 2947 1349 2982 οὺχ
1374 2947 1388 2973 6
1416 2946 1519 2978 δίκαιος
1532 2946 1620 2978 οὕτως
1632 2955 1640 2963 ·
1659 2946 1727 2974 ἀλλὰ
1752 2947 1778 2973 τί
1789 2955 1797 2980 ς
1819 2945 1906 2982 ὀρῶν

1103 2998 1115 3013 ⁸
1128 2997 1172 3024 llic
1183 2999 1300 3032 ob$erves
1310 3001 1399 3025 iterum
1414 3001 1555 3032 ἀφοσιώσει,
1567 2999 1738 3033 ρεινιιυειονίσ,
1751 3003 1778 3026 ut
1788 3006 1871 3032 supra.
