2044 3131
144 162 205 191 ’397

153 220 253 247 nullam
268 224 358 247 autem
373 219 512 247 utilitatem
528 218 589 247 inde
605 219 751 254 capiemus.
771 218 848 252 Quod
868 222 896 246 ttt
911 216 952 244 di-

153 274 223 299 scas,
241 267 303 294 andi
317 267 472 302 prophetam
486 266 636 294 dicentem:
650 265 683 293 ln
696 266 794 300 inferno
806 270 888 292 autem
896 264 952 299 quis

156 313 312 347 conﬁtebitur
322 313 366 340 tibi
379 313 389 349 (
404 313 474 340 Psal.
489 313 516 341 6.
531 313 566 348 6)
580 313 593 340 Ἰ
615 317 642 340 et
664 313 758 340 iterum
775 321 782 340 :
798 311 889 338 Frater
900 319 951 338 non

154 358 264 391 redimit,
277 358 382 385 redintet
392 359 466 385 ltonto
476 358 561 394 (Psal.
572 358 616 386 48.
625 357 782 393 8)?Nullus,
795 357 888 392 inquit,
901 356 952 383 frit

151 404 205 432 illic
221 405 374 439 postea,qui
382 405 477 440 eripiat
491 413 551 432 eum
565 412 644 439 quem
658 411 703 431 sua
714 403 815 431 desidia
830 402 950 437 prodide-

150 450 284 486 rit,neque
295 451 316 478 si
329 450 409 478 frater
421 451 508 484 fuerit,
525 459 609 486 neque
620 450 643 478 si
657 454 741 485 pater,
757 456 843 484 neque
858 449 880 476 si
894 457 950 476 nta-

151 501 200 523 ter.
216 497 248 523 Et
260 496 323 531 quid
335 496 406 530 dico,
416 496 508 530 frater,
519 501 604 532 pater,
620 501 648 524 et
659 500 744 523 mater
751 495 864 531 ?Neque
872 495 946 530 justi,

149 542 246 577 quibus
261 546 333 569 tanta
354 543 424 578 apud
441 543 524 570 Deum
544 542 641 570 ﬁducia
663 546 712 575 est,
729 546 853 577 poterunt
872 541 948 569 nobis

151 592 213 615 tunc
227 588 327 623 aliquid
343 588 480 624 prodesse,
501 588 523 616 si
542 596 612 616 nunc
626 588 732 616 desides
746 587 884 616 fuerimus.
900 588 947 615 Di-

149 634 185 661 cit
198 634 268 662 enim
282 643 287 661 :
301 634 331 662 Si
345 635 457 663 steterint
480 634 537 662 Noe
553 639 575 662 et
589 634 638 662 Job
651 639 674 662 et
687 634 789 667 Daniel,
806 635 872 669 ﬁlios
886 643 946 662 suos

148 684 173 706 et
184 681 252 712 filias
265 689 314 708 non
328 681 434 717 eripient
444 681 550 718 (Ezech.
560 682 604 708 M.
618 681 675 715 20).
692 681 726 708 Et
738 681 799 708 vide
813 681 944 708 ntinarum

153 727 322 761 gravitatem,
337 728 483 763 qualesque
503 728 589 763 justos
610 729 637 756 in
657 727 773 756 medium
792 727 942 755 adduxerit.

148 773 278 806 Quoniam
298 774 335 800 illi
349 775 405 802 suis
417 774 580 809 temporibus
592 774 672 802 etiam
686 774 744 801 aliis
756 773 849 800 salutis
863 780 942 800 causa

147 818 254 847 fuerunt
267 828 273 846 :
288 819 344 849 Noe
357 821 439 853 enim,
454 827 515 847 cutn
537 820 663 848 terribilis
677 819 720 847 illa
735 819 826 847 diluvii
843 823 944 854 tempe-

146 869 202 892 stas
216 870 312 893 terram
325 871 490 901 occupasset,
505 871 532 894 et
546 874 669 897 uxorem,
681 871 707 893 et
723 866 791 894 ﬁlios
805 866 920 894 servavit
933 875 940 892 :

145 911 233 939 et'Job
245 912 367 940 similiter
377 912 437 940 aliis
451 912 545 939 salutis
555 917 647 939 auctor
657 911 704 939 fuit
716 921 723 938 :
736 912 827 940 Daniel
837 919 942 947 quoque

145 956 243 984 multos
265 957 361 993 eripuit
382 965 397 985 2
413 961 509 990 morte,
530 957 636 992 quando
651 957 779 985 barbarus
795 957 838 986 ille
853 958 941 993 inqui-

145 1002 222 1030 rebat
243 1011 303 1038 qua:
326 1010 406 1038 supra
430 1003 572 1031 humanam
595 1007 657 1031 suttt
680 1007 823 1036 naturam,
846 1007 873 1030 et
899 1003 940 1031 in-

135 1049 270 1077 terimere
287 1050 394 1078 volebat
411 1049 553 1078 Chaldaeos
565 1071 572 1083 ,
595 1055 621 1078 et
644 1049 732 1085 Magos
756 1053 834 1086 atque
854 1050 940 1078 Gaza-

143 1101 235 1122 rcnos.

179 1140 206 1167 2.
217 1140 250 1167 In
262 1142 348 1177 futuro
361 1141 454 1168 ueculo
463 1141 632 1177 unusquisque
643 1149 689 1176 pro
703 1141 940 1176 sejudicubitur.—

142 1186 176 1213 Et
191 1193 224 1213 ne
239 1190 359 1221 putemus
374 1186 401 1214 in
416 1186 505 1214 futuro
518 1187 616 1214 Stcculo
630 1185 687 1214 fore
709 1186 779 1219 talia,
794 1192 820 1215 et
833 1195 879 1215 eos
894 1187 937 1222 qui

134 1231 240 1259 Virtute
251 1232 353 1267 praediti
364 1236 435 1264 sunt.
444 1237 471 1260 et
482 1232 603 1260 ﬁduciam
615 1231 714 1260 ltabent
722 1232 747 1260 in
757 1232 849 1264 Deum,
860 1233 936 1266 alios,

141 1279 187 1313 qui
201 1278 244 1306 hic
254 1279 418 1314 negligenter
427 1280 559 1313 vixerunt,
572 1281 737 1307 necessarios
750 1287 812 1308 suos
824 1280 938 1308 liberare

141 1325 196 1352 illic
208 1333 222 1351 a
238 1325 367 1360 supplicio
380 1333 477 1360 posse:
491 1330 631 1361 propterea
645 1325 754 1354 adduxit
763 1326 840 1354 nobis
851 1326 937 1361 justos

141 1371 212 1403 illos,
231 1376 360 1399 terrorem
375 1371 452 1399 nobis
474 1372 599 1405 inferens,
615 1376 642 1400 et
662 1372 762 1400 docens
783 1372 808 1398 iu
821 1372 937 1407 pmpriis

140 1416 218 1444 bonis
231 1417 357 1452 operibus
370 1425 430 1445 cum
446 1425 560 1453 sttperua
580 1418 664 1453 gratia
679 1425 754 1452 spem
771 1417 864 1444 salutis
885 1425 935 1444 no-

143 1468 201 1490 stra-
211 1463 371 1496 habendam,
383 1468 409 1490 ct
420 1471 471 1491 non
483 1464 510 1490 in
520 1464 716 1499 progenitorum
728 1463 878 1496 virtutibus,
891 1471 937 1490 ne-

139 1516 192 1543 qtte
207 1509 233 1535 iu
247 1508 299 1536 alio
311 1509 436 1544 quopiam
448 1508 666 1544 superbiéndum,
678 1508 720 1536 vel
735 1508 932 1542 conﬁdendum,

138 1553 162 1580 si
177 1561 227 1581 ttos
240 1554 266 1581 in
282 1555 400 1589 peccatis
413 1561 473 1582 csse
487 1562 539 1582 non
556 1554 714 1587 desinimus,
731 1554 777 1582 sed
792 1555 841 1582 hoc
853 1562 934 1582 ttnum

137 1599 298 1632 curandum,
316 1604 344 1627 ut
358 1600 380 1627 si
401 1604 525 1636 parentes
540 1600 711 1628 habuerimus
725 1601 823 1628 virtute
836 1601 932 1634 claros,

137 1645 275 1674 imitemur
284 1654 376 1674 eorum
389 1647 532 1675 virtutem:
548 1652 575 1675 et
587 1648 610 1675 si
622 1655 638 1676 e
652 1648 759 1676 diverso
773 1648 887 1682 accidat,
907 1654 934 1676 et

135 1699 169 1719 ex
185 1691 312 1727 improbis
327 1694 410 1720 sintus
426 1694 596 1728 parentibus,
614 1701 666 1721 non
683 1693 831 1729 putandum
855 1694 932 1721 nobis

130 1737 237 1772 aliquid
263 1738 385 1766 accidere
407 1739 570 1772 nocumeuti,
593 1739 738 1767 dummodo
760 1747 933 1768 exerceamur

129 1782 170 1809 τω
193 1783 320 1810 virtutum
341 1784 464 1812 labores:
483 1785 584 1812 nullum
605 1785 676 1813 enim
705 1785 766 1814 hittc
789 1785 865 1814 nobis
883 1786 933 1814 da-

129 1836 229 1855 mnum
242 1829 303 1856 crit.
312 1829 378 1856 Nam
390 1830 569 1866 unusquisque
575 1838 624 1866 per
633 1838 664 1858 ea
674 1831 714 1859 vel
727 1837 879 1865 coronatur,
889 1832 932 1860 vel

129 1875 343 1910 condemnatur,
370 1884 429 1912 quae
455 1878 512 1912 ipse
531 1878 624 1912 gessit,
652 1877 879 1913 quemadmodum
905 1882 933 1906 ct

134 1920 230 1948 beatus
250 1921 346 1949 Paulus
360 1922 462 1958 inquit:
481 1922 515 1950 Ut
527 1927 636 1958 reportet
651 1923 820 1958 unusquisque
832 1932 861 1951 ea
875 1932 932 1959 quae

130 1975 183 2002 per
197 1975 289 2002 corpus
309 1968 383 2002 ﬁunt,
402 1969 479 2003 juxta
492 1968 519 1996 id
534 1969 601 2004 quod
613 1969 682 2005 fecit,
698 1968 864 2002 sive‘bonum,
880 1971 932 1997 sive

134 2013 345 2047 malum(2.Cor.
358 2014 450 2049 5.10);
466 2018 493 2042 et
506 2014 600 2042 iterum
613 2023 619 2042 :
638 2015 688 2050 Qui
699 2015 786 2042 reddet
798 2016 930 2048 unicuique

127 2060 208 2095 juxta
219 2068 297 2095 opera
310 2069 357 2088 sua
368 2061 377 2097 (
389 2060 465 2088 Rom.
477 2061 505 2088 2.
520 2061 567 2098 6).
584 2061 649 2096 Quae
664 2062 753 2090 omnia
778 2069 839 2090 cum
858 2063 928 2090 scia—

134 2114 206 2140 mus,
229 2114 339 2135 excussa
367 2108 440 2135 omni
464 2109 635 2144 negltgeutia,
660 2109 766 2136 virtutis
785 2109 928 2137 maximam

132 2153 281 2182 habeamus
299 2155 439 2182 rationem.
454 2154 488 2182 Et
505 2162 566 2182 cum
580 2155 668 2182 adhuc
681 2155 709 2182 in
723 2155 811 2182 stadio
824 2162 926 2189 sumus,

131 2203 160 2227 et
173 2199 292 2227 certandi
307 2204 411 2235 tempus
422 2205 474 2234 est,
488 2200 641 2236 priusquam
654 2200 817 2229 dissolvatur
827 2205 928 2236 specta-

131 2246 234 2278 culum,
258 2246 365 2274 solliciti
378 2247 462 2275 simus
481 2247 516 2275 de
536 2252 627 2275 nostra
647 2248 742 2281 salute,
762 2252 790 2275 ut
807 2248 833 2275 in
852 2248 926 2275 brevi

133 2289 181 2318 i'lo
196 2295 315 2327 tempore
328 2292 443 2320 virtutes
455 2293 616 2324 exercendo,
637 2293 663 2320 in
683 2294 782 2321 saeculo
796 2298 927 2329 perpetuo

128 2336 237 2364 illarum
263 2338 401 2366 mercedes
423 2339 604 2374 recipiamus:
629 2339 697 2368 sicut
717 2345 744 2367 et
764 2340 852 2374 jttstus
869 2340 924 2374 ille,

129 2383 175 2416 uti
197 2384 223 2410 in
247 2384 335 2411 medio
358 2388 396 2411 tot
414 2385 544 2412 malorum
566 2385 698 2418 habitans,
715 2391 741 2414 et
759 2386 860 2414 nullum
876 2386 923 2414 Ita-

127 2428 197 2456 bcns
211 2429 256 2464 qui
269 2437 344 2457 suam
358 2430 506 2458 imitaretur
518 2431 653 2464 virtutem,
664 2431 710 2459 sed
724 2432 817 2460 videns
831 2440 925 2460 omnct.

127 2475 144 2500 it
154 2475 274 2502 ridentes
286 2480 313 2503 et
326 2475 520 2503 subsannantes
533 2497 540 2509 ,
554 2484 606 2504 non
622 2477 707 2505 solum
722 2485 774 2505 non
789 2477 872 2506 factus
884 2483 925 2506 est

129 2521 248 2555 segnior,
272 2529 364 2548 verum
389 2526 460 2549 tanta
482 2523 580 2550 virtute
595 2523 714 2556 emicuit,
734 2527 762 2550 ut
775 2528 802 2551 et
815 2524 924 2557 angelos

126 2568 266 2602 suscipere
277 2569 404 2596 meruerit
417 2573 513 2604 :atqtte
525 2577 586 2596 cutn
600 2569 638 2597 illi
653 2570 732 2597 simul
747 2577 841 2597 ontnes
858 2577 921 2605 per-

126 2613 215 2646 i'ent,
235 2613 307 2641 solus
327 2613 384 2648 ipse
398 2621 459 2641 cum
472 2613 575 2642 ﬁliabus
601 2615 724 2650 effugerit
737 2623 844 2651 poenam
864 2623 923 2650 quae

127 2658 181 2685 illis
204 2658 277 2686 illata
297 2664 347 2686 est.
365 2659 497 2687 Cmtcrum
513 2660 546 2688 ad
564 2661 662 2688 seriem
682 2663 813 2692 sermonis
826 2661 922 2692 redea-

127 2711 198 2731 mus.
218 2703 344 2732 Venerunt
364 2710 449 2732 autem
474 2706 525 2733 duo
537 2707 620 2741 angeli
641 2707 667 2734 in
686 2707 799 2735 Sodoma
815 2708 921 2743 vesperi.

125 2749 193 2777 Justi
207 2750 288 2785 hujus
297 2751 473 2779 excellentem
486 2752 613 2780 virtutem
628 2757 733 2788 tempus
753 2753 804 2781 hoc
818 2754 923 2790 potissi-

126 2803 199 2822 mum
222 2795 333 2831 indicat,
349 2797 410 2832 quia
429 2801 459 2825 et
477 2797 617 2833 ingruente
635 2806 746 2834 vespera
765 2800 921 2836 permansit,

124 2848 150 2869 ct
172 2850 227 2869 non
249 2841 362 2870 destitit.
381 2843 448 2871 Nam
465 2844 527 2879 quia
542 2844 642 2873 sciebat
654 2845 755 2875 lucrum
771 2847 840 2882 quod
861 2847 922 2875 inde

125 2888 297 2923 nascebatur,
311 2887 370 2917 ideo
381 2888 462 2918 hasce
476 2891 581 2921 divitias
595 2895 700 2930 assequi
711 2896 831 2932 cupiens,
842 2895 920 2924 valde

677 160 709 189 ΙΝ
724 161 801 190 CAP.
822 159 894 188 XIX.
914 159 1037 189 GENES.
1058 160 1173 189 llOMlL.
1191 161 1282 190 XLIII.

1008 216 1118 246 sedulus
1142 223 1209 252 erat,
1231 224 1258 247 et
1280 227 1366 255 neque
1388 221 1432 249 die
1454 222 1563 258 impleto
1583 223 1744 253 discedebat.
1764 226 1798 254 ita

1006 264 1077 292 enim
1098 273 1127 293 se
1147 265 1229 293 habet
1250 267 1339 294 anim
1363 267 1464 296 fervida
1483 274 1510 297 ct
1532 270 1652 305 vigilans,
1672 277 1700 299 ιιι
1719 273 1798 300 nullis

1005 309 1203 345 impedimentis
1227 312 1414 347 prtepediatur,
1437 317 1578 350 quominus
1594 325 1668 346 suam
1682 318 1796 347 declaret

1003 357 1128 385 virtutem
1146 367 1153 385 :
1168 359 1230 393 quin
1250 363 1278 386 et
1300 360 1392 388 istha-c
1412 361 1467 396 ipsa
1483 370 1541 397 qua:
1558 364 1699 398 prohibent
1712 366 1794 393 tnaxia

1004 411 1058 436 me,
1074 405 1292 439 magisincitant,
1308 411 1335 433 et
1348 414 1475 441 majorem
1490 408 1642 442 cupiditatis
1663 409 1797 438 ﬂammam

1003 449 1161 477 accendunt.
1180 450 1213 477 Ut
1235 456 1317 478 autent
1337 452 1413 485 vidit,
1429 453 1530 487 inquit,
1553 453 1620 487 Lot,
1641 455 1748 481 surrexit
1769 457 1796 483 in

1003 503 1135 523 accursum
1149 497 1208 524 illis.
1227 498 1342 525 Audiam
1357 499 1373 525 ii
1384 499 1428 534 qui
1444 499 1560 527 advenas
1573 506 1682 528 orantes
1694 506 1721 528 et
1734 509 1795 535 sup-

1001 540 1146 575 plicantes,
1164 549 1194 569 ac
1207 542 1302 570 sedulo
1322 551 1350 570 se
1368 551 1457 571 coram
1474 545 1513 571 eis
1527 545 1698 573 deutittetttcs
1714 546 1794 573 multa

1001 586 1194 615 inhumanitate
1218 595 1375 617 aversantur
1403 595 1429 617 et
1457 591 1599 625 repellunt.
1631 591 1697 618 Vide
1722 592 1794 618 enim

1000 633 1134 668 quomodo
1146 634 1233 668 justus
1248 635 1292 662 ille
1307 643 1359 662 non
1372 637 1536 670 exspectavit
1550 636 1636 664 donec
1649 637 1681 664 ad
1697 646 1727 665 se
1747 646 1795 665 ve-

999 679 1097 711 nirent,
1112 679 1159 706 sed
1174 680 1242 707 sicut
1254 681 1403 715 patriarcha
1413 703 1420 714 ,
1436 682 1560 717 ignorans
1585 683 1629 718 qui
1643 689 1733 712 essent
1746 684 1794 712 ho-

999 723 1091 758 spites,
1107 729 1133 752 et
1147 725 1285 760 suspicans
1298 727 1414 755 viatores
1429 728 1556 763 quosdam
1572 737 1642 762 esse,
1654 730 1728 764 quasi
1738 738 1793 765 pra:

996 770 1093 803 gaulio
1115 771 1237 805 saltabat,
1255 773 1314 807 quia
1329 779 1488 809 assequutus
1501 780 1559 802 erat
1571 777 1709 810 qua-sitam
1725 785 1792 812 pra:-

996 814 1068 848 dam,
1091 821 1182 844 etnon
1203 817 1341 846 abcrrarat
1360 819 1394 846 ab
1409 828 1441 848 eo
1454 821 1524 855 quod
1540 821 1672 856 cupiebat.
1694 822 1727 850 Ut
1746 832 1792 850 au-

995 864 1044 887 tem
1055 861 1128 894 vidit,
1149 862 1245 897 inquit,
1265 865 1373 891 surrexit
1393 867 1420 892 in
1440 874 1569 894 occursant
1583 867 1644 901 illis,
1661 873 1684 894 et
1696 868 1790 896 adora-

995 905 1037 935 bat
1060 907 1125 942 facie
1145 916 1224 943 super
1241 914 1342 936 terram.
1363 909 1468 938 Gratias
1487 912 1540 947 egit
1564 912 1630 945 Deo,
1657 913 1726 948 qttod
1749 913 1791 941 di-

994 955 1090 986 gnatus
1108 959 1182 982 esset
1199 962 1260 982 eum
1275 958 1493 991 praetereuntium
1504 960 1684 994 susceptione.
1697 961 1790 988 Anim-

993 998 1105 1027 adverte
1127 999 1196 1029 illius
1218 1001 1314 1030 anima:
1336 1003 1472 1030 virtutem.
1493 1004 1617 1039 Magnum
1636 1006 1685 1034 ‘Dei
1702 1006 1788 1034 bene-

993 1044 1081 1073 ﬁcium
1095 1046 1274 1076 arbitrabatur
1287 1049 1412 1078 incidisse
1436 1051 1463 1078 in
1485 1051 1534 1079 hos
1547 1052 1620 1080 viros
1630 1072 1637 1085 ,
1654 1057 1682 1079 ut
1697 1060 1788 1081 susce-

993 1090 1045 1125 ptis
1057 1091 1110 1119 illis
1126 1099 1203 1120 suum
1215 1093 1354 1129 perﬁceret
1365 1095 1538 1124 desiderium.
1554 1097 1612 1125 Jam
1629 1106 1662 1125 ne
1676 1098 1786 1132 dixeris,

992 1136 1064 1172 ipsos
1082 1140 1196 1174 angelos
1218 1140 1315 1168 fuisse:
1338 1142 1386 1169 sed
1408 1142 1459 1170 hoc
1478 1145 1567 1178 potius
1581 1148 1667 1172 tecum
1680 1151 1786 1180 reputa,

989 1182 1091 1217 justum
1114 1185 1189 1212 illum
1204 1186 1322 1214 nondum
1344 1187 1396 1215 hoc
1416 1189 1536 1222 scivisse,
1551 1190 1598 1217 sed
1610 1191 1685 1225 qttasi
1699 1191 1787 1218 homi—

991 1235 1039 1255 nes
1052 1229 1158 1264 ignotos
1169 1236 1195 1258 et
1209 1237 1402 1266 praetereuntes
1420 1235 1579 1269 suscipiens,
1601 1236 1636 1262 ita
1659 1236 1785 1263 affectum

990 1274 1082 1303 fuisse.
1105 1275 1133 1303 Ξ.
1149 1277 1184 1304 Et
1201 1278 1286 1305 dixit:
1301 1277 1378 1313 Ecce,
1392 1279 1497 1313 domini,
1513 1281 1625 1308 divertite
1640 1281 1666 1308 in
1682 1281 1786 1308 domum

989 1321 1062 1354 pueri
1080 1322 1169 1356 vestri,
1186 1327 1210 1349 et
1231 1329 1338 1356 macte,
1363 1325 1490 1360 quiescite,
1507 1332 1530 1353 et
1549 1326 1631 1353 lavate
1647 1327 1722 1361 pedes
1742 1335 1785 1354 ve-

988 1370 1064 1397 stros,
1079 1371 1102 1393 et
1119 1367 1230 1396 diluculo
1245 1371 1314 1404 facta
1327 1370 1523 1405 proﬁciscentini
1540 1372 1565 1398 in
1581 1372 1647 1399 vium
1665 1378 1783 1400 vestram.

990 1412 1132 1441 Sufﬁciunt
1156 1414 1214 1442 hmo
1234 1416 1314 1443 verba
1330 1416 1363 1443 ad
1386 1416 1563 1452 detegendam
1584 1419 1709 1446 virtutem
1724 1427 1784 1453 quae

988 1458 1015 1485 in
1028 1464 1136 1493 pectore
1146 1460 1210 1494 justi
1226 1461 1331 1489 latebat.
1347 1462 1381 1489 Et
1391 1463 1453 1498 quid
1467 1464 1564 1492 mirum
1575 1465 1597 1492 si
1612 1465 1672 1500 quis
1688 1465 1784 1493 obstu-

988 1508 1080 1538 pescat
1098 1506 1227 1533 eximiam
1250 1506 1438 1542 humilitatem,
1462 1517 1492 1537 ac
1512 1510 1646 1538 fervorem
1662 1519 1740 1547 quem
1756 1512 1782 1540 itt

988 1549 1171 1584 ltospitalitate
1184 1551 1338 1580 declarabat
1351 1553 1362 1580 ?
1378 1553 1451 1586 Ecce,
1467 1554 1562 1590 inquit,
1579 1555 1684 1589 domini,
1699 1557 1783 1584 diver-

987 1595 1031 1622 tite
1043 1596 1069 1623 in
1088 1596 1190 1624 domum
1203 1598 1274 1633 pueri
1286 1599 1369 1626 vestri.
1384 1599 1417 1627 Et
1430 1599 1489 1628 illos
1502 1600 1627 1629 dominos
1642 1606 1729 1635 vocat,
1750 1610 1783 1630 ac

987 1641 1105 1675 scipsum
1129 1642 1234 1670 illorum
1255 1651 1361 1672 servum
1375 1645 1502 1680 appellat.
1519 1646 1668 1674 Audiamus
1681 1651 1782 1676 attente

986 1686 1044 1714 hmo
1057 1688 1147 1721 verba,
1167 1689 1344 1724 dilectissimi,
1360 1696 1388 1718 et
1409 1692 1507 1720 similia
1529 1701 1579 1720 nos
1592 1701 1698 1729 quoque
1711 1702 1782 1730 prte-

986 1738 1057 1761 stare
1070 1734 1216 1763 discamus.
1227 1736 1272 1764 Vir
1286 1737 1429 1772 gloriosus,
1442 1739 1548 1772 nobilis,
1564 1745 1616 1767 tam
1628 1741 1779 1775 abundans,

986 1783 1076 1808 tantus
1099 1782 1302 1817 paterfamilias,
1330 1784 1457 1818 viatores,
1479 1785 1607 1821 hospites,
1622 1787 1736 1822 ignotos,
1751 1793 1781 1815 ut

984 1826 1158 1861 apparebant,
1177 1828 1256 1862 viles,
1272 1833 1475 1863 praetereuntes,
1492 1831 1610 1866 nihilque
1626 1832 1659 1859 ad
1674 1840 1703 1860 se
1715 1834 1779 1860 atti-

984 1876 1089 1905 nentes,
1109 1873 1233 1901 dominos
1251 1875 1381 1908 nominat,
1400 1880 1427 1903 et
1444 1876 1549 1910 inquit:
1563 1876 1685 1904 Dtvertite
1697 1878 1723 1904 in
1733 1878 1780 1904 do-

983 1927 1052 1946 mum
1068 1921 1138 1955 pueri
1156 1921 1241 1954 uestri,
1262 1925 1285 1948 et
1298 1922 1426 1956 quiescite.
1441 1922 1557 1957 Vespera
1578 1923 1660 1955 enim,
1681 1924 1777 1958 inquit,

983 1964 1092 2001 ingruit.
1109 1965 1211 1994 Morem
1227 1966 1293 1994 mihi
1308 1967 1403 2002 gerite,
1425 1972 1453 1995 et
1472 1967 1655 1996 lassitudinem
1669 1968 1721 1996 dici
1735 1976 1778 1996 so-

983 2011 1075 2040 lamitn'
1089 2013 1116 2040 in
1129 2012 1239 2040 domum
1258 2013 1329 2041 servi
1349 2014 1430 2041 vestri
1449 2014 1625 2043 divertentes.
1644 2014 1777 2051 Numquid

981 2065 1108 2094 magnum
1123 2059 1200 2087 vobis
1215 2059 1363 2095 promitto?
1376 2059 1471 2087 Lavate
1487 2061 1563 2096 pedes
1574 2065 1668 2088 oestro:
1682 2061 1778 2089 itinere

981 2104 1061 2140 longo
1081 2104 1215 2140 fatigatos,
1236 2109 1261 2134 et
1281 2105 1393 2133 diluculo
1408 2107 1515 2142 pergetis
1531 2107 1558 2134 in
1575 2107 1641 2134 viam
1658 2112 1774 2135 vestram.

982 2150 1057 2178 Hanc
1070 2151 1181 2186 gratiam
1201 2151 1300 2179 donate
1323 2152 1399 2184 milii,
1415 2155 1443 2179 et
1462 2152 1618 2187 petitionem
1640 2160 1777 2181 meamne

982 2195 1157 2225 frustramini.
1172 2197 1205 2224 Et
1219 2197 1349 2231 dixerunt,
1365 2197 1462 2233 inquit,
1479 2197 1595 2231 Minime,
1614 2198 1659 2225 sed
1674 2198 1702 2225 in
1719 2198 1775 2234 pla-

982 2246 1022 2270 tea
1047 2243 1211 2270 manebimus.
1237 2242 1325 2270 Etiam
1350 2247 1411 2279 post
1438 2247 1537 2271 tantam
1561 2244 1776 2274 exhortationem

979 2296 1059 2324 quam
1078 2288 1190 2322 fecerat,
1204 2297 1265 2317 cum
1281 2289 1348 2317 vidit
1361 2298 1408 2318 eos
1423 2298 1547 2323 renuere,
1560 2298 1614 2318 non
1629 2291 1775 2326 obtorpuit,

979 2342 1067 2370 neque
1083 2335 1117 2363 ab
1137 2336 1260 2363 instituto
1281 2343 1330 2363 suo
1353 2335 1467 2369 destitit,
1489 2344 1576 2372 neque
1597 2337 1659 2364 fecit
1674 2338 1710 2364 uti
1726 2345 1776 2366 nos

979 2381 1113 2409 interdum
1141 2380 1254 2409 facimus
1277 2390 1283 2408 :
1307 2381 1352 2417 qui
1379 2382 1401 2410 si
1431 2382 1537 2417 quando
1565 2382 1679 2416 aliquem
1712 2382 1774 2409 hor-

979 2428 1030 2455 tari
1053 2428 1203 2463 dignamur,
1224 2432 1252 2455 et
1271 2432 1362 2462 postea
1380 2428 1501 2455 videmus
1519 2435 1661 2462 parumper
1686 2427 1773 2456 detn»

977 2479 1093 2502 ctantem
1116 2479 1143 2503 et
1169 2479 1337 2507 renuentem,
1361 2474 1450 2501 statim
1472 2474 1629 2502 desistimus
1643 2475 1687 2502 :id
1701 2475 1772 2510 quod

977 2521 1119 2556 Contingit,
1145 2521 1206 2555 quia
1233 2520 1297 2548 citra
1330 2519 1495 2547 desiderium
1516 2526 1544 2547 et
1564 2519 1698 2547 fervorem
1718 2520 1770 2548 hoc

977 2567 1091 2601 agimus,
1106 2570 1132 2594 et
1143 2566 1259 2594 maxime
1273 2565 1333 2600 quia
1349 2569 1472 2600 putamus
1487 2565 1611 2593 sufticere
1622 2567 1772 2594 excusatio<

977 2621 1050 2646 nem,
1060 2614 1081 2640 si
1092 2614 1182 2641 dicere
1193 2612 1328 2648 possimus
1341 2611 1437 2639 fecisse
1447 2619 1495 2638 nos
1507 2611 1624 2640 ofﬁcium
1636 2616 1769 2640 nostrum.

1013 2659 1040 2686 5.
1054 2659 1122 2693 Quid
1137 2659 1188 2692 ais,
1204 2657 1321 2686 ofﬁcium
1341 2661 1368 2684 te
1385 2662 1458 2684 tuum
1474 2657 1590 2685 fecisse?
1603 2658 1723 2686 Amisisti
1741 2659 1768 2686 in

976 2706 1119 2734 venatione
1127 2703 1254 2740 prMam;
1266 2703 1395 2732 aberrasti
1403 2711 1418 2731 a
1429 2703 1565 2737 thesauro;
1576 2709 1603 2732 ct
1611 2709 1657 2732 tuo
1664 2704 1770 2733 functus

977 2759 1006 2780 es
1011 2751 1099 2779 ofﬁcio
1105 2751 1116 2778 τ
1122 2751 1197 2778 Tunc
1203 2755 1248 2778 tuo
1256 2749 1363 2777 functus
1370 2756 1444 2777 esses
1454 2749 1553 2783 ofﬁcio,
1562 2750 1584 2777 si
1593 2757 1645 2777 non
1654 2750 1770 2785 abjecis-

975 2805 1043 2826 sese
1055 2797 1176 2825 manibus
1191 2795 1387 2829 thesaurum,si
1402 2802 1455 2822 non
1469 2795 1635 2831 praeterisscs
1648 2796 1675 2824 in
1689 2804 1766 2824 vena-

977 2846 1050 2874 tione
1056 2844 1184 2881 praedam,
1192 2843 1215 2872 si
1229 2849 1284 2871 non
1291 2840 1473 2877 perfunctorie
1487 2845 1515 2870 et
1527 2841 1609 2870 verbo
1622 2846 1698 2870 tenus
1713 2847 1771 2871 tan-

979 2897 1034 2921 tum
1048 2890 1257 2929 hospitalitatem
1270 2888 1426 2918 iudicasses.
1439 2889 1473 2917 At
1489 2896 1542 2917 non
1558 2887 1645 2926 justus
1659 2888 1704 2917 ille
1712 2888 1769 2918 sic:
