2044 3131
271 136 324 164 509

273 195 320 222 sed
333 196 394 231 quid
404 197 416 222 ?
432 197 542 226 Videbat
551 200 718 232 obluctantes
727 205 782 233 suis
790 206 923 242 precibus,
933 210 961 234 et
969 206 995 233 in
1009 205 1066 240 pla-

273 245 313 268 tea
326 249 435 271 manere
447 244 579 274 volentes.
590 247 646 276 lloc
662 254 750 278 autem
765 251 896 279 faciebant
907 252 1067 288 angeli,vir-

273 288 426 323 tutemjusti
437 290 523 325 palam
535 291 624 322 facere
635 295 764 330 volentes,
773 302 799 325 et
810 305 859 325 nos
865 305 959 326 omnes
969 298 1066 325 docere

271 338 370 366 quanta
381 334 440 370 ejus
453 335 534 365 fuerit
546 338 724 375 hospitalitas.
739 343 835 370 Postea
847 349 936 372 autem
948 352 1001 372 non
1010 344 1066 379 jam

272 379 361 407 verbis
371 387 512 411 contentus
524 390 566 412 est
575 386 722 421 exhortari,
736 389 784 416 sed
803 395 829 418 et
843 390 896 417 vim
910 390 983 418 facit.
1000 390 1067 418 Pro-

272 429 364 472 pterea
376 431 402 454 et
413 427 534 458 Christus
541 430 660 460 dicebat:
670 433 777 462 l'iolenti
789 437 892 471 rapiunt
902 444 1007 472 regnum
1016 444 1066 463 cte-

273 469 354 517 torunt
374 472 481 508 (Manli.
498 476 542 503 Η.
560 478 617 514 12).
633 479 683 507 Ubi
699 480 770 508 enim
785 469 1065 517 spirituale'aﬂ'ulserit

272 515 385 551 lucrum,
398 522 553 555 tempestiva
571 525 650 552 fuerit
669 515 809 560 violentia,
817 532 844 555 et
862 527 1002 555 laudabilis
1020 535 1066 555 co-

271 562 352 590 actio.
369 564 437 592 5.121
451 569 626 604 compellebat,
642 572 737 607 inquit,
746 581 798 600 eos.
813 573 875 600 Mihi
890 578 980 602 autem
991 574 1065 602 vide-

271 611 316 635 tur
332 614 359 637 et
377 611 474 640 invitos
487 622 535 642 eos
549 617 696 646 attrahere.
714 619 815 647 Deinde
827 620 873 647 ubi
885 620 1011 648 viderunt
1022 620 1065 656 ju-

270 659 341 682 stum
358 656 393 684 ita
414 658 571 694 ferventem,
586 663 775 700 nolentemque
787 666 929 699 desistere,
943 667 996 694 nisi
1009 667 1063 694 v0ti

269 708 380 736 compos
400 703 484 738 ﬂeret,
508 706 712 742 Declinaverunt,
737 712 831 747 inquit,
852 713 886 739 ad
905 721 972 746 eum,
988 718 1010 740 et
1024 714 1064 740 iu-

270 751 397 775 trm‘erunt
410 750 436 776 in
444 751 548 779 domum
561 755 625 788 eius.
638 755 671 782 Et
679 756 737 790 fecit
749 758 784 784 eis
799 759 949 792 convivium,
963 763 986 785 et
997 759 1063 786 coxit

269 793 470 831 iufermentutos,
487 804 511 825 et
525 801 695 835 comederunt,
717 804 740 831 4.
764 810 899 840 antequam
916 806 979 832 irent
993 805 1062 832 cubi-

269 844 332 866 tum.
353 841 444 870 Vidisti
461 849 488 872 et
503 846 546 873 hic
561 855 613 875 non
628 849 653 875 in
668 855 823 885 sumptuosa
838 858 928 878 mensi
942 851 1061 886 hospita-

269 885 371 915 litatem
397 891 513 925 ostendi,
540 893 587 920 sed
607 895 695 928 potius
722 896 748 924 in
768 897 926 924 liberalitate
941 885 1063 924 tuentis?

268 932 334 960 Nam
348 936 438 963 statim
451 942 479 964 ut
493 946 540 966 eos
554 939 680 968 inducere
700 943 786 977 potuit
804 944 830 970 in
848 943 956 970 domum
973 951 1059 975 suam,

269 980 371 1008 nullum
395 981 584 1018 hospitalitatis
607 986 726 1015 ofﬁcium
749 989 930 1023 prmtermisit.
950 989 984 1016 Et
1007 990 1063 1024 ipse

268 1026 375 1060 quidem
390 1027 416 1055 in
433 1030 582 1059 ministerio
596 1038 742 1068 occupatus
754 1040 822 1067 erat,
838 1040 866 1062 ct
881 1036 955 1063 cibos
977 1043 1062 1071 appo-

268 1072 330 1117 suit,
351 1078 378 1100 et
395 1081 501 1103 omnem
514 1077 644 1106 honorem
661 1080 814 1116 cultumque
829 1082 958 1116 impendit
972 1082 1063 1117 hospi-

269 1116 350 1162 tibus,
367 1118 490 1148 homines
503 1129 549 1150 eos
563 1128 592 1150 et
607 1125 724 1153 viatores
735 1127 865 1161 quosdam
880 1135 940 1155 esse
954 1116 1060 1162 putans.

273 1161 327 1189 Viri
339 1169 422 1192 autent
442 1168 549 1196 civitatis
565 1170 705 1198 Sodomin
723 1174 941 1202 circumdederunt
955 1161 1062 1202 domum

267 1216 283 1234 ιι
299 1209 394 1244 juvene
406 1220 484 1247 usque
502 1214 536 1240 ad
555 1223 648 1249 senem,
667 1218 748 1244 omnis
768 1219 877 1253 populus
891 1220 978 1251 simul,
998 1221 1024 1249 5-
1038 1225 1062 1248 ιι

266 1261 429 1302 evocaverunt
441 1257 498 1292 Lot,
515 1265 539 1286 et
554 1261 670 1288 dixerunt
683 1264 722 1290 ei:
738 1262 788 1291 Ubi
801 1270 860 1292 sunt
872 1266 929 1298 viri,
944 1267 987 1302 qui
1002 1272 1062 1293 sunt

267 1300 374 1336 ingressi
384 1304 418 1330 ad
433 1309 456 1331 te
470 1310 542 1333 nocte
550 1307 563 1333 ἵ)
573 1306 647 1334 Educ
659 1317 701 1335 eos
712 1309 747 1335 ad
762 1318 817 1343 nos,
833 1315 860 1336 ut
877 1300 994 1338 coeamus
1003 1320 1060 1338 cum

266 1347 311 1373 eis.
328 1348 366 1376 Ne
381 1349 559 1384 perfunctorie
575 1357 741 1382 transeamus
755 1363 814 1390 qua:
828 1356 900 1384 dicta
915 1361 994 1389 sunt,
1017 1364 1062 1385 ca-

267 1393 376 1427 rissimi,
397 1401 425 1422 et
448 1403 500 1423 non
524 1398 610 1425 solum
637 1399 748 1427 istorum
770 1401 906 1429 videamus
928 1403 1059 1430 insaniam

267 1439 339 1466 nulla
355 1441 430 1468 venia
447 1441 608 1478 dignandam
626 1453 634 1478 ς
649 1445 697 1473 sed
712 1451 740 1474 et
751 1447 909 1482 cogitemus,
925 1448 1061 1484 quomodo

265 1485 352 1519 justus
373 1485 400 1514 in
423 1488 512 1515 medio
527 1495 578 1517 tam
595 1491 805 1520 truculentarum
821 1493 966 1521 bestiarum
983 1494 1061 1522 habi-

267 1537 337 1566 tans,
350 1534 385 1562 ita
396 1536 536 1564 excellenti
549 1537 645 1566 virtute
659 1539 772 1572 fulserit,
787 1541 922 1575 quomodo
933 1541 1003 1570 terre
1014 1549 1060 1577 po-

268 1580 348 1607 tuerit
363 1581 528 1616 iniquitatem
544 1591 649 1619 eorum,
670 1586 805 1621 quomodo
824 1595 877 1614 non
893 1588 990 1624 fugerit
1011 1596 1059 1616 eo-

267 1632 325 1652 rum
336 1627 481 1661 civitatem,
493 1631 627 1664 quomodo
639 1632 679 1659 eis
694 1632 764 1668 loqui
779 1634 1059 1669 potuerit.Quomodo,

266 1677 316 1705 ego
331 1671 428 1699 dicam.
445 1673 567 1702 L'niversi
583 1676 711 1705 Dominus
733 1678 884 1713 prtevidens
901 1680 1059 1715 stnpendam

267 1716 371 1745 illorum
389 1720 544 1754 nequitiam,
560 1721 734 1756 dispensavit,
750 1728 778 1751 ut
793 1724 882 1759 justus
895 1732 928 1752 eo
943 1725 995 1753 loci
1009 1726 1060 1753 do-

267 1763 396 1791 micilium
413 1765 538 1799 haberet.
554 1772 583 1795 ut
601 1768 670 1796 sicut
685 1769 802 1804 optimus
816 1770 936 1799 medicus
952 1771 1060 1799 morbos

265 1815 358 1836 eorum
379 1811 545 1840 emendaret.
562 1813 660 1840 Verum
680 1815 775 1842 videns
794 1823 825 1842 se
846 1823 909 1843 cura
925 1824 972 1843 sua
994 1817 1059 1844 nihil

267 1855 407 1888 proﬁcere,
431 1861 460 1883 et
480 1857 540 1884 illos
562 1858 661 1886 nullam
677 1859 746 1886 velle
764 1860 896 1888 medelam
910 1862 1058 1896 suscipere,

267 1906 319 1926 non
336 1906 476 1936 propterea
488 1910 502 1928 a
518 1910 583 1931 cura
597 1903 709 1932 destitit.
732 1905 818 1933 Habet
829 1907 902 1934 enim
918 1907 989 1935 hunc
1001 1915 1059 1935 mo-

266 1952 324 1972 rem
336 1947 472 1976 medicus:
486 1950 607 1984 quamvis
621 1951 708 1979 vidcat
728 1953 836 1980 morbos
850 1960 910 1980 esse
922 1954 1060 1989 graviores

265 1998 345 2026 quam
362 1997 389 2020 ut
405 1998 462 2022 arte
477 1996 564 2023 curari
585 1998 697 2031 possint,
716 2006 769 2026 non
784 2000 882 2027 omittit
894 2005 982 2028 tamen
997 2000 1059 2028 olli-

265 2037 337 2064 cium
351 2046 440 2073 suum,
452 2045 492 2074 ut,
505 2042 528 2069 si
544 2042 611 2070 forte
627 2045 710 2078 possit
724 2053 824 2080 aegrum
839 2047 880 2073 vel
896 2047 974 2082 longo
990 2052 1058 2075 tem-

266 2090 330 2117 pore
340 2092 477 2120 reparare,
492 2089 671 2122 prmstantiam
680 2090 746 2117 artis
754 2091 891 2119 ostendat:
901 2092 973 2127 quod
984 2093 1006 2120 si
1020 2093 1060 2120 ni-

266 2129 303 2156 hil
316 2131 430 2166 amplius
445 2134 574 2168 prollciat,
592 2135 688 2163 habeat
704 2138 903 2166 excusationem
917 2139 1057 2174 majorem,

265 2182 298 2202 eo
310 2177 381 2210 quod
397 2177 463 2204 nihil
475 2181 677 2213 pra-termiscrit
691 2182 760 2217 quod
775 2183 808 2210 ad
821 2191 851 2211 se
865 2185 1021 2218 pertineret.

301 2221 467 2250 Exsecranda
480 2225 670 2254 Sodomitarum
680 2228 799 2263 nequitia.
814 2244 849 2249 --
863 2229 890 2256 Id
901 2238 964 2257 sane
974 2235 1001 2259 et
1017 2231 1060 2259 hic

267 2267 364 2295 factum
375 2273 427 2296 cst.
440 2268 534 2298 Justus
548 2272 618 2299 enim
634 2272 678 2299 hic
696 2273 741 2308 qui
756 2274 912 2302 versabatur
923 2275 949 2303 in
970 2277 1058 2305 medio

267 2312 385 2347 illorum,
401 2315 481 2342 etiam
497 2317 535 2344 sic
545 2318 642 2345 mansit
652 2318 750 2353 justus,
766 2319 930 2356 multamque
941 2322 1058 2357 philoso-

265 2359 358 2392 phiam
382 2361 524 2388 exhibuit:
541 2362 579 2389 illi
606 2368 694 2391 autem
719 2370 860 2400 propterea
885 2368 958 2395 omni
981 2369 1058 2397 venia

265 2410 327 2434 sunt
341 2407 471 2442 destituti,
495 2409 565 2443 quod
585 2417 638 2437 non
662 2410 747 2438 solum
759 2419 774 2438 a
789 2412 888 2440 malitia
903 2421 956 2441 non
967 2421 1057 2442 cessa-

265 2451 328 2485 rint,
343 2452 390 2480 sed
404 2458 432 2481 et
443 2454 527 2488 magis
538 2462 596 2482 eam
609 2457 739 2483 auxerint.
757 2456 824 2485 Vide
836 2459 906 2486 enim
923 2468 929 2485 :
945 2459 1060 2487 Circum-

264 2499 399 2531 rledertmt,
423 2499 516 2534 inquit,
537 2500 641 2527 domum
657 2510 673 2528 a
689 2503 782 2538 juvene
803 2511 879 2538 usque
905 2505 938 2532 ad
962 2513 1056 2539 senem,

265 2545 347 2572 omnis
360 2545 470 2580 populus
482 2546 568 2574 simul.
581 2547 689 2575 Summa
703 2549 812 2576 malitia:
824 2551 996 2585 conspiratio,
1011 2560 1058 2580 ve-

265 2589 377 2617 hemens
395 2591 465 2618 male
483 2593 578 2627 agendi
593 2594 721 2628 studium,
747 2595 931 2625 inenarrabilis
946 2605 1056 2633 perver-

266 2635 353 2663 sitatis
374 2637 539 2672 magnitudo,
564 2645 675 2668 conatus
690 2641 761 2668 nulla
771 2641 848 2669 venia
863 2642 967 2676 dignus.
981 2643 1001 2670 Λ
1011 2645 1057 2679 ju-

266 2688 343 2713 vene,
363 2681 458 2717 inquit,
486 2691 564 2719 usque
584 2685 618 2711 ad
635 2694 729 2713 senatu.
750 2685 808 2713 Non
823 2687 924 2721 solum,
949 2688 1055 2724 inquit,

266 2727 390 2761 juventus
405 2728 461 2757 haec
473 2731 540 2757 mala
554 2731 705 2766 inquirebat
719 2741 725 2758 τ
744 2732 791 2760 sed
801 2737 829 2760 et
848 2739 981 2768 provecta:
991 2741 1056 2762 teta-

267 2776 301 2804 tis
326 2775 374 2802 viri
392 2775 520 2809 aderant,
549 2782 577 2805 et
603 2779 691 2806 omnis
717 2780 830 2814 populus
851 2781 941 2807 simul.
963 2780 1055 2816 Neque

265 2820 458 2849 erubescebant
469 2828 522 2850 tam
537 2829 623 2858 turpe,
637 2829 743 2860 tamque
757 2825 897 2860 impudens
915 2826 1054 2862 ﬂagitium,

265 2874 352 2903 neque
367 2868 515 2897 insomnem
530 2869 634 2896 oculum
656 2870 825 2905 cogitabant,
844 2878 932 2907 neque
953 2871 1054 2907 justum

629 145 657 172 S.
680 142 818 172 1033'le
836 139 1076 170 CllRYSOSTOMl
1098 139 1255 167 ARCHIEP.
1273 139 1536 169 CONSTANTIXOP.

1864 141 1916 169 ω’.)

1122 196 1324 229 reverebantur,
1337 205 1422 232 neque
1436 198 1466 224 iis
1480 204 1547 232 quos
1562 196 1681 232 hospites
1691 197 1891 225 arbitrabantur
1905 217 1916 230 ,

1121 243 1220 279 quique
1247 243 1317 278 apud
1340 243 1443 279 justum
1459 244 1623 272 divertcrant
1641 244 1824 279 hospitalitate
1850 244 1917 272 insi—

1120 296 1219 324 gnem,
1243 289 1386 323 parcebant
1403 299 1409 316 :
1427 289 1474 317 sed
1491 289 1592 324 absque
1603 290 1712 323 rubore,
1729 294 1756 316 et
1771 289 1844 316 nudo
1855 310 1861 322 ,
1886 293 1916 316 ut

1120 335 1211 366 aiunt,
1228 335 1325 369 capite,
1342 335 1459 363 libidinis
1472 343 1529 362 sua:
1547 336 1628 364 verba
1642 336 1773 369 dicentes,
1787 343 1915 364 accesse-

1119 386 1192 415 runt,
1206 386 1233 409 ct
1258 387 1352 410 vocato
1364 382 1448 417 justo,
1465 382 1591 410 dixerunt
1601 382 1625 410 ei
1639 391 1645 410 :
1664 382 1713 409 Ubi
1727 387 1786 410 sunt
1799 383 1849 409 viri
1872 384 1915 418 qui

1119 429 1226 464 ingressi
1238 434 1296 455 sunt
1319 430 1353 456 ad
1368 429 1430 456 vos?
1442 428 1515 455 Educ
1538 437 1580 456 eos
1590 449 1598 461 ,
1619 433 1645 456 ut
1658 436 1842 464 cognoscamus
1861 437 1914 455 eos.

1119 475 1232 510 Propter
1252 475 1323 503 hunc
1344 482 1436 502 eorum
1463 475 1583 502 illicitum
1596 480 1737 508 conatum,
1752 480 1780 502 ct
1804 475 1913 510 impiam

1120 521 1324 555 perversitatem
1337 541 1344 553 ,
1372 521 1467 555 opinor
1487 521 1588 555 justum
1606 528 1691 556 usque
1708 521 1742 548 ad
1770 528 1913 556 vesperam

1119 566 1231 599 sedisse,
1248 571 1277 593 ut
1289 573 1322 594 ne
1335 566 1436 593 sineret
1450 566 1566 594 viatores
1580 567 1685 602 ignaros
1699 566 1819 596 incidere
1835 567 1862 594 in
1877 567 1914 594 il-

1119 612 1204 639 lorum
1217 612 1337 646 laqueos.
1353 612 1386 639 Et
1395 612 1483 647 justus
1497 612 1604 648 quidem
1617 621 1678 640 cum
1689 612 1872 647 hospitalitate
1885 617 1915 641 et

1118 665 1210 692 magna
1226 657 1350 692 pudicitia
1364 657 1432 685 hanc
1445 665 1552 693 quoque
1565 657 1686 685 adhibuit
1695 658 1874 694 diligentiam,
1884 663 1916 686 ut

1116 710 1210 730 omnes
1224 708 1415 738 praetereuntes
1431 704 1588 738 susciperet,
1606 704 1747 739 nullusque
1767 712 1830 732 cum
1846 705 1913 732 late-

1117 755 1174 783 ret,
1190 750 1251 778 licet
1266 757 1312 778 eos
1331 754 1393 778 tunc
1418 758 1470 777 non
1486 751 1594 786 angelos
1611 772 1618 783 ,
1639 750 1685 778 sed
1711 751 1833 778 homines
1851 758 1912 778 esse

1119 801 1234 831 putaret.
1254 797 1328 832 lmpii
1342 801 1430 824 autem
1445 797 1482 824 illi
1497 802 1674 832 prmterquam
1693 797 1763 832 quod
1777 798 1842 824 nihil
1861 798 1911 825 tale

1116 844 1239 878 agebant,
1255 843 1333 879 quale
1349 843 1437 878 justus
1452 843 1505 876 ille,
1521 851 1551 870 ea
1567 844 1654 870 solum
1678 848 1836 878 perpetrare
1851 847 1910 870 stu-

1115 889 1215 916 debant
1227 910 1234 922 ,
1255 898 1315 924 qua:
1328 890 1473 925 nequitiam
1485 897 1591 917 omnem
1608 890 1686 925 longo
1702 889 1841 917 intervallo
1866 897 1910 917 su-

1116 940 1251 970 perarent.
1276 936 1389 970 Propter
1400 936 1450 963 hoc
1462 943 1527 972 ergo
1544 937 1569 963 in
1584 937 1669 971 platea
1683 937 1806 963 volebant
1819 944 1910 963 mane-

1115 990 1154 1014 re,
1171 988 1199 1010 ut
1214 983 1311 1009 darent
1327 982 1402 1017 justo
1415 982 1585 1010 occasionem
1597 982 1750 1009 declarandi
1768 982 1909 1017 hospitali-

1116 1034 1197 1056 tatem
1211 1037 1272 1064 erga
1287 1029 1359 1064 ipsos
1370 1037 1456 1062 suam,
1467 1034 1494 1057 et
1507 1034 1686 1057 monstrarent
1700 1031 1723 1057 ei
1734 1030 1819 1064 reipsa
1830 1038 1909 1065 quam

1114 1075 1192 1111 digne
1202 1075 1339 1110 suppliciis
1352 1075 1388 1102 illi
1402 1075 1580 1110 plecterentur
1594 1075 1641 1110 qui
1660 1076 1685 1102 in
1701 1080 1754 1103 tam
1776 1075 1908 1111 stupenda

1114 1121 1212 1156 ﬂagitia
1235 1125 1449 1156 prorumperent.

1150 1168 1176 1194 Δ.
1201 1167 1254 1195 Sed
1278 1167 1415 1195 videamus
1443 1167 1477 1195 de
1495 1172 1594 1195 cmtero
1618 1167 1752 1203 ingentem
1773 1167 1837 1203 justi
1860 1167 1908 1194 viri

1115 1213 1250 1240 virtutem.
1267 1212 1293 1240 ϐ.
1309 1213 1440 1248 Egressus,
1458 1213 1556 1248 inquit,
1571 1213 1605 1239 ad
1617 1221 1659 1240 eos
1681 1213 1716 1240 ad
1737 1213 1883 1240 vestibulum
1898 1233 1907 1246 ,

1110 1260 1219 1295 jmnmm
1242 1259 1343 1294 quidem
1357 1260 1447 1286 clausit
1462 1265 1518 1295 post
1528 1268 1564 1292 se,
1579 1259 1691 1295 dixitque
1715 1260 1747 1286 ad
1763 1268 1815 1286 eos.
1842 1259 1909 1286 Vide

1112 1304 1249 1340 quomodo
1265 1306 1340 1332 timet
1353 1305 1451 1340 justus,
1468 1310 1494 1332 et
1510 1305 1600 1332 tremit
1611 1313 1660 1340 pro
1683 1305 1817 1340 hospitum
1832 1312 1909 1332 secu-

1113 1352 1199 1378 ritate.
1219 1351 1310 1386 Neque
1332 1351 1403 1379 euim
1419 1355 1521 1378 tantum
1534 1351 1642 1386 januam
1667 1351 1762 1378 clausit
1785 1355 1847 1386 post
1867 1357 1906 1382 sc,

1113 1396 1160 1424 scd
1170 1396 1258 1424 sciens
1269 1404 1362 1424 eorum
1378 1397 1508 1423 insaniam
1522 1401 1549 1424 et
1564 1396 1714 1430 audaciam,
1729 1401 1757 1423 et
1768 1396 1908 1431 suspicans

1113 1450 1206 1470 eorum
1223 1443 1413 1476 temeritatem,
1427 1443 1525 1470 deinde
1549 1443 1636 1478 inquit
1659 1442 1692 1470 ad
1714 1450 1782 1470 eos:
1800 1441 1908 1476 Nequa-

1114 1497 1200 1524 quam,
1218 1491 1322 1524 fratrcs.
1346 1489 1368 1515 Ο
1380 1489 1444 1523 justi
1466 1489 1518 1516 viri
1543 1489 1726 1516 tolerantiam!
1742 1496 1758 1516 ο
1773 1488 1907 1523 ingentem

1113 1535 1308 1562 humilitatem!
1327 1535 1389 1562 llaec
1408 1543 1472 1562 vera
1486 1535 1570 1562 virtus
1583 1539 1634 1567 est,
1653 1535 1688 1562 ita
1706 1539 1846 1562 mansuete
1867 1534 1907 1560 al-

1113 1581 1184 1617 loqui
1202 1583 1268 1610 tales
1286 1581 1420 1609 homines.
1437 1582 1530 1609 Nullus
1552 1582 1624 1610 enim
1639 1590 1740 1617 mgrum
1752 1582 1846 1608 volens
1859 1588 1906 1608 cu-

1113 1635 1183 1661 rare,
1197 1633 1223 1655 et
1244 1628 1420 1655 insanientem
1434 1628 1575 1662 castigare,
1591 1635 1651 1655 cum
1669 1627 1807 1654 iracundia
1821 1631 1848 1654 et
1862 1634 1909 1652 au-

1113 1673 1233 1701 steritate
1249 1673 1300 1700 hoc
1314 1672 1388 1700 facit.
1405 1673 1438 1700 Et
1449 1673 1632 1701 animadverte
1647 1673 1782 1708 quomodo
1793 1680 1850 1703 eos,
1862 1673 1906 1707 qni

1112 1723 1167 1747 tam
1186 1719 1301 1746 absurda
1328 1724 1435 1754 patrare
1458 1719 1597 1751 volebant,
1610 1719 1708 1747 fratres
1726 1725 1814 1749 vocat,
1831 1724 1861 1745 ut
1882 1723 1909 1745 et

1112 1773 1206 1793 eorum
1220 1765 1399 1793 conscientias
1415 1770 1545 1801 tangeret,
1558 1770 1585 1793 et
1598 1774 1612 1793 a
1621 1765 1722 1793 nefario
1733 1765 1833 1800 ﬂagitio
1846 1765 1909 1791 illos

1113 1811 1266 1840 abduceret.
1285 1811 1472 1847 Nequaquam,
1500 1812 1593 1847 inquit,
1612 1813 1718 1847 fratres;
1734 1811 1812 1838 nolite
1824 1811 1909 1845 inique

1113 1867 1196 1895 agere.
1224 1859 1294 1887 Nihil
1312 1860 1365 1887 tale
1380 1859 1502 1894 cogitetis
1515 1880 1523 1892 ,
1538 1867 1572 1886 ne
1585 1858 1732 1886 admittatis
1748 1862 1801 1885 tam
1827 1865 1909 1892 grave

1112 1906 1200 1934 scelus
1213 1905 1239 1933 in
1255 1910 1371 1933 mentem
1386 1910 1514 1937 vestram,
1530 1913 1563 1932 ne
1574 1909 1696 1932 naturam
1716 1904 1800 1938 ipsam
1815 1904 1907 1930 tradu-

1113 1953 1191 1986 catis,
1215 1961 1248 1980 nc
1261 1953 1369 1981 illicitos
1385 1953 1540 1987 excogitetis
1553 1952 1639 1980 coitus
1654 1950 1719 1978 :sed
1733 1951 1756 1978 si
1770 1951 1908 1978 volueritis

1113 1998 1224 2026 insania:
1249 2003 1346 2026 vestra:
1370 1999 1487 2026 furorem
1511 1997 1681 2029 demulcere,
1703 2004 1752 2032 ego
1780 1996 1908 2030 quiddam

1112 2045 1247 2080 praebebo,
1271 2052 1325 2080 quo
1347 2044 1477 2080 ﬂagitium
1490 2048 1608 2071 vestrum
1623 2043 1707 2070 levius
1722 2043 1777 2069 tiat.
1796 2043 1822 2069 8.
1841 2042 1908 2069 Sunt

1113 2090 1174 2117 mihi
1188 2090 1246 2117 dum
1259 2090 1330 2124 ﬁlim,
1341 2098 1396 2125 qua:
1410 2090 1477 2117 viros
1491 2098 1540 2116 non
1553 2093 1731 2124 cognoverunt.
1748 2087 1853 2121 Adhuc,
1869 2088 1909 2114 in-

1112 2137 1185 2172 quit,
1201 2137 1349 2172 inexpertze
1376 2141 1439 2164 sunt
1465 2135 1591 2170 nuptialis
1604 2142 1777 2171 congressus,
1801 2135 1907 2161 intacta!

1113 2188 1185 2216 sunt,
1197 2183 1309 2218 juvenes
1322 2187 1394 2215 sunt,
1410 2186 1437 2210 et
1451 2182 1538 2208 adhuc
1553 2181 1579 2208 in
1594 2181 1659 2208 ﬂore
1672 2180 1758 2208 aetatis
1774 2188 1780 2207 :
1796 2187 1843 2207 cas
1851 2187 1908 2206 om-

1113 2229 1190 2256 nibus
1205 2229 1340 2265 expositas
1355 2229 1402 2261 do,
1426 2233 1453 2256 ct
1465 2228 1568 2256 utimini
1582 2228 1621 2255 eis
1633 2228 1702 2254 sicut
1717 2226 1794 2254 vobis
1809 2227 1904 2261 placet.

1114 2276 1239 2310 Acceptis
1263 2275 1317 2302 illis
1329 2296 1337 2308 ,
1353 2275 1446 2310 inquit,
1463 2274 1568 2309 explete
1583 2279 1698 2301 vestram
1714 2273 1740 2300 in
1761 2273 1802 2300 eis
1819 2272 1907 2299 libidi-

1113 2330 1194 2354 nem,
1219 2326 1246 2349 et
1281 2321 1415 2356 indulgete
1441 2326 1537 2348 vestra:
1558 2320 1636 2347 mala:
1661 2318 1905 2354 concupiscentia:

1112 2368 1223 2396 Tantum
1243 2368 1269 2395 in
1280 2369 1346 2395 uiros
1358 2367 1416 2394 illos
1431 2367 1495 2394 nihil
1510 2367 1619 2402 feceritis
1633 2366 1757 2401 iniquum,
1774 2370 1907 2401 propterea

1111 2415 1178 2450 quod
1191 2415 1346 2441 intraverunt
1359 2414 1404 2441 sub
1415 2418 1479 2441 tecta
1493 2414 1620 2448 tignorum
1631 2420 1752 2439 meorum.
1763 2411 1904 2446 Quoniam.

1113 2460 1208 2495 inquit,
1222 2460 1297 2495 coegi
1313 2467 1360 2487 eos
1371 2464 1399 2486 et
1419 2458 1509 2486 induxi
1525 2459 1574 2486 sub
1591 2463 1688 2485 tectum
1707 2465 1806 2489 meum,
1823 2461 1852 2483 ut
1874 2463 1907 2483 ne

1113 2506 1177 2533 mihi
1197 2505 1368 2533 adscribatur
1393 2504 1518 2539 iniquitas
1534 2504 1560 2531 in
1574 2511 1621 2531 eos
1634 2508 1748 2538 patrata,
1762 2507 1789 2530 et
1803 2510 1854 2538 ego
1869 2501 1906 2529 eis

1112 2556 1205 2578 auctor
1215 2551 1264 2578 sim
1276 2550 1456 2582 contumelim,
1474 2549 1574 2577 idcirco
1595 2556 1643 2584 pro
1656 2549 1695 2576 eis
1705 2548 1772 2575 duas
1785 2555 1861 2575 meas
1879 2545 1911 2570 li-

1111 2597 1160 2624 lias
1174 2596 1219 2627 do,
1236 2600 1265 2623 ut
1282 2596 1318 2623 illi
1342 2603 1356 2622 a
1371 2595 1494 2622 manibus
1508 2594 1606 2622 vestris
1628 2594 1788 2621 liberentur.
1801 2593 1909 2625 Quanta

1109 2643 1172 2678 justi
1188 2642 1293 2670 virtus?
1307 2649 1414 2669 onmem
1438 2642 1563 2669 virtutem
1591 2640 1781 2675 hospitaiitatis
1796 2647 1907 2674 supera-

1111 2690 1157 2716 vit.
1175 2688 1244 2722 Quid
1260 2689 1331 2715 enim
1356 2688 1416 2723 quis
1437 2688 1502 2723 justi
1532 2687 1611 2720 hujus
1626 2686 1789 2722 benignitate
1804 2690 1846 2713 sat
1864 2684 1906 2712 di-

1110 2742 1190 2769 gnum
1207 2734 1359 2769 protulerit,
1374 2733 1420 2768 qui
1445 2740 1531 2768 neque
1545 2732 1649 2760 ﬁliabus
1670 2739 1782 2767 parcere
1797 2731 1882 2758 voluit
1895 2750 1903 2763 ,

1111 2785 1140 2807 ut
1152 2779 1292 2807 exhiberet
1306 2779 1453 2815 hospitibus
1468 2779 1609 2811 honorem,
1623 2782 1650 2806 et
1675 2778 1802 2806 liberaret
1823 2785 1871 2805 eos
1890 2785 1904 2803 a

1112 2825 1286 2860 perversitate
1299 2825 1518 2852 Sodomitarum?
1533 2824 1566 2852 Et
1583 2824 1627 2852 ille
1643 2823 1751 2859 quidem
1768 2823 1836 2850 tilias
1845 2829 1906 2849 suas

1113 2871 1257 2907 prostituit,
1280 2876 1309 2899 ut
1333 2871 1451 2907 hospites
1467 2871 1582 2898 viatores
1597 2870 1704 2906 (iterum
1721 2870 1792 2898 enim
1809 2868 1903 2897 cadem
