2044 3131
157 163 210 192 309

154 220 353 260 ἀντιτείνοντας
368 221 414 248 καὶ
426 222 465 252 εἰς
479 221 528 256 τὴν
546 222 673 248 πλατεῖαν
691 221 841 249 καταλῦσαι
858 222 988 258 βουλομέ-

157 272 219 295 νους
231 263 320 297 (τοῦτο
334 264 362 290 δὲ
379 265 486 291 ἐποίουν
499 265 523 291 οἱ
537 265 658 300 ἄγγελοι,
682 266 728 292 ἐπὶ
741 266 821 293 πλέον
839 265 990 300 ἐκκαλύψαι

155 306 206 342 τὴν
216 307 316 342 ἀρετὴν
328 307 483 343 βουλόμενοι
507 308 553 335 τοῦ
577 309 692 341 δικαίου,
706 310 753 336 καὶ
765 309 908 337 παιδεῦσαι
924 309 992 336 πάν-

155 359 206 382 τας
218 352 300 386 ἡμᾶς,
319 351 367 387 ὅση
382 351 464 378 αὐτοῦ
477 353 494 388 ἠ
511 353 667 387 φιλοξενία),
685 353 778 380 λοιπὸν
792 354 871 385 αὐτὸς
886 353 935 380 οὐκ
950 352 991 379 ἐτι

156 395 283 429 ἀνέχεται
296 395 339 421 διὰ
353 395 439 429 λόγων
454 396 502 431 τὴν
517 396 688 432 παράκλησιν
700 397 843 428 ποιεῖσθαι,
858 396 926 423 ἀλλά
944 396 991 423 καὶ

159 437 219 472 βίαν
233 438 378 474 ἐπιτίθησι.
391 439 440 466 Διὰ
454 439 532 466 τοῦτο
542 440 588 466 καὶ
600 441 614 466 ό
628 439 744 475 Χριστὸς
763 439 850 474 ἐλεγε⁶
864 439 989 467 Βιασται

157 481 320 516 ἁρπάζουσι
343 482 402 516 τὴν
419 483 584 515 ,ϐασιλείαν
601 483 661 510 τῶν
676 483 819 517 οὐρανῶν.
837 483 920 510 Ἔνθα
935 485 989 518 γάρ

158 526 192 552 ἂν
209 525 392 561 πνευματικὸν
412 527 553 562 πρόκειται
575 527 680 562 κέρδος,
701 526 828 562 εὔκαιρος
848 528 865 562 ἡ
882 527 989 562 ἀνάγκη

157 570 205 597 καὶ
218 571 234 604 ή
252 569 296 604 βία
313 571 451 606 ἐπαινετή.
467 570 520 598 Καὶ
534 569 725 602 κατεϐιάζετο,
749 570 842 605 φησὶν,
868 571 988 604 αὐτούς.

164 613 240 648 Ἐμοὶ
256 613 329 640 δοκεῖ
340 614 387 640 καὶ
398 613 512 646 ἄκοντας
523 613 619 645 αὐτοὺς
630 613 729 640 ἕλκειν.
744 611 810 640 Εἶτα
820 613 914 649 ἐπειδὴ
921 611 990 640 εἶδον

157 656 202 682 τὸν
213 657 315 683 δίκαιον
324 656 405 692 ἔργον
424 656 501 683 τοῦτο
513 657 663 692 τιθέμενον,
678 657 726 684 καὶ
740 657 770 683 οὐ
783 656 916 692 πρότερον
938 657 991 691 ἀφ-

157 701 314 736 ιστάμενον,
331 701 355 727 εἰ
370 700 408 736 μὴ
422 700 452 727 τὸ
466 700 679 736 σπουδαζόμενον
695 699 770 736 αὐτῷ
782 701 821 732 εἰς
830 699 910 736 ἔργον
923 700 992 734 ἀγά-

156 751 212 776 γοι,
235 742 416 774 Ἐξέκλιναν,
434 743 510 777 φησὶ,
522 742 595 776 πρὸς
609 741 711 774 αὑτὸν,
728 742 778 769 καὶ
794 741 938 775 εἰσῆλθον
948 742 992 774 δίς

156 787 210 813 τὸν
225 787 309 813 οἷκον
317 786 421 814 αὑτοῦ.
444 786 500 813 Καὶ
521 786 666 820 ἐποίησεν
680 785 782 818 αὐτοῖς
796 785 871 821 [459]
887 786 990 816 πότον,

157 830 207 857 καὶ
222 829 350 864 ἀζύμους
375 831 489 864 ἕπεψεν
519 829 632 862 αὐτοῖς,
649 829 700 856 καὶ
727 829 842 864 ἔφατον
859 829 917 863 πρὸ
937 829 991 856 τοῦ

156 871 343 906 κοιμηθῆναι.
372 870 448 903 Εἶδες
465 871 512 898 καὶ
525 871 642 898 ἐνταῦθα
655 871 707 898 οὒκ
719 872 748 898 ἐν
768 871 801 906 τῇ
831 870 991 906 πολυτελείᾳ

155 916 205 950 τῆς
222 915 360 951 τραπέζης
371 914 420 951 τὴν
430 915 582 950 φιλοξενίαν
591 914 824 950 ἐπιδεικνυμένην,
840 915 906 941 ἀλλὰ
914 915 942 940 ὲν

155 959 282 994 δαψιλείᾳ
294 959 342 994 τῆς
357 958 482 995 γνώμης;
503 959 612 994 Ἐπειδὴ
625 959 679 994 γάρ
689 960 800 994 ἴσχυσεν
814 959 912 990 αὐτοὺς
936 959 991 985 εἰσ-

156 1004 270 1036 αγαγεῖν
288 1004 327 1034 εἰς
344 1003 388 1029 τὸν
404 1000 476 1029 οἷκον
491 1002 584 1034 αὑτοῦ,
597 1002 697 1034 εὐθέως
711 1002 746 1029 τὰ
768 1002 818 1038 τῆς
841 1001 990 1036 φιλοξενίας

156 1047 337 1073 ἐπεδείκνυτο.
350 1047 405 1074 Καὶ
418 1047 522 1078 ἐκεῖνος
539 1046 588 1081 μὲν
604 1046 672 1082 πρὸς
685 1046 734 1081 τὴν
745 1046 892 1082 θεραπείαν
902 1046 990 1072 αὐτῶν

156 1090 386 1126 παρεσκευάζετο,
403 1090 449 1116 καὶ
459 1089 493 1116 τὰ
511 1090 561 1125 τῆς
575 1090 721 1121 ἑστιάσεως
734 1090 859 1125 παρεῖχε,
875 1090 922 1117 καὶ
938 1091 991 1117 πᾶ-

156 1143 205 1161 σαν
216 1134 385 1161 ἐπεδείκνυτο
397 1134 479 1170 τιμὴν
502 1134 549 1160 καὶ
566 1133 713 1169 θεραπείαν
741 1133 810 1169 πρὸς
825 1134 889 1165 τοὺς
901 1142 992 1170 παρα-

155 1179 328 1213 γενομένους,
350 1177 509 1213 ἀνθρώπους
529 1177 628 1209 αὐτούς
657 1185 733 1209 τινας
747 1177 837 1208 όδίτας
857 1176 927 1203 εἶναι
948 1185 992 1203 νο-

157 1222 252 1256 μίζων.
267 1223 299 1248 οι
317 1221 351 1247 δὲ
370 1220 478 1254 ἄνδρες
491 1220 548 1255 τῆς
558 1221 673 1253 πόλεως
684 1221 711 1246 οι
728 1220 881 1254 Σοδομῖται
911 1227 991 1254 περιρ

154 1266 333 1292 εκύκνίωσίιν
346 1265 404 1299 τὴν
420 1265 518 1292 οὶκίαν
540 1264 600 1291 ἀπὸ
620 1265 783 1292 νεανίσκου
796 1264 851 1297 ἕως
866 1265 992 1298 πρεσϐυ-

154 1309 251 1342 τέρου,
268 1308 327 1341 πᾶς
341 1309 358 1336 ὁ
369 1309 444 1341 ,λαὸς
459 1308 529 1343 ἅμα,
545 1308 593 1335 καὶ
616 1307 816 1340 ἐξεκαλοῦντο
833 1307 889 1334 τὸν
913 1307 990 1341 Λὼτ,

155 1353 204 1380 καὶ
220 1353 326 1388 ἔλεγον
341 1353 416 1386 πρὸς
434 1353 536 1380 αὐτόν·
552 1352 616 1380 Ποῦ
634 1354 712 1380 εἰσιν
726 1353 753 1379 οἱ
766 1352 873 1386 ἄνδρες
887 1353 913 1379 οἱ
928 1353 990 1379 εισ-

153 1397 292 1429 ελθόντες
333 1396 408 1430 πρὸς
434 1396 472 1423 σὲ
496 1395 554 1431 τὴν
570 1396 682 1428 νύκτα;
717 1395 858 1431 Ἑξάγαγε
879 1395 992 1429 αὐτοὺς

155 1441 229 1474 πρὸς
241 1439 330 1475 ἡμᾶς,
347 1441 398 1467 ἵνα
415 1440 626 1474 συγγενώμεθα
635 1439 746 1472 αὐτοῖς.
764 1439 810 1474 Μὴ
826 1439 918 1471 ἁπλῶς
941 1447 992 1466 πα-

156 1483 350 1520 ραδράμωμεν,
368 1484 516 1518 ἀγαπητοὶ,
531 1483 567 1510 τὰ
581 1483 722 1519 εἰρημένα,
740 1483 806 1518 μηδὲ
824 1483 903 1518 μόνον
930 1481 992 1509 τού-

154 1535 210 1554 των
223 1527 322 1562 ἴδωμεν
334 1527 383 1562 τὴν
401 1527 500 1562 μανίαν
512 1526 561 1562 τὴν
587 1527 678 1562 πάσης
689 1526 853 1562 συγγνώμης
876 1527 992 1554 ἀπεστε-

157 1571 291 1607 ρημένην·
316 1571 373 1597 ἀλλ’
402 1571 593 1606 ἐννοήσωμεν,
617 1570 676 1602 πῶς
700 1571 715 1597 ό
737 1570 840 1602 δίκαιος
868 1571 896 1597 ἐν
916 1571 991 1607 μέσῳ

155 1615 283 1642 τοιούτων
299 1614 402 1651 θηρίων
412 1615 498 1646 οὕτως
514 1614 665 1641 ἀλλοκότων
675 1613 767 1645 οἰκῶν,
776 1614 847 1640 οὕτω
861 1614 991 1650 διέλαμψε

156 1661 203 1687 καὶ
215 1659 347 1695 τοσαύτης
357 1660 457 1695 ἀρετῆς
468 1659 619 1695 ὑπερϐολὴν
632 1659 794 1692 ἐπεδείξατο,
803 1659 862 1691 πῶς
871 1660 992 1693 ἐνεγκεῖν

156 1703 273 1739 ἠδυνήθη
288 1703 337 1739 τὴν
348 1703 462 1738 ἀνομίαν
479 1703 579 1735 αὐτῶν,
600 1702 658 1734 πῶς
668 1703 718 1729 οὐκ
737 1703 821 1738 ἐφυγε
834 1703 882 1739 τὴν
899 1703 992 1730 αὐτόθι

156 1747 274 1782 οἴκησιν,
290 1747 348 1778 πῶς
357 1747 406 1782 τῆς
421 1747 489 1782 πρὸς
500 1747 597 1778 αὐτοὺς
610 1746 752 1779 διαλέξεως
774 1747 905 1782 ⁴ὴνείχετο.
920 1747 991 1779 Πῶς,

156 1790 212 1825 ἐγὼ
219 1791 301 1826 λέγω.
317 1791 453 1827 ῐῐροειδὼς
470 1792 484 1817 ό
493 1791 547 1817 τῶν
559 1790 628 1817 ὅλων
644 1791 782 1826 Δεσπότης
792 1790 841 1826 τὴν
856 1791 993 1826 ὑπερϐάλ-

156 1835 255 1861 λουσαν
275 1834 364 1861 αὐτῶν
377 1834 518 1870 πονηρίαν,
545 1834 703 1869 ᾠκονόμησε
720 1834 766 1861 τὸν
778 1834 882 1861 δίκαιον
899 1834 992 1861 τοῦτον

157 1878 251 1905 αὐτόθι
263 1878 435 1913 κατοικῆσαι,
448 1878 491 1904 ἴνα
505 1877 631 1913 καθάπερ
648 1878 739 1913 ιατρὺς
751 1878 861 1913 ἀριστος
880 1878 933 1904 τῶν
941 1879 992 1914 ἀρο

158 1922 345 1957 ῥωστημάτων
372 1921 461 1948 αὐτῶν
481 1921 671 1956 περιγενέσθαι
692 1921 804 1957 δυνηθῇ.
833 1921 902 1947 Ἀλλ’
921 1921 993 1956 ὀρῶν

157 1966 256 1997 αὐτοὺς
271 1965 368 1992 ἀνίατα
388 1965 543 1997 νοσοῦντας,
559 1965 606 1991 καὶ
625 1965 759 2000 μηδεμίαν
774 1964 921 2000 θεραπείαν
933 1966 994 1991 ἐπι-

157 2008 284 2042 δέξασθαι
301 2009 492 2044 βουλομένους,
506 2008 566 2035 οὐδὲ
578 2008 664 2039 οὕτως
686 2009 843 2043 ἀφίσταται.
869 2007 993 2035 Τοιοῦτον

158 2051 212 2086 γὰρ
226 2051 240 2076 ό
258 2051 359 2085 ἰατρός·
379 2050 431 2076 κᾶν
446 2050 487 2085 ῖδῃ
504 2050 538 2077 τὰ
552 2050 625 2085 πάθη
643 2049 762 2077 νικῶντα
773 2050 823 2085 τὴν
838 2050 945 2085 τέχνην,
962 2050 993 2076 οὐ

159 2092 276 2118 παύεται
290 2092 324 2118 τά
337 2093 402 2127 παρ’
424 2091 522 2118 ἑαυτοῦ
536 2091 658 2127 πληρῶν,
671 2091 725 2125 ἵνα,
743 2091 776 2118 ἂν
792 2091 842 2126 μὲν
856 2091 895 2126 τῷ
906 2092 994 2128 χρόνῳ

158 2133 382 2169 ἀνακτήσασθαια
403 2133 501 2169 δυνηθῇ
513 2133 558 2160 τὸν
574 2133 722 2169 κάμνοντα,
734 2133 808 2169 δείξῃ
821 2133 870 2168 τὴν
883 2142 993 2169 περιου-

159 2175 220 2201 σίαν
235 2175 284 2209 τῆς
294 2175 402 2209 τέχνης·
421 2175 445 2201 εί
471 2175 499 2201 δὲ
514 2174 598 2210 μηδὲν
613 2174 693 2201 πλέον
707 2174 794 2205 ἀνύει,
815 2174 863 2210 ἔχῃ
880 2174 930 2209 τὴν
945 2182 993 2209 με-

158 2216 254 2250 γίστην
270 2215 476 2249 ἁπολογίαν,’ότι
490 2216 566 2242 οὐδὲν
581 2215 636 2241 τῶν
652 2215 845 2250 προσηκόντων
860 2216 900 2246 εἰς
914 2214 994 2241 αὐτὸν

158 2256 317 2293 παρέλιπεν·
334 2256 347 2282 δ
358 2256 389 2291 δὴ
403 2256 448 2282 καὶ
463 2256 580 2282 ἐνταῦθα
599 2256 753 2291 γεγένηται.
774 2255 803 2282 '0
828 2256 876 2290 μὲν
888 2255 942 2291 γὰρ
953 2254 993 2281 δί-

157 2305 234 2328 καιος
246 2295 323 2328 οὗτος
340 2298 387 2324 καὶ
408 2296 511 2324 τούτων
528 2298 556 2324 ἐν
583 2297 658 2332 μέσῳ
684 2297 928 2332 ἀναστρεφόμενος,
948 2296 994 2323 καὶ

156 2339 244 2371 οὕτως
261 2339 339 2374 ἔμενε
360 2339 462 2371 δίκαιος
480 2339 581 2374 πολλὴν
605 2339 654 2374 τὴν
679 2338 837 2372 φιλοσοφίαν
857 2338 994 2365 ἐκδεικνύ-

159 2389 248 2416 μενος·
269 2382 368 2408 ἐκεῖνοι
377 2381 405 2407 δὲ
426 2381 473 2408 καὶ
489 2381 533 2408 διὰ
545 2381 623 2408 τοῦτο
637 2378 708 2415 ἦσαν
721 2380 811 2415 πάσης
831 2380 994 2415 συγγνώμης

158 2422 387 2458 ἀπεστερημένοι,
410 2423 451 2449 ὃτι
466 2422 496 2449 οὐ
524 2422 604 2458 μόνον
621 2422 670 2448 οὒκ
686 2421 782 2457 ἔληξαν
810 2421 859 2457 τῆς
884 2422 992 2455 κακίας,

158 2462 224 2489 ἀλλὰ
236 2463 281 2490 καὶ
298 2463 396 2498 μᾶλλον
413 2463 497 2499 αὐτὴν
513 2463 663 2490 ἐπέτειναν.
683 2463 754 2497 Ὅρα
778 2462 842 2498 γάρ·
858 2464 994 2497 Περιεκύι

160 2508 291 2538 κλωσαν,
302 2506 444 2542 φησὶ,τὴν
450 2507 548 2534 οὶκίαν
561 2505 620 2533 ἀπὸ
629 2506 790 2533 νεανίσκου
801 2506 855 2538 ἕως
867 2507 995 2540 πρεσϐύ-

158 2558 222 2580 του,
241 2551 258 2577 ὀ
271 2549 345 2583 λαὸς
364 2550 434 2584 ἅμα.
460 2551 583 2586 Μεγίστη
600 2550 650 2585 τῆς
668 2549 826 2584 πονηρίαςὴ
840 2550 993 2584 συμφωνία,

159 2591 244 2626 πολλὴ
266 2592 314 2626 τῆς
329 2591 430 2624 κακίας
454 2593 471 2627 ἡ
487 2592 568 2627 φορὰ.
588 2592 691 2626 ἀφατος
704 2591 754 2626 τῆς
778 2591 950 2626 παρανομίας
977 2593 994 2627 ἡ

159 2635 307 2671 ὑπερϐολὴ,
332 2635 522 2669 ἀσύγγνωστος
546 2636 563 2670 ή
588 2635 768 2670 ἐπιχείρησις.
801 2634 872 2661 Ἀπὸ
897 2635 995 2661 νεανί-

160 2684 252 2709 σκον,
268 2677 360 2711 φησὶν,
374 2677 431 2710 ἓως
450 2677 629 2710 πρεσϐύτου.
646 2677 684 2703 υῦ
702 2676 781 2711 μόνον
794 2676 811 2710 ή
827 2675 931 2709 νεότης,
942 2684 992 2711 φη-

160 2719 214 2748 σὶν,
229 2716 263 2753 ἦν
280 2719 298 2753 ή
316 2718 350 2745 τὰ
362 2719 506 2753 παράνομα
521 2718 607 2745 ταῦτα
623 2716 798 2752 ἐπιζητοῦσα,
829 2716 898 2743 ἀλλὰ
910 2717 957 2743 καὶ
970 2717 995 2743 οί

159 2758 312 2794 πρεσϐῦται
329 2759 378 2795 τὴν
389 2760 508 2795 ἠλικίαν,
533 2760 580 2786 καὶ
599 2760 676 2790 πᾶςό
697 2759 761 2790 λαὸς
777 2758 845 2792 ἅμα.
864 2757 918 2784 Καὶ
933 2757 995 2785 οὔτε

159 2801 210 2835 τὴν
223 2800 325 2834 τόλμαν
340 2801 389 2836 τὴν
403 2801 498 2835 ἀναιδῆ
514 2801 561 2827 καὶ
572 2800 747 2835 ἀναίσχυντον
757 2799 858 2833 ταύτην
872 2798 994 2834 ᾐδοῦντο,

160 2840 223 2868 οὔτε
234 2841 280 2868 τὸν
291 2841 438 2877 ἀκοίμητον
450 2842 587 2878 ὀφθαλμὸν
596 2843 636 2873 εἰς
648 2841 751 2868 ἐννοιαν
762 2840 923 2874 ἐλάμϐανον,
932 2840 995 2868 οὔτε

196 2908 209 2921 ⁸
232 2907 351 2940 SaVilLel
362 2909 457 2939 qlﬁdam
472 2915 528 2940 ιηιις.
540 2909 575 2939 τῷ
586 2908 664 2940 χρᾶνῳ
678 2907 837 2940 περιγένηται,
858 2906 994 2940 Max-pimu-

164 2937 230 2966 σθαι,
241 2941 290 2962 elc.
305 2938 335 2962 Et
346 2936 418 2968 pa'ulo
429 2944 484 2970 post
502 2936 576 2963 iidem
587 2936 691 2970 "aihqixol
702 2936 843 2963 discrimina
863 2937 930 2967 parvi
942 2944 994 2962 lno-

163 2968 243 2993 menti
255 2968 381 2993 exhiht‘nl.
592 2991 607 2993 ,

360 2991 495 3040 έλτιιοι.
519 3011 577 3040 Gn.
589 2991 680 3041 ἰπν.

716 165 748 192 IN
769 165 844 193 CAP.
865 164 924 192 XIX
944 164 1066 193 GENES.
1089 164 1205 192 IIOMlL.
1226 165 1314 194 XLIII.
1514 174 1530 186 κ

1821 166 1884 194 ιω

1043 223 1088 250 τὸν
1102 223 1204 250 δίκαιον
1218 224 1373 259 ᾐσχύνοντο,
1399 223 1461 251 οὗτε
1476 223 1530 250 τῶν
1544 223 1625 256 ξένων
1635 222 1817 259 νομιζομένων
1829 225 1876 249 καὶ

1041 265 1088 292 ἐπὶ
1112 265 1161 301 τὴν
1188 267 1235 293 τοῦ
1263 267 1367 293 δικαίου
1384 266 1536 302 φιλοξενίαν
1561 267 1653 293 αὐτόθι
1667 266 1876 293 καταλυσάντων

1041 308 1196 342 ἐφείδοντο,
1218 310 1281 337 ἀλλ’
1306 310 1573 346 ἀπηρυθριασμένως
1594 311 1642 337 καὶ
1659 312 1761 346 γυμνῇ,
1776 309 1814 341 ὡς
1835 309 1875 335 εἰ·

1041 353 1111 384 πεῖν,
1137 354 1169 388 τῇ
1186 353 1289 389 κεφαλῇ
1304 354 1338 380 τά
1364 354 1414 389 τῆς
1436 353 1579 387 ἀσελγείας
1597 355 1688 380 ἐκεῖνα
1710 355 1818 389 ῥήματα
1832 352 1876 378 λέ-

1041 404 1134 430 γοντες
1149 396 1224 433 [ΗΟ]
1237 397 1374 433 προσίασι,
1396 398 1442 424 καὶ
1456 397 1620 429 καλέσαντες
1635 397 1680 423 τὴν
1696 397 1809 425 δίκαιον.
1821 395 1876 422 ελε-

1041 448 1089 474 γον
1107 440 1176 475 προς
1188 441 1280 467 αὐτόν·
1295 441 1358 468 Ποῦ
1378 441 1457 468 εἰσιν
1475 442 1501 467 οἱ
1523 440 1631 474 ἄνδρες
1643 441 1670 466 οἱ
1686 440 1876 472 εἰσελθόντες

1041 483 1117 518 πρὸς
1126 483 1203 518 ὑμᾶς
1215 493 1225 517 ;
1245 484 1390 520 Ἐξάγαγε
1404 484 1525 516 αὐτοὺς,
1539 485 1589 511 ἵνα
1603 483 1812 519 συγγενώμεθα
1822 483 1876 509 αὺ-

1040 528 1112 561 τοῖς.
1126 528 1176 555 Διά
1190 529 1292 565 ταύτην
1307 529 1397 556 αὐτῶν
1408 526 1484 564 οἶμαι
1495 529 1544 564 τὴν
1566 529 1748 564 ἐπιχείρησιν,
1761 527 1808 554 καὶ⁸
1826 527 1875 562 τὴν

1041 572 1198 608 παράνομον
1214 573 1356 608 πονηρίαν,
1374 573 1478 600 καὶτὸν
1493 573 1596 599 δίκαιον
1614 572 1694 607 μέχρι
1725 571 1775 606 τῆς
1795 570 1876 596 ἐσπέ-

1043 623 1092 651 ρας
1110 616 1334 651 παραχαθῆσθαι,
1357 616 1428 643 ὥστε
1448 616 1543 652 μηδενὶ
1561 615 1738 651 συγχωρῆσαι
1752 614 1806 640 τῶν
1822 613 1877 640 06L-

1040 659 1094 686 τῶν
1108 660 1247 694 ἀγνοοῦντι
1263 662 1421 696 περιπεσεῖν
1447 661 1506 692 ταῖς
1522 659 1634 686 ἐκείνων
1651 658 1763 692 πάγαις.
1788 657 1843 684 Καὶ
1861 657 1876 683 ό

1042 702 1092 738 μὲν
1109 703 1212 734 δίκαιος
1227 703 1295 739 μετὰ
1308 704 1358 737 τῆς
1384 703 1546 737 φιλοξενίας,
1575 701 1622 729 καὶ
1634 702 1684 737 τῆς
1699 700 1875 736 σωφροσύνης

1040 746 1089 782 τῆς
1121 747 1223 779 οἰκείας
1248 747 1467 782 ἐπιδεικνύμενος
1497 746 1546 782 τὴν
1570 745 1743 781 ὑπερϐολὴν,
1771 743 1875 778 ταύτην

1040 790 1158 816 ἐποιεῖτο
1173 790 1222 824 τὴν
1238 790 1354 825 σπουδὴν
1375 790 1445 817 ὥστε
1472 790 1576 821 πάντας
1591 790 1654 820 τοὺς
1679 787 1875 823 παροδεύοντας

1038 832 1227 868 ὑποδέχεσθαι,
1244 833 1292 860 καὶ
1318 833 1413 868 μηδεὶς
1426 833 1507 860 αὐτὸν
1535 832 1621 861 λάθοι,
1640 832 1664 858 εἰ
1679 831 1726 858 καὶ
1746 831 1813 862 τέως
1825 830 1877 857 οὐκ

1041 875 1181 910 ἀγγέλους,
1199 876 1256 902 ἀλλ’
1273 876 1434 911 ἀνθρώπους
1448 874 1517 902 εἶναι
1535 875 1670 910 ἐνόμιζεν.
1687 874 1718 900 Οί
1734 874 1762 900 δέ
1787 873 1876 908 παρά-

1041 927 1118 954 νομοι
1128 920 1226 946 ἐκεῖνοι
1237 919 1306 954 μετά
1319 919 1366 946 τοῦ
1381 919 1463 954 μηδὲν
1474 918 1594 946 τοιοῦτον
1605 916 1806 944 ἐπιδείκνυσθαι
1820 914 1876 943 οἷον

1040 962 1054 988 ό
1072 962 1186 994 δίκαιος,
1198 963 1233 988 τὰ
1246 963 1336 988 πᾶσαν
1348 962 1447 989 κακίαν
1460 961 1672 996 ἀποκρύπτοντα
1690 961 1758 996 μόνα
1774 959 1875 994 τολμᾷν

1040 1006 1210 1041 ἐπετήδευον.
1232 1005 1281 1032 Διά
1301 1005 1380 1032 τοῦτο
1400 1004 1446 1032 οὖν
1465 1006 1504 1037 εἰς
1524 1005 1574 1040 τὴν
1589 1004 1718 1030 πλατεῖαν
1734 1003 1875 1030 ἐϐούλοντο

1040 1049 1199 1081 καταλῦσαι,
1211 1050 1254 1076 ἵνα
1271 1050 1433 1084 παράσχωσι
1444 1048 1482 1084 τῷ
1492 1049 1589 1083 δικαίῳ
1600 1047 1725 1083 ἀφορμὴν
1742 1046 1876 1078 ἐπιδείξα-

1041 1093 1102 1119 σθαι
1116 1093 1165 1129 τὴν
1178 1094 1242 1128 περὶ
1257 1093 1354 1124 αὐτοὺς
1367 1092 1530 1127 φιλοξενίαν,
1544 1091 1592 1118 καὶ
1611 1091 1734 1124 δείξωσιν
1747 1089 1820 1124 αὐτῷ
1832 1089 1877 1116 διὰ

1040 1136 1094 1163 τῶν
1109 1137 1196 1172 ἔργων
1206 1137 1243 1168 ὡς
1256 1136 1335 1169 ἀξίαν
1348 1136 1489 1171 μέλλουσιν
1501 1134 1665 1169 ὑφίστασθαι
1673 1134 1721 1169 τὴν
1730 1132 1875 1169 τιμωρίαν,

1040 1179 1112 1206 οὕτω
1125 1180 1173 1214 τὴν
1190 1179 1360 1214 παρανομίαν
1376 1178 1434 1214 μεθ’
1448 1178 1599 1214 ὑπερϐολῆς
1615 1176 1839 1211 ἐπιδεικνύμενοι.

1075 1223 1105 1249 δ’.
1133 1222 1202 1249 Ἀλλ’
1219 1223 1318 1257 ἴδωμεν
1344 1221 1435 1248 λοιπὸν
1457 1220 1504 1247 τοῦ
1525 1220 1628 1247 δικαίου
1651 1221 1701 1254 τῆς
1722 1219 1824 1254 ἀρετῆς
1846 1218 1878 1244 τὺ

1041 1266 1165 1301 μέγεθος.
1174 1265 1331 1297 Έίξελθὼν,
1339 1265 1415 1300 φησὶ,
1425 1263 1500 1299 πρὸς
1513 1263 1625 1296 αὐτοὺς
1639 1262 1713 1296 πρὸς
1727 1261 1760 1288 τό
1769 1261 1877 1295 πρόθυ-

1035 1317 1103 1343 ρον,
1113 1308 1171 1342 τὴν
1181 1308 1240 1343 μὲν
1253 1309 1303 1342 θύί
1309 1317 1348 1335 αν
1361 1307 1544 1342 προσέῳξεν,
1551 1305 1615 1333 εἶπε
1629 1305 1663 1332 δὲ
1670 1305 1745 1339 πρὸς
1755 1304 1877 1336 αὐτούς.

1042 1353 1112 1388 Ὅρα
1136 1352 1194 1384 πῶς
1208 1352 1327 1378 δέδοικεν
1349 1352 1363 1378 ό
1376 1351 1478 1383 δίκαιος
1492 1351 1539 1377 καὶ
1556 1350 1653 1386 τρέμει
1665 1349 1734 1384 ὑπὲρ
1750 1348 1800 1383 τῆς
1821 1347 1878 1374 τῶν

1041 1395 1124 1427 ξένων
1145 1395 1304 1430 ἀσφαλείας.
1326 1395 1392 1422 Οὐδὲ
1415 1394 1469 1430 γὰρ
1494 1394 1597 1425 ἀπλῶς-
1612 1393 1661 1429 τὴν
1689 1392 1774 1428 θύραν
1795 1400 1877 1427 προσ-

1040 1439 1123 1475 έῳξεν
1139 1439 1226 1466 ὀπίσω
1244 1438 1339 1471 αὑτοῦ,
1353 1438 1409 1465 ἀλλ’
1424 1438 1505 1470 εἰδὼς
1526 1437 1616 1464 αὐτῶν
1639 1436 1688 1472 τὴν
1707 1435 1807 1471 μανίαν
1830 1435 1878 1461 καὶ

1039 1483 1070 1510 τὸ
1081 1483 1224 1520 τολμηρὸν.
1244 1484 1291 1510 καὶ
1307 1482 1481 1519 ὑφορώμενος
1501 1482 1591 1509 αὐτῶν
1616 1481 1666 1517 τὴν
1694 1480 1876 1516 προπέτειαν,

1040 1525 1100 1554 εἶτά
1115 1535 1180 1563 φησι
1196 1527 1264 1563 πρὸς
1277 1526 1376 1558 αὺτούς
1388 1534 1394 1542 ·
1411 1525 1568 1560 Μηδαμῶς,
1579 1524 1714 1559 ἀδελφοί.
1727 1525 1759 1550 Ὢ
1769 1524 1818 1559 τῆς
1828 1524 1875 1550 τοῦ

1039 1571 1143 1598 δικαίου
1171 1570 1374 1606 μακροθυμίας,
1394 1569 1417 1596 ὢ
1442 1568 1694 1604 ταπεινοφροσύνης
1723 1567 1873 1603 ὑπερϐολή.

1043 1614 1129 1641 Τοῦτο
1145 1614 1253 1649 ἀληθῶς
1268 1613 1369 1649 ἀρετὴ,
1380 1612 1410 1640 τὸ
1430 1612 1488 1648 μετ’
1504 1612 1654 1644 ἐπιεικείας
1676 1612 1733 1642 τοῖς
1747 1610 1878 1642 τοιούτοις

1043 1657 1257 1693 προσφέρεσθαι.
1287 1657 1381 1688 Οὐδεὶς
1407 1656 1461 1691 γὰρ
1484 1656 1529 1682 τὸν
1562 1655 1691 1683 νοσοῦντα
1711 1653 1878 1690 θεραπεῦσαι

1042 1701 1212 1736 βουλόμενος,
1227 1701 1274 1727 καὶ
1288 1700 1334 1727 τὸν
1349 1700 1509 1735 μαινόμενον
1523 1699 1699 1735 σωφρονίσαι,
1710 1699 1779 1733 μετά
1791 1697 1877 1733 θυμοῦ

1041 1746 1088 1771 καὶ
1105 1745 1254 1781 αὐστηρίας
1276 1744 1354 1771 τοῦτο
1378 1745 1448 1770 ποεῖ.
1475 1743 1576 1770 Σκόπει
1603 1742 1667 1778 γὰρ,
1689 1741 1748 1773 πῶς
1763 1740 1826 1771 τοὺς
1843 1741 1879 1766 τὰ

1041 1788 1153 1815 τοιαῦτα
1175 1789 1344 1823 παρανομεῖν
1370 1787 1548 1822 βουλομένους
1568 1786 1700 1821 ἀδελφοὺς
1724 1784 1819 1817 καλεῖ,
1833 1783 1879 1810 ἐν-

1040 1831 1138 1868 τρέψαι
1153 1832 1250 1863 αὐτοὺς
1265 1831 1435 1866 βουλόμενος,
1463 1830 1510 1857 καὶ
1532 1829 1693 1857 καθικέσθαι
1717 1827 1807 1855 αὐτῶν
1825 1827 1877 1862 τῆς

1043 1875 1230 1910 συνειδήσεως,
1246 1875 1293 1901 καὶ
1319 1874 1472 1909 ἀποστῆσαι
1490 1873 1589 1904 αὐτοὺς
1610 1873 1659 1908 τῆς
1680 1871 1878 1907 ἐπιχειρήσεως

1041 1919 1090 1954 τῆς
1108 1919 1216 1954 μιαρᾶς.
1231 1917 1388 1952 Μηδαμῶς,
1406 1917 1498 1953 φησὶν,
1511 1916 1637 1951 ἀδελφοί
1653 1924 1660 1931 ο
1671 1915 1715 1950 μὴ
1729 1914 1879 1948 πονηρεύ-

1042 1964 1149 1996 σ-ησθε.
1162 1961 1263 1997 Μηδὲν,
1281 1961 1357 1997 φησὶ,
1371 1960 1491 1987 τοιοῦτον
1506 1959 1661 1995 λογίσησθε,
1677 1959 1714 1994 μὴ
1729 1958 1778 1993 τὴν
1794 1965 1880 1991 πονη-

1045 2006 1094 2042 ρὰν
1113 2006 1215 2041 ταύτην
1230 2005 1329 2041 πρᾶξιν
1342 2005 1503 2040 ἐννοήσητε,
1526 2004 1592 2039 μηδὲ
1615 2003 1665 2038 τὴν
1691 2001 1771 2037 φύσιν
1794 2001 1880 2035 αὐτὴν

1044 2049 1324 2085 παραδειγματίσητε,
1343 2048 1409 2083 μηδέ
1434 2048 1570 2082 ἀθέσμους
1589 2046 1752 2082 ἐπινοήσητε
1766 2045 1852 2080 μίξεις
1870 2051 1878 2059 ·

1045 2094 1102 2120 ἀλλ’
1121 2094 1144 2120 εἰ
1157 2093 1203 2120 καὶ
1221 2092 1348 2127 βούλεσθε
1363 2092 1412 2127 τῆς
1427 2092 1526 2127 μανίας
1544 2091 1621 2126 ὑμῶν
1641 2090 1687 2116 τον
1701 2089 1808 2124 οἶστρον
1828 2096 1880 2115 πα-

1047 2137 1266 2173 ραμυθήσασθαι,
1286 2135 1341 2170 ἐγὼ
1361 2135 1439 2162 τοῦτο
1469 2134 1598 2170 παρέξω,
1624 2134 1695 2160 ὣστε
1716 2132 1881 2167 κουφότερον

1045 2181 1121 2216 ὑμῶν
1137 2180 1263 2214 γενέσθαι
1277 2180 1308 2206 τὸ
1321 2179 1458 2215 τόλμημα.
1471 2179 1538 2205 Εἰσί
1543 2187 1591 2212 μοι
1602 2177 1656 2204 δύο
1671 2174 1882 2211 θυτατέρεᾳοῦ

1044 2224 1100 2250 οὐκ
1112 2223 1250 2257 ἔγνωσαν
1264 2222 1387 2256 ἄνδρας.
1411 2222 1483 2254 Ἔτι,
1510 2221 1605 2255 φησὶν,
1625 2219 1733 2256 ἄπειροί
1756 2220 1809 2245 εἱσι
1825 2226 1882 2252 γα-

1046 2267 1128 2302 μικῆς
1144 2266 1304 2298 συνουσίας,
1331 2265 1466 2300 ἀνέπαφοι
1486 2265 1680 2300 τυγχάνουσιν,
1705 2264 1734 2290 ἐν
1756 2263 1824 2298 αὐτῇ
1848 2263 1881 2297 τῇ

1045 2311 1120 2345 ἀκμῇ
1135 2310 1185 2345 τῆς
1201 2309 1308 2346 ἡλικίας
1317 2309 1380 2341 εἰσὶ,
1394 2309 1550 2344 λάμπουσαι
1561 2309 1593 2343 τῇ
1604 2307 1674 2343 ὥραν
1692 2306 1790 2338 ταύτας
1800 2306 1882 2332 πᾶσιν

1045 2353 1169 2385 ἐκδότους
1191 2353 1296 2388 δίδωμι,
1311 2353 1358 2379 καὶ
1382 2352 1482 2387 χρᾶσθε
1501 2352 1595 2382 αὑταῖς
1613 2350 1651 2382 ὡς
1667 2350 1777 2385 ἀρέσκει
1807 2350 1881 2384 ὑμῖν.

1045 2397 1180 2429 Λαϐόντες
1193 2397 1288 2428 αὐτὰς,
1306 2396 1382 2431 φησὶ,
1396 2395 1558 2431 πληρώσατε
1581 2394 1657 2429 ὑμῶν
1675 2394 1714 2425 εις
1735 2392 1821 2423 αὐτὰς
1833 2392 1883 2427 τὴν

1044 2441 1198 2475 ἀσέλγειαν,
1209 2441 1254 2468 καὶ
1270 2440 1443 2476 ἐμφορήθητε
1462 2439 1511 2474 τῆς
1525 2437 1671 2473 ἐπιθυμίας
1684 2436 1761 2472 ὑμῶν
1774 2437 1822 2471 τῆς
1835 2445 1883 2462 πο-

1015 2502 1018 2504 ~
1047 2485 1142 2521 νηρᾶς.
1163 2485 1265 2512 Μόνον
1279 2486 1323 2516 εὶς
1337 2483 1406 2516 τοὺς
1426 2482 1540 2516 ἄνδρας
1553 2482 1679 2513 τούτους
1687 2480 1784 2514 μηδὲν
1801 2479 1884 2512 ποιή-

1047 2536 1122 2562 σητε
1134 2528 1248 2560 ἄδικον,
1267 2525 1303 2555 οὗ
1320 2526 1437 2553 εἵνεκεν
1464 2525 1611 2558 εἰσῆλθον
1622 2523 1680 2551 ὑπὸ
1691 2523 1749 2557 τὴν
1762 2523 1882 2557 σκέπην

1045 2573 1105 2599 τῶν
1114 2570 1212 2598 δοκῶν
1222 2580 1292 2605 μου.
1311 2569 1420 2605 Ἐπειδὴ
1434 2569 1598 2604 ἐϐιασάμην,
1608 2567 1699 2603 φησὶν,
1709 2567 1818 2598 αὐτοὺς,
1833 2567 1881 2593 καὶ

1046 2617 1190 2651 εἰσήγαγον
1206 2614 1259 2641 ὑπὸ
1270 2614 1319 2646 τὰς
1329 2613 1424 2644 δοκούς
1444 2621 1504 2648 μου,
1515 2612 1557 2639 ἵνα
1576 2612 1613 2647 μὴ
1632 2611 1694 2645 ἐμοὶ
1706 2611 1844 2646 ἐπιγραφῇ
1864 2612 1882 2646 ή

1046 2659 1087 2690 είς
1103 2658 1202 2690 αὐτοὺς
1219 2657 1348 2692 γινομένη
1364 2655 1520 2692 παρανομία
1530 2675 1538 2687 ,
1553 2655 1600 2681 καὶ
1615 2653 1671 2688 ἐγὼ
1690 2654 1781 2684 αὐτοῖς
1797 2653 1883 2685 αἴτιος

1045 2703 1096 2737 τῆς
1119 2702 1224 2737 ὕϐρεως
1240 2701 1342 2736 ταύτης
1365 2700 1503 2736 γένωμαι,
1527 2699 1571 2726 διὰ
1601 2697 1680 2725 τοῦτο
1706 2698 1776 2733 ὑπὲρ
1792 2697 1883 2725 αὐτῶν

1046 2745 1095 2777 τὰς
1110 2745 1157 2772 δύο
1169 2753 1219 2780 μου
1228 2744 1378 2780 θυγατέρας
1389 2743 1495 2779 δίδωμι,
1505 2742 1575 2769 ὥστε
1581 2741 1692 2773 τούτους
1704 2740 1882 2776 ἐλευθερῶσαι

1046 2788 1100 2816 τῶν
1115 2789 1256 2824 ὑμετέρων
1263 2797 1290 2823 χε
1296 2788 1370 2823 ιρῶν.
1383 2787 1457 2823 Πόση
1470 2786 1516 2813 τοῦ
1528 2786 1632 2813 δικαίου
1650 2785 1774 2821 ήάρετής
1791 2785 1882 2811 πᾶσαν

1048 2833 1150 2869 ἀρετὴν
1165 2832 1319 2867 φιλοξενίας
1333 2831 1452 2866 ἐνίκησε.
1470 2831 1502 2857 Τί
1528 2831 1583 2866 γὰρ
1610 2830 1642 2858 ἄν
1665 2838 1707 2861 τις
1729 2829 1801 2855 εἴποι
1821 2829 1882 2855 κατ’

1050 2876 1130 2910 ἀξίαν
1142 2876 1190 2912 τῆς
1204 2876 1250 2902 τοῦ
1265 2875 1368 2902 δικαίου
1381 2875 1475 2902 τούτου
1491 2873 1699 2910 φιλοφροσύνης,
1713 2872 1741 2904 ὃς
1756 2871 1816 2898 οὐδὲ
1827 2871 1881 2898 τῶν

1051 2919 1207 2956 θυγατέρων
1221 2919 1363 2954 φείσασθαι
1379 2919 1518 2953 ἠνέσχετο,
1538 2918 1582 2944 ἵνα
1599 2917 1646 2952 τὴν
1661 2917 1701 2947 εἰς
1713 2916 1775 2946 τοὺς
1790 2915 1881 2948 ξένους

1050 2964 1133 3000 τιμὴν
1146 2963 1322 2999 ἐπιδείξηται,
1335 2963 1382 2990 καὶ
1393 2962 1562 2998 ἐλευθερώσῃ
1580 2961 1629 2996 τῆς
1643 2958 1816 2994 παρανομίας
1826 2959 1877 2985 τάν

1630 3006 1650 3035 2
