2044 3131
163 164 213 191 Ml

163 219 332 255 Σοδομιτῶν;
347 219 423 257 [Ml]
433 220 488 248 Kal
502 217 579 253 οὗτος
592 222 642 257 μὲν
656 223 702 249 καὶ
715 222 764 254 τὰς
779 223 933 258 θυγατέρας
947 224 996 256 τὰς

160 263 258 290 ἑαυτοῦ
277 264 426 297 ἐκδίδωσιν,
448 265 492 291 ἵνα
511 265 575 298 τοὺς
595 265 698 299 ξένους,
718 267 781 298 τοὺς
794 267 884 299 ὀδίτας
899 268 997 302 (πάλιν

161 308 214 343 γὰρ
234 308 268 334 τά
289 308 359 335 αὺτά
377 308 478 344 λέγω),
491 309 554 342 τοὺς
579 309 734 346 μηδαμόθεν
754 311 828 346 αὐτῷ
843 311 998 347 γνωρίμους

160 351 304 389 ἑξαρπάσῃ
320 353 370 389 τῆς
381 353 437 380 τῶν
451 354 620 390 παρανόμων
634 353 740 389 ’ύϐρεως
750 362 757 369 '
777 356 858 390 ἡμεῖς
874 355 902 382 δὲ
914 355 998 391 ὀρῶν-

159 404 206 428 τες
230 397 360 429 πολλάκις
375 398 439 429 τοὺς
463 397 594 432 ἀδελφοὺς
614 399 678 430 τοὺς
698 398 848 434 ἡμετέρους
868 399 908 431 εἰς
932 400 998 426 αὐτὸ

160 438 210 473 τῆς
229 439 355 471 ἀσεόεἰας
370 440 401 466 τὸ
418 439 569 476 βάραθρον,
586 441 633 467 καὶ
656 441 748 476 σχεδὸν
767 441 863 472 εἰπεῖν,
882 441 933 467 ὑπὸ
949 440 997 476 τὴν

161 482 293 516 φάρυγγα
308 482 354 510 τοῦ
375 483 498 510 διαϐόλου
525 484 698 520 γινομένους,
725 484 785 511 οὐδὲ
810 484 889 519 λόγου
915 493 997 519 μετα-

161 525 253 553 δοῦναι
273 527 444 562 ἀνεχόμεθα,
471 528 532 554 οὐδὲ
566 528 783 563 συμϐουλεῦσαι,
803 528 850 555 καὶ
875 527 924 563 τὴν
952 527 996 555 διὰ

162 569 216 595 τῶν
236 569 322 603 λόγων
336 570 497 605 παραίνεσιν
516 571 690 605 εἰσενεγκεῖν,
717 572 765 598 καὶ
784 570 936 607 ἐξαρπάσαι
948 571 997 606 τῆς

161 613 270 645 κακίας,
282 614 330 640 καὶ
348 613 417 649 πρὸς
434 614 483 649 τὴν
501 614 601 650 ἀρετὴν
617 614 834 650 χειραγωγῆσαι.
855 615 937 642 Ποίαν
951 613 997 642 οὗν

163 653 294 689 σχοίημεν
306 655 463 689 ἀπολογίαν,
480 655 527 682 τοῦ
545 657 594 691 μὲν
610 656 716 683 δικαίου
729 656 797 692 μηδέ
809 657 864 683 τῶν
883 657 997 691 θυγατέ-

163 705 218 730 ρων
241 698 407 733 φεισαμένου
431 699 475 726 διὰ
487 700 537 734 τὴν
561 701 600 731 είς
623 700 687 732 τοὺς
707 699 800 733 ξένους
816 700 976 736 κηδεμονίαν
989 709 996 716 ⁸

163 741 241 776 ἡμῶν
260 741 287 767 δὲ
305 741 390 774 οὕτως
405 742 526 778 ἀνηλεῶς
541 744 604 779 περὶ
619 744 682 775 τοὺς
694 744 846 780 ἡμετέρους
858 744 997 780 διακειμέ-

162 793 226 816 νων,
239 786 286 812 καὶ
297 786 427 818 πολλάκις
445 787 480 813 τά
491 787 583 822 ψυχρὰ
593 789 684 814 ἐκεῖνα
702 789 747 815 καὶ
757 788 867 823 ἀλογίας
877 789 997 824 γέμοντα

163 829 273 865 ῥήματα
292 831 480 866 προῖεμένων;
499 831 531 857 Τί
560 831 613 867 γὰρ
639 833 728 859 κοινὸν
751 832 815 868 ἔχω,
834 833 911 867 φησὶ,
929 833 998 868 πρὸς

165 873 265 906 αὒτόν;
280 873 356 900 οὐδέν
371 883 417 909 μοι
432 875 518 910 μέλει,
533 875 609 902 οὐδὲν
623 877 741 912 πρᾶγμα
758 876 812 912 ἔχω
825 877 884 912 μετ’
903 876 996 904 αὑτοῦ.

162 917 195 943 Τί
207 917 305 952 λέγεις,
322 919 468 954 ἀνθρωπε;
492 921 575 948 Οὐδὲν
598 921 687 949 κοινὸν
713 922 786 958 ἔχεις
808 923 877 958 πρὸς
899 923 997 956 αὺτόν;

169 961 293 996 ’Δδελφὸς
311 963 356 989 σού
371 963 442 996 ἐστι,
457 965 506 1000 τῆς
527 965 611 1001 αὐτῆς
626 965 666 992 σοὶ
687 966 794 1002 μετέχει
815 966 933 1002 φύσεως,
946 967 998 994 ὑπὸ

162 1004 208 1032 τὸν
225 1006 307 1033 αὐτόν
319 1007 381 1034 ἐστε
398 1008 546 1044 Δεσπότην,
578 1009 708 1042 πολλάκις
739 1010 767 1037 δὲ
787 1011 895 1047 καὶτῆς
914 1011 998 1047 αὐτῆς

163 1048 290 1084 μετέχετε
308 1050 458 1086 τραπέζης,
469 1051 518 1086 τῆς
533 1053 721 1088 πνευματικῆς
733 1053 804 1087 λέγω
814 1055 861 1081 καὶ
869 1056 996 1091 φρικτῆς.

162 1093 209 1119 καὶ
228 1092 327 1127 λέγεις,
345 1092 429 1121 Οὐδὲν
443 1095 531 1122 κοινὸν
546 1096 601 1131 ἔχω
625 1096 695 1133 πρὸς
709 1097 800 1130 αὐτὸν,
815 1098 861 1125 καὶ
875 1099 998 1134 ἀνηλεῶς

162 1137 355 1173 παρατρέχεις,
388 1139 436 1165 καὶ
464 1139 514 1165 οὐκ
539 1139 648 1175 ὀρέγεις
672 1142 753 1176 ,χεῖρα
779 1142 916 1177 κειμένῳ,
943 1143 998 1170 Καὶ

169 1179 306 1212 Ἰουδαίοις
321 1181 371 1216 μὲν
383 1182 397 1208 ὁ
409 1181 490 1217 νόμος
503 1183 680 1218 προσέταττε,
701 1185 768 1220 μηδέ
780 1185 834 1211 τῶν
847 1186 951 1222 ἐχθρῶν
963 1186 998 1213 τὰ

162 1222 296 1257 ὑποζύγια
315 1226 436 1260 παρορᾷν
452 1227 615 1253 πεπτωκότα
629 1235 636 1243 ι
653 1228 686 1254 σὺ
708 1228 736 1254 δὲ
758 1229 804 1255 τὸν
816 1229 929 1264 ἀδελφὸν
946 1229 997 1257 ὑπὸ

162 1266 209 1292 τοῦ
223 1267 346 1294 διαϐόλου
364 1269 494 1301 πολλάκις
508 1271 679 1306 τετρωμένον
696 1272 743 1298 καὶ
756 1272 882 1308 κείμενον
908 1274 978 1309 ὀρῶν
989 1294 996 1306 ,

162 1310 212 1336 οὐκ
226 1311 272 1337 ἐπὶ
284 1311 334 1346 τῆς
352 1311 413 1347 γῆς,
429 1312 487 1339 ἀλλ’
513 1314 553 1345 εἰς
571 1314 601 1340 τὸ
613 1314 664 1350 τῆς
679 1315 818 1351 ἁμαρτίας
842 1316 978 1352 βάραθρον
988 1337 996 1349 ,

162 1353 213 1380 οὐκ
237 1355 361 1390 ἀνασπᾷς
389 1356 433 1382 διὰ
460 1356 509 1392 τῆς
534 1357 741 1393 παραινέσεως,
769 1359 830 1386 οὐδὲ
858 1360 998 1388 νουθεσίαν

163 1397 282 1440 εἰσάγεις
296 1398 345 1434 τήν
364 1399 439 1435 παρὰ
451 1400 563 1433 σαυτοῦ,
577 1401 635 1428 οὐδὲ
648 1402 808 1435 σπουδάζεις
820 1403 866 1430 καὶ
876 1404 996 1440 ἐτέρους,

162 1441 188 1467 ιι
207 1439 262 1468 οἷόν
280 1451 319 1475 τε,
331 1445 372 1475 εἰς
391 1444 550 1480 συμμαχίαν
562 1445 714 1478 λαϐεῖν,’ίνα
730 1447 780 1481 τῆς
798 1447 938 1483 φάρυγγος
951 1450 997 1476 τοῦ

163 1484 258 1520 θηρίου
270 1486 301 1513 τὸ
312 1486 391 1521 μέλος
399 1487 429 1514 τὺ
441 1488 486 1514 σὺν
497 1488 677 1525 ἐλευθερῶσαι
685 1490 812 1526 δυνηθῇς,
820 1492 866 1518 καὶ
875 1493 942 1528 πρὸς
949 1494 998 1529 τὴν

163 1531 267 1558 οἰκείαν
285 1532 470 1567 ἐπαναγαγεῖν
487 1534 635 1568 εὐγένειαν,
658 1534 700 1561 ἵνα
727 1536 880 1569 καὶ”αὐτδς,
897 1538 998 1565 εἴποτε

164 1575 327 1610 περιπέσῃς,
350 1576 363 1602 δ
392 1577 429 1612 μὴ
455 1577 571 1611 γένοιτο,
596 1579 652 1610 τοῖς
672 1579 790 1611 δικτύοις
808 1580 856 1607 τοῦ
880 1583 998 1618 πονηροῦ

164 1618 291 1654 δαίμονος
306 1619 421 1654 ἐκείνου,
439 1620 555 1656 δυνηθῇς
580 1621 652 1657 ἔχειν
673 1623 735 1655 τοὺς
756 1624 859 1659 ἀμῦναι
883 1625 999 1661 δυναμέ-

165 1670 236 1694 νους,
255 1663 303 1689 καὶ
316 1662 496 1699 ἐλευθερῶσαι
519 1665 572 1691 τῶν
594 1665 641 1692 τοῦ
659 1666 782 1693 διαϐόλου
793 1668 905 1703 χειρῶν;
923 1669 999 1696 Οὖτω

166 1706 213 1732 καὶ
231 1706 333 1738 Παῦλος
350 1707 483 1743 διεγεῖραι
510 1708 674 1744 βουλόμενος
691 1710 814 1743 Γαλάτας
831 1713 869 1744 εἰς
884 1713 934 1748 τὴν
945 1713 999 1740 τῶν

165 1750 274 1776 οἰκείων
292 1750 380 1786 μελῶν
396 1752 536 1787 πρόνοιαν,
555 1753 621 1788 φησί
634 1762 641 1769 ·
660 1754 786 1781 Σκοπῶν
802 1756 942 1789 σεαυτὸν,
955 1758 998 1792 μὴ

135 1806 139 1813 ι
166 1793 214 1820 καί
225 1794 266 1821 σὺ
284 1795 465 1829 πειρασθῇς”
482 1797 621 1832 μονονουχὶ
633 1797 730 1832 λέγων,
749 1799 811 1826 Ὲὰν
830 1801 1000 1836 ἀσυμπαθῶς

166 1837 214 1864 καὶ
226 1837 347 1873 ἀνηλεῶς
363 1839 545 1876 παραδράμῃς
562 1841 607 1867 τὸν
624 1841 746 1876 ἀδελφὸν,
769 1843 832 1875 ἴσως
848 1846 893 1870 καὶ
909 1845 938 1870 σέ
951 1854 1000 1872 πε-

168 1882 359 1916 ριπεπτωκότα
387 1883 480 1918 ἕτερος
504 1883 576 1911 οὕτω
604 1885 833 1921 παραδραμεῖται.
855 1887 885 1914 Εἰ
912 1889 1001 1915 τοίνυν

167 1924 256 1960 βούλει
269 1925 306 1961 μὴ
324 1927 508 1962 παροφθῆναι,
529 1929 621 1955 εἴποτε
645 1929 814 1966 περιπέσοις,
839 1931 908 1966 μήτε
921 1932 1002 1964 αὐτὸς

167 1968 301 2004 παρίδοις,
322 1969 390 1996 ἀλλὰ
405 1970 506 2006 πολλὴν
517 1971 650 2011 ἐπίδειξαι
669 1973 717 2008 τὴν
732 1973 936 2009 φιλοστοργίαν,
955 1976 1002 2002 καὶ

167 2011 303 2047 θησαυρὸν
311 2013 379 2048 ἡγοῦ
393 2014 519 2049 μέγιστον
532 2015 562 2042 τὸ
573 2015 719 2051 δυνηθῆναι
732 2016 861 2043 διασῶσαι
871 2017 916 2045 τὸν
924 2018 1001 2045 ἀδελ-

167 2056 317 2090 φόνηΟὺδὲν
330 2058 384 2093 γὰρ
393 2058 487 2086 τούτου
503 2059 559 2087 ἴσον
567 2060 664 2094 γένοιτ’
673 2060 706 2087 ἄν
720 2069 786 2087 ποτε
797 2062 836 2093 εἰς
851 2062 1002 2097 ἀρετῆςλό-

167 2108 224 2133 γον.
235 2100 297 2127 Ἐὰν
313 2102 368 2137 γὰρ
383 2102 512 2139 ἐννοήσῃς
527 2104 616 2139 μόνον,
630 2104 670 2131 ὅτι
681 2101 771 2138 οὗτος,
781 2105 811 2131 ὃν
825 2108 948 2142 παρορᾷς
956 2108 1002 2134 καὶ

167 2145 361 2180 παρατρέχεις,
386 2146 437 2172 ὑπὸ
459 2147 505 2173 τοῦ
527 2147 663 2174 Δεσπύτου
694 2156 740 2175 σου
767 2150 899 2185 τοσαύτης
922 2150 1003 2185 ἠξίω-

166 2196 212 2214 ται
227 2189 275 2223 τῆς
290 2189 382 2224 τιμῆς,
397 2190 435 2221 ὡς
452 2190 485 2216 δι’
501 2191 582 2217 αὑτὸν
603 2192 641 2227 μὴ
663 2193 886 2228 παραιτήσασθαι
907 2195 954 2220 καὶ
972 2195 1003 2222 τὸ

167 2229 238 2267 αἷμα
249 2232 354 2267 ἐκχέειν
369 2233 398 2259 τὸ
421 2233 518 2260 ἑαυτοῦ
533 2234 634 2269 (καθὼς
651 2236 698 2261 καὶ
725 2235 830 2267 Παῦλός
850 2245 931 2271 φησι·
948 2239 1003 2265 Καί

167 2275 322 2303 ἀπολεῖται
344 2278 361 2303 d
379 2277 516 2304 ἀσθενῶν
537 2277 668 2312 ἀδελφὸς
691 2279 740 2306 ἐπὶ
766 2279 804 2313 τῇ
825 2280 867 2314 σῇ
885 2281 1001 2316 γνώσει,

168 2320 205 2347 δι’
219 2319 255 2348 ὃν
267 2321 394 2354 Χριστὸς
404 2320 556 2356 ἀπέθανε)·
570 2321 629 2353 πῶς
641 2322 702 2357 οὐχὶ
711 2324 743 2357 τῇ
762 2325 797 2359 γῇ
810 2325 922 2352 σεαυτὸν
936 2335 1003 2353 κατ-

168 2365 291 2402 ορῦξεις;
306 2364 337 2391 Εἰ
353 2365 442 2392 τοίνυν
454 2364 488 2391 δι’
507 2365 588 2392 αὑτὸν
611 2366 625 2392 ὀ
639 2366 756 2401 Χριστὸς
770 2368 816 2394 καὶ
829 2369 859 2395 τὸ
878 2366 947 2405 αἷμα
965 2371 1004 2403 ἐξ·

169 2412 240 2447 έχεε,
253 2412 278 2438 τί
294 2412 365 2447 μέγα
383 2410 518 2445 ποιήσεις.
534 2409 582 2436 ἐὰν
595 2409 645 2444 τὴν
661 2410 734 2445 παρά
750 2411 848 2438 σαυτοῦ
861 2413 1003 2450 φιλοστορ-

168 2456 232 2489 γίαν
245 2455 376 2491 ἐπιδείξῃ,
393 2455 440 2480 καὶ
465 2454 498 2488 τῇ
519 2453 562 2479 διὰ
589 2452 663 2488 [442]
679 2453 731 2480 τῶν
755 2454 842 2489 λόγων
862 2459 1003 2494 προτροπῇ

168 2501 348 2535 διαναστήσῃς
362 2498 497 2533 κείμενον,
509 2497 556 2524 καὶ
563 2497 612 2532 τὴν
623 2497 704 2524 αὑτοῦ
717 2497 804 2534 ψυχὴν
818 2499 1004 2537 βεϐαπτισμέο

170 2554 217 2580 νην
230 2546 294 2576 ἴσως
311 2545 358 2570 καὶ
369 2542 534 2579 ὑποϐρύχιον
552 2543 735 2578 γεγενημένην
752 2544 900 2581 ἀνενέγκῃς
915 2546 946 2572 ἐκ
956 2547 1003 2573 τοῦ

169 2590 218 2624 τῆς
237 2588 335 2619 κακίας
350 2586 441 2622 βυθοῦ,
456 2587 501 2613 καὶ
511 2587 721 2624 παρασκευάσῃς
731 2587 794 2614 ἰδεῖν
805 2589 853 2624 τῆς
861 2590 961 2625 ἀρετῆς
973 2591 1004 2617 τὸ

169 2633 238 2668 φῶς,
257 2632 303 2659 καὶ
323 2631 360 2666 μὴ
377 2630 591 2666 παλινδρομῆσαι
608 2631 653 2657 ἐπὶ
667 2631 711 2657 τὸν
726 2631 775 2666 τῆς
795 2632 891 2664 κακίας
905 2632 1003 2667 ζοφονς

204 2681 235 2703 ε’.
245 2674 437 2710 Μιμησώμεθα
451 2675 550 2707 τοίνυν,
561 2675 721 2710 παρακαλῶ,
729 2675 773 2701 τὸν
785 2675 887 2703 δίκαιον
899 2677 1003 2712 τοῦτον,

169 2722 216 2750 καὶ
230 2722 254 2748 εἰ
267 2721 320 2748 δέοι
342 2720 387 2747 καὶ
403 2720 523 2746 κίνδυνόν
542 2728 601 2746 τινα
625 2719 771 2754 ὑπομένειν
789 2720 858 2756 ὺπέρ
882 2721 927 2747 τοῦ
954 2722 1004 2758 τὴν

171 2763 306 2798 σωτηρίαν
332 2762 379 2788 τοῦ
405 2761 516 2796 πλησίον
546 2761 814 2797 πραγματεύσασθαι.
836 2762 902 2797 μηδέ
926 2763 1004 2790 τοῦτο

172 2805 412 2843 παραιτησώμεθα.
446 2806 475 2832 ’0
492 2805 546 2840 γὰρ
572 2805 691 2836 τοιοῦτος
716 2804 837 2836 κίνδυνος
868 2807 1004 2841 σωτηρίας

170 2852 235 2886 ἡμῖν
255 2850 381 2881 ὑπόθεσις
395 2849 509 2881 γίνεται,
525 2849 572 2875 καὶ
584 2848 681 2882 πολλῆς
695 2849 850 2883 παρρησίας
863 2849 1001 2884 πρόξενος.

176 2894 317 2928 Ἐννόησον
329 2894 384 2928 γάρ
400 2902 445 2928 μοι
459 2893 504 2919 τὸν
515 2892 618 2919 δίκαιον
629 2892 732 2922 τοῦτον.
750 2893 822 2923 ὅπως
836 2892 903 2928 πρὸς
917 2893 1001 2928 δῆμον

170 2937 314 2972 ὁλόκληρον
331 2937 465 2972 τοσαύτην
487 2935 551 2969 περὶ
573 2935 622 2970 τὴν
648 2935 746 2961 κακίαν
771 2935 819 2970 τὴν
847 2936 1004 2970 συμφωνίαν

174 2980 375 3016 ἐπιδειξάμενον
387 2978 569 3016 παρετάξατο,
591 2979 639 3005 καὶ
663 2979 720 3013 μετ’
738 2979 888 3011 ἐπιεικείας
907 2979 1005 3015 πολλῆς

567 164 598 192 S.
618 164 760 193 JOANNIS
774 163 1018 193 CIIRYSUSTOM!
1034 165 1193 194 ARCIIIEP.
1214 165 1488 195 CONSTANTINGP.

1835 165 1890 193 ,ιοε

1050 225 1096 251 καὶ
1108 225 1158 260 τὴν
1175 223 1302 259 ἀνδρείαν
1325 223 1427 258 ἄφατον
1443 223 1625 254 ἐπεδείκνυτο,
1643 223 1666 249 εἰ
1679 222 1725 250 καὶ
1738 222 1799 249 οὐδὲ
1818 223 1890 250 οὕτω

1050 263 1210 290 καθικέσθαι
1221 263 1339 298 ἠδυνήθη
1353 263 1405 298 τῆς
1419 263 1572 290 ἁκαθέκτου
1587 262 1676 289 αὐτῶν
1693 263 1802 297 μανίας.
1811 263 1888 290 Μετὰ

1049 303 1102 338 γὰρ
1122 302 1157 328 τὰ
1174 303 1284 338 ῥήματα
1311 303 1412 334 ἐκεῖνα,
1427 302 1474 328 καὶ
1496 301 1546 336 τὴν
1561 302 1711 328 ἐπιείκειαν
1730 302 1780 336 τὴν
1801 302 1888 336 ὑπερ-

1049 342 1211 375 ϐάλλουσαν,
1230 342 1277 368 καὶ
1298 341 1328 368 τὸ
1349 342 1490 377 μονονουχὶ
1509 343 1570 373 ταῖς
1588 342 1681 377 χερσὶν
1697 341 1822 368 ἐκδοῦναι
1844 341 1888 368 διὰ

1048 382 1103 408 τῶν
1118 382 1205 415 λόγων
1215 382 1264 414 τὰς
1282 381 1480 417 θυγατέρας,τί
1492 390 1558 415 φασι
1573 381 1641 416 πρὸς
1650 381 1889 413 αὐτόν;⁹Απόστα

1048 421 1119 448 ἐκεῖ.
1137 422 1169 448 Ὢ
1183 421 1267 456 μέθης
1293 421 1442 456 ὑπερϐολὴ,
1468 421 1491 447 ῶ
1516 420 1728 457 παραφροσύνης
1752 420 1887 452 ἐπίτασις.

1050 461 1175 489 Τοιοῦτον
1187 462 1267 498 γὰρή
1286 461 1392 497 πονηρὰ
1405 460 1474 496 αὕτη
1489 462 1536 487 καὶ
1548 461 1696 492 ἀκόλαστος
1712 466 1724 481 ﬂ
1742 460 1886 495 ἐπιθυμία·

1050 501 1160 528 ἐπειδὰν
1178 501 1357 536 περιγένηται
1375 500 1422 528 τοῦ
1438 501 1582 536 λογισμοῦ,
1596 501 1646 527 οὐκ
1663 501 1759 535 ἀφίησι
1774 499 1889 526 συνιδεῖν

1049 541 1125 567 οὐδὲν
1136 541 1190 568 τῶν
1205 540 1328 573 δεόντων,
1346 539 1414 567 άλλά
1429 540 1555 574 καθάπερ
1577 540 1606 566 ἐν
1625 541 1713 574 σκότῳ
1727 540 1774 566 καὶ
1791 547 1888 565 νυκτο-

1051 581 1136 616 μαχίᾳ
1150 581 1214 611 τινὶ,
1226 579 1312 611 οὕτως
1324 579 1430 606 ᾶπαντα
1443 580 1650 616 διαπράττεται.
1675 579 1819 608 ’Δπόστα,
1835 587 1888 613 φη-

1050 620 1102 652 σὶν,
1117 619 1188 646 ἐκεῖ·
1198 619 1340 652 εἰσῆλθες
1350 619 1513 653 παροικεῖν,
1522 619 1565 653 μὴ
1575 619 1622 646 καὶ
1639 618 1741 653 κρίσιν
1755 619 1872 652 κρίνειν
1879 626 1888 649 ;

1049 659 1113 685 Νῦν
1134 657 1191 686 οὖν
1217 667 1254 685 σε
1276 658 1453 693 κακώσομεν
1469 658 1602 693 μᾶλλον,
1619 658 1638 692 ἣ
1655 658 1802 690 ἐκείνους.
1817 657 1888 692 Ὅρα

1050 699 1108 730 πῶς
1129 699 1178 734 μὲν
1192 699 1206 725 ὀ
1222 698 1326 729 δίκαιος
1347 698 1478 730 ἐπιεικῶς
1502 698 1594 730 αὐτοῖς
1622 697 1787 729 διαλέγεται,
1811 697 1837 722 al
1859 695 1888 722 δέ

1049 738 1119 774 πόσῃ
1133 738 1282 773 κέχρηνται
1298 738 1331 772 τῇ
1348 737 1508 772 θρασύτητι.
1538 737 1643 772 Ὥσπερ
1659 735 1888 771 ἐκϐακχενθέντες

1048 777 1140 804 λοιπὸν
1155 777 1207 803 ὑπὸ
1218 777 1266 803 τοῦ
1279 776 1415 809 διαϐόλου,
1433 777 1480 803 καὶ
1494 776 1532 808 ὡς
1545 777 1589 805 ὑπ’
1601 777 1704 803 ἐκείνου
1720 775 1888 810 στρατηγού-

1050 825 1136 852 μενοι,
1164 816 1238 843 οῦτω
1261 815 1502 848 κατεξανίστανται
1520 816 1566 842 τοῦ
1589 816 1705 846 δικαίου,
1730 815 1777 841 καί
1794 821 1886 848 φασιν

1048 856 1199 891 Εἰσῆλθες
1209 855 1374 890 παροικεῖν,
1393 855 1437 890 μὴ
1454 856 1502 882 καὶ
1524 856 1626 890 κρίσιν
1639 855 1770 889 κρίνειν;
1788 854 1887 890 Πάροιο

1049 897 1096 924 κόν
1113 905 1154 929 σε,
1180 896 1272 930 φησὶν,
1289 895 1456 930 ἐδεξάμεθαο
1475 896 1513 930 μὴ
1542 895 1597 930 γὰρ
1622 895 1669 921 καὶ
1692 895 1788 929 κριτὴς
1808 894 1886 928 ήμῶν

1049 937 1198 971 κατέστηςς
1214 936 1247 961 Ὢ
1257 933 1453 970 ἀγνωμοσύνης
1468 934 1614 970 ὑπερϐολή.
1630 935 1694 960 Δέον
1707 934 1886 969 ἐντραπῆναι,

1048 977 1106 1003 δέον
1123 975 1277 1010 αἰδεσθῆναι
1294 974 1343 1009 τὴν
1361 973 1514 1009 συμϐουλὴν
1522 973 1569 1000 τοῦ
1586 973 1701 1005 δικαίου,
1717 974 1741 999 οἰ
1749 973 1787 1005 δέ,
1800 972 1885 999 καθά-

1050 1024 1102 1050 περ
1109 1015 1133 1041 al
1145 1014 1301 1050 μαινόμενοι
1317 1013 1418 1039 καὶτὸν
1431 1013 1521 1048 ἰατρὸν
1539 1013 1673 1047 συγκόψαι
1694 1011 1887 1047 ἐπιχειροῦσιν,

1048 1054 1121 1081 οὕτω
1136 1054 1183 1081 καὶ
1196 1051 1279 1080 οἶκον
1293 1052 1342 1085 Σὲ,
1358 1053 1435 1088 φησὶ,
1452 1053 1629 1086 κακώσομεν
1637 1052 1768 1087 μᾶλλον,
1779 1051 1798 1085 ἢ
1813 1052 1888 1078 ὲκεί-

1048 1102 1134 1127 νους.
1152 1093 1184 1119 Εἰ
1194 1093 1230 1128 μὴ
1245 1092 1344 1128 βούλει,
1363 1093 1455 1127 φησὶν,
1470 1093 1616 1127 ήσυχάσαι,
1631 1091 1743 1127 μαθήσῃ
1759 1091 1797 1122 ὡς
1812 1090 1887 1117 οὐδέν

1049 1143 1092 1161 σοι
1099 1134 1178 1160 πλέον
1188 1134 1263 1160 ἐσται
1274 1133 1324 1168 τῆς
1335 1134 1374 1164 είς
1384 1133 1505 1164 ἐκείνους
1520 1132 1698 1168 προστασίας,
1705 1133 1722 1169 ἦ
1730 1131 1760 1157 τὸ
1767 1130 1888 1162 ἐκείνους

1050 1174 1099 1209 μὲν
1113 1173 1254 1207 διαφυγεῖν
1268 1173 1313 1199 τὸν
1328 1171 1459 1203 κίνδυνον,
1477 1172 1506 1198 σὲ
1521 1171 1549 1198 δέ
1568 1172 1655 1207 τούτῳ
1677 1170 1887 1209 περιϐληθῆναι.

1048 1208 1259 1248 Πιιρεὸιάζοντο
1269 1212 1303 1238 δὲ
1314 1212 1367 1238 τὸν
1375 1212 1438 1239 Λὼτ
1450 1212 1652 1248 σφόδραῖορα
1661 1211 1707 1237 τὸν
1716 1210 1819 1237 δίκαιον
1826 1208 1886 1236 τοῦ·

1048 1262 1094 1280 τον
1121 1253 1168 1279 καὶ
1191 1251 1315 1288 ἀνδρείαν
1338 1251 1569 1286 ἐπιδεικνύμενον,
1587 1252 1634 1278 καὶ
1649 1250 1769 1286 τοσούτῳ
1791 1249 1890 1285 πλήθει

1044 1291 1253 1320 ἀντιτάττεσθαι
1264 1290 1463 1325 ἐπιχειροῦντα,
1472 1290 1527 1317 Καὶ
1536 1291 1674 1325 ἤγγισαν,
1684 1288 1890 1325 φησὶ,ισυντρῖ-

1048 1333 1103 1365 ψαι
1125 1331 1182 1364 τὴν
1204 1331 1308 1364 θύραν.
1330 1329 1437 1365 Ἐπειδὴ
1452 1330 1506 1365 γὰρ
1527 1330 1630 1365 μέλλων
1651 1329 1762 1362 ἐξιέναι,
1780 1329 1827 1355 καὶ
1842 1327 1890 1363 τὴν

1048 1370 1150 1396 τούτων
1171 1369 1269 1405 μανίαν
1290 1369 1415 1404 προορῶν
1440 1369 1596 1404 προσέῳξεν
1613 1369 1695 1396 αὑτοῦ
1714 1367 1827 1394 ὄπισθεν
1841 1367 1890 1402 τὴν

1050 1409 1144 1445 θύραν,
1161 1409 1210 1435 οὐκ
1225 1409 1406 1444 ἀνασχόμενοι
1423 1409 1448 1434 οἱ
1466 1408 1559 1444 μιαροὶ
1577 1405 1649 1434 οὗτοι
1670 1408 1717 1434 καὶ
1736 1407 1890 1443 παράνομοι

1048 1450 1098 1484 τῆς
1110 1448 1155 1475 τοῦ
1166 1448 1270 1474 δικαίου
1281 1448 1479 1482 παραινέσεως,
1491 1448 1571 1474 αὐτόν
1584 1456 1613 1474 τε
1625 1447 1764 1478 ἐϐιάζοντο
1781 1446 1827 1473 καὶ
1841 1446 1889 1481 τὴν

1050 1489 1135 1524 θύραν
1149 1487 1292 1523 συντρῖψαι
1303 1488 1473 1522 ἐπεχείρουν.
1497 1487 1566 1513 Ἀλλ’
1586 1487 1678 1522 ἐπειδὴ
1689 1486 1732 1512 διὰ
1748 1485 1803 1511 τῶν
1819 1493 1889 1520 πρα-

1049 1523 1162 1563 γμάτων
1181 1527 1317 1553 ἐδείκνυτο
1331 1527 1378 1553 καὶ
1396 1527 1412 1561 ὴ
1429 1526 1475 1552 τοῦ
1493 1525 1598 1552 δικαίου
1618 1526 1713 1561 ἀρετὴ,
1731 1524 1807 1559 καὶὴ
1824 1523 1890 1558 πρῖς

1049 1568 1112 1599 τοὺς
1124 1567 1214 1599 ξένους
1229 1566 1425 1601 νομιζομένους
1455 1564 1612 1600 κηδεμονία,
1638 1565 1685 1591 καὶ
1701 1564 1749 1590 τοῦ
1771 1564 1890 1599 πλήθους

1050 1608 1154 1634 ἐκείνου
1167 1606 1292 1641 παντὸςή
1305 1605 1369 1640 περὶ
1383 1605 1432 1639 τὴν
1443 1605 1542 1632 κακίαν
1555 1604 1710 1640 συμφωνία,
1727 1604 1787 1630 τότε
1797 1602 1890 1629 λοιπὸν

1051 1646 1266 1673 ἐκκαλύπτουσιν
1274 1646 1386 1676 ἑαυτοὺς
1395 1646 1419 1670 οἰ
1429 1644 1711 1680 παραγεγονότες.Καὶ
1719 1643 1813 1678 ἐπειδὴ
1822 1641 1890 1669 εἶδον

1050 1687 1096 1713 τὸν
1109 1686 1211 1712 δίκαιον
1241 1685 1331 1711 πάντα
1351 1685 1384 1710 τὰ
1402 1684 1465 1719 παρ’
1492 1684 1591 1711 ἑαυτοῦ
1607 1683 1818 1718 πεπληρωκότα,
1841 1682 1891 1716 τὴν

1052 1725 1156 1752 οἰκείαν
1182 1723 1398 1758 ἐπιδεικνύμενοι
1420 1723 1534 1759 δύναμιν
1560 1723 1731 1758 ἐπαμύνουσι
1743 1722 1783 1757 τῷ
1794 1721 1891 1756 δικαίῳ

1052 1763 1347 1799 καταδυναστευομένῳ
1372 1763 1425 1790 ὑπὸ
1446 1764 1497 1798 τῆς
1518 1764 1630 1790 ἐκείνων
1649 1763 1757 1798 μανίας.
1785 1761 1891 1788 Ἐκτεί·

1051 1813 1159 1838 ναντες
1181 1804 1246 1840 γὰρ,
1271 1803 1364 1838 φησὶν,
1389 1804 1417 1830 οἱ
1432 1802 1541 1836 ἄνδρες
1555 1802 1609 1835 τὰς
1621 1802 1723 1840 χεῖρςις
1745 1799 1886 1840 εὶσεσπᾴι

1052 1853 1148 1872 σαντο
1162 1843 1216 1870 τὸν
1230 1842 1294 1869 Λὼτ
1310 1841 1385 1876 πρὸς
1398 1842 1524 1875 ἑαυτοὺς
1543 1843 1586 1874 εἰς
1598 1842 1652 1868 τόν
1662 1839 1755 1872 οἷκον,
1768 1840 1820 1866 καί
1835 1839 1892 1872 τὴν

1053 1884 1146 1917 θύρην
1155 1881 1232 1918 [445]
1248 1881 1300 1908 τοῦ
1327 1881 1414 1908 οἴκου
1425 1881 1622 1908 ἀπέκλεισαν·
1644 1880 1716 1912 τοὺς
1732 1879 1766 1906 δὲ
1779 1878 1892 1912 ἄνδρας

1052 1923 1124 1956 τοὺς
1135 1923 1224 1954 ὄντας
1237 1921 1285 1948 ἐπὶ
1295 1921 1352 1955 τῆς
1370 1922 1461 1955 θύρας
1475 1921 1528 1948 τοῦ
1544 1921 1629 1948 οιιιου
1644 1919 1798 1951 ἐπάταξαν
1807 1919 1892 1953 ἀθρα-

1049 1963 1106 1996 σΙᾳ
1120 1961 1179 1989 ἀπὸ
1191 1960 1301 1996 μικροῦ
1319 1961 1376 1993 ἕως
1389 1960 1534 1996 μεγάλου,
1550 1960 1602 1987 καί
1614 1961 1834 1994 παρελύθησαν
1846 1958 1891 1991 ζη-

1053 2002 1176 2034 τοῦντες
1202 2000 1259 2034 τὴν
1285 2001 1388 2034 θύραν.
1415 2000 1496 2036 Ὁρᾷς
1520 2001 1578 2032 πῶς
1595 2000 1642 2026 καὶ
1657 2001 1672 2026 ὀ
1693 1999 1796 2030 δίκαιος
1815 1996 1892 2030 οὗτος

1055 2041 1226 2076 παραχρῆμα
1245 2039 1294 2074 τῆς
1311 2039 1462 2074 φιλοξενίας
1479 2040 1621 2074 κομίζεται
1637 2038 1685 2070 τὰς
1700 2038 1829 2073 ἀμοιϐὰς,
1843 2038 1890 2063 καὶ

1054 2082 1079 2107 οἱ
1103 2080 1256 2114 παράνομοι
1276 2079 1376 2105 ἐκεῖνοι
1402 2078 1481 2110 ἀξίαν
1504 2078 1608 2105 τίνουσι
1628 2078 1721 2114 δίκην;
1738 2078 1891 2104 Enna-nd-

1054 2127 1148 2146 σαντο
1168 2118 1234 2153 γὰρ,
1253 2118 1331 2153 φησὶ,
1345 2117 1397 2144 τὸν
1414 2117 1478 2144 Λὼτ
1500 2119 1544 2150 εὶς
1568 2117 1622 2144 τὸν
1645 2115 1739 2148 οἷκον,
1768 2116 1819 2142 καὶ
1835 2115 1892 2149 τὴν

1054 2159 1148 2192 θύραν
1166 2157 1361 2184 ἀπέκλεισαν·
1380 2157 1452 2189 τοὺς
1465 2157 1498 2183 δὲ
1506 2157 1618 2191 ἄνδρας
1636 2156 1791 2188 ἐπάταξαν
1806 2156 1892 2189 (iopa-

1053 2198 1107 2232 σίᾳ
1117 2197 1176 2225 ἀπὸ
1190 2197 1299 2231 μικροῦ
1315 2196 1370 2229 ἕως
1382 2195 1528 2231 μεγάλου,
1544 2197 1594 2224 καί
1613 2197 1833 2230 παρελύθησαν
1850 2195 1891 2227 ζη-

1053 2237 1178 2270 τοῦν-τες
1197 2236 1369 2270 τὴνθὺραν.
1396 2236 1505 2271 Ἐπειδὴ
1531 2236 1561 2262 τὺ
1588 2236 1638 2271 τῆς
1654 2235 1773 2267 διανοίας
1803 2234 1891 2261 αὐτῶν

1054 2277 1130 2312 ὄμμα
1148 2276 1357 2311 πεπήρωτο,διά
1369 2275 1447 2302 τοῦτο
1469 2276 1516 2302 καὶ
1526 2276 1575 2311 τῆς
1589 2277 1710 2311 ὁράσεως
1725 2276 1775 2310 τὴν
1789 2275 1891 2309 τύφλω-

1055 2326 1096 2344 σιν
1108 2317 1298 2352 ὑπομένουσιν,
1307 2316 1350 2342 ἴνα
1363 2316 1484 2351 μάθωσιν
1495 2315 1532 2347 ὠς
1543 2316 1618 2342 οὐδὲν
1630 2315 1721 2346 αὐτοῖς
1729 2314 1825 2349 δῳελος
1839 2314 1891 2340 τῶν

1055 2355 1220 2392 σωματικῶν
1230 2354 1387 2390 ὀφθαλμῶν,
1398 2355 1451 2381 τῶν
1460 2355 1509 2390 τῆς
1518 2355 1637 2386 διανοίας
1649 2354 1780 2390 ὀμμάτων
1804 2362 1892 2388 πεπη-

1056 2396 1194 2432 ρωμένων.
1204 2396 1259 2422 Καὶ
1267 2395 1358 2431 ἐπειδὴ
1367 2395 1511 2430 σύμφωνον
1521 2394 1569 2430 τὴν
1581 2394 1678 2421 κακίαν
1688 2393 1889 2422 ἐπεδείκνυντο.

1055 2437 1102 2463 καὶ
1114 2435 1175 2462 οὔτε
1191 2435 1216 2461 οί
1227 2435 1290 2466 νέοι,
1307 2433 1369 2460 οὔτε
1383 2435 1407 2460 οἱ
1430 2434 1581 2469 πρεσϐῦται
1602 2434 1746 2469 ἀπείχοντο
1770 2433 1821 2468 τῆς
1844 2441 1891 2459 πο-

1055 2475 1140 2510 νηρᾶς
1155 2475 1363 2510 ἐπιχειρήσεως,
1373 2473 1501 2500 διὰτοῦτο
1510 2474 1619 2506 πάντεῖ,
1630 2475 1721 2508 φησὶν,
1730 2472 1890 2506 ἀπετυφλώ-

1055 2516 1151 2550 θησαν,
1166 2515 1213 2542 καὶ
1227 2515 1257 2541 οὐ
1274 2515 1352 2549 μόνον
1361 2514 1409 2549 τὴν
1422 2514 1544 2549 πήρωσιν
1556 2513 1687 2548 ἐδέχοντο,
1707 2512 1775 2540 ἀλλά
1797 2513 1844 2538 καὶ
1857 2512 1890 2538 τά

1054 2556 1103 2591 τῆς
1121 2556 1210 2590 ἰσχύος
1226 2555 1318 2586 αὐτοῖς
1331 2554 1378 2581 τοῦ
1398 2554 1524 2589 σώματος
1537 2553 1666 2580 διελύετο”
1682 2552 1775 2587 ἐπειδὴ
1791 2551 1846 2588 γὰρ
1860 2551 1890 2577 τδ

1055 2594 1222 2631 κυριώτερον
1252 2595 1332 2630 μέρος
1354 2595 1404 2629 τήν
1423 2594 1514 2629 ψυχὴν
1538 2591 1609 2628 ἦσαν
1635 2591 1889 2626 διαλελυμένοι,δι.ἱι

1054 2635 1134 2661 τοῦτο
1158 2635 1204 2661 καὶ
1217 2634 1265 2660 τοῦ
1280 2634 1405 2669 σώματος
1419 2634 1467 2668 τὴν
1484 2633 1560 2668 ἰσχὺν
1576 2632 1780 2668 nugamenta-av
1806 2633 1854 2658 καὶ
1866 2632 1890 2657 οξ

1056 2675 1188 2710 πρότερον
1204 2674 1347 2709 συντρῖψαι
1368 2673 1417 2708 τὴν
1434 2672 1519 2706 θύραν
1533 2671 1744 2707 ἐπιχειροῦντες,
1761 2670 1808 2697 καὶ
1824 2671 1891 2706 μετά

1055 2715 1156 2750 πολλῆς
1171 2714 1285 2750 ἀπειλῆς
1304 2713 1342 2749 τῷ
1355 2714 1451 2748 δικαίῳ
1471 2713 1667 2748 διαλεγόμενοι,
1688 2712 1787 2747 ἀθρόον
1800 2712 1891 2745 εἰστή-

1056 2763 1150 2781 κεισαν
1169 2753 1398 2789 παραλελυμένοι,
1418 2753 1470 2780 καὶ·
1486 2753 1539 2787 πρὸ
1559 2751 1614 2778 τῶν
1635 2751 1784 2786 ὀφθαλμῶν
1799 2751 1891 2786 κειμέ-

1055 2803 1103 2829 νην
1118 2794 1167 2828 τὴν
1183 2793 1267 2828 θύραν
1284 2794 1332 2828 οὑχ
1357 2793 1483 2828 ὁρῶντες.
1501 2793 1566 2819 Τότε
1586 2792 1678 2818 λοιπὸν
1698 2791 1864 2818 ἀνέπνευσεν
1877 2792 1890 2818 ὀ

1053 2834 1166 2866 δίκαιος,
1194 2833 1264 2868 ὀρῶν
1284 2833 1356 2864 τίνες
1374 2830 1444 2867 ἦσαν
1466 2833 1490 2858 οἰ
1507 2831 1722 2867 παραγενόμενοι
1737 2831 1750 2851 b
1765 2850 1772 2862 ,
1788 2831 1836 2857 καὶ
1850 2832 1890 2858 ὁτι

1056 2873 1161 2909 μεγάλη
1175 2882 1216 2904 τις
1231 2873 1319 2900 αὐτῶν
1331 2874 1347 2908 ὴ
1360 2873 1474 2908 δύναμίς
1489 2874 1557 2900 ἐστι.
1571 2872 1626 2899 Καὶ
1636 2873 1690 2907 γὰρ
1703 2870 1802 2905 εἷπον,
1813 2871 1889 2907 φησὶ,

1085 2924 1096 2938 ⁵
1109 2923 1217 2952 Quatuor
1230 2930 1288 2948 mss.
1299 2924 1436 2951 ἀλλόκοτος.

1085 2953 1100 2974 ιι
1113 2951 1187 2986 Sayil.
1199 2957 1225 2978 οι
1237 2955 1306 2986 τοιιίιὶ
1325 2961 1382 2986 mss.
1396 2955 1417 2986 ρι
1428 2954 1620 2986 παραγεγονὸτες.
1633 2952 1698 2978 Infra
1714 2951 1739 2978 in
1750 2952 1840 2978 nibliis
1851 2953 1887 2978 le-

1057 2985 1123 3016 gitur
1135 2985 1232 3018 elairam
1245 2985 1291 3009 ὧδε
1301 2985 1410 3015 γαμϐροί.
