2044 3131
177 176 225 204 ιθΙ

178 279 212 306 lia
226 287 234 306 :
250 287 300 306 nos
312 284 401 307 autem
415 279 537 308 videntes
544 288 616 316 saepe
626 280 724 310 fratres
731 286 838 310 nostros
851 282 878 310 in
887 282 973 317 ipsum

179 325 325 360 impietatis
339 325 512 361 profundum,
530 331 557 354 et
576 334 659 362 prope
686 327 799 355 dixerim
810 349 818 361 ,
834 328 861 356 in
884 327 976 356 fauces

178 370 278 398 diaboli
297 370 404 405 cadere,
418 378 507 407 neque
519 379 643 400 sermone
663 379 711 400 eos
724 373 874 408 dignamur,
889 381 976 409 neque

177 415 331 449 consulere,
347 424 436 451 neque
457 417 546 445 verbis
558 417 718 450 admonere.
731 422 759 445 ct
770 419 875 454 eripere
887 426 903 446 a
916 426 975 446 ma-

180 460 254 494 litia,
266 465 294 488 ct
303 461 337 489 ad
351 461 479 490 virtutem
497 463 687 492 manuducere.
702 463 814 498 Qualem
828 465 909 500 igitur
924 465 974 492 ha-

179 506 300 534 bebimus
315 508 516 537 excusationem
532 529 539 541 ,
563 516 624 537 cum
646 510 736 545 justus
755 517 842 546 neque
869 511 975 539 ﬁliabus

180 558 281 587 pareat,
293 558 322 580 ut
332 553 466 589 hospitum
482 560 572 583 servet
584 563 676 584 curam
688 565 695 583 :
707 565 758 585 nos
772 561 863 586 autem
877 558 913 586 ita
924 558 974 586 im-

179 598 391 627 misericorditer
402 607 464 635 erga
473 600 570 629 fratres
583 605 689 629 nostros
701 602 858 637 aﬂlciamur,
867 607 893 631 et
904 610 976 639 saepe

180 642 275 678 frigida
290 644 334 672 illa
353 649 381 672 et
404 645 579 674 absurditatis
592 647 670 682 plena
694 648 774 676 verba
790 649 976 684 proferamus?

179 689 248 723 Quid
262 690 351 725 enim,
381 691 487 726 inquit,
515 693 581 721 mihi
602 701 663 722 cum
677 702 710 722 eo
730 695 891 723 commune?
909 695 976 724 mihi

180 742 234 762 non
249 739 291 763 est
301 744 383 769 curm,
399 737 464 765 nihil
480 739 546 766 mihi
568 740 666 775 negotii
682 747 743 768 cum
754 748 796 769 eo.
809 741 878 776 Quid
888 741 955 770 dicis
965 761 974 776 ,

182 779 283 808 homo?
297 781 367 809 Nihil
377 783 424 810 tibi
433 790 576 812 commune
589 792 650 813 cum
673 786 725 814 eo?
744 786 838 815 Frater
850 791 911 815 tuus
922 792 974 822 est,

179 826 300 861 ejusdem
317 832 405 856 tecum
431 833 544 863 naturae,
572 831 623 859 sub
637 831 731 860 eodem
750 833 815 861 estis
842 833 973 867 Domino,

182 879 256 908 stupe
267 874 348 901 etiam
363 875 483 910 ejusdem
498 877 643 912 participes
656 886 766 911 mensae,
784 879 929 914 spiritualis
940 881 972 908 il-

182 919 250 954 lius,
271 921 389 957 inquam,
405 926 432 949 et
448 923 586 957 terribilis,
601 929 629 952 et
646 924 714 952 dicis
729 934 736 952 :
751 925 823 953 Nihil
831 933 974 955 conunune

182 964 270 994 habeo
286 974 346 994 cum
357 975 405 1001 eo;
419 973 446 996 et
460 969 708 998 immiscricorditer
722 972 853 1006 prteteris,
873 976 902 1000 et
921 980 974 1001 non

181 1011 295 1047 porrigis
306 1012 407 1047 jacenti
422 1014 550 1042 manum?
560 1015 593 1043 Ει
607 1015 706 1044 ludatis
717 1016 825 1052 quidem
836 1018 880 1045 lex
891 1019 975 1053 impe-

183 1056 270 1091 rabat,
300 1065 336 1086 ne
370 1059 540 1088 inimicorum
559 1061 633 1096 lapsa
657 1061 779 1097 jumenta
809 1063 976 1099 negligercnt

181 1101 279 1137 (Exod.
296 1104 340 1131 25.
353 1104 383 1140 5)
396 1113 402 1132 :
419 1109 447 1132 ιιι
457 1110 546 1134 autem
560 1105 669 1135 fratrem
677 1112 750 1135 tuum
764 1115 778 1136 a
787 1108 893 1137 diabolo
903 1117 975 1144 sa‘pe

181 1149 327 1177 sauciatum
338 1154 365 1178 et
382 1151 515 1187 iacentem
538 1160 591 1181 non
615 1161 696 1189 super
711 1159 820 1189 terram,
833 1155 880 1184 sed
895 1163 976 1191 super

181 1195 283 1229 peccati
295 1195 450 1225 barathrum
469 1198 574 1233 videns,
589 1204 633 1227 tua
647 1200 835 1229 exhortatione
855 1209 908 1229 non
931 1209 975 1230 re-

183 1240 277 1274 trahis,
293 1249 345 1269 non
356 1242 564 1272 admonitionem
578 1249 648 1272 tuam
661 1246 783 1280 adhibes,
798 1254 851 1274 non
869 1247 937 1274 alios
948 1247 976 1275 in

182 1287 310 1314 auxilium
332 1296 424 1323 vocas,
440 1293 470 1317 ut
483 1291 505 1317 si
520 1289 578 1318 fieri
594 1291 689 1326 possit,
706 1299 721 1318 a
738 1291 859 1320 faucibus
881 1293 976 1321 bestiae

182 1333 332 1360 membrum
344 1337 418 1361 tuum
430 1342 525 1363 eruere
533 1336 637 1370 valeas,
652 1342 679 1365 et
691 1337 726 1364 ad
739 1345 815 1365 suam
838 1338 971 1367 reducere

184 1378 349 1406 nobilitatem
364 1388 371 1406 :
386 1384 415 1408 ut
440 1385 467 1408 et
492 1381 560 1417 ipse,
586 1382 728 1418 siquando
752 1383 893 1416 cecideris,
904 1385 976 1420 quod

183 1424 271 1457 absit,
287 1425 314 1452 in
325 1426 434 1461 laqueos
448 1427 510 1454 mali
518 1427 648 1456 dJllllonIS
662 1429 735 1456 illius
745 1450 753 1462 ,
776 1430 864 1464 possis
876 1430 976 1458 habere

183 1468 290 1504 aliquos
305 1471 350 1506 qui
362 1475 387 1498 te
399 1471 506 1506 juveni,
523 1477 551 1500 et
564 1473 679 1501 libereut
692 1481 705 1500 a
719 1475 841 1502 manibus
858 1474 976 1503 diaboli?

183 1514 230 1542 Sic
240 1519 266 1542 et
278 1515 377 1544 Paulus
389 1518 512 1546 excitare
528 1519 621 1547 volens
641 1520 759 1554 Galatas,
773 1525 801 1548 ut
815 1522 871 1549 suis
884 1523 976 1558 provi-
1000 1515 1003 1518 ’

183 1559 264 1588 deant
274 1562 415 1595 membris,
430 1563 516 1599 inquit
531 1573 537 1591 :
555 1565 726 1593 Considerata;
742 1567 899 1602 temetipsum
914 1588 922 1601 ,
946 1576 978 1596 ne

183 1611 207 1632 et
218 1610 244 1633 tu
257 1607 358 1634 temeri;
375 1607 473 1643 (Galat.
494 1609 522 1637 6.
549 1609 578 1646 I)
590 1619 596 1637 :
609 1611 684 1646 quasi
700 1611 813 1646 diceret,
831 1613 860 1640 Si
875 1614 976 1649 absque

183 1652 419 1682 commiseratione
431 1659 460 1682 ct
472 1655 617 1684 inhutnane
630 1658 740 1685 fratrem
755 1659 888 1694 praeteris,
907 1660 978 1689 forte

184 1701 212 1724 ct
228 1702 264 1731 te,
279 1698 301 1725 si
310 1699 455 1733 cecideris,
470 1701 538 1729 alius
553 1702 676 1730 similiter
687 1704 843 1738 praeteribit.
859 1705 886 1734 Si
897 1705 978 1741 igitur

186 1745 228 1771 vis
245 1752 297 1772 non
317 1746 418 1781 despici
441 1748 528 1776 sicubi
549 1748 666 1783 labaris,
683 1758 717 1778 ne
741 1750 799 1785 ipse
820 1751 977 1787 despexeris

185 1790 267 1817 alium
282 1791 345 1818 :scd
359 1800 482 1828 magnam
495 1801 552 1828 pne
568 1798 595 1822 te
605 1794 646 1822 fer
657 1795 860 1831 benignitatem,
874 1802 901 1825 et
919 1797 978 1826 the-

186 1843 295 1864 saurqu
306 1838 388 1866 crede
402 1840 564 1875 maximum,
578 1841 600 1868 si
618 1849 729 1870 servare
746 1844 833 1878 possis
855 1844 975 1873 fratrem.

185 1881 255 1910 Nihil
271 1883 341 1911 enim
356 1884 419 1913 huic
438 1894 563 1921 umquam
583 1895 631 1922 par
651 1887 708 1915 ﬁeri
734 1889 842 1923 poterit,
858 1890 928 1925 quod
942 1890 977 1918 ad

186 1928 310 1956 virtutem
326 1931 431 1958 attinet.
445 1931 511 1959 Nam
532 1933 554 1960 si
578 1933 665 1960 solum
693 1934 853 1969 cogitaveris
883 1935 974 1970 illum,

186 1981 266 2009 quem
277 1975 392 2010 despicis
405 1981 432 2004 ct
450 1977 582 2012 praeteris,
594 1986 608 2005 a
620 1978 734 2006 Domino
750 1983 794 2007 tuo
806 1984 879 2007 tanto
887 1980 913 2008 in
925 1980 977 2009 bo-

189 2028 255 2048 norc
277 2020 396 2049 habitum
420 2022 511 2056 fuisse,
529 2027 558 2051 ut
581 2028 690 2059 propter
706 2024 792 2060 ipsum
806 2032 859 2052 non
873 2025 978 2062 refuge-

186 2067 221 2094 rit
233 2072 260 2094 ct
271 2069 426 2103 sanguinem
438 2077 516 2097 suum
532 2070 682 2105 effundere,
696 2071 765 2099 sicut
778 2076 807 2099 et
817 2072 915 2100 Paulus
933 2073 976 2100 di-

188 2112 244 2139 cit:
263 2112 296 2139 Et
311 2114 400 2148 peribit
424 2115 542 2150 inﬁrmus
554 2117 632 2151 frater
654 2117 680 2143 in
696 2121 738 2144 tua
748 2118 861 2150 scientia,
876 2123 978 2154 propter

186 2166 260 2194 quem
279 2158 393 2187 Christus
408 2166 519 2188 mortuus
531 2166 567 2189 est
591 2162 629 2197 (I.
646 2162 705 2190 Cor.
719 2162 746 2190 8.
764 2163 828 2199 II):
843 2164 978 2198 quomodo

188 2214 240 2234 non
262 2216 316 2242 pra:
336 2206 438 2243 pudore
454 2207 505 2236 sub
520 2211 592 2236 terra
620 2212 646 2238 te
662 2208 833 2238 abscendes?
847 2209 876 2236 Si
898 2209 979 2245 igitur

187 2258 296 2288 propter
311 2254 385 2281 illum
407 2254 528 2283 Christus
550 2256 706 2291 sanguinem
725 2253 828 2290 eii'udit,
842 2254 905 2292 quid
926 2263 979 2286 Ina-

186 2305 267 2332 gnum
280 2297 373 2332 facies,
389 2299 411 2326 si
428 2305 499 2327 tuam
514 2300 540 2327 in
553 2308 613 2328 eum
628 2300 750 2329 declares
764 2301 978 2330 benevolentiam

187 2348 214 2370 et
227 2344 412 2372 exhortatione
421 2346 562 2373 verborum
575 2346 709 2381 jacentcm
721 2347 818 2382 erigas,
828 2351 854 2375 et
862 2349 977 2376 animatn

186 2397 301 2417 mersam
316 2391 384 2419 forte
402 2395 429 2419 ct
443 2392 608 2420 submersam
623 2393 723 2420 referas
738 2401 770 2421 ex
783 2394 915 2428 profundo
923 2402 980 2421 ma-

187 2437 262 2470 litite,
278 2442 307 2465 et
321 2438 386 2466 illud
400 2443 505 2474 satagas
515 2443 544 2466 ut
556 2439 642 2466 videat
657 2440 762 2468 virtutis
773 2440 871 2475 lucem,
885 2448 917 2469 ac
924 2449 978 2469 non

187 2489 309 2511 recurrat
321 2483 356 2510 ad
371 2484 496 2511 vitiorum
515 2485 675 2520 caliginem?

223 2529 249 2555 5.
267 2529 407 2556 Imitemur
421 2530 510 2564 igitur,
530 2530 654 2562 obsecro,
667 2530 769 2565 justum
785 2531 860 2558 illum
871 2552 879 2568 ,
904 2536 932 2559 et
957 2533 980 2560 si

186 2573 394 2608 periclitandum
413 2575 493 2602 etiam
508 2574 590 2602 fuerit
605 2583 653 2610 pro
669 2576 755 2603 salute
775 2577 899 2611 proximi,
926 2585 979 2605 non

187 2620 238 2647 hoc
252 2620 486 2656 subterfugiamus.
501 2621 568 2649 Nam
579 2623 630 2650 tale
643 2622 789 2657 periculum
803 2623 880 2651 nobis
888 2624 981 2652 salutis

146 2692 148 2694 .
187 2666 267 2694 fuerit
276 2667 392 2701 occasio,
405 2667 569 2703 multamque
582 2668 736 2696 conciliabit
757 2669 891 2697 fiduciam.
906 2670 980 2698 Con-

187 2713 277 2740 sidera
291 2713 372 2746 enim,
389 2714 514 2747 obsecro,
537 2715 672 2749 quomodo
683 2715 770 2750 justus
784 2716 829 2744 ille
839 2717 887 2744 toti
897 2725 981 2753 popu—

189 2760 225 2792 Io,
246 2760 291 2795 qui
308 2760 343 2786 ita
355 2760 381 2787 in
394 2760 524 2788 malitiam
539 2761 753 2795 conspiraverat,
769 2769 798 2789 se
808 2763 980 2798 opposuerit,

188 2811 215 2834 et
228 2814 351 2842 magnam
366 2807 536 2834 clementiam
561 2806 776 2844 ineffabilemque
797 2808 981 2836 fortitudinem

190 2861 246 2888 pro:
260 2859 290 2880 se
305 2852 405 2884 tulerit,
417 2852 539 2888 quamvis
562 2859 649 2887 neque
671 2853 710 2880 sic
720 2854 854 2890 corrigere
866 2855 983 2890 potuerit

191 2899 348 2927 indomitam
361 2899 464 2927 illorum
477 2897 618 2927 insaniam.
632 2899 733 2935 Quippe
746 2905 807 2935 post
822 2900 903 2929 verba
916 2900 962 2930 illa
971 2919 980 2935 ,

682 177 715 207 IN
734 178 810 207 CAP.
831 178 904 207 XIX.
923 177 1045 208 GENES.
1066 178 1183 208 HOMIL.
1204 180 1296 209 XLIII.

177 233 252 269 dico)
262 233 374 261 omnino
388 234 493 270 ignotos
502 234 618 270 eriperet
627 235 662 263 ab
676 235 819 271 impiorum
834 240 974 264 contume—
998 241 1003 247 '

1769 185 1822 213 ιω

1029 240 1057 264 et
1073 240 1126 264 tam
1149 236 1274 264 eximiam
1300 238 1530 267 mansuetudinem
1544 260 1551 271 ,
1580 246 1639 267 cum
1665 239 1755 268 verbis
1770 242 1826 266 suis

1027 281 1102 317 quasi
1115 281 1238 310 manibus
1246 283 1427 317 prostituisset
1437 284 1516 318 filias,
1528 284 1592 320 quid
1605 285 1697 312 dicunt
1704 285 1738 312 ad
1746 286 1825 312 ettlu?

1027 327 1055 356 9.
1068 328 1167 355 Recede
1191 328 1262 356 illuc.
1278 328 1300 357 Ο
1320 336 1428 364 gravem
1451 330 1627 359 ebrietatem!
1646 339 1662 359 ο
1688 332 1824 367 ingentem

1028 372 1224 409 insipientiam!
1242 373 1270 402 In
1293 374 1364 402 hunc
1387 375 1496 403 modum
1511 383 1539 403 se
1564 376 1645 404 habet
1674 376 1784 405 efferata
1797 383 1825 405 ct

1028 419 1097 447 mala
1112 419 1197 447 bestia
1210 421 1426 455 concupiscentia
1439 430 1445 448 :
1459 421 1565 456 quando
1575 422 1707 450 rationem
1717 422 1823 456 vicerit,

1028 464 1094 492 nihil
1107 465 1235 493 decorum
1246 470 1273 493 et
1288 466 1428 494 honestum
1447 467 1539 502 videre
1553 468 1627 501 sinit,
1643 468 1691 496 scd
1704 469 1780 503 quasi
1797 469 1825 497 in

1028 510 1149 538 tenebris
1162 517 1189 538 et
1203 519 1288 546 pugna
1305 517 1436 539 nocturna
1449 512 1537 539 omnia
1551 512 1622 540 facit.
1642 513 1737 541 Recede
1750 513 1823 545 illuc,

1027 556 1135 583 dicunt:
1148 557 1235 584 venisti
1248 562 1275 583 ut
1290 565 1355 584 esse:
1365 558 1473 591 aduena,
1486 558 1607 593 numquid
1621 559 1698 586 etiam
1710 564 1737 586 ut
1746 559 1823 594 judi-

1026 602 1093 629 cium
1108 602 1232 637 judt'res.’
1246 602 1315 638 Ergo
1328 612 1395 630 nunc
1406 608 1429 630 te
1439 604 1575 639 aﬂligemus
1591 604 1681 640 magis,
1698 613 1774 639 quam
1788 605 1823 632 il-

1027 647 1075 675 los.
1091 647 1158 676 Vide
1173 649 1307 684 quomodo
1319 649 1407 684 justus
1417 655 1556 677 mansuete
1569 657 1629 677 cum
1638 651 1678 678 eis
1688 650 1816 685 loquitur,

1028 693 1066 721 illi
1084 698 1173 722 autem
1189 700 1287 729 quanta
1307 695 1446 723 ferocitate
1463 696 1636 731 respondent.
1662 696 1741 724 Enim
1757 704 1822 723 vero

1026 739 1102 774 quasi
1115 747 1130 766 a
1143 739 1250 768 diabolo
1270 741 1407 776 exagitati,
1428 745 1456 769 ct
1468 749 1502 769 eo
1526 742 1651 770 ducatum
1665 742 1819 778 praebente.

1027 785 1063 813 ita
1074 790 1168 814 contra
1179 785 1282 821 justum
1297 787 1446 822 insurgunt,
1463 792 1491 815 et
1502 787 1594 815 dicunt
1607 796 1615 815 :
1629 787 1725 815 Venisti
1736 793 1762 815 ut
1775 789 1822 815 od-

1026 838 1090 858 ttena
1104 839 1179 865 esses,
1194 832 1317 868 numquid
1329 833 1404 860 etiam
1414 838 1440 860 ut
1456 833 1582 868 judicium
1591 833 1692 869 judices
1703 834 1716 861 .7
1729 834 1820 861 Adve-

1027 884 1088 904 nam
1116 881 1152 910 te,
1169 877 1300 912 inquiunt,
1320 878 1486 913 suscepimus
1502 887 1584 906 :num
1596 883 1623 907 et
1635 879 1716 914 judex
1730 884 1823 907 noster

1027 929 1057 950 es
1083 921 1190 949 factus?
1210 922 1232 950 Ο
1253 928 1400 950 extremam
1435 923 1652 959 improbitatem!
1675 924 1822 959 Oportebat

1026 968 1195 1000 erubescere,
1210 968 1351 1004 oportebat
1360 969 1477 997 revereri
1487 970 1625 997 consilium
1633 969 1696 1005 justi
1709 979 1716 998 :
1728 977 1821 998 verum

1028 1014 1096 1041 sicut
1108 1015 1195 1042 insani
1205 1016 1285 1043 etiam
1297 1015 1430 1042 tnedicum
1452 1015 1582 1051 impetere
1593 1020 1733 1048 conantur,
1745 1015 1780 1043 ita
1794 1020 1822 1042 et

1027 1059 1066 1087 illi
1082 1068 1089 1087 :
1105 1059 1151 1092 Te,
1166 1061 1251 1093 aiunt,
1275 1061 1355 1096 magis
1369 1061 1515 1097 aﬂligemus,
1530 1070 1606 1097 quam
1629 1061 1697 1089 illos.
1724 1061 1751 1089 Si
1767 1069 1820 1088 non

1028 1106 1078 1140 vis,
1089 1106 1174 1140 aiunt,
1188 1107 1269 1135 silere
1281 1112 1308 1135 et
1323 1108 1473 1142 quiescere,
1488 1107 1578 1135 disces
1586 1112 1611 1135 te
1620 1108 1766 1143 patrocinio
1775 1111 1821 1135 tuo

1027 1151 1094 1179 nibil
1108 1151 1179 1179 aliud
1192 1152 1360 1186 effecturum,
1375 1158 1552 1188 praeterquam
1576 1153 1648 1188 quod
1659 1153 1697 1181 illi
1712 1153 1820 1188 quidem

1027 1196 1175 1231 periculum
1186 1197 1326 1231 effugient,
1342 1201 1370 1224 tu
1380 1201 1468 1224 autem
1482 1198 1508 1224 in
1529 1198 1616 1232 ipsum
1631 1197 1743 1229 incides.
1766 1198 1820 1224 Fa-

1027 1242 1124 1270 ciebant
1137 1248 1220 1270 autent
1231 1244 1280 1271 vim
1294 1243 1342 1271 Lat
1357 1244 1438 1271 valde.
1451 1243 1518 1271 Vide
1528 1244 1627 1279 justum
1644 1244 1718 1271 illum
1732 1251 1820 1279 quan-

1028 1293 1082 1316 tam
1095 1289 1276 1316 fortitudinem
1294 1289 1429 1323 declarat,
1447 1294 1475 1317 et
1501 1293 1580 1317 tanta:
1593 1289 1754 1317 multitudini
1769 1297 1818 1324 op-

1027 1342 1128 1370 ponere
1142 1342 1172 1362 se
1195 1339 1286 1362 tentat.
1305 1335 1337 1362 Et
1358 1335 1636 1371 appropinquaverunt,
1661 1335 1763 1371 inquit,
1793 1340 1822 1361 ut

1030 1384 1185 1407 contereth
1194 1381 1313 1416 januam.
1328 1380 1394 1408 Nam
1408 1381 1533 1416 quoniam
1550 1388 1716 1415 egressurus,
1730 1386 1757 1408 et
1771 1380 1819 1408 Ito—

1030 1433 1089 1453 rum
1104 1426 1233 1454 insaniam
1245 1426 1395 1462 pratvidens
1408 1427 1503 1455 clausit
1516 1431 1575 1462 post
1589 1433 1620 1454 se
1632 1427 1751 1461 januam,
1768 1435 1821 1453 non

1028 1472 1144 1500 ferentes
1167 1472 1241 1507 impii
1261 1476 1288 1501 et
1311 1472 1417 1500 scelesti
1448 1473 1487 1500 illi
1513 1472 1722 1500 admonitionem
1743 1473 1819 1506 justi,

1029 1518 1114 1552 ipsutn
1129 1519 1153 1545 vi
1166 1518 1333 1553 premebant,
1353 1518 1497 1553 etjanuam
1519 1521 1659 1545 conterere
1673 1517 1821 1544 molieban-

1030 1567 1082 1590 tur.
1099 1563 1152 1591 Sed
1168 1564 1230 1599 quia
1243 1563 1371 1599 operibus
1384 1564 1450 1591 satis
1462 1563 1644 1591 demonstrata
1659 1562 1745 1590 fuerat
1754 1563 1819 1598 justi

1029 1610 1123 1643 virtus,
1145 1615 1172 1638 et
1191 1610 1357 1645 hospitalitas
1376 1617 1439 1645 erga
1465 1617 1512 1637 eos
1526 1610 1571 1645 qui
1597 1609 1729 1644 peregrini
1742 1614 1820 1644 puta-

1030 1655 1134 1687 bantur,
1149 1663 1198 1683 nec
1219 1664 1272 1683 non
1284 1660 1311 1683 et
1330 1655 1494 1690 conspiratio
1515 1655 1595 1683 totius
1610 1655 1700 1690 populi
1719 1655 1745 1682 in
1761 1662 1820 1681 ma-

1029 1700 1094 1733 lum,
1112 1705 1176 1728 tunc
1186 1705 1214 1728 et
1229 1701 1246 1728 ii
1261 1701 1306 1736 qui
1317 1701 1491 1734 advenerant,
1508 1700 1714 1727 manifestarunt
1732 1707 1771 1727 se.
1786 1699 1820 1727 Et

1029 1747 1092 1782 quia
1111 1747 1231 1774 viderant
1247 1747 1347 1782 justuut
1361 1754 1441 1774 omne
1454 1746 1572 1774 officium
1584 1754 1661 1774 suum
1675 1746 1800 1781 implesse
1811 1765 1819 1778 ,

1029 1801 1105 1822 suam
1120 1793 1288 1821 declarantes
1313 1793 1468 1828 potentiam,
1480 1793 1615 1828 suppetias
1628 1792 1716 1820 ferunt
1727 1792 1800 1827 justo
1811 1811 1821 1824 ,

1029 1839 1072 1867 cui
1089 1839 1129 1866 vis
1144 1838 1225 1865 ﬁebat
1238 1839 1272 1866 ab
1289 1838 1394 1866 illorum
1420 1838 1532 1865 insania.
1549 1837 1592 1865 IO.
1610 1837 1710 1871 Itaque,
1725 1837 1820 1872 linquit,

1029 1886 1077 1913 uiri
1088 1885 1203 1912 omnibus
1216 1885 1321 1912 extentis
1341 1889 1497 1911 attraxerth
1512 1883 1561 1911 Lot
1573 1883 1607 1911 ad
1616 1892 1644 1911 se
1657 1884 1683 1912 in
1696 1884 1797 1911 domum
1813 1904 1820 1916 ,

1029 1935 1052 1957 et
1060 1931 1171 1965 januam
1183 1930 1274 1957 demus
1289 1930 1432 1957 clauserunt
1442 1938 1453 1962 ;
1469 1930 1512 1957 II.
1527 1929 1594 1956 viros
1603 1934 1687 1956 autem
1698 1929 1740 1964 qui
1752 1934 1824 1955 erant

1029 1975 1099 2011 apud
1112 1975 1221 2011 januam
1244 1979 1419 2010 percusserunt
1440 1975 1552 2001 ctacitate
1573 1982 1589 2001 a
1605 1982 1681 2010 parvo
1694 1982 1771 2008 usque
1789 1974 1824 2000 ad

1029 2030 1160 2057 magnum,
1173 2027 1197 2048 et
1209 2021 1325 2049 dissoluti
1334 2026 1392 2048 sunt
1401 2026 1539 2057 quan-entes
1548 2021 1667 2056 januam.
1681 2020 1760 2048 Vides
1771 2028 1824 2055 quo

1031 2073 1109 2102 pacto
1127 2067 1215 2102 justus
1237 2066 1283 2095 ille
1298 2067 1387 2094 statim
1404 2066 1593 2101 hospitalitatis
1612 2066 1709 2100 accipit
1722 2073 1826 2093 mercc-

1030 2113 1111 2146 dem,
1130 2117 1158 2140 et
1178 2113 1251 2147 impii
1282 2112 1320 2140 illi
1342 2112 1421 2147 digna
1448 2111 1599 2146 plectuntur
1628 2111 1729 2147 paena?
1751 2111 1822 2139 Dicit

1030 2158 1102 2186 enim
1119 2167 1125 2185 :
1140 2158 1302 2185 Attraxerunt
1315 2157 1364 2185 Lot
1377 2157 1402 2184 in
1417 2157 1531 2190 deruunt,
1557 2162 1581 2184 et
1603 2158 1707 2190 ianuam
1721 2157 1820 2184 clause-

1030 2209 1090 2232 runt
1098 2212 1109 2237 ;
1120 2204 1187 2231 viros
1199 2208 1284 2231 autent
1307 2208 1484 2238 percusserunt
1498 2203 1610 2230 rmcitate
1630 2210 1646 2229 a
1659 2211 1735 2238 parvo
1746 2210 1824 2240 usque

1030 2250 1065 2281 ad
1075 2258 1206 2289 magnum,
1222 2254 1247 2279 et
1260 2248 1379 2279 dissoluti
1399 2256 1457 2278 sunt
1468 2255 1607 2286 quaerentes
1617 2252 1738 2286 januam.
1753 2250 1825 2285 Quo-

1031 2299 1103 2327 niam
1116 2298 1215 2326 mentis
1229 2305 1322 2325 eorum
1345 2296 1439 2324 oculus
1459 2301 1610 2324 excaecatus
1634 2300 1702 2328 erat,
1718 2301 1827 2331 propter

1032 2346 1084 2374 hoc
1097 2350 1124 2373 et
1132 2345 1189 2373 visu
1203 2345 1297 2380 privati
1311 2347 1373 2371 sunt
1386 2352 1393 2370 :
1405 2347 1433 2370 ut
1444 2343 1547 2377 discant
1557 2342 1621 2370 nihil
1636 2342 1685 2370 sibi
1700 2341 1827 2377 prodeSse

1031 2391 1185 2427 corporales
1199 2390 1291 2418 oculos
1304 2410 1311 2423 ,
1327 2389 1350 2417 si
1362 2388 1433 2416 oculi
1459 2388 1557 2415 mentis
1578 2387 1677 2414 fuerint
1689 2387 1826 2416 exctcczti.

1033 2438 1067 2466 Et
1077 2438 1138 2472 quia
1152 2436 1375 2471 conspiraverant
1393 2435 1421 2462 in
1438 2433 1549 2466 malitia,
1565 2437 1593 2460 et
1615 2439 1629 2459 a
1646 2432 1716 2459 malo
1729 2436 1827 2459 conatu

1033 2492 1121 2520 neque
1132 2490 1210 2511 senes
1220 2489 1306 2516 neque
1321 2481 1434 2516 juvenes
1455 2478 1635 2510 abstinebant,
1656 2477 1719 2504 ideo
1732 2484 1827 2504 omnes

1033 2529 1158 2558 excaecati
1173 2532 1234 2555 sunt
1250 2532 1296 2554 :et
1308 2533 1360 2553 non
1374 2525 1460 2553 solum
1475 2523 1611 2555 excmcati,
1627 2522 1674 2550 sed
1690 2527 1718 2549 et
1727 2522 1828 2549 viribus

1033 2574 1155 2610 corporis
1173 2573 1292 2601 destituti
1306 2575 1388 2599 sunt:
1405 2569 1619 2604 quandoquidem
1637 2568 1709 2596 enim
1724 2567 1828 2602 potitre

1034 2620 1151 2649 hominis
1165 2623 1242 2654 parte
1255 2617 1343 2644 anima
1361 2614 1493 2644 debilitati
1508 2619 1595 2646 erant,
1612 2613 1711 2641 idcirco
1727 2613 1828 2641 viribus

1035 2667 1116 2694 etiam
1139 2664 1261 2699 corporis
1275 2666 1337 2690 sunt
1358 2661 1534 2689 destituti:et
1559 2660 1604 2694 qui
1628 2659 1700 2694 prius
1719 2659 1827 2693 januam

1035 2718 1175 2740 conterere
1202 2709 1354 2737 nitebantur
1374 2706 1552 2741 adhibitisque
1577 2704 1656 2732 minis
1673 2711 1734 2731 cum
1756 2704 1829 2738 justo

1035 2757 1220 2793 loquebantur,
1233 2755 1321 2782 subito
1330 2756 1462 2781 steterunt
1474 2751 1570 2778 luxatis
1580 2749 1718 2783 membris,
1730 2755 1755 2776 et
1767 2754 1830 2776 ante

1034 2805 1128 2834 oculos
1139 2803 1216 2831 sitam
1229 2801 1338 2837 januam
1356 2807 1407 2827 non
1420 2798 1549 2826 videntes.
1562 2797 1638 2824 Tunc
1651 2796 1727 2831 quasi
1743 2796 1829 2830 respi-

1038 2852 1107 2881 ravit
1132 2851 1231 2885 justus,
1255 2848 1348 2875 videns
1378 2845 1472 2881 quales
1505 2844 1624 2879 hospites
1658 2846 1767 2874 essent,
1801 2845 1828 2868 ct

1038 2906 1117 2935 quam
1131 2904 1234 2933 magna:
1253 2894 1368 2923 virtutis.
1384 2892 1429 2922 12.
1450 2891 1556 2921 Etenim
1577 2890 1704 2918 Dixerunt
1723 2889 1757 2916 ad
1772 2893 1828 2916 cum
