2044 3131
226 170 278 198 407)

214 219 348 250 uiri:Est
362 219 419 255 quis
440 219 485 246 tibi
508 219 548 246 hic
575 227 650 253 gener
675 219 713 244 eet
739 218 786 252 filii
807 218 845 245 uel
869 217 946 251 ﬁlite,
972 218 1010 245 vel

218 268 289 294 silius
311 267 367 302 quis
389 265 416 292 in
440 264 560 292 civitate?
574 263 640 291 Vide
656 263 791 298 quoutodo
809 262 872 297 justi
894 262 1013 296 hospita-

217 314 325 342 litatem
343 316 532 343 remunerant,
556 316 584 338 et
603 310 736 345 quomodo
760 309 784 336 ei
806 309 896 344 largiri
920 309 1012 336 volunt

222 360 342 387 uﬂluium
355 358 475 386 omniutu
502 357 624 385 salutem.
642 356 669 384 Si
694 356 753 391 quis
770 360 814 382 est
834 355 880 382 tibi
892 375 901 386 ,
918 354 1011 389 ittquit,

221 404 252 432 in
276 405 388 432 civitate
402 424 410 436 ,
437 406 458 431 si
478 411 557 438 quem
577 410 684 430 serVare
708 402 793 436 cupis.
820 401 842 428 si
859 409 938 435 quem
960 401 1013 427 scis

224 451 259 477 ab
274 449 507 478 istoruutcrimine
521 449 648 481 alienum,
661 447 735 474 Educ
758 455 790 473 ea;
817 446 863 473 hoc
890 446 944 472 loco
957 465 965 478 ,
981 449 1015 471 -ει

224 495 260 523 de
286 501 313 525 te
329 503 375 527 ra;
407 501 501 521 omnes
526 493 573 528 qui
595 493 642 520 tibi
668 492 752 527 juncti
779 496 841 519 suttt
866 491 954 518 educ:
971 490 1014 517 l5.

225 540 362 568 Perdimus
384 539 452 566 enim
476 547 521 565 nos
545 538 627 565 locant
651 538 728 565 hunc.
747 536 847 564 Deinde
859 541 886 563 et
907 543 1014 563 causatn

223 585 484 620 aﬂ‘eruntrjustutn
510 585 599 612 omnia
624 584 767 620 diligenter
779 583 918 611 docentes.
949 583 1016 616 Quia

223 631 350 659 “altatus
387 636 434 664 est,
467 631 573 665 inquit,
596 630 693 657 clamor
715 638 802 657 eorum
824 637 909 656 coram
929 627 1018 655 Domi-

225 686 278 710 no,
305 682 329 704 et
346 677 414 704 misit
433 685 479 704 nos
493 693 497 697 -
509 676 633 703 Dominus
650 681 678 703 ut
699 681 865 702 esterercmus
886 683 938 702 eos.
962 674 1018 702 Hoc

224 728 284 751 erat
302 723 373 758 quod
403 723 541 751 dicebatur
561 722 719 757 patriarcha:
747 721 861 749 Abrahte
887 730 893 748 :
916 721 1018 748 Clamor

224 769 397 796 Sodomorum
418 773 441 795 et
454 767 612 795 -Goutorrlue
630 767 813 802 multiplicatus
824 771 860 794 eu
876 766 947 801 apud
968 774 1017 794 me.

227 814 362 841 Exaltatus
384 818 431 844 est.
456 813 679 848 inquiI,-clantor
692 821 779 840 eorum
801 821 887 840 coram
910 812 1019 840 Domino

226 859 303 894 (Gen.
320 859 363 887 t8.
378 859 436 895 eo).

262 907 289 934 ϐ.
303 906 418 935 Grandis
439 905 619 941 pervcrsitatis
638 913 731 934 eorum
747 906 910 940 magnitudo,
933 909 961 934 et
975 905 1018 933 id-

226 952 310 986 circo,
325 952 385 987 quia
401 951 552 979 incnrabilis
567 953 685 983 morbus.
701 957 728 979 et
743 952 838 980 vulnus
854 951 905 979 ltoc
920 952 1020 979 nullam

227 1004 318 1024 curam
334 997 438 1031 recipit,
449 997 521 1024 misit
534 1003 583 1024 nos
591 997 718 1025 Dominus
727 1002 754 1024 ut
765 1002 948 1024 estereremus
962 1004 1019 1024 cos.

228 1042 262 1070 Et
276 1042 327 1070 ltoc
340 1047 381 1070 est
392 1042 462 1077 quod
473 1043 580 1070 dicebat
592 1043 673 1070 David
686 1052 692 1070 :
709 1043 759 1077 Qui
774 1043 834 1079 facit
847 1044 950 1079 angelos
963 1051 1022 1070 suos

227 1089 343 1124 spiritus,
363 1093 386 1116 et
400 1089 527 1116 ministros
546 1097 604 1116 suos
618 1089 748 1124 ﬂammant
763 1089 828 1124 ignis
847 1089 856 1124 (
870 1087 942 1115 Paul.
959 1089 1021 1116 105,

228 1134 270 1168 4).
284 1133 361 1167 Quia,
377 1134 471 1169 inquit,
487 1134 643 1161 advenimus
657 1134 689 1161 ad
704 1134 773 1161 hanc
784 1134 918 1169 regionem
930 1133 1023 1162 delen-

228 1179 290 1207 dam
316 1181 445 1215 (propter
468 1179 595 1207 malitiam
619 1179 690 1208 enim
715 1179 918 1207 inhabitantium
942 1180 1023 1207 etiam

230 1231 300 1253 terra
315 1233 420 1260 poenam
433 1225 716 1261 aecipiet),egredere
729 1230 757 1253 tu
774 1225 845 1253 hinc.
860 1225 923 1253 Hinc
936 1229 964 1252 ut
976 1233 1024 1252 au-

230 1271 299 1298 divit
307 1271 405 1306 justus,
417 1276 444 1298 et
453 1271 545 1299 didicit
557 1279 664 1299 causam
678 1276 786 1307 propter
798 1279 877 1306 quam
892 1271 1024 1299 aﬂuerunt

230 1317 280 1344 viri
295 1317 411 1352 quidem,
428 1322 456 1344 ut
477 1318 652 1352 apparebant,
673 1318 760 1352 angeli
778 1323 868 1344 autem
883 1324 977 1345 revera
997 1321 1024 1344 et

230 1362 343 1390 ministri
355 1363 400 1390 Dei
414 1363 542 1395 omnium,
557 1363 601 1390 M.
613 1362 738 1399 Egressus
751 1362 798 1390 Lot
808 1363 928 1396 loquutus
939 1367 976 1390 est
985 1370 1024 1398 ge-

231 1411 297 1435 neris
310 1409 372 1441 suis,
385 1409 429 1441 qui
440 1413 587 1443 acceperant
600 1409 667 1443 [ilius
681 1417 745 1444 ejus.
760 1409 837 1443 Atqui
851 1416 932 1443 supra
946 1409 1023 1436 dice-

230 1454 277 1482 bat
297 1454 385 1490 impiis
408 1455 470 1489 illis,
490 1454 556 1482 Ecce
573 1455 636 1482 duas
654 1455 722 1490 ﬁlias
738 1455 825 1488 habeo,
837 1462 894 1490 quia
912 1455 1024 1482 nondum

233 1506 402 1536 cognoverunt
417 1502 482 1529 uiros
495 1509 504 1528 :
516 1502 650 1536 quomodo
671 1501 807 1536 igiturhic
824 1502 898 1534 dicit,
922 1501 1024 1528 Generis

230 1547 294 1578 suis,
305 1547 347 1581 qui
361 1552 508 1582 acceperant
517 1547 584 1581 ﬁlias
597 1548 671 1582 ejus?
682 1547 721 1575 Ne
734 1552 810 1582 putes
821 1548 952 1575 contraria
965 1555 1025 1576 esse

232 1592 291 1618 haec
307 1591 369 1623 illis,
385 1599 445 1627 quae
458 1593 580 1627 superius
594 1600 609 1620 a
626 1593 699 1628 justo
713 1597 776 1620 sunt
788 1593 868 1620 dicta.
884 1593 941 1620 Mos
953 1593 1024 1620 enim

232 1637 278 1665 ille
291 1638 426 1666 veteribus
435 1644 503 1671 erat,
518 1644 580 1667 ante
592 1639 704 1667 multum
719 1644 824 1676 tempus
836 1639 968 1675 sponsalia
985 1640 1024 1667 la-

231 1691 312 1711 cere:
326 1691 398 1720 stcpe
413 1685 475 1713 item
489 1691 515 1713 et
527 1686 680 1714 cohabitare
694 1686 861 1721 desponsatis
871 1707 878 1720 ,
898 1691 926 1714 et
946 1687 1024 1714 simul

231 1737 292 1757 eum
315 1731 468 1764 parentibus
487 1732 608 1760 versari:
623 1732 648 1760 id
668 1732 738 1768 quod
760 1737 787 1760 et
801 1740 872 1760 nunc
892 1732 983 1760 multis
998 1732 1024 1760 in

231 1774 298 1802 locis
323 1775 381 1802 ﬁeri
405 1776 484 1804 solet.
506 1776 573 1810 Quia
593 1777 672 1812 igitur
682 1778 738 1813 jam
762 1778 933 1814 desponsatio
956 1778 1024 1806 facta

231 1824 300 1853 erat,
318 1819 381 1848 ideo
395 1825 532 1849 vocateos
546 1829 660 1856 generos
674 1827 700 1850 et
715 1821 791 1855 dicit,
806 1823 856 1857 Qui
876 1827 1024 1858 acceperant

232 1865 301 1899 ﬁlias
312 1866 378 1900 ejus,
396 1867 532 1902 proposito
545 1868 667 1896 videlicet
679 1875 712 1896 ac
726 1873 818 1897 tnutuo
830 1877 973 1897 consensu.
990 1869 1024 1896 Et

232 1909 294 1937 dicit
306 1918 316 1937 :
331 1911 442 1946 Surgite,
454 1917 477 1939 et
492 1913 556 1940 exite
568 1914 598 1940 de
612 1914 659 1941 hoc
673 1915 728 1941 loco
739 1922 750 1942 :
761 1915 822 1949 quia
831 1916 922 1943 exterit
934 1915 1025 1943 Domi-

230 1957 428 1985 πυιιεὶυἰιαιεηι,
437 1957 521 1986 -Visus
533 1963 569 1986 est
581 1964 667 1988 autent.
679 1960 872 1996 ridicula-loqui
879 1970 965 1988 coram
979 1970 1024 1997 ge-

229 2001 301 2028 neris
314 2003 376 2029 suis.
396 2003 460 2031 Vide
474 2005 607 2038 quomodo
621 2013 637 2033 e
651 2005 722 2033 malo
736 2005 782 2033 illo
797 2005 928 2034 fermento
948 2012 1025 2034 erant

227 2051 260 2074 .et
275 2048 328 2074 isti.
344 2048 376 2075 Et
390 2054 530 2083 propterea
544 2051 636 2078 volens
649 2051 719 2079 Deus
731 2052 790 2079 cito
798 2052 912 2080 liberare
921 2052 1024 2088 justum

233 2092 267 2119 ab
281 2093 536 2128 illorumal‘linitate,
552 2104 604 2123 non
619 2097 740 2131 permisit
749 2102 778 2125 ut
789 2098 1026 2126 commiseerentur

234 2145 294 2165 cum
308 2139 412 2167 ﬁliabus
422 2141 486 2175 justi
498 2149 506 2168 :
517 2142 564 2169 sed
577 2151 637 2170 cum
656 2143 743 2178 impiis
755 2144 836 2171 etiam
856 2144 915 2172 illos
933 2145 1024 2180 perdi-

230 2183 282 2216 dit,
299 2190 328 2212 ut
345 2187 569 2221 egressus-justus
589 2196 649 2215 cuin
666 2189 768 2217 ﬁliabus
785 2190 1025 2224 eﬂ'ugeret-eorum

229 2231 430 2265 cognationem.
451 2231 542 2268 itaque
560 2241 620 2261 eum
635 2234 757 2261 audirent
770 2242 785 2262 a
803 2235 875 2269 justo
892 2237 1026 2264 terribiles

235 2274 294 2302 illas
306 2276 402 2310 minas,
417 2278 492 2311 quasi
510 2277 718 2311 subsannabant,
732 2284 760 2307 et
775 2280 901 2314 putabant
923 2281 1024 2308 delira-

236 2328 286 2346 ute
300 2325 324 2347 ta
336 2328 396 2349 esse
409 2330 467 2356 quae
477 2322 643 2350 dicebantur.
659 2323 846 2352 Verumtamen
854 2325 943 2360 justus
954 2326 1026 2361 quod

235 2373 312 2400 suum
325 2371 385 2395 erat
394 2367 515 2401 faciebat,
526 2373 556 2396 et
567 2369 627 2403 quia
639 2370 722 2397 semel
738 2370 788 2397 illis
803 2371 869 2398 lilias
879 2371 1026 2406 desponsa-

237 2416 286 2443 ιρι,
302 2413 384 2440 voluit
395 2414 500 2447 eripere
513 2422 559 2442 eos
576 2422 590 2441 a
603 2415 732 2450 supplicio
747 2425 754 2444 :
770 2420 798 2443 at
811 2417 848 2443 illi
863 2417 1004 2446 noluerunt
1016 2440 1025 2452 ,

234 2459 283 2486 scd
296 2460 323 2487 in
338 2460 455 2487 moribus
468 2461 523 2488 suis
542 2467 707 2496 manserunt,
729 2468 756 2491 et
767 2464 858 2500 reipsa
877 2465 1027 2494 didicerunt

235 2512 265 2531 se
287 2512 384 2539 magno
402 2513 450 2533 suo
470 2506 568 2534 damno
586 2508 724 2536 consilium
743 2509 807 2544 justi
830 2511 965 2546 rejccisse.
983 2513 1026 2540 15.

238 2550 290 2576 ι’ῡὶ
301 2555 394 2584 autent,
410 2552 503 2586 inquit,
516 2561 589 2581 mane
601 2554 695 2588 factum
709 2560 754 2588 est,
775 2557 887 2584 studiose
899 2558 1028 2585 adhortati

234 2599 295 2622 sunt
305 2597 388 2631 angeli
401 2596 448 2623 Lat
457 2618 463 2628 .
478 2597 587 2626 dicentes
600 2607 610 2626 :
623 2598 714 2635 Surge,
728 2602 814 2636 accipe
827 2611 931 2630 uxorem
945 2608 1024 2636 tuam,

235 2647 258 2668 ct
271 2641 337 2675 ﬁlius
352 2643 425 2675 duas,
440 2651 502 2678 quas
515 2644 600 2676 habes,
611 2650 635 2672 et
648 2647 698 2679 exi,
711 2651 738 2673 ut
750 2655 782 2674 ne
793 2652 817 2674 et
830 2653 857 2675 tu
867 2657 923 2676 cum
934 2649 1027 2685 iniqui-

235 2687 326 2715 tatibus
337 2689 444 2716 civitatis
462 2698 559 2725 pereas.
574 2691 618 2718 l6.
635 2691 668 2719 Et
689 2692 782 2719 turbati
801 2698 868 2721 sunt.
880 2694 919 2722 Ne
939 2695 1026 2728 diﬂ'er,

235 2733 320 2768 inquit
331 2741 338 2761 :
348 2734 402 2769 jam
409 2735 481 2762 enim
493 2735 545 2763 illis
553 2737 683 2770 pernicies
694 2738 835 2773 inﬂigenda
843 2743 884 2767 est
895 2748 902 2767 :
915 2740 1027 2775 teipsum

236 2779 316 2814 igitur
334 2784 361 2807 et
376 2788 485 2808 uxorem
508 2787 535 2809 et
549 2781 617 2809 ﬁlias
630 2790 717 2811 serva.
731 2783 770 2811 Illi
789 2785 862 2812 enim
875 2786 920 2819 qui
935 2786 1027 2813 nolue-

236 2830 299 2853 ruttt
309 2826 483 2854 admonitioni
499 2831 550 2855 tute
564 2835 669 2863 parere,
687 2837 740 2857 non
753 2829 832 2866 longe
843 2835 904 2866 post
917 2831 1026 2866 partici-

237 2878 367 2911 peserunt
375 2874 524 2904 communis
538 2874 671 2905 interitus.
682 2875 719 2904 Ne
728 2876 806 2913 igitur
813 2876 901 2914 ditl'er,
911 2883 940 2906 ut
951 2885 985 2906 ne
997 2883 1024 2909 et

580 163 607 191 S.
627 159 1021 191 JOAN‘NIS'CIIRYSOSTOMI
1041 158 1200 188 ARCIIIEP.
1220 160 1482 191 CONSTA‘M'INOP.

1807 157 1862 186 404

1067 219 1124 251 ipse
1135 217 1324 245 internecionis
1334 218 1445 246 istorum
1458 218 1600 254 impiorum
1606 219 1741 255 particeps
1752 219 1810 248 llas.
1828 219 1859 246 lit

1067 262 1159 289 turbati
1173 267 1243 296 sunt,
1260 269 1287 291 ut
1302 263 1359 292 hinc
1379 265 1521 292 audierunt
1534 264 1584 292 Lot
1600 271 1631 293 et
1642 273 1711 293 uxor
1731 271 1758 294 et
1779 266 1859 299 ﬁlim;

1066 307 1172 335 Turbati
1189 315 1256 342 sunt,
1277 310 1370 345 inquit,
1387 310 1437 338 ltoe
1449 315 1504 344 est,
1518 311 1622 338 attoniti
1645 311 1762 344 luerunt,
1782 318 1865 347 atque

1069 355 1094 381 itt
1118 355 1227 383 nitnium
1255 364 1380 391 pavorem
1405 357 1574 391 inciderunt,
1598 363 1626 386 et
1647 363 1756 394 propter
1777 359 1864 386 minus

1068 401 1138 429 anxii
1154 401 1238 429 luere.
1262 402 1294 429 Et
1305 402 1369 430 ideo
1380 403 1481 438 'Angeti,
1496 411 1588 431 curam
1599 409 1708 438 agentes
1726 404 1802 439 justi,
1817 413 1866 439 ap-

1069 447 1264 482 prcltcttdtrunr,
1275 447 1370 482 inquit,
1382 448 1632 484 ntamtmvcjusxalam
1647 457 1698 476 non
1711 454 1739 476 ut
1751 449 1785 476 de
1798 450 1866 476 viris

1070 493 1197 528 loquitur.
1205 494 1238 520 de
1250 494 1289 521 eis
1302 493 1440 529 Scriptura
1448 494 1555 526 'divina,
1567 495 1614 522 sed
1630 495 1691 530 quia
1708 495 1810 530 plagam
1826 497 1866 523 itt-

1069 537 1166 565 ﬂictnri
1175 544 1261 572 erant,
1273 539 1382 574 angelos
1394 547 1441 567 eos
1456 540 1575 567 nominat
1584 545 1611 566 et
1618 539 1700 568 dicit:
1715 540 1868 576 Appreheu-

1070 585 1157 610 dcrunt
1166 593 1268 611 manum
1277 586 1340 620 ejus,
1351 589 1483 612 etntanum
1490 586 1648 620 uaton'sejus,
1657 591 1680 613 et
1691 594 1792 613 manum
1804 587 1870 616 ﬁlia-

1069 638 1125 656 rum
1132 630 1227 664 ejus,eo
1235 630 1302 665 quod
1308 635 1420 666 parceret
1427 631 1450 657 ei
1459 631 1728 659 Dominus.Fiduciam
1735 632 1871 659 addebant

1070 674 1238 701 eismauuum
1246 680 1368 702 contactu
1375 675 1697 704 etroboraverunteorum
1703 677 1832 710 anitnum,
1841 681 1870 704 ut

1071 729 1105 748 ne
1124 721 1204 747 timur
1215 728 1306 748 eorutn
1319 721 1478 749 dissolveret
1493 722 1591 754 robur;
1607 727 1746 757 propterea
1760 723 1868 757 adjecit,

1072 765 1112 793 Eo
1119 766 1309 801 quod-parceret
1323 766 1487 794 eiDomintts.
1503 767 1569 801 Quia
1576 768 1647 795 enim
1658 767 1868 802 Dominusjndi-

1072 812 1142 840 cavit
1156 819 1216 839 eutn
1235 813 1320 840 salute
1334 812 1454 848 dignum,
1476 813 1576 841 idcirco
1588 818 1614 840 ct
1636 814 1722 848 angeli
1745 814 1868 841 volentes

1072 865 1165 885 eorttnt
1181 859 1299 885 animum
1322 859 1458 892 roborare,
1475 867 1583 886 manum
1599 868 1691 886 eoruttt
1716 859 1869 894 apprehen-

1072 904 1148 937 duttt,
1166 904 1209 931 Η.
1227 904 1258 931 Et
1272 905 1405 932 educentes
1416 913 1458 932 eos
1470 906 1550 940 foras,
1564 906 1681 932 dixerunt
1695 914 1704 932 :
1719 905 1797 933 Salva
1807 906 1866 932 ani-

1073 958 1140 976 mam
1155 955 1223 976 tuam
1235 959 1244 976 :
1257 958 1288 977 ne
1297 951 1418 986 respicias
1432 956 1488 985 post
1501 956 1598 986 tergunt
1615 960 1622 978 ε
1638 959 1668 977 ue
1681 956 1730 978 ειυς
1749 951 1776 977 in
1799 951 1869 978 omni

1073 995 1129 1022 loco
1141 1003 1185 1031 per
1198 996 1331 1022 circuitum
1347 1004 1357 1023 :
1375 997 1401 1023 in
1415 1002 1523 1024 montem
1538 998 1636 1024 solvunt
1650 1003 1674 1023 te
1690 999 1742 1032 fac,
1757 1005 1788 1024 ne
1803 997 1871 1032 forte

1073 1041 1150 1068 sintut
1163 1042 1306 1077 abripiat-is.
1320 1041 1451 1075 Quoniam
1465 1043 1607 1071 liberamus
1621 1047 1648 1070 te
1662 1043 1695 1070 ab
1708 1043 1869 1077 itnpiisillis,

1074 1087 1170 1123 inquit,
1189 1096 1222 1116 tte
1245 1088 1312 1116 ultra
1326 1089 1525 1124 circumspicias
1544 1094 1607 1125 post
1630 1093 1742 1124 tergum,
1760 1097 1792 1116 ne
1805 1089 1872 1115 velis

1074 1135 1166 1162 videre
1179 1143 1239 1170 qua:
1259 1136 1311 1163 illis
1325 1140 1453 1164 eventura
1472 1139 1544 1168 sunt,
1558 1135 1604 1163 sed
1627 1135 1721 1162 festina
1735 1139 1762 1162 et
1780 1135 1872 1170 procul

1076 1187 1164 1216 perge,
1174 1185 1209 1207 ‘ut
1219 1180 1335 1216 eﬂ‘ugere
1348 1187 1430 1216 queas
1442 1188 1547 1215 ptenam
1559 1180 1598 1207 eis
1611 1179 1871 1214 inﬂigendatn.'Esin

1073 1226 1161 1260 justus
1176 1226 1282 1254 timens.
1295 1234 1328 1253 ne
1349 1225 1416 1253 forte
1431 1234 1484 1252 non
1499 1230 1588 1260 posset
1603 1225 1769 1260 designatum
1781 1224 1819 1251 ab
1832 1225 1873 1251 eis

1076 1272 1164 1300 locum
1179 1272 1301 1306 assequi,
1317 1275 1344 1299 et
1357 1271 1382 1298 itt
1398 1276 1516 1298 montem
1531 1270 1679 1306 pervenire,
1701 1270 1786 1305 inquit
1802 1270 1872 1297 :18.

1077 1316 1140 1349 Oro,
1154 1317 1271 1349 Domine,
1287 1317 1331 1344 l9.
1345 1317 1403 1352 quia
1417 1317 1510 1343 inuenit
1524 1321 1660 1351 puerrtuus
1673 1316 1873 1342 nisericordt’unt

1074 1371 1162 1390 oorant
1181 1367 1214 1396 te,
1238 1367 1261 1389 et
1276 1363 1445 1398 magni/icain
1461 1363 1688 1397 justitiam'tuam,
1708 1370 1786 1397 quam
1808 1362 1873 1396 fucis

1076 1417 1182 1442 mecum,
1197 1414 1224 1436 ut
1238 1409 1302 1436 riunt
1314 1409 1399 1435 aninta
1413 1416 1488 1435 mea:
1503 1417 1548 1443 ego
1560 1413 1644 1435 autem
1657 1417 1706 1435 non
1718 1409 1873 1443 pateram!-

1075 1455 1166 1481 vari-rirt
1178 1460 1272 1487 monte,
1284 1462 1315 1481 ne
1324 1454 1515 1488 apprehendant
1526 1462 1566 1480 me
1579 1455 1658 1485 mala,
1673 1459 1695 1481 et
1707 1455 1811 1481 moriar.
1825 1453 1873 1481 90.

1079 1499 1145 1527 Ecce
1156 1500 1243 1527 ciuitas
1253 1500 1309 1527 ista
1319 1508 1406 1535 prope,
1422 1500 1456 1527 ad
1469 1508 1545 1535 quam
1560 1501 1705 1536 confugiant
1721 1509 1777 1535 ego,
1794 1508 1874 1535 parva

1071 1551 1112 1573 est
1129 1547 1135 1562 '
1148 1554 1155 1579 ;
1168 1546 1202 1573 ibi
1215 1546 1348 1579 seruabar;
1359 1551 1381 1573 et
1391 1547 1454 1573 vivet
1468 1546 1554 1573 anima
1568 1554 1623 1573 mea
1640 1551 1743 1581 propter
1757 1552 1789 1573 te.
1804 1546 1872 1580 Quia

1074 1592 1159 1624 enim,
1183 1592 1278 1627 inquit,
1299 1593 1381 1620 semel
1403 1592 1560 1620 decrevistis
1578 1592 1695 1619 salutem
1718 1592 1783 1620 mihi
1807 1600 1874 1620 enn-

1072 1639 1158 1670 «ferre,
1174 1639 1326 1667 ascendere
1339 1643 1429 1666 autem
1448 1639 1475 1666 in
1495 1639 1747 1669 moutisvcrticem.
1765 1639 1789 1666 id
1803 1640 1875 1668 vires

1073 1693 1150 1712 meas
1168 1689 1286 1719 superat.
1303 1684 1460 1719 ampliorem
1480 1684 1690 1712 miscricordiam
1712 1684 1776 1711 mihi
1799 1685 1876 1712 exiti.

1076 1731 1147 1764 bete,
1169 1735 1196 1758 et
1211 1731 1327 1759 laborem
1341 1738 1430 1758 meum
1445 1730 1695 1759 levioreurreddite.
1715 1730 1752 1758 Ne
1767 1731 1875 1766 quando

1078 1777 1158 1812 igitur
1169 1777 1354 1813 uppreltendar
1366 1785 1381 1804 a
1396 1785 1474 1813 paena
1486 1785 1546 1813 qute
1559 1776 1685 1813 inﬂigitur
1698 1778 1759 1811 illis,
1773 1783 1799 1805 et
1814 1786 1873 1812 par-

1078 1824 1161 1858 ticeps
1182 1823 1243 1851 liam
1257 1823 1378 1851 interitus
1392 1831 1495 1855 eorum,
1518 1823 1652 1851 civitatem
1668 1823 1737 1851 hanc
1757 1824 1872 1851 vicinam

1076 1874 1104 1898 et
1114 1877 1220 1905 parvam
1234 1875 1371 1905 segregate
1382 1869 1459 1897 mihi.
1470 1868 1535 1896 Nam
1548 1869 1609 1896 licet
1623 1869 1683 1896 vllis
1696 1870 1730 1897 sit
1741 1874 1768 1896 et
1783 1877 1873 1904 parva,

1077 1921 1194 1944 attamen
1214 1916 1268 1943 illic
1281 1921 1413 1947 servatus,
1435 1923 1529 1943 secure
1548 1920 1642 1950 postea
1667 1923 1747 1950 agere
1770 1920 1874 1950 potero.

1076 1963 1105 1990 2|
1114 1982 1120 1988 .
1139 1962 1170 1989 Et
1183 1962 1247 1989 dixit
1260 1962 1283 1989 ei
1294 1969 1303 1988 :
1318 1961 1383 1988 Ecce
1396 1961 1536 1988 admiratus
1550 1970 1606 1988 sunt
1619 1966 1688 1988 tttam
1701 1961 1793 1996 facient
1809 1966 1831 1987 et
1846 1962 1872 1987 iu

1076 2009 1149 2036 verbo
1162 2009 1219 2041 hoc,
1235 2013 1262 2036 ut
1274 2017 1304 2035 ne
1315 2008 1455 2035 subvertant
1466 2009 1587 2035 civitatem
1602 2008 1633 2035 de
1643 2016 1691 2043 qua
1702 2008 1822 2043 loquutus
1836 2016 1872 2036 es.

1077 2055 1174 2090 Accepi
1189 2059 1247 2082 tttas
1272 2061 1376 2089 preces,
1400 2054 1494 2089 inquit,
1511 2058 1539 2082 et
1562 2054 1612 2081 ltoc
1634 2053 1738 2085 faciam.
1752 2061 1784 2080 ac
1803 2053 1873 2088 quod

1077 2101 1165 2136 petisti
1186 2100 1313 2132 concedo,
1330 2104 1491 2135 propterque
1505 2103 1531 2126 te
1545 2100 1628 2126 etiam
1640 2098 1739 2126 civitati
1755 2107 1872 2133 parcam.

1076 2147 1121 2174 22.
1137 2147 1240 2173 Festina
1253 2147 1339 2182 igitur,
1356 2151 1379 2173 et
1394 2154 1489 2181 occupa
1502 2146 1595 2177 locum,
1611 2153 1641 2172 ac
1654 2146 1771 2173 sulcare:
1787 2153 1872 2180 neque

1077 2194 1149 2221 enim
1165 2193 1259 2220 iaciam
1274 2192 1383 2226 aliquid,
1400 2191 1485 2219 donec
1502 2191 1563 2218 illuc
1577 2191 1679 2218 venitis.
1695 2190 1754 2217 Non
1769 2195 1872 2226 potero,

1078 2239 1172 2275 inquit,
1185 2242 1267 2274 facere
1274 2238 1422 2274 quidquam,
1434 2243 1567 2272 antequam
1577 2241 1603 2263 tu
1613 2237 1674 2264 illuc
1684 2237 1836 2271 ingrediaris
1843 2237 1854 2252 ¹
1864 2245 1872 2268 ς

1077 2285 1137 2320 quia
1153 2292 1242 2312 curam
1257 2288 1380 2319 agotua:
1394 2283 1501 2315 salutis,
1524 2282 1684 2317 exspectabo
1705 2282 1790 2309 donec
1812 2282 1874 2309 illuc

1077 2331 1169 2363 abeas,
1194 2335 1222 2357 et
1243 2335 1306 2357 tunc
1327 2329 1367 2356 eis
1389 2329 1504 2364 inﬂigunt
1529 2335 1647 2362 poenam.
1663 2328 1708 2355 25.
1726 2327 1773 2355 Sol
1797 2328 1874 2362 igitur

1079 2385 1192 2412 egressus
1204 2381 1239 2403 est
1250 2384 1324 2410 super
1333 2381 1435 2408 terram,
1447 2374 1526 2402 et-‘Lot
1535 2375 1636 2402 intrauit
1650 2375 1676 2401 in
1690 2374 1782 2409 chor.
1797 2373 1873 2401 Circa

1078 2424 1143 2450 salis
1155 2428 1255 2455 ortum,
1268 2422 1361 2457 inquit,
1377 2422 1487 2449 vettitiin
1497 2422 1636 2449 «civitatem
1649 2429 1656 2452 ;
1672 2426 1699 2448 et
1710 2421 1799 2448 statim
1812 2428 1872 2448 cutn

1080 2469 1136 2503 ipse
1149 2474 1217 2495 esset
1233 2469 1300 2495 intra
1316 2468 1460 2500 civitatem,
1479 2467 1518 2494 illi
1533 2475 1590 2502 sup]
1602 2467 1664 2494 licio
1678 2466 1872 2500 plectebantur.

1079 2513 1124 2541 24.
1142 2513 1210 2540 Ριιιὶι
1223 2513 1301 2545 enim,
1316 2513 1411 2548 inquit,
1426 2513 1552 2539 Dominus
1566 2520 1642 2546 super
1656 2512 1769 2539 Sodoma
1783 2517 1807 2538 et
1824 2511 1874 2539 Co-

1079 2560 1182 2587 ntorrha
1200 2559 1309 2594 sulphur
1321 2564 1346 2586 et
1367 2559 1451 2594 ignem
1472 2567 1488 2585 a
1508 2557 1619 2585 Domino
1635 2558 1666 2584 de
1683 2557 1745 2584 ratio
1758 2565 1767 2584 :
1781 2557 1827 2584 25.
1849 2562 1874 2584 et

1077 2607 1196 2635 subvertit
1208 2607 1318 2634 civitates
1330 2606 1398 2638 illos,
1406 2610 1433 2632 tet
1442 2604 1564 2640 quidquid
1574 2604 1640 2631 circa
1651 2612 1693 2630 eas
1703 2604 1870 2635 habitabatur,

1080 2658 1198 2681 ctontnes
1217 2653 1260 2688 qui
1282 2651 1428 2679 habitabant
1449 2651 1476 2677 in
1495 2650 1646 2682 civitatibus,
1668 2655 1693 2676 et
1716 2657 1789 2676 autne
1806 2649 1873 2683 quod

1080 2699 1237 2727 tea-oriebatur
1249 2698 1280 2725 de
1293 2703 1370 2724 terra.
1385 2697 1423 2724 Ne
1436 2697 1471 2724 ob
1484 2696 1554 2723 hunc
1570 2694 1694 2730 loquendi
1710 2694 1873 2722 mndumatl-

1078 2745 1220 2773 miratione
1233 2743 1358 2775 tenearis,
1370 2742 1485 2773 dilecte;
1502 2741 1651 2777 proprietas
1662 2740 1733 2768 enim
1747 2746 1788 2768 est
1802 2741 1874 2768 Scri-

1110 2794 1121 2838 ;
1136 2791 1623 2853 ﬁngimsiﬁcﬂimgrgrsenms:
1634 2818 1735 2853 festina.
1739 2819 1767 2853 με
1777 2817 1812 2842 ibi
1822 2817 1871 2842 sat-

1078 2859 1150 2888 vcrts.
1162 2859 1209 2878 non
1220 2847 1283 2878 eniti:
1294 2854 1377 2883 potero
1387 2851 1468 2883 facere
1479 2849 1611 2882 quidquam
1629 2849 1705 2874 dates
1717 2847 1775 2874 illuc
1786 2854 1871 2880 pertre-

1078 2890 1153 2910 neris.
