2044 3131
144 104 197 133 405

144 161 237 196 μάτων
250 161 266 196 ή
286 161 405 197 συνθήκη
415 170 422 177 “
440 161 538 197 ἰδίωμα
547 161 603 198 γὰρ
616 161 696 189 τοῦτό
710 162 768 188 ἐστι
782 161 833 196 τῆς
852 159 975 196 Γραφῖκ,

144 206 191 232 καὶ
204 203 358 240 ἀδιαφόρως
380 205 451 232 οὕτω
465 206 596 238 πολλάκις
611 206 702 240 τίθησι
718 205 752 232 τὰ
774 206 901 240 ῥήματα’
917 203 931 229 ὃ
945 203 977 239 δὴ

143 249 190 275 καὶ
203 248 250 275 νῦν
264 248 338 275 ἐστιν
358 249 432 276 ἰδεῖν.
447 249 565 284 Ἔϐρεξε
576 249 643 284 γὰρ,
669 249 748 284 φησι,
764 248 871 282 Κύριος
897 246 978 274 θεῖον

143 292 192 318 καὶ
217 292 277 326 πῦρ
291 293 371 326 παρὰ
394 293 504 327 Κυρίου
517 293 552 320 ἐκ
568 293 621 320 τοῦ
646 292 786 326 οὐρανοῦ,
800 291 844 318 ἴνα
858 291 922 326 είπῃ
937 291 978 317 ὅτι

143 334 246 371 Κύριος
257 335 307 371 τὴν
319 336 455 372 τιμωρίαν
474 337 607 373 ἐπήγαγε,
622 336 669 362 καὶ
683 335 714 362 οὺ
729 335 809 370 μόνον
823 335 872 366 τὰς
887 334 979 365 πόλεις

144 378 333 414 κατέστρεψε,
359 380 406 406 καὶ
431 380 521 407 πᾶσαν
543 380 593 416 τὴν
615 379 753 416 περίοικον
771 399 778 411 ,
803 378 852 405 καὶ
875 377 979 408 πάντας

144 422 208 454 τοὺς
218 423 420 455 κατοικοῦντας,
435 423 503 450 ἀλλὰ
520 425 567 450 καὶ
579 424 613 451 τὰ
626 423 806 450 ἀνατέλλοντα
819 423 851 449 ἐκ
862 421 912 456 τῆς
927 422 978 456 γῆς

145 466 289 501 ἠφάνισεν.
321 467 430 502 Ἐπειδὴ
454 467 508 504 γὰρ
522 469 546 494 οί
560 467 662 503 ταύτην
676 467 814 498 οἰκοῦντες
841 465 980 501 ἄνθρωποι

146 509 230 537 πολὺν
242 510 291 545 τῆς
306 510 437 546 πονηρίας
452 511 496 538 τὸν
512 511 618 546 καρπὸν
643 510 824 542 ἐπεδείξαντο,
848 509 892 536 διὰ
903 507 980 535 τοῦτο

146 553 193 580 καὶ
204 553 255 588 τῆς
270 554 331 589 γῆς,
344 554 422 590 φησὶ,
437 555 500 586 τοὺς
513 555 636 590 καρποὺς
650 555 803 590 ἀχρήστους
816 553 979 589 ἐργάζομαι,

146 597 189 623 ἵνα
200 598 248 624 καὶ
262 597 373 625 ἐκείνων
388 598 591 633 ἀφανισθέντων
604 598 674 633 αῦτη
691 597 814 633 διηνεκὲς
832 596 981 632 ὑπόμνημα

147 642 221 679 [ιιιθ]
233 643 345 678 γένηται
355 644 415 675 ταῖς
431 642 500 679 μετὰ
510 643 597 670 ταῦτα
612 644 730 677 γενεαῖς,
755 641 800 669 διὰ
815 642 865 677 τῆς
878 640 981 673 οἰκείας

147 687 286 722 ἀκαρπίας
299 687 402 718 πάντας
411 686 536 713 διδάσκου
541 696 573 713 σα
585 687 638 713 τῶν
647 686 844 721 ἐνοικησάντων
854 686 922 721 αὐτῇ
932 685 982 720 τὴν

148 729 289 765 πονηρίαν.
302 729 378 761 Εἶδες
397 730 459 757 ὅσον
483 730 556 757 ἐστὶν
583 730 678 766 ἀρετὴ.
693 730 740 757 καὶ
754 730 815 756 ὅσον
826 729 918 761 κακία,
935 728 982 755 καὶ

148 772 207 805 πῶς
219 774 234 800 ὁ
249 773 298 808 μὲν
308 773 411 805 δίκαιος
423 773 524 809 ἐσώθη,
543 774 620 800 αὐτοὶ
636 773 665 800 δέ
686 773 764 806 ἀξίαν
782 773 833 808 τὴν
847 771 981 808 τιμωρίαν

148 816 242 843 ιδοσαν
256 817 304 852 τῆς
315 818 464 854 πονηρίας;
482 818 537 845 Καὶ
551 817 646 853 ὥσπερ
660 818 674 843 ὁ
694 817 795 848 δίκαιος
821 816 864 843 διὰ
881 816 931 852 τὴν
944 816 982 842 οἰ-

149 860 226 887 κείαν
242 860 342 896 ἀρετὴν
352 861 454 893 καὶτὰς
467 861 620 896 θυγατέρας
626 861 750 893 διέσωσε,
760 860 868 895 καὶτῆς
880 860 983 892 πόλεως

148 902 256 938 ἐκείνης
273 903 321 939 τὴν
340 905 532 941 καταστροφὴν
557 904 720 931 διεκώλυσεν
731 913 738 920 ·
754 903 826 930 οὕτω
851 903 898 930 καὶ
911 900 984 930 οὗτοι

148 946 193 974 διὰ
208 946 256 982 τὴν
275 947 428 983 ὑπερϐολὴν
442 948 493 984 τῆς
505 949 609 980 οἰκείας
622 947 763 984 πονηρίας,
775 948 806 974 οὺ
818 947 897 982 μόνον
907 947 984 974 αὐτοὶ

148 989 287 1017 ἀπώλοντο
302 991 350 1018 καὶ
372 991 568 1028 διεφθάρησαν,
593 991 662 1019 ἀλλά
675 992 722 1019 καὶ
736 991 785 1027 τὴν
797 992 848 1026 γῆν
861 991 985 1026 ἄκαρπον

149 1034 190 1064 εἰς
204 1034 235 1060 τὸ
250 1033 313 1069 ὲξῆς
324 1034 451 1068 γενέσθαι
464 1035 684 1071 παρεσκεύασαν.
701 1035 755 1062 Καὶ
776 1035 944 1069 ἐπέϐλεψεν
964 1035 984 1068 ἠ

149 1077 238 1112 γυνὴ,
257 1078 349 1113 φησὶν,
368 1079 412 1112 εἰς
424 1079 460 1106 τὰ
473 1079 578 1112 ὀπίσω.
591 1079 640 1106 καί
651 1079 769 1113 ἐγένετο
781 1078 882 1113 στήλη
899 1079 983 1110 ἁλός.

154 1120 263 1156 Ἐπειδὴ
273 1121 327 1157 γὰρ
341 1122 483 1149 ἀκούσασα
495 1122 548 1149 τῶν
561 1122 684 1156 ἀγγέλων
700 1122 755 1148 τῶν
770 1121 985 1156 διαταττομένων

149 1164 188 1199 τῷ
201 1164 307 1201 δικαίῳ,
325 1165 395 1192 ὥστε
414 1167 450 1201 μὴ
466 1166 610 1202 προσέχειν
622 1166 660 1198 εἰς
677 1166 711 1193 τὰ
728 1165 825 1198 ὀπίσω,
837 1165 905 1191 ἀλλά
917 1165 985 1200 μετὰ

151 1208 252 1244 πολλῆς
266 1209 315 1245 τῆς
331 1209 460 1242 ἐπείξεως
473 1210 523 1245 τὴν
536 1209 709 1245 ἀναχώρησιν
725 1208 902 1244 ποιήσασθαι,
919 1216 985 1243 παρ-

150 1253 249 1286 ήκουσε
261 1251 316 1279 τῶν
332 1252 478 1288 ῥηθέντων,
495 1253 542 1280 καὶ
555 1253 585 1280 τὺ
595 1252 784 1288 παραγγελθὲν
798 1252 848 1279 οὐκ
859 1251 984 1287 ἐφύλαξε,

150 1295 193 1322 διὰ
206 1295 285 1322 τοῦτο
299 1295 349 1331 τῆς
364 1296 467 1327 οἰκείας
484 1296 620 1332 ῥᾳθυμίας
635 1297 725 1323 δίδωσι
740 1296 828 1331 δίκην.

185 1338 218 1371 ζ’.
246 1339 314 1366 Ἀλλ’
329 1340 410 1375 ἡμεῖς
422 1339 508 1367 ταῦτα
522 1339 678 1372 ἀκούοντες,
697 1340 798 1375 πολλὴν
814 1339 864 1374 τῆς
883 1339 986 1370 οἰκείας

152 1382 288 1418 σωτηρίας
296 1383 346 1418 τὴν
357 1383 484 1418 πρόνοιαν
497 1382 685 1418 ποιησώμεθα,
694 1383 740 1409 καὶ
752 1383 801 1418 τῆς
812 1382 861 1418 μὲν
874 1383 986 1409 ἐκείνων

151 1426 325 1461 παρανομίας
338 1426 468 1461 φύγωμεν
479 1427 528 1462 τὴν
545 1427 661 1463 μίμησιν
673 1435 680 1442 ·
702 1426 750 1453 τοῦ
765 1426 793 1453 δέ
807 1426 912 1453 δικαίου
927 1426 988 1453 τού-

151 1477 198 1494 του
214 1469 265 1505 τὴν
283 1469 435 1504 φιλοξενίαν
446 1469 613 1505 ζηλώσωμεν
631 1471 678 1496 καὶ
706 1468 755 1505 τὴν
779 1469 861 1504 ἀλλην
876 1469 985 1504 ἀρετὴν,

152 1512 195 1538 ῐνα
213 1512 370 1548 δυνηθῶμεν
384 1514 432 1540 καὶ
453 1513 503 1549 τὴν
516 1513 619 1540 ἄνωθεν
642 1513 726 1548 ὀργὴν
754 1511 986 1547 ἀποκρούσασθαι.

153 1556 190 1582 οὐ
206 1556 261 1591 γὰρ
279 1556 362 1588 ἐστιν,
375 1558 425 1584 οὐκ
440 1556 498 1584 ἔστι
515 1557 560 1584 τὸν
575 1556 643 1592 μετὰ
661 1556 778 1592 σπουδῆς
809 1556 910 1592 ταύτην
925 1565 989 1591 μετ-

155 1597 238 1629 ιόντα,
252 1598 288 1633 μὴ
305 1598 388 1625 πολὺν
401 1597 525 1625 ἐντεῦθεν
539 1598 702 1634 κομίσασθαι
715 1598 760 1625 τὸν
780 1598 924 1633 θησαυρόν.
934 1598 989 1625 Καὶ

154 1641 208 1678 γὰρ
220 1642 243 1668 οι
259 1641 357 1668 δίκαιοι
370 1638 442 1669 οὗτοι
457 1642 528 1669 οὕτω
541 1643 591 1678 τῆς
606 1642 708 1670 ἀνωθεν
722 1643 808 1677 ῥοπῆς
822 1641 988 1677 ἠξιώθησαν.

154 1685 203 1711 καὶ
216 1685 230 1711 ό
248 1685 421 1721 πατριάρχης
433 1687 480 1712 καὶ
491 1687 504 1714 ό
519 1686 590 1718 Λὼτ,
603 1686 650 1712 καί⁸
661 1685 820 1720 ἀνθρώπους
836 1685 990 1719 νομίζοντες

155 1727 343 1763 ὑποδέχεσθαι,
362 1729 571 1764 κατηξιώθησαν
585 1730 634 1756 καὶ
656 1728 788 1763 ἀγγέλους
802 1728 988 1764 ὑποδέχεσθαι,

156 1771 204 1798 καὶ
216 1772 261 1799 τὸν
276 1772 332 1799 τῶν
343 1773 466 1808 ἀγγέλων
482 1773 631 1809 Δεσπότην.
644 1773 752 1805 Ἔξεστι
777 1773 824 1800 καὶ
852 1773 928 1807 ἡμῖν,
942 1773 991 1799 ἐὰν

158 1815 330 1850 βουλώμεθα,
356 1818 404 1844 καὶ
431 1817 479 1844 νῦν
505 1817 585 1844 αὑτὸν
617 1817 808 1849 ὑποδέξασθαι.
832 1816 916 1848 Δὺτδς
936 1816 991 1852 γάρ

157 1860 231 1887 ἐστιν
257 1861 272 1886 ό
288 1860 418 1896 είρηκὼς,
451 1861 483 1888 ὐ
497 1861 658 1895 δεχόμενος
676 1860 764 1896 ὑμᾶς.
793 1860 844 1895 ἐμὲ
862 1860 989 1894 δέχεται.

158 1903 237 1930 οὓτω
254 1904 343 1932 τοίνυν
360 1905 423 1936 τοὺς
447 1905 539 1938 ξένους
566 1905 773 1940 ὑποδεχιὶῳεθα,
801 1905 848 1932 καὶ
866 1905 903 1941 μὴ
924 1905 991 1940 πρὸς

158 1948 272 1983 τὴντῶν
288 1948 458 1983 φαινομένων
474 1948 613 1975 εὐτέλειαν
637 1948 778 1983 ἀπίδωμέν
797 1956 873 1975 ποτε.
892 1948 991 1975 Ἐνίοτε

157 1991 224 2027 γὰρ,
239 1992 264 2018 εἰ
278 1991 389 2027 τοιαύτῃ
401 1990 499 2028 γνώμῃ
508 1992 542 2019 τὰ
558 1991 608 2028 τῆς
622 1991 773 2027 φιλοξενίας
784 1991 991 2027 ἐπιδειξὼμεθα,

159 2036 420 2072 καταξιωθησόμεθα
436 2037 482 2064 καὶ
496 2038 577 2073 ἡμεῖς
592 2037 730 2069 τοιούτους
745 2036 931 2072 ὑποδέχεσθαι,
945 2037 991 2063 ἄν·

159 2079 224 2115 δρας
245 2080 294 2115 μὲν
310 2079 514 2116 νομιζομένους,
542 2080 596 2107 τῶν
625 2080 748 2114 ἀγγέλων
771 2080 798 2107 δὲ
826 2080 875 2116 τὴν
891 2080 992 2116 ἀρετὴν

162 2125 302 2159 μετιόντας
312 2133 319 2140 ·
331 2125 410 2160 μόνον
431 2124 469 2160 μὴ
484 2124 740 2160 περιεργαζώμεθα,
764 2124 832 2160 μηδέ
851 2125 991 2161 πολυπρα-

160 2168 316 2203 γμονῶμεν,
344 2168 388 2195 ἵνα
402 2168 439 2202 μὴ
462 2168 656 2203 διαμάρτωμεν
681 2168 728 2195 τοῦ
746 2168 894 2202 θησαυροῦ.
917 2169 993 2197 Ἐπεὶ

161 2211 208 2239 καὶ
221 2212 235 2238 ό
251 2211 383 2246 μακάριος
399 2210 505 2243 Παῦλος
530 2211 642 2242 τούτους
664 2211 727 2243 τοὺς
744 2211 866 2243 δικαίους
878 2213 993 2240 αἰνιττό-

163 2263 252 2290 μενος,
266 2255 314 2281 καὶ
331 2254 463 2281 διδάσκων
476 2255 549 2289 ἡμᾶς
569 2254 628 2286 πῶς
645 2254 775 2288 ἐπέτυχον
791 2254 919 2290 τοιαύτης
932 2256 994 2283 ὐπο-

160 2298 251 2334 δοχῆς,
264 2298 330 2334 φησί
341 2307 348 2314 ·
370 2298 428 2332 Τῆς
440 2298 615 2333 φιλοξενίας
621 2297 664 2332 μὴ
681 2298 917 2326 ἐπιλανθάνεσθε
927 2307 933 2313 ·
946 2299 994 2327 διὰ

162 2343 272 2376 ταύτης
297 2342 353 2378 γὰρ
374 2343 483 2370 ἔλαθόν
517 2350 597 2375 τινες
629 2341 805 2374 ξενίσαντες
834 2342 992 2377 ἀγγέλους.

163 2385 248 2413 Τοῦτο
260 2386 315 2422 γὰρ
328 2387 426 2418 αὐτοὺς
440 2386 557 2421 μάλιστα
586 2386 759 2421 θαυμαστοὺς
786 2385 834 2412 καὶ
861 2386 994 2421 μεγάλους

163 2428 313 2462 ἀπέδειξεν,
328 2429 369 2456 ὅτι
386 2430 435 2457 οὐκ
449 2429 549 2460 εἰδότες
566 2428 675 2461 αὐτοὺς,
692 2428 741 2464 τὴν
765 2428 912 2465 θεραπείαν
945 2430 994 2456 ἐπ-

164 2470 324 2500 εδείκνυντο.
348 2473 402 2499 Καὶ
419 2473 498 2508 ἡμεῖς
517 2473 606 2499 τοίνυν
634 2472 722 2499 πίστει
738 2472 785 2500 καὶ
811 2472 939 2509 εὐλαϐείᾳ
964 2473 995 2500 τὸ

165 2516 278 2551 πρᾶγμα
294 2515 440 2551 μετίωμεν,
452 2515 495 2542 ἵνα
508 2515 556 2542 καὶ
573 2515 619 2543 τοῦ
639 2515 776 2551 θησαυροῦ
797 2516 934 2552 ἐπιτυχεῖν
949 2515 994 2542 δυ-

165 2558 307 2594 νηθῶμεν·
329 2555 359 2586 οὗ
373 2559 476 2594 γένοιτο
493 2559 596 2591 πάντας
619 2560 692 2595 ἡμᾶς
706 2559 879 2592 ἀπολαῦσαι,
903 2559 994 2595 χάριτι

166 2603 212 2630 καὶ
228 2602 416 2639 φιλανθρωπίᾳ.
425 2603 472 2630 τοῦ
488 2602 590 2639 Κυρίου
603 2603 681 2639 ἡμῶν
698 2604 785 2639 Ἰησοῦ
794 2603 924 2639 Χριστοῦ,
935 2603 994 2639 μεθ’

166 2643 196 2674 οὗ
212 2646 251 2683 τῷ
269 2648 355 2683 Πατρὶ
370 2648 387 2683 ἡ
403 2647 479 2680 δόξα.
496 2647 554 2683 ἅμα
569 2648 608 2683 τῷ
620 2648 690 2683 ἁγίῳ
713 2647 851 2683 Πνεύματι
864 2668 872 2681 ,
889 2647 936 2674 νῦν
948 2648 996 2674 καὶ

167 2691 221 2724 ἀεὶ,
237 2691 283 2718 καὶ
298 2693 336 2724 είς
349 2692 411 2723 τοὺς
428 2691 529 2724 αἰῶνας
542 2691 596 2719 τῶν
607 2692 721 2719 αἰώνων.
741 2692 837 2727 Ἀμήν.

432 2734 507 2771 [ιιι]
523 2735 644 2762 οΜιΑιΑ
666 2735 731 2763 MA’.

206 2775 341 2810 ’Ὧρθρισε
353 2774 387 2802 δὲ
405 2775 528 2809 Ἀϐραὰμ
540 2775 580 2808 τῷ
591 2775 665 2809 πρωῒ
682 2776 726 2808 εὶς
740 2775 793 2802 τὸν
807 2775 909 2807 τόπον,
922 2772 958 2802 οὗ

357 2810 488 2843 εἱστήκει
502 2811 640 2837 ἐναντίον
658 2810 711 2837 τοῦ
729 2810 812 2837 Θεοῦ.

206 2856 240 2883 α’.
250 2853 280 2880 Ἠ
290 2853 358 2881 κατά
371 2854 419 2891 τὴν
429 2855 591 2890 Σαμαρεῖτιν
603 2854 727 2886 ὑπόθεσις
740 2853 838 2887 ἱκανῶς
853 2855 925 2890 ἡμᾶς
936 2853 998 2890 χθὲς

525 105 553 134 S.
573 104 716 133 JOANNIS
734 100 977 132 CHRYSOSTOMI
995 98 1155 128 ABCIIIEP.
1173 97 1445 127 CONSTANTINOP.

1811 91 1866 119 406

1029 157 1130 189 ἐδίδαξε
1142 156 1189 184 καὶ
1207 155 1254 182 τοῦ
1272 155 1407 182 Δεσπότου
1421 153 1471 189 τὴν
1487 151 1590 187 ἄφατον
1608 149 1807 186 μακροθυμίαν,
1817 149 1866 175 καὶ

1027 205 1077 241 τὴν
1096 204 1316 240 ὑπερὸάλλουσαν
1332 202 1395 238 περὶ
1405 201 1489 237 αὐτὴν
1505 199 1680 235 κηδεμονίαν,
1693 200 1741 225 καὶ
1755 197 1867 232 ἐκείνης

1027 253 1077 288 τὴν
1089 251 1307 287 εὐγνωμοσύνην.
1323 250 1413 277 Εῖδετε
1429 248 1487 280 πῶς
1503 248 1575 283 ὕδωρ
1589 246 1716 282 αἰσθητὸν
1733 245 1867 280 ὑδρεύσα-

1030 301 1092 328 σθαι
1110 300 1330 336 παραγενομένη,
1347 299 1378 325 ἐκ
1390 297 1439 332 τῆς
1451 295 1550 331 νοητῆς
1572 295 1664 331 πηγῆς
1679 294 1713 321 τὰ
1734 294 1796 320 θεῖα
1817 292 1868 320 νά-

1031 357 1103 383 ματα
1116 346 1286 383 ἁρυσαμένη,
1302 345 1389 377 οὕτως
1403 343 1494 372 οἶκαδε
1517 342 1662 378 ἐπανῆλθε,
1676 340 1820 377 πληροῦσα
1836 340 1868 366 τδ

1030 395 1106 431 παρὰ
1120 394 1166 422 τοῦ
1179 394 1315 421 Δεσπότου
1329 393 1472 429 εἰρημένον
1484 401 1490 406 ·
1509 392 1543 419 Τὸ
1555 390 1645 424 ὓδωρ.
1660 389 1675 416 δ
1695 389 1752 424 ἐγὼ
1767 388 1865 421 δώσω,

1030 443 1188 478 γενήσεται
1203 443 1238 470 ἐν
1252 441 1332 475 αὺτῷ
1346 441 1426 476 πηγὴ
1436 440 1545 473 ὓδατος
1557 438 1726 473 ἁλλομένου
1735 438 1777 470 είς
1789 436 1869 470 ζωὴν

1031 492 1158 520 αἰώνιον.
1168 491 1369 527 Ἐμφορηθεῖσα
1387 489 1441 525 γὰρ
1456 488 1525 524 α’ύτη
1536 488 1586 523 τῆς
1599 486 1673 518 θείας
1687 485 1796 520 ἐκείνης
1820 487 1866 512 καὶ

1032 539 1219 575 πνευματικῆς
1231 539 1333 574 πηγῆς,
1351 537 1381 564 οὑ
1397 535 1530 571 κατέσχεν
1540 534 1606 561 εἴσω
1618 533 1653 560 τά
1669 533 1789 569 νάματα.
1809 531 1868 558 ἀλλ’

1032 587 1247 623 ὑπερϐλύξουσα,
1261 587 1299 619 ὼς
1309 587 1405 617 εἰπεῖν,
1420 584 1509 620 ἐκχέει
1528 583 1574 610 καὶ
1588 583 1628 614 είς
1640 581 1704 613 τοὺς
1724 580 1774 616 τὴν
1789 579 1869 606 πόλιν

1031 635 1173 668 οἰκοῦντας
1186 635 1236 671 τῆς
1247 633 1468 670 παρασχεθείσης
1485 631 1555 666 αὐτῇ
1575 630 1679 667 δωρεᾶς
1689 629 1720 655 τὸ
1731 628 1867 664 χάρισμα,

1033 683 1080 711 καί⁵
1094 682 1182 719 κῆρυξ
1196 682 1305 716 ἐγένετο
1315 681 1411 717 ἀθρόον
1423 681 1440 716 ἡ
1449 680 1529 715 γυνὴ,
1540 680 1557 714 ἡ
1570 678 1745 714 Σαμαρεῖτις,
1760 677 1776 712 ἡ
1789 675 1870 702 md-

1033 729 1125 764 φυλος.
1142 728 1233 756 Είδετε
1256 728 1317 755 ὅσον
1342 727 1400 754 ἐστὶ
1423 726 1513 762 ψυχῆς
1541 723 1753 759 εὐγνωμοσύνη,
1781 721 1868 748 εἴδετε

1032 775 1169 801 Δεσπότου
1189 772 1404 809 φιλανθρωπίαν,
1434 772 1507 804 ὅπως
1520 769 1626 802 οὐδενὸς
1642 769 1773 804 ὑπερορᾷ,
1799 767 1868 794 ἀλλὰ

1033 817 1083 845 κᾶν
1098 819 1127 844 ἐν
1143 817 1254 852 γυναικὶ
1266 837 1274 849 ,
1291 815 1341 844 κᾶν
1368 817 1396 842 ἐν
1413 815 1501 850 πενίᾳ,
1528 814 1582 841 κᾶν
1605 814 1672 840 ὅπου
1687 812 1785 848 δήποτε
1799 810 1868 846 εὕρῃ

1033 861 1247 897 διεγηγερμένην
1261 860 1350 896 ψυχὴν
1363 860 1409 886 καί
1422 859 1546 892 ζέουσαν,
1561 857 1732 893 παραχρῆμα
1742 855 1791 891 τὴν
1801 856 1868 890 παρ’

1034 904 1131 932 ἑαυτοῦ
1144 905 1222 940 χάριν
1236 904 1378 938 ἐπαφίησι.
1389 901 1581 938 Μιμησώμεθα
1589 901 1690 932 τοίνυν,
1703 897 1868 934 παρακαλῶ,

1034 950 1081 976 καὶ
1099 950 1178 984 ἡμεῖς
1196 948 1245 984 τὴν
1259 947 1375 982 γυναῖκα
1391 946 1504 980 ταύτην,
1520 946 1568 972 καὶ
1583 944 1652 980 μετά
1669 943 1767 977 πολλῆς
1784 950 1869 977 προσ-

1034 994 1099 1028 οχῆς
1109 991 1251 1028 δεχώμεθα
1266 991 1300 1018 τὰ
1311 1000 1348 1018 πα
1353 990 1386 1026 ρὰ
1396 990 1444 1017 τοῦ
1461 989 1619 1025 Πνεύματος
1629 988 1791 1022 διδάγματα.
1801 985 1870 1012 Οὐδὲ

1034 1037 1088 1073 γὰρ
1107 1036 1230 1072 ἡμέτερά
1240 1037 1298 1062 ἐστι
1310 1035 1343 1062 τὰ
1358 1034 1501 1070 λεγόμενα,
1519 1033 1580 1060 οὐδὲ
1592 1033 1622 1065 ἐξ
1634 1031 1735 1062 οἰκείας
1747 1029 1870 1065 γλώττης

1035 1080 1220 1116 φθεγγόμεθα,
1236 1079 1307 1115 άπερ
1321 1079 1354 1106 ἂν
1373 1079 1504 1113 εἴπωμεν,
1523 1077 1580 1103 ἀλλ’
1596 1077 1629 1102 ἐκ
1642 1076 1691 1111 τῆς
1707 1074 1754 1101 τοῦ
1768 1073 1871 1100 Δεσπὸ-

1034 1133 1080 1151 του
1095 1124 1299 1159 φιλανθρωπίας
1316 1121 1492 1157 ὁδηγούμενοι
1508 1127 1521 1141 ι
1537 1120 1583 1147 διὰ
1606 1119 1656 1156 τὴν
1671 1118 1806 1153 ὠφέλειαν
1820 1117 1872 1152 τὴν

1036 1168 1171 1204 ὑμετέραν
1188 1168 1236 1194 καὶ
1247 1167 1297 1202 τὴν
1310 1166 1457 1201 οἰκοδομὴν
1471 1165 1521 1200 τῆς
1542 1163 1591 1191 τοῦ
1606 1163 1674 1190 Θεοῦ
1695 1161 1868 1196 Ἐκκλησίας.

1035 1212 1079 1247 Μὴ
1097 1212 1185 1239 τοίνυν
1198 1211 1264 1247 πρὸς
1280 1210 1330 1246 ἐμὲ
1344 1210 1390 1237 τὸν
1404 1209 1518 1243 λέγοντα
1531 1207 1639 1243 ἀπίδῃς,
1654 1205 1791 1241 ἀγαπητέη
1802 1204 1871 1239 μηδὲ

1037 1256 1105 1292 πρὸς
1119 1255 1168 1291 τὴν
1180 1255 1316 1282 εὐτέλειαν
1330 1254 1380 1289 τὴν
1395 1253 1476 1289 ἐμὴν,
1488 1252 1545 1279 ἀλλ’
1559 1252 1602 1278 ὅτι
1615 1251 1649 1277 τὰ
1668 1249 1743 1285 παρὰ
1759 1248 1806 1275 τοῦ
1823 1251 1872 1292 Δε-

1037 1291 1137 1328 σπότου
1151 1298 1312 1335 διακομίξω,
1330 1298 1378 1324 καὶ
1391 1297 1460 1333 πρὸς
1475 1296 1521 1323 τὸν
1532 1294 1730 1322 ἀποστείλαντα
1742 1293 1811 1327 έχων
1822 1291 1872 1326 τὴν

1035 1344 1155 1371 διάνοιαν
1170 1342 1333 1378 τεταμένην,
1351 1340 1422 1368 οὕτω
1439 1339 1509 1375 μετὰ
1521 1338 1627 1374 νήψεως
1645 1337 1723 1372 δέχου
1746 1335 1782 1362 τὰ
1796 1335 1873 1369 λεγό-

1038 1396 1117 1422 μενα.
1139 1386 1215 1413 Ἐπεὶ
1230 1385 1276 1412 καὶ
1291 1386 1320 1411 ἐν
1335 1385 1390 1416 τοῖς
1406 1382 1587 1419 ἀνθρωπίνοις
1611 1381 1783 1416 πράγμασιν,
1801 1380 1873 1406 ἐπειε

1036 1431 1084 1457 δὶιν
1098 1431 1113 1457 ό
1126 1429 1262 1465 βασιλεὺς,
1277 1430 1291 1455 ὀ
1302 1428 1332 1455 τὺ
1346 1427 1466 1463 διάδημα
1479 1425 1670 1462 περικείμενος
1681 1444 1689 1456 ,
1718 1423 1872 1459 γράμματα

1037 1473 1234 1509 διαπέμψηται,
1247 1474 1262 1500 ό
1282 1472 1333 1507 μὲν
1359 1470 1556 1506 ἐπιφερόμενος
1582 1468 1668 1495 ταῦτα
1689 1467 1752 1494 καθ’
1775 1466 1872 1493 ἐαυτὸν

1040 1519 1088 1553 μὲν
1102 1517 1207 1548 οὐδενὸς
1224 1516 1302 1550 λόγου
1315 1514 1389 1548 ἄξιος
1403 1513 1542 1548 τυγχάνει,
1557 1513 1614 1539 ἀλλ’
1628 1511 1738 1547 εὐτελής
1750 1510 1792 1542 τίς
1803 1511 1871 1542 ἐστι,

1038 1552 1085 1588 καὶ
1103 1559 1234 1591 πολλάκις
1247 1558 1307 1585 οὐδὲ
1325 1557 1475 1594 προγόνους
1488 1555 1615 1592 ἀριθμεῖν
1630 1555 1710 1590 ἔχων,
1735 1553 1793 1580 ἀλλ’
1807 1552 1874 1580 ἀνώ-

1038 1613 1122 1639 νυμος
1136 1604 1183 1631 καὶ
1194 1603 1223 1636 ἐξ
1242 1601 1408 1637 ἀνωνύμωνθ
1430 1600 1487 1627 ἀλλ’
1505 1600 1554 1627 οὐκ
1570 1599 1667 1634 ἐκείνῳ
1693 1598 1874 1633 προσέχουσιν

1038 1649 1063 1675 οἱ
1075 1647 1160 1674 ταῦτα
1173 1646 1298 1682 δέχεσθαι
1323 1645 1476 1681 μέλλοντες,
1492 1643 1561 1671 ἀλλά
1572 1643 1617 1670 διὰ
1631 1643 1666 1670 τὰ
1680 1642 1727 1669 τοῦ
1742 1641 1874 1677 βασιλέως

1039 1692 1190 1728 γράμματα
1213 1689 1313 1725 πολλὴν
1336 1689 1455 1724 κάκείνῳ
1480 1687 1563 1723 τιμὴν
1584 1686 1761 1722 ἀπονέμουσι,
1779 1685 1826 1712 καὶ
1839 1685 1875 1712 τὰ

1039 1735 1191 1772 γράμματα
1207 1733 1277 1770 μετά
1295 1732 1393 1760 πολλοῦ
1403 1731 1450 1758 τοῦ
1466 1731 1548 1766 φόϐου
1569 1731 1616 1757 καὶ
1633 1730 1732 1766 πολλῆς
1746 1729 1798 1764 τῆς
1812 1729 1875 1764 ἡσυ-

1040 1780 1102 1815 χίας
1112 1779 1245 1815 δέχονται.
1264 1777 1295 1804 Εί
1312 1777 1401 1804 τοίνυν
1418 1777 1521 1807 ἐκεῖνος
1542 1774 1686 1810 ἀνθρώπου
1706 1773 1875 1808 ἐπαγόμενος

1040 1824 1201 1859 γράμματα,
1214 1822 1260 1849 καὶ
1271 1822 1375 1857 χάρτην
1388 1820 1481 1852 ἁπλῶς
1492 1819 1698 1855 ἐπιφερόμενος,
1708 1817 1783 1853 παρὰ
1793 1818 1876 1844 πᾶσιν

1041 1867 1240 1902 ἐναποδέχεται,
1264 1865 1352 1901 πολλῴ
1381 1864 1480 1901 μᾶλλον
1497 1864 1512 1884 δ
1526 1864 1606 1899 ὑμεῖς
1621 1863 1655 1890 ἂν
1681 1862 1755 1896 εἴητε
1776 1861 1876 1887 δίκαιοι

1041 1912 1076 1939 τὰ
1090 1911 1166 1947 παρὰ
1179 1910 1225 1937 τοῦ
1235 1909 1394 1946 Πνεύματος
1409 1908 1442 1935 δι’
1456 1907 1535 1944 ἡμῶν
1552 1907 1617 1942 ὑμῖν
1627 1904 1786 1941 πεμφθέντα
1797 1904 1876 1938 λόγια

1043 1955 1112 1992 μετά
1134 1954 1236 1989 πολλῆς
1250 1954 1300 1989 τῆς
1325 1952 1462 1988 προσοχῆς
1481 1950 1671 1987 ὑποδέχεσθαι,
1699 1950 1742 1976 ἶνα
1763 1948 1813 1992 τῆς
1832 1949 1876 1974 εὑ-

1042 1998 1218 2034 γνωμοσύνης
1233 1997 1332 2032 πολλὴν
1345 1995 1496 2031 κομίσησθε
1512 1994 1560 2031 τὴν
1576 1993 1703 2030 ἀμοιῆήν.
1717 1991 1792 2028 [448]
1813 1991 1876 2019 Ἐὰν

1041 2043 1096 2077 γὰρ
1107 2041 1150 2078 ῐδη
1163 2042 1178 2067 ὁ
1192 2041 1246 2067 τῶν
1256 2040 1324 2067 ὅλων
1338 2040 1477 2075 Δεσπότης
1490 2039 1538 2074 τῆς
1555 2038 1642 2073 ψυχῆς
1653 2037 1731 2072 ὑμῶν
1742 2036 1792 2071 τὴν
1807 2044 1875 2070 προ-

1043 2085 1158 2121 θυμίαν,
1180 2084 1227 2111 καὶ
1248 2084 1314 2119 ἡμῖν
1327 2083 1524 2118 δαψιλεστέραν
1543 2081 1656 2116 παρέξει
1676 2080 1726 2116 τὴν
1744 2080 1876 2115 χορηγίαν

1042 2129 1087 2157 διὰ
1099 2128 1149 2164 τὴν
1160 2128 1304 2163 οἰκοδομὴν
1315 2127 1363 2163 τὴν
1374 2126 1522 2162 ὑμετέραν,
1537 2126 1584 2152 καὶ
1592 2125 1658 2160 ὑμῖν
1673 2123 1783 2150 πλείονα
1792 2123 1878 2158 δωρή-

1044 2182 1119 2202 σεται
1134 2172 1182 2208 τὴν
1198 2171 1306 2198 σύνεσιν
1322 2176 1347 2203 ο,
1361 2170 1431 2197 ὥστε
1453 2169 1570 2197 συνιέναι
1586 2169 1621 2195 τὰ
1635 2167 1778 2203 λεγόμενα.
1794 2166 1877 2201 Δαψι-

1043 2217 1091 2253 λὴς
1100 2216 1154 2252 γὰρ
1168 2217 1184 2251 ἡ
1199 2215 1247 2242 τοῦ
1271 2214 1430 2250 Πνεύματος
1446 2213 1538 2250 χάρις,
1552 2212 1598 2239 καὶ
1617 2213 1658 2244 εἰς
1672 2212 1775 2243 πάντας
1789 2211 1879 2245 ἐκχεο-

1046 2261 1112 2296 μένη
1123 2259 1217 2287 οὐδένα
1230 2258 1364 2295 μερισμὸν
1378 2257 1520 2293 ὑπομένει,
1533 2256 1602 2284 ἀλλὰ
1611 2257 1645 2291 τῇ
1655 2256 1769 2291 διανομῇ
1779 2254 1878 2289 μᾶλλον

1044 2304 1164 2337 αὒξεται,
1181 2303 1228 2330 καὶ
1242 2303 1296 2338 ὅσῳ
1308 2302 1341 2329 ἃν
1354 2301 1462 2333 πλείους
1475 2299 1542 2328 ὦσιν
1552 2301 1577 2327 οἰ
1591 2300 1693 2335 ταύτης
1708 2299 1877 2335 μετέχοντες,

1042 2347 1163 2383 τοσούτῳ
1179 2347 1226 2374 καὶ
1240 2346 1275 2373 τὰ
1285 2346 1334 2381 τῆς
1349 2345 1459 2381 χάριτος
1475 2344 1522 2372 ἐπὶ
1536 2343 1617 2370 πλέον
1636 2343 1797 2370 ἐκτείνεται.
1811 2342 1880 2377 Φέρε

1043 2388 1100 2423 οῦν,
1113 2391 1136 2417 ει
1151 2390 1233 2421 δοκεῖ.
1250 2389 1296 2416 καὶ
1323 2390 1442 2424 σήμερον
1457 2388 1506 2423 τῆς
1529 2386 1689 2418 ἀκολουθίας
1713 2386 1767 2412 τῶν
1783 2385 1879 2420 πρώην

1043 2435 1109 2469 ἡμῖν
1124 2433 1277 2469 εἰρημένων
1292 2431 1497 2467 ἐπιλαθώμεθα,
1512 2431 1560 2458 καὶ
1577 2430 1675 2466 ἴδωμεν
1690 2430 1757 2457 ὅπου
1773 2429 1820 2456 τὸν
1835 2429 1879 2454 λό-

1044 2486 1091 2512 γον
1112 2477 1316 2512 κατελύσαμεν,
1335 2476 1383 2504 καί⁵
1401 2476 1461 2503 ὅθεν
1478 2475 1560 2503 αὑτὸν
1586 2473 1733 2502 ἀναλαϐεῖν
1761 2473 1880 2509 σήμερον

1045 2522 1177 2557 προσῆκε.
1211 2520 1266 2547 Ποῦ
1281 2518 1327 2547 οὖν
1349 2520 1394 2547 τὸν
1417 2519 1496 2554 λόγον
1510 2518 1605 2555 πρώην
1632 2517 1878 2554 προσορμίσαντες,

1044 2565 1115 2592 οὕτω
1126 2565 1176 2600 τῆς
1190 2564 1364 2596 διδασκαλίας
1373 2563 1387 2585 (ί
1403 2562 1598 2598 ἐπαυσάμεθα;
1616 2562 1656 2590 Τὰ
1675 2561 1746 2588 κατὰ
1757 2560 1803 2588 τὸν
1817 2559 1877 2587 Λὼτ

1077 2643 1089 2658 ⁸
1102 2643 1164 2667 Tres
1175 2649 1231 2666 mss.
1243 2642 1417 2674 φιλανθρωπίας
1427 2640 1578 2674 ἐνηχούμενοι

1076 2673 1178 2710 §_S_avi_|:
1185 2677 1213 2710 gl
1221 2668 1331 2710 qliilnqufi
1341 2680 1399 2710 Πιεε.
1409 2668 1574 2710 ἐπιφερόμενος
1587 2671 1649 2695 οὕτω
1660 2669 1813 2710 περίϐλεπτίς
1818 2668 1878 2710 ἐσέτι,

1047 2705 1127 2743 πολλῷ
1138 2700 1237 2743 μᾶλλονὲ
1248 2700 1334 2743 Μρξςὲί.
1349 2706 1376 2728 εὶ
1396 2703 1438 2728 alii
1450 2700 1614 2734 ἐπιφερόμενος
1629 2700 1697 2732 παρά
1705 2703 1779 2724 πᾶσιν
1795 2700 1879 2724 ἐναπο-

1048 2736 1150 2766 δέχεται,
1159 2735 1240 2765 πολλῷ
1252 2736 1349 2788 μᾶλλον.

1080 2767 1092 2796 ἦ
1105 2766 1154 2789 Sex
1167 2771 1224 2789 mss.
1235 2773 1252 2789 π
1268 2766 1332 2789 είονα
1341 2765 1433 2796 παρέξει
1443 2765 1486 2792 τὴν
1496 2763 1597 2796 σύνεσιν.

1081 2795 1094 2815 d
1105 2796 1180 2820 Savil.
1192 2798 1217 2819 el
1231 2799 1286 2820 octo
1296 2802 1352 2827 mss.
1367 2791 1449 2827 πρῴην
1457 2791 1593 2827 τελέσαντες
1602 2797 1643 2823 τῆς
1655 2791 1818 2827 διδασκαλίαςέ
1829 2791 1879 2827 Mf?

1053 2828 1099 2851 rcl.
1113 2826 1194 2857 πρῴην
1205 2821 1414 2857 προσορμίσαντές,
1429 2821 1491 2849 οὕτω
1502 2828 1544 2854 τῆς
1561 2821 1721 2857 διδασκαλίας.
1735 2823 1790 2848 Mox
1803 2821 1876 2848 Savil.

1054 2860 1080 2882 cl
1090 2855 1199 2888 quibﬁue
1210 2855 1266 2882 uiss.
1279 2855 1425 2889 ἐμπρησμὸν,
1439 2856 1506 2888 μέχρι
1518 2856 1602 2881 τούτου
1613 2856 1653 2880 τὸν
1667 2855 1744 2887 λόγον.
