2044 3131
191 124 245 154 405

191 187 288 216 pun-az,
302 188 361 216 quae
374 179 556 209 indiderenter
563 179 602 208 sic
612 186 683 215 sepe
693 180 768 214 ponit
777 180 857 208 Verba
868 189 874 206 :
886 180 910 207 id
921 180 990 215 quod

191 232 219 254 ct
233 234 304 254 nunc
317 225 408 253 videre
420 226 490 253 licet.
509 224 581 252 I’luit
594 225 674 258 enim,
689 225 783 260 inquit,
798 225 993 252 Dominus-sut-

193 273 259 308 plmr
280 277 302 299 et
316 272 399 307 ignem
420 279 436 298 a
450 270 560 298 Domino
574 271 605 298 de
616 270 699 298 ewlo:
713 276 741 298 ut
753 271 833 304 dicat,
851 263 993 298 Dominum

195 327 300 355 μωιιςιηι
313 319 448 346 induxisse
460 327 467 344 :
482 322 510 346 et
525 326 578 345 non
588 319 673 346 soluta
685 318 807 345 civitates
817 317 992 350 subvenisse,

193 373 357 400 omnemque
375 365 446 392 circa
466 365 614 400 regionem,
631 369 658 392 et
678 372 773 392 omnes
795 363 991 395 inhabitantes,

193 413 242 441 sed
257 413 336 440 etiam
350 420 410 447 qua:
421 411 610 440 exoriebantur
621 411 656 438 de
668 416 739 438 terra
751 411 911 439 abolevissc.
927 410 993 444 Quia

193 460 266 488 enim
278 459 410 490 homines.
424 458 469 493 qui
479 466 540 486 eam
556 457 748 489 inhabitabant,
762 457 859 484 multos
874 457 995 492 impieta-

196 506 231 533 tis
254 505 356 532 fructus
381 505 566 539 protulerunt:
591 503 701 536 idcirco,
726 503 821 538 inquit,
838 507 866 530 et
887 502 995 530 inutiles

197 551 300 578 fructus
323 555 402 577 teme
416 549 494 583 facio,
511 554 540 577 ut
559 554 586 577 ct
599 549 651 577 illis
666 549 771 577 abolitis
786 554 942 584 perpetuum
961 548 994 576 sit

197 597 391 624 monimentum
406 595 581 630 sequentibus
595 595 810 630 generationibus
825 604 831 621 :
855 599 926 622 terra
949 601 996 628 per

198 651 276 670 suam
288 643 455 670 sterilitatem
468 649 560 670 omnes
573 641 697 674 ducente,
712 645 809 676 quanta
825 641 905 668 fuerit
918 640 993 667 inha-

200 689 350 718 bitantium
365 688 476 716 malitia.
494 688 587 716 Vidisti
607 692 704 723 quanta
724 695 768 715 res
790 687 826 714 sit
848 686 948 720 virtus,
969 690 997 714 et

199 739 298 771 quanta
314 742 357 762 res
371 734 470 762 tnalitia
484 743 491 762 τ
513 738 541 762 et
557 733 691 769 quomodo
703 733 791 768 justus
809 737 929 760 servatus
941 732 996 766 sit,

200 782 246 809 alii
258 786 347 809 autem
360 781 467 816 dignam
481 788 528 809 sua
542 780 640 808 malitia
655 787 762 815 pmnam
781 779 950 814 receperint?
965 778 998 805 Et

202 827 368 862 sicutjustus
382 834 514 862 persuam
529 826 654 853 virtutem
668 829 696 852 et
706 825 774 852 ﬁlias
787 824 898 852 salvavit
919 829 944 851 et
961 824 1006 851 cio-

203 873 292 901 vitatis
312 873 384 901 illius
399 872 601 900 subversionem
616 871 770 906 prohibuit:
787 870 822 898 ita
842 875 870 897 et
884 870 920 897 illi
935 877 998 904 pro-

203 926 262 955 pter
282 920 414 954 ingentem
430 926 504 946 suam
520 918 648 945 malitiam
664 924 716 944 non
737 917 824 944 solum
841 916 891 951 ipsi
912 915 999 951 perie-

203 971 267 995 runt
280 971 308 994 et
319 965 494 997 chclivsunl,
507 964 554 992 scd
566 968 594 992 et
605 964 750 991 cfl'eCcrunt
766 968 863 990 terram
879 962 999 989 inutilem

204 1014 231 1040 in
243 1013 369 1040 futurttm.
381 1011 426 1040 26.
439 1011 473 1038 Et
484 1011 603 1045 respexit,
618 1010 712 1046 inquit,
733 1017 799 1037 uxor
809 1010 863 1045 ejus
882 1013 937 1044 post
950 1013 1001 1035 ter-

204 1067 274 1094 gum,
288 1063 312 1086 et
326 1060 393 1094 facta
406 1062 441 1084 est
454 1057 572 1084 columna
583 1056 655 1083 salis.
671 1055 736 1083 Nam
750 1055 876 1090 quoniam
896 1053 1001 1082 audivit

205 1105 314 1140 angelos
327 1104 512 1139 praecipientes
522 1103 605 1138 justo,
622 1107 650 1129 ut
663 1110 696 1130 nc
708 1110 739 1130 se
753 1105 941 1130 converterent
955 1108 1000 1128 re-

205 1155 331 1181 trorsum,
344 1150 390 1177 sed
404 1157 464 1177 cum
476 1157 569 1183 magna
584 1148 753 1176 festinatione
768 1147 926 1175 secederth
937 1156 943 1173 τ
955 1154 1003 1174 neh

205 1196 284 1231 glesit
299 1196 389 1226 verba,
402 1201 429 1222 ct
449 1199 611 1230 praeceptum
624 1202 676 1222 non
693 1194 846 1227 custodivit,
861 1197 1001 1228 propterea

206 1249 262 1269 sum
276 1241 442 1277 negligentia:
456 1240 529 1268 dedit
544 1247 660 1275 ptenam.

243 1289 269 1315 τ.
287 1288 394 1316 Muralis
420 1288 570 1315 exhortatio.
583 1302 617 1307 —
630 1286 762 1315 Caeterum
790 1293 839 1313 nos
863 1285 1003 1314 audientes

207 1335 261 1367 illa,
279 1340 377 1362 nostra}
386 1334 482 1361 Salutis
496 1341 586 1361 curam
600 1333 794 1368 diligentiorem
806 1331 960 1364 habeamus,
976 1335 1003 1358 ct

207 1381 271 1408 vitia
289 1380 332 1407 illa
346 1387 380 1407 ne
391 1379 524 1407 imitemur
537 1386 687 1406 caveamus.
710 1378 846 1405 Imitemur
855 1378 919 1412 justi
931 1377 1001 1404 illius

208 1426 413 1461 ho~pitalitatem
429 1424 532 1452 etalias
547 1424 668 1457 virtu'es,
681 1428 709 1451 ut
721 1423 855 1458 possimus
869 1427 896 1450 ct
910 1430 1004 1456 super-

209 1478 270 1498 nam
283 1470 348 1497 iram
362 1469 508 1504 depellere.
521 1468 612 1504 Neque
623 1468 693 1495 enim
708 1467 835 1502 poSSibile
849 1471 900 1498 est,
917 1470 946 1493 ut
958 1466 1004 1501 qui

209 1517 332 1544 virtutem
349 1516 418 1543 hanc
436 1522 533 1551 magno
554 1515 643 1542 studio
657 1518 790 1547 exerceat,
805 1520 858 1541 non
872 1514 1001 1548 grandem

208 1562 271 1590 inde
289 1565 407 1597 reportet
426 1561 591 1588 thesaurum.
606 1559 710 1588 Etenim
723 1559 788 1594 justi
808 1558 844 1586 illi
862 1559 900 1586 sic
912 1564 1005 1593 super-

210 1616 272 1635 nam
287 1608 400 1643 gratiam
419 1606 575 1642 consequuti
596 1609 667 1638 sunt,
681 1609 735 1633 tam
749 1604 909 1640 patriarcha,
924 1611 1005 1639 quam

209 1654 270 1688 Lot,
284 1659 312 1682 et
324 1654 369 1689 qui
383 1653 506 1681 homines
523 1652 657 1687 suscipere
670 1655 883 1686 se-putaverunt,
896 1658 1004 1678 merue-

209 1704 272 1727 runt
285 1699 421 1734 suscipere
434 1698 553 1734 angelos,
574 1702 601 1725 et
616 1697 770 1732 angelorum
787 1696 937 1724 Dominum.
952 1695 1006 1723 No-

210 1745 252 1773 bis
271 1752 376 1780 quoque
395 1748 424 1771 et
442 1750 524 1776 nunc,
543 1743 566 1770 si
585 1742 758 1774 voluerimus,
778 1742 914 1776 suscipere
934 1741 1005 1768 licet.

210 1790 271 1825 Ipse
285 1789 355 1817 enim
368 1795 409 1817 est
429 1789 473 1824 qui
486 1788 552 1816 dixit
568 1796 576 1815 :
594 1788 644 1821 Qui
658 1787 763 1823 suscipit
777 1795 831 1820 vos,
850 1795 890 1814 me
901 1787 1006 1823 suscipit

211 1836 319 1873 (Matth.
334 1836 379 1864 10.
399 1835 457 1871 40).
473 1835 518 1863 Sic
532 1835 611 1870 igitur
631 1834 750 1869 hospites
773 1833 963 1868 suscipiamus,
979 1837 1007 1861 et

211 1891 264 1910 non
278 1882 311 1910 ad
322 1886 459 1910 externam
474 1881 602 1908 vilitatem
617 1880 801 1915 respiciamus.
817 1879 970 1912 Enimvero,
982 1878 1007 1907 si

212 1929 257 1956 tali
278 1933 367 1956 mente
389 1927 595 1962 hospitalitatem
619 1927 698 1954 etiam
720 1933 768 1953 nos
788 1925 1004 1957 exercuerimus,

212 1975 284 2010 digiti
298 1975 397 2002 erimus
410 1977 438 2000 et
450 1980 498 2000 nos
510 1973 555 2008 qui
568 1972 633 1999 tales
645 1971 763 2006 hospites
773 1971 948 2005 excipiamus,
961 1969 1006 2005 qui

212 2021 336 2048 videntur
350 2019 457 2055 quidem
470 2019 530 2052 viri,
546 2018 701 2053 angelorum
716 2021 806 2044 autem
819 2016 929 2044 virtutes
943 2023 1010 2051 ope—

212 2071 325 2094 rantur:
343 2069 443 2094 lautum
461 2072 495 2092 ne
507 2064 605 2092 curiosi
624 2063 808 2098 exploratores
821 2067 849 2089 et
868 2061 1007 2097 inquisito-

214 2121 257 2141 res
268 2113 362 2145 simus,
374 2116 403 2139 ut
415 2119 447 2139 ne
457 2111 609 2139 thesaurum
620 2109 779 2145 perdamus.
787 2107 1006 2143 Quandoquidem

212 2164 240 2187 et
252 2160 345 2187 beatus
365 2158 464 2186 Paulus
477 2157 526 2184 hos
536 2156 624 2191 justos
643 2155 803 2188 subindicat,
821 2159 848 2182 et
861 2155 940 2182 docet
959 2162 1008 2182 nos

213 2204 346 2240 quomodo
359 2204 426 2232 tales
440 2203 559 2237 hospites
572 2202 734 2237 exet-perint.
749 2200 950 2234 Hospitalilalis,
967 2201 1007 2228 in»

212 2252 287 2287 quit,
304 2259 335 2279 ne
357 2250 538 2278 obliviscamini
555 2257 564 2276 .'
580 2254 682 2284 propter
700 2249 766 2275 hanc
783 2249 849 2275 enim
871 2249 1008 2275 nescientes

215 2299 319 2334 quidam
332 2298 442 2333 hospitio
452 2301 603 2331 exceperunt
617 2296 720 2331 angelos
731 2295 822 2330 (Hebr.
838 2295 879 2322 15.
898 2295 936 2330 1).
951 2294 1008 2322 Hoc

213 2345 284 2372 enim
307 2352 354 2372 eos
375 2343 540 2378 potissimum
563 2341 626 2369 fecit
646 2341 832 2374 admirabiles,
854 2340 924 2375 quod
950 2348 1006 2373 eos,

213 2398 280 2426 quos
294 2397 348 2418 non
368 2393 507 2420 noverant,
528 2387 675 2415 ministerio
689 2394 738 2414 suo
759 2386 957 2414 honoraverint.
975 2385 1009 2413 Et

214 2445 263 2465 nos
279 2436 358 2471 igitur
371 2443 432 2463 cum
452 2435 504 2462 fide
522 2441 554 2462 ac
573 2434 672 2468 pietate
693 2441 748 2461 rem
767 2433 905 2466 obeamus,
927 2432 1009 2460 utsic

216 2485 370 2512 thesaurum
391 2481 497 2517 assequi
517 2481 650 2516 possimus
669 2489 675 2507 :
691 2479 762 2514 quod
786 2479 863 2506 nobis
883 2478 1009 2506 omnibus

213 2529 385 2561 concedatur,
400 2529 484 2564 gratia
503 2532 530 2555 et
549 2526 713 2561 benignitate
733 2525 836 2552 Domini
849 2525 931 2552 nostri
946 2525 1009 2552 Jesu

215 2575 330 2608 Christi,
346 2575 390 2602 cui
408 2582 468 2602 cum
484 2574 562 2601 Patre
576 2578 603 2600 et
623 2575 717 2600 santto
739 2571 839 2606 Spiritu
859 2571 894 2598 sit
912 2571 1007 2606 gloria,

216 2630 286 2650 nunc
297 2627 325 2650 et
337 2628 455 2656 semper,
465 2624 495 2647 et
508 2620 533 2647 in
546 2619 642 2646 secula
655 2618 825 2646 sascttlorum.
841 2618 936 2644 Amen.

487 2664 626 2692 lIOMILIA
644 2663 735 2693 XLIV.

216 2713 336 2740 Diluculo
357 2716 441 2738 autent
465 2710 530 2738 venit
549 2710 677 2737 Abraham
686 2710 720 2736 ad
744 2709 827 2736 locum
850 2709 891 2735 ubi
909 2713 1010 2736 steterat

393 2765 478 2784 coram
491 2756 602 2784 Domino
617 2755 698 2790 (Gen.
713 2754 757 2782 19.
769 2754 831 2789 27).

255 2804 280 2831 l.
297 2802 356 2830 IIcri
368 2811 416 2830 nos
428 2805 615 2838 argumentum
626 2800 659 2828 de
670 2800 779 2827 muliere
789 2799 952 2827 Samaritana
969 2806 1010 2826 sa-

221 2849 253 2876 tis
274 2849 362 2877 docuit
375 2848 536 2877 iueﬂabileut
551 2846 656 2876 Doxnini
668 2845 906 2881 longanimitatcm,
922 2850 948 2874 et
962 2853 1009 2873 cx-

705 122 743 151 IN‘
770 123 845 152 CAP.
867 122 937 150 XIX.
958 121 1081 150 GENES‘.
1101 121 1216 151 HOIIIL.
1237 123 1328 151 XLIV.

1788 125 1840 152 406

1047 179 1188 208 cellcntem
1211 189 1273 216 erga
1289 181 1360 208 illam
1375 181 1579 216 providentiam,
1600 187 1679 218 atque
1699 183 1768 212 illius
1782 190 1843 216 gra-

1046 230 1102 252 ttnu
1115 226 1243 253 animum.
1257 226 1367 254 Vidistis
1381 228 1524 262 quomodo,
1540 232 1572 256 ut
1579 237 1672 264 aquam
1686 229 1839 257 sensibilem

1047 271 1175 304 hauriret,
1189 271 1298 300 advenit
1311 272 1361 308 (a),
1374 278 1401 300 et
1413 281 1446 300 ex
1457 273 1588 308 spirituali
1602 275 1674 302 fonte
1687 275 1776 302 divina
1789 275 1841 302 ilu—

1045 319 1117 346 tnina
1139 319 1235 352 hausit,
1251 326 1283 346 ac
1299 319 1408 347 domum
1425 319 1514 353 rediit,
1528 320 1641 355 impleas
1658 321 1728 356 quod
1741 322 1844 350 dictum

1046 369 1087 392 est
1108 371 1122 391 a
1138 365 1251 392 Domino
1269 373 1276 391 :
1293 365 1364 399 Aqua
1375 385 1382 398 ,
1397 373 1473 400 quam
1493 373 1538 401 ego
1551 365 1626 399 dabo,
1638 367 1685 392 erit
1702 367 1728 393 in
1743 375 1771 394 eo
1786 369 1845 401 [ous

1047 418 1120 446 aqua:
1132 411 1245 438 salientis
1259 411 1285 438 in
1299 411 1374 438 vitam
1385 416 1506 439 meritam
1520 411 1608 446 (loan.
1621 412 1647 439 ι.
1665 413 1718 447 14).
1733 412 1843 448 Impleta

1048 458 1119 486 enim
1133 458 1188 493 ipsa
1209 458 1300 485 divino
1315 459 1360 486 illo
1373 463 1399 486 et
1420 458 1551 493 spirituali
1564 458 1719 492 fonte,.non
1731 459 1844 486 detinuit

1048 507 1116 534 intra
1129 513 1160 534 se
1173 505 1282 532 lImniua
1303 514 1310 532 :
1332 506 1378 533 sed
1400 506 1637 540 superscaturiens,
1651 510 1680 532 ut
1694 505 1729 532 ita
1743 505 1842 537 dicam,

1048 551 1140 579 effudit
1158 556 1185 579 et
1207 551 1232 579 in
1249 551 1410 579 habitatores
1431 551 1546 578 civitatis
1566 551 1687 578 concessi
1709 551 1759 578 sibi
1778 550 1843 578 doni

1047 598 1171 632 gratiam,
1184 602 1212 625 et
1222 598 1353 632 prteconis
1367 597 1484 625 officium
1499 598 1553 632 egit
1568 597 1663 624 mulier
1676 596 1844 624 Samaritana

1049 650 1076 672 et
1085 644 1366 680 alienigena..Vidistis
1375 649 1502 679 quantum
1513 644 1610 671 bonum
1622 643 1655 670 sit
1665 643 1745 670 animi
1757 646 1847 678 gratus

1050 691 1179 724 allectus;
1195 692 1297 719 vidistis
1312 691 1416 718 Domini
1427 690 1626 725 benignitatem,
1639 688 1773 724 quomodo
1786 687 1848 715 nul-

1050 739 1106 767 lum
1126 741 1290 770 contemnat,
1306 737 1352 764 sed
1373 737 1453 764 etiam
1470 736 1496 763 in
1511 736 1632 768 muliere,
1646 735 1725 762 etiam
1741 735 1767 761 in
1783 741 1848 768 pau-

1052 788 1162 819 pertate,
1187 788 1216 811 et
1233 784 1392 818 ubicumque
1417 783 1546 810 invenerit
1560 782 1675 809 animam
1689 781 1794 816 vigilem
1816 787 1848 807 ac

1051 829 1193 862 fervidam,
1215 829 1304 856 statim
1326 829 1437 864 gratiam
1459 836 1534 856 suam
1548 828 1584 855 illi
1607 828 1743 863 largiatur.
1759 826 1848 854 Imite-

1052 883 1112 902 mur
1125 875 1214 910 igitur,
1229 875 1356 907 ohscero,
1377 879 1404 902 et
1419 881 1468 901 nos
1481 874 1551 902 hanc
1569 874 1719 906 mulierem,
1733 880 1850 906 cumque

1052 928 1146 956 magna
1168 921 1316 948 attentione
1339 920 1502 955 accipiamus
1530 919 1678 946 doctrinam
1703 926 1719 945 a
1747 918 1851 953 Spiritu

1053 966 1208 1002 profecmm.
1221 965 1313 1001 Neque
1325 966 1395 994 enim
1413 970 1502 994 nostra
1513 970 1574 993 sunt
1585 973 1643 1000 quae
1655 964 1790 996 dicuntur,
1802 972 1849 991 ne-

1052 1020 1105 1048 que
1122 1021 1157 1040 cs
1171 1013 1277 1048 pr0pria
1292 1013 1379 1048 lingua
1402 1012 1534 1047 loquimur
1553 1018 1727 1047 quascumque
1745 1010 1846 1038 discri-

1053 1068 1126 1092 mus,
1148 1060 1195 1087 sed
1212 1059 1314 1087 Domini
1337 1059 1501 1094 benignitate
1521 1058 1650 1094 diligente
1675 1061 1784 1092 propter
1804 1064 1852 1084 ve-

1054 1109 1137 1133 stram
1153 1105 1264 1132 salutem
1277 1109 1305 1132 et
1317 1104 1522 1132 aediﬁcationem
1536 1103 1663 1131 Ecclesia:
1678 1103 1732 1131 Dei.
1749 1102 1787 1129 Ne
1803 1102 1850 1137 igi-

1054 1154 1098 1177 tur
1115 1149 1148 1177 ad
1162 1157 1205 1177 me
1218 1149 1361 1181 dicentem,
1373 1150 1527 1181 carissime,
1545 1155 1631 1183 neque
1645 1147 1677 1175 ad
1695 1148 1853 1175 tenuitatem

1055 1204 1140 1224 meam
1156 1196 1283 1232 respicias
1302 1205 1308 1223 :
1331 1195 1378 1223 sed
1399 1195 1526 1230 quoniam
1538 1202 1569 1222 ca
1583 1202 1641 1229 qua:
1662 1193 1766 1220 Domini
1789 1198 1854 1221 sunt

1054 1242 1147 1276 atii-ro,
1162 1242 1195 1269 ad
1204 1249 1267 1269 cum
1280 1241 1324 1275 qui
1334 1248 1378 1268 me
1389 1240 1462 1268 misit
1473 1244 1575 1267 attenta
1590 1244 1679 1266 mente
1693 1245 1850 1269 conversus,

1056 1288 1126 1324 vigili
1149 1288 1238 1315 animo
1252 1295 1314 1323 quae
1326 1287 1451 1315 dicuntur
1464 1286 1577 1321 aecipe..
1585 1285 1807 1320 Quandoquidem
1826 1289 1856 1313 et-

1057 1335 1082 1363 in
1110 1335 1235 1362 humanis
1259 1334 1387 1370 negotiis,
1404 1332 1511 1367 quando
1535 1332 1680 1367 Imperator
1701 1331 1853 1359 diademate

1056 1385 1201 1408 coronatus
1212 1380 1305 1407 literas
1316 1379 1405 1412 mittit,
1422 1383 1485 1406 tunc
1499 1378 1533 1412 is,
1547 1377 1591 1413 qui
1604 1385 1650 1405 eas
1662 1377 1750 1410 alI‘ert,
1765 1385 1812 1412 per
1824 1383 1857 1404 se

1057 1426 1154 1454 nullius
1170 1426 1296 1453 momenti
1313 1429 1363 1457 est,
1379 1424 1426 1452 sed
1439 1424 1479 1451 vir
1493 1433 1509 1451 e
1522 1423 1613 1457 trivio,
1627 1423 1671 1458 qui
1684 1431 1755 1458 8:an
1768 1430 1856 1457 neque

1058 1472 1241 1508 progenitores
1252 1479 1394 1499 numerare
1408 1470 1501 1505 possit,
1514 1470 1654 1501 obscurus,
1671 1473 1697 1497 et
1712 1477 1744 1496 ex
1757 1469 1854 1496 obscu-

1057 1519 1113 1547 ris:
1130 1518 1175 1546 sed
1189 1525 1242 1545 non
1262 1517 1294 1545 ad
1308 1517 1382 1545 illum
1398 1520 1520 1551 spectant
1534 1516 1579 1551 qui
1601 1517 1691 1543 literas
1704 1515 1860 1550 suscepturi.

1057 1568 1132 1597 sunt,
1145 1564 1191 1591 sed
1203 1567 1312 1599 propter
1327 1562 1512 1598 imperatorias
1525 1561 1615 1588 literas
1626 1560 1662 1588 illi
1672 1567 1776 1596 quoque
1787 1560 1856 1587 mul-

1058 1614 1114 1638 tum
1137 1609 1264 1637 exhibent
1284 1608 1404 1640 honoris,
1428 1615 1461 1635 ac
1473 1607 1566 1634 literas
1587 1613 1682 1641 magna
1697 1613 1758 1633 cum
1777 1613 1856 1633 rere-

1059 1656 1143 1684 rentia
1164 1660 1192 1683 et
1207 1653 1315 1683 silentio
1337 1653 1480 1688 recipiunt.
1502 1652 1531 1680 Si
1548 1652 1627 1687 igitur
1641 1651 1663 1679 is
1681 1651 1726 1686 qui
1741 1651 1863 1678 hominis-

1059 1701 1161 1732 literas,
1181 1703 1208 1728 et
1227 1699 1350 1727 chartam
1363 1702 1465 1725 tantum
1479 1697 1568 1729 atl‘ert,
1589 1697 1628 1724 sic
1641 1696 1765 1724 omnibus
1777 1703 1857 1724 accc:

1059 1752 1119 1783 ptus
1128 1751 1171 1774 est
1182 1746 1220 1781 (b)
1237 1754 1244 1772 :
1256 1746 1342 1773 multo
1353 1745 1438 1780 magis
1450 1751 1497 1772 vos
1508 1742 1755 1777 conveniteloquia,
1772 1749 1830 1777 qum
1841 1749 1865 1770 ar

1058 1793 1158 1829 Spiritu
1183 1792 1260 1820 vobis
1274 1798 1322 1826 per
1346 1797 1396 1818 nos
1415 1790 1568 1822 mittuntur,
1592 1796 1687 1824 magna
1709 1788 1857 1815 attentione

1058 1839 1204 1874 suscipere,
1221 1842 1252 1865 ut
1275 1843 1396 1872 magnam
1418 1835 1486 1871 grati
1499 1835 1582 1862 animi
1602 1834 1736 1869 recipiatis
1756 1840 1863 1862 meroe-

1058 1885 1130 1914 dem.
1145 1885 1210 1912 Nam
1221 1884 1243 1912 si
1259 1883 1356 1911 viderit
1366 1882 1494 1910 Dominus
1506 1882 1692 1909 universorum
1704 1881 1856 1908 animarum
1868 1903 1871 1906 .

1059 1935 1209 1959 vestrarum
1234 1929 1398 1956 alacritatem
1406 1942 1419 1960 -,
1440 1931 1467 1955 et
1482 1927 1560 1954 nobis
1583 1926 1712 1961 largiores
1733 1929 1857 1960 smnptus

1060 1981 1171 2013 propter
1181 1979 1297 2003 vestram
1311 1973 1514 2002 :ediﬁcationem
1536 1971 1727 2007 suppeditabit,
1742 1976 1769 1998 et
1782 1970 1858 1998 vobis

1060 2023 1189 2059 majorem
1211 2021 1338 2057 przebebit
1362 2020 1536 2052 intellectum,
1553 2023 1582 2046 ut
1600 2027 1632 2046 ea
1650 2026 1710 2053 qua:
1731 2018 1857 2045 dicuntur

1060 2071 1211 2105 intelligere
1223 2068 1342 2096 valeatis.
1356 2067 1485 2095 Liberalis
1497 2066 1569 2093 enim
1582 2071 1623 2093 est
1636 2066 1752 2100 Spiritus
1762 2066 1859 2100 gratia,

1060 2122 1087 2145 et
1100 2124 1129 2144 se
1139 2116 1165 2143 in
1179 2122 1273 2143 omnes
1284 2113 1436 2144 effundens,
1451 2112 1551 2139 nullam
1562 2111 1720 2139 divisionem
1734 2110 1857 2142 susiinet.

1061 2163 1108 2191 sed
1124 2169 1184 2189 cum
1197 2159 1375 2190 distribuitur,
1391 2158 1477 2193 magis
1490 2157 1597 2190 crescit,
1612 2161 1638 2184 et
1652 2161 1753 2191 quanto
1767 2156 1859 2191 plures
1872 2176 1876 2178 .

1061 2212 1123 2237 sunt
1135 2208 1192 2242 ejus
1208 2205 1359 2241 participes,
1373 2208 1448 2231 tanto
1461 2208 1487 2231 et
1497 2203 1655 2231 beneﬁcium
1668 2203 1752 2237 magis
1765 2206 1860 2230 exten-

1060 2254 1142 2282 ditur.
1159 2253 1214 2288 Age
1227 2251 1306 2287 igitur
1315 2250 1338 2278 si
1352 2250 1466 2282 videtur,
1481 2248 1598 2276 et‘hodie
1608 2248 1641 2275 ad
1655 2248 1751 2276 seriem
1764 2255 1857 2275 eorum
1869 2266 1875 2270 λ
1916 2251 1922 2257 ’

1060 2309 1121 2337 qua:
1147 2299 1221 2334 prius
1245 2297 1315 2326 dicta
1337 2299 1401 2324 sunt
1424 2296 1574 2328 veniamus,
1598 2301 1630 2322 ae
1652 2293 1789 2321 videamus
1814 2292 1860 2320 ubi

1061 2353 1150 2376 sermo
1163 2345 1281 2377 desierit,
1295 2348 1320 2371 et
1336 2342 1407 2371 unde
1417 2345 1615 2376 eumrepetere
1630 2339 1709 2368 hodie
1723 2344 1856 2374 oporteat.

1093 2416 1130 2447 (a)
1146 2419 1181 2440 De
1191 2420 1239 2446 qua
1250 2413 1289 2447 hic
1301 2411 1402 2447 Homilia
1413 2414 1554 2435 sermonem
1570 2407 1667 2436 habeat,
1681 2406 1787 2431 nendum
1798 2407 1858 2431 satis

1094 2444 1218 2473 rsbeetuti]
1229 2444 1300 2468 nobis
1315 2446 1362 2467 est.
1434 2472 1437 2473 ν
1481 2471 1496 2473 ν
1590 2469 1595 2473 _
1681 2471 1684 2473 _
1729 2467 1735 2472 ‘

1095 2469 1133 2509 '(55
1141 2469 1301 2509 ’όὺάιιιιιειιιη
1313 2472 1454 2509 "verentia
1466 2471 1524 2509 0"."1
1531 2469 1861 2509 A9¥Ell391elilli.lt‘il’ﬁfi‘9‘

1061 2497 1309 2535 ritevliterg,“videre
1329 2497 1367 2528 est
1378 2502 1440 2533 apud
1453 2502 1585 2556 scriptores
1597 2497 1647 2523 inm
1670 2497 1858 2533 Ecclesiastieos,

1062 2544 1113 2556 lum
1127 2537 1257 2556 nmmum.
1269 2539 1355 2556 Inuum
1368 2534 1487 2556 insinuem
1517 2531 1618 2555 abemus
1629 2528 1691 2556 apud
1703 2533 1766 2553 Socr.
1780 2527 1822 2552 lib.
1834 2528 1858 2556 ί,

1062 2527 1355 2570 ἱίίῆιῖίῇέίῖιὶὀέῖῖὴῖιυὶή
1368 2527 1487 2570 insignem
1500 2527 1618 2570 habemus
1629 2528 1766 2570 apud
1778 2527 1860 2570 1:

1060 2559 1328 2596 Egi-yu-bivnarratur
1345 2571 1401 2589 eum
1414 2559 1441 2589 in
1460 2562 1613 2596 demsitione
1630 2559 1757 2596 Eustathii,
1776 2559 1854 2596 episc.

1063 2591 1202 2629 Ruinam—ai;
1214 2591 1263 2623 tota
1279 2603 1344 2628 pene
1359 2596 1444 2629 civicis
1455 2591 1576 2629 seditione
1588 2591 1859 2629 conflagrassethatqng

1063 2620 1291 2663 haud;
1302 2620 1436 2663 stantibus
1454 2625 1583 2663 facgionum
1602 2620 1719 2663 partit-ms,
1738 2620 1859 2663 qual

1063 2650 1334 2692 Sdﬁiiii'éiani;
1343 2658 1391 2692 jam
1404 2662 1481 2692 prope
1493 2655 1580 2692 fuisset
1585 2650 1619 2692 ut
1623 2653 1741 2692 βρεμι-εξ
1747 2650 1858 2692 praelium

1063 2681 1417 2721 ‘éii'ié’uéiitguup's
1427 2681 1594 2718 imperatorias
1600 2684 1694 2721 literas
1700 2681 1859 2721 populumti:

1063 2714 1131 2749 inii};
1138 2714 1292 2754 implevi-sse,
1306 2718 1454 2754 etrfactiosos‘
1462 2714 1664 2754 '00mPP.S:YEIS.SC..
1670 2714 1861 2754 vidji‘tnpisppra

1069 2744 1136 2780 ἒόιίιῖ)
1143 2744 1313 2784 ἶίῗὲὖίέίοιεῖεη
1324 2749 1421 2784 Honorii
1439 2744 1539 2784 εςιενωίι
1550 2750 1597 2784 ευρ
1606 2744 1860 2784 i'PEEiEiPE‘PE‘E‘IP‘

1064 2775 1326 2817 pie-simiinjieratorias
1334 2779 1449 2811 epistolas
1457 2779 1502 2817 hac
1514 2775 1861 2817 υῃξᾷξίξρξειξαςςαξλριξθιιριλς

1064 2808 1151 2844 tange
1165 2808 1228 2846 qu'od
1240 2811 1317 2846 solum
1334 2808 1422 2836 nomen
1438 2810 1468 2835 ad
1484 2808 1649 2834 reverentiam
1671 2810 1746 2839 atque
1766 2811 1857 2833 metum

1062 2843 1180 2880 populutti
1197 2843 1302 2872 vocabat.
