2044 3131
201 116 254 147 407

195 171 316 203 Quonam
344 169 424 205 igitur
442 178 526 206 nuper
543 173 704 208 appulimus,
720 181 751 202 ac
771 174 883 203 docendi
907 175 987 202 ﬁnem

197 214 306 242 fecimus
315 215 328 242 ἲ
339 214 377 242 De
388 215 438 243 Lot
447 217 523 244 vobis
536 218 720 253 narrabamus,
731 225 758 248 et
770 220 803 248 de
813 221 990 248 Sodomorum

194 259 328 294 incendio,
343 260 398 288 illic
409 268 424 288 a
437 269 562 291 sermone
576 263 736 298 destitimus,
748 266 792 293 ubi
803 267 891 301 justus
901 267 927 294 in
942 266 992 295 Se-

194 313 244 340 gor
257 311 378 335 servattts
391 312 443 335 est.
459 308 508 336 Sol
525 310 595 337 enim
609 319 724 346 egressus
738 317 775 340 est
789 322 865 348 super
878 318 991 347 terram;

193 356 217 378 et
232 350 281 378 Lat
290 352 393 380 intravit
405 354 431 381 in
442 354 533 390 Segor,
548 360 576 383 et
589 361 651 384 tunc
664 357 702 384 ira
715 365 730 385 a
745 358 800 386 Deo
811 359 929 386 immissa
940 359 990 387 So-

193 396 309 426 dontitas
322 400 507 435 apprehendit,
520 407 546 430 et
555 406 652 430 terram
666 403 738 431 illam
748 404 874 439 abolevit,
883 407 989 441 quando

191 447 219 471 et
236 451 303 471 uxor
313 444 383 480 justi
391 453 483 475 eorum
498 455 558 483 qtne
569 449 604 476 ab
616 450 718 484 angelis
736 450 806 478 dicta
822 451 926 479 fuerant
940 453 990 480 im-

193 497 308 524 memor,
321 493 450 525 spectavit
462 498 617 527 retrorsum,
631 499 659 523 et
673 495 740 524 facta
754 501 794 524 est
809 497 932 525 columna
947 505 989 525 sa-

192 535 234 568 tis,
265 542 421 573 perpetuum
452 540 643 570 monimenlum
668 544 860 577 posterioribus
883 545 988 573 saeculis

191 589 247 610 suze
263 584 429 619 negligentia;
448 587 579 621 prmbens.
595 589 690 624 Opera:
710 591 823 625 pretium
846 600 916 620 nunc
930 593 987 622 tue—

191 627 227 654 rit
248 628 406 657 intermissa:
420 632 498 659 seriei
519 633 651 668 insistere,
672 640 698 662 et
722 643 804 670 pauca
826 642 923 665 vestra:
943 646 988 666 ca-

191 672 264 700 ritati
280 673 362 708 loqui,
379 680 407 702 ut
420 675 516 704 iterum
530 678 640 706 videatis
654 681 791 708 caritatem
805 686 832 709 et
844 685 987 712 commise-

191 718 322 747 t'atlonem
339 722 504 755 patriarchze.
520 730 546 751 et
561 725 607 753 Dei
628 727 653 753 in
674 727 747 754 illum
763 729 985 760 benevolentiam.

192 762 259 790 Nam
276 764 330 798 ubi,
346 771 407 793 orto
419 769 486 802 sole,
499 769 586 804 justus
599 771 650 798 Lot
663 773 689 800 iu
705 772 790 809 Segor
801 782 922 804 servatus
933 783 985 812 est,

193 809 236 842 qui
250 814 337 837 autetn
351 810 475 840 Sodomis
488 820 575 849 erant,
589 824 693 850 pmnam
708 819 821 853 luerunt,
836 809 986 857 patriarcha

191 854 269 882 simul
289 860 317 883 et
339 857 444 886 illorum
463 860 598 889 interitum
620 863 759 898 miserans,
779 854 857 902 quem
877 873 987 904 propter

191 907 269 928 suum
285 908 419 936 peccatum
439 907 631 942 sustinuerunt,
649 916 676 938 et
688 911 722 939 de
731 913 804 947 justo
816 915 893 943 valde
909 916 986 943 solli-

190 947 269 980 citus,
285 957 361 977 tuane
374 952 485 980 veniens
500 956 636 989 spectabat
649 965 709 992 quae
728 959 763 986 ibi
782 959 851 988 facta
867 961 982 991 fuerant.

190 992 234 1019 27.
252 993 371 1023 Diluculo
384 1003 468 1025 autem
478 1001 553 1032 venit,
566 1001 661 1037 inquit,
674 1003 803 1032 Abraham
815 1015 889 1035 mane
900 1009 935 1035 ad
945 1009 983 1036 lo-

190 1047 257 1070 cum.
269 1040 312 1067 ubi
327 1047 430 1070 steterat
443 1052 528 1072 coram
545 1046 611 1081 Deo,
624 1048 669 1077 28.
682 1055 706 1076 et
719 1053 830 1086 respexit
846 1054 873 1080 in
893 1054 984 1089 [aciem

191 1085 363 1115 Sodomorum
382 1096 406 1117 et
422 1091 579 1127 Gontorrhaa,
596 1101 620 1122 et
633 1096 660 1122 in
675 1098 765 1132 faciem
785 1100 985 1136 circnntjacentis

189 1132 309 1166 regionis,
324 1139 348 1161 et
368 1136 438 1163 vidit.
454 1137 488 1164 Et
500 1147 557 1166 ecce
575 1142 724 1169 ascendebat
738 1144 844 1178 ﬂamma
861 1132 893 1173 de
905 1151 982 1181 terra,

189 1177 263 1210 quasi
276 1180 362 1213 fumus
374 1182 477 1209 camini.
493 1183 521 1211 ln
536 1192 579 1217 eo,
593 1186 687 1220 inquit,
704 1177 773 1221 loco,
789 1189 816 1217 in
830 1198 884 1225 quo
897 1192 983 1220 collo-

189 1227 287 1272 quutus
299 1230 339 1252 est
349 1233 409 1254 cum
423 1228 543 1262 Domino.
559 1235 586 1258 et
598 1239 647 1266 pro
658 1233 802 1263 Sodomitis
814 1237 926 1272 rogavit,
944 1239 984 1266 vi-

189 1267 270 1297 debat
285 1271 410 1300 terribilis
431 1274 502 1302 illius
520 1284 607 1311 poenae
620 1279 739 1315 vestigia,
759 1285 786 1309 et
803 1282 837 1310 de
845 1267 926 1318 justo
941 1285 983 1313 di-

189 1322 264 1343 scere
283 1316 382 1352 aliquid
400 1320 513 1349 volebat.
526 1322 551 1349 ls
564 1324 636 1352 enim
651 1331 804 1355 sanctorunt
819 1316 877 1357 mos
889 1335 940 1364 est,
955 1336 985 1359 ut

190 1360 332 1394 plurimum
350 1364 446 1393 atl'ectu
459 1374 626 1404 moveantur,
647 1374 675 1398 et
687 1374 890 1408 compat‘antur.
908 1360 940 1404 Et
955 1382 984 1405 ut

189 1405 284 1434 doceat
302 1416 351 1436 nos
371 1409 461 1438 divina
476 1412 611 1449 Scriptura
630 1405 875 1454 Spiritus-gratiam
894 1423 982 1451 statim

190 1451 239 1486 ipsi
255 1453 334 1489 hujus
353 1457 390 1483 rei
405 1458 525 1486 notitiam
544 1463 720 1498 concessisse,
743 1451 776 1493 et
787 1465 888 1501 justum
907 1476 981 1503 cura,

187 1504 268 1531 quam
292 1507 340 1534 pro
361 1501 410 1530 Lot
430 1504 548 1538 gerebat.
572 1506 717 1543 liberasse,
734 1511 838 1546 inquit:
852 1512 900 1541 29.
919 1501 983 1542 Cum

188 1549 325 1572 contereret
341 1547 463 1577 Dominus
478 1551 591 1579 civitates
603 1554 714 1589 regionis
732 1556 812 1591 illius,
834 1560 983 1588 recordatus

188 1594 226 1616 est
244 1589 314 1619 Deus
327 1593 447 1628 Alam/ta,
470 1601 493 1623 et
512 1598 593 1625 emisit
611 1599 660 1627 Lat
679 1609 693 1628 ο
715 1589 980 1634 νηιάὶαξιώυενδὶοηε.

188 1636 258 1687 Quid
272 1642 322 1670 est.
336 1638 493 1670 Recordatus
502 1648 539 1670 est
552 1643 622 1672 Deus
638 1646 768 1675 Abrahae?
780 1649 837 1678 Hoc
849 1657 900 1684 est,
914 1657 982 1688 peti-

188 1682 269 1710 tionis
288 1692 367 1718 quatn
391 1687 462 1722 fecit,
488 1689 582 1718 dicens
596 1700 603 1718 :
619 1691 660 1719 Ne
679 1694 756 1722 simul
777 1696 869 1730 perdas
883 1682 983 1732 justum

188 1736 246 1755 cum
268 1730 346 1765 impio
364 1732 441 1780 tam.
459 1735 504 1763 ts.
518 1736 577 1773 22).
591 1737 645 1765 Cur
656 1739 744 1774 igitur,
767 1741 864 1770 dixerit
876 1730 981 1780 aliquis,

190 1779 298 1810 propter
304 1778 449 1807 orationem
459 1782 615 1815 patriarchae
620 1784 709 1819 justus
716 1791 839 1816 servatus
847 1795 887 1817 est
894 1778 983 1819 etnon

189 1826 299 1856 propter
310 1829 385 1851 suam
398 1826 546 1859 justitiam?
560 1828 596 1856 Ita
610 1835 693 1864 certe,
708 1832 787 1860 etiam
803 1839 911 1870 propter
920 1843 982 1863 ora-

189 1866 288 1894 tionem
303 1869 461 1903 patriarcltae
477 1881 483 1899 :
498 1874 604 1908 quando
624 1876 695 1903 enim
717 1878 787 1912 qttod
800 1866 832 1907 ex
848 1866 924 1908 nobis
943 1887 985 1909 est

188 1912 268 1940 simul
291 1914 443 1950 aﬁ'erimus,
469 1918 525 1953 ipsa
547 1920 627 1948 etiam
652 1921 808 1952 intercessio
827 1931 981 1955 sanctorum

189 1958 330 1991 pluritttunt
341 1961 418 1989 nobis
429 1964 540 1991 conlert.
556 1965 630 1999 Quod
646 1967 668 1994 si
682 1966 731 2002 ipsi
747 1969 910 2005 negligentes
924 1972 982 2000 fuc-

188 2003 282 2037 rimus,
297 2010 324 2032 et
337 2013 412 2040 spem
426 2008 451 2035 itt
466 2009 520 2036 illis
531 2011 595 2038 solis
610 2016 709 2040 nostra:
723 2003 982 2045 salutisrcollocavc-

189 2049 282 2082 rimus,
298 2052 362 2079 nihil
377 2055 492 2089 amplius
505 2056 583 2084 nobis
597 2058 704 2091 prodest
718 2067 725 2086 :
742 2067 795 2088 non
810 2063 880 2096 quod
894 2064 983 2092 minus

189 2095 294 2123 valeant
308 2097 382 2132 justi,
396 2100 443 2127 sed
457 2101 517 2135 quia
533 2107 641 2138 propter
658 2110 774 2133 nostram
790 2095 919 2136 desidiam
933 2117 983 2138 nos

187 2140 260 2174 ipsos
270 2143 417 2176 prodimus.

222 2186 250 2213 2.
267 2187 301 2214 Et
315 2193 344 2215 ut
357 2188 444 2217 discas
457 2193 591 2225 quomodo
600 2214 608 2227 ,
621 2201 682 2222 cum
695 2196 860 2232 negligentes
874 2205 982 2235 sumus,

188 2231 293 2258 etiamsi
310 2232 374 2267 justi
397 2235 451 2262 sint
469 2237 514 2271 qui
534 2245 583 2272 pro
601 2239 678 2267 nobis
691 2231 786 2275 orant,
801 2242 905 2271 etiamsi
919 2231 982 2279 pro;

189 2277 296 2312 phetaa,
317 2279 389 2308 nulla
409 2281 487 2310 nobis
509 2283 570 2311 inde
592 2285 627 2312 sit
647 2285 748 2314 utilitas
760 2287 810 2322 (illi
823 2288 895 2316 ettim
907 2277 983 2319 suam

188 2324 314 2353 virtutem
336 2334 384 2359 per
405 2327 457 2354 hoc
474 2328 676 2364 demonstrant,
691 2331 768 2359 nobis
780 2337 870 2361 autem
884 2335 918 2362 ob
932 2336 981 2363 int-

188 2370 286 2403 probos
303 2379 393 2400 mores
413 2373 483 2400 nulla
496 2374 549 2402 erit
559 2375 668 2411 utilitas)
683 2396 690 2408 ,
706 2376 768 2404 audi
782 2378 865 2406 Deum
875 2380 982 2408 univer-

186 2423 286 2449 sorum,
303 2417 338 2445 ad
351 2426 423 2452 eum,
436 2419 480 2454 qui
496 2419 530 2448 de
543 2425 618 2448 tttero
631 2423 724 2451 ntatris
735 2425 913 2454 sanctiﬁcatus
926 2432 980 2461 est,

187 2461 332 2490 Jercmiam
347 2464 505 2499 prophetam
515 2466 666 2501 loquentem
679 2477 686 2496 :
701 2468 742 2497 Ne
751 2478 807 2497 om
818 2479 864 2506 pro
888 2473 985 2507 populo

186 2508 247 2540 hac,
272 2509 331 2543 quia
349 2518 400 2537 non
422 2511 557 2539 exaudiant
578 2518 601 2540 te
615 2513 681 2548 (λεν.
695 2515 737 2543 16.
751 2515 790 2551 7).
802 2516 868 2545 Vide
879 2517 982 2546 Doutini

188 2554 379 2590 benignitatem
402 2565 410 2584 :
433 2558 553 2592 praedicit
574 2561 728 2596 propheta,
754 2567 783 2591 ut
805 2571 837 2591 ne
850 2571 911 2592 cum
923 2571 983 2600 post

186 2601 336 2629 orationem
351 2610 403 2630 non
417 2605 589 2639 exaudiatur,
604 2606 656 2635 hoc
665 2608 720 2636 suis
733 2610 848 2644 peccatis
863 2611 960 2638 tribuat
973 2621 980 2644 ;

187 2651 215 2674 et
228 2647 289 2675 ideo
300 2647 356 2682 jam
369 2651 529 2684 prtenuntiat
539 2652 563 2679 ei
576 2653 665 2688 populi
680 2655 834 2690 nequitiam,
849 2661 876 2684 et
889 2657 981 2692 prohi-

189 2692 235 2720 bet
252 2701 286 2721 ne
301 2699 423 2728 precetur
432 2717 440 2729 ,
455 2701 484 2724 ut
497 2701 525 2725 et
539 2698 596 2733 ipse
608 2699 679 2728 scire
692 2705 772 2735 queat
786 2701 919 2736 ingentem
932 2702 982 2730 Ju-

186 2739 305 2767 dteorum
316 2743 514 2775 perversitatem
526 2752 534 2772 :
545 2748 573 2773 et
586 2745 623 2773 illi
637 2747 722 2775 sciant
736 2747 801 2776 nihil
811 2749 850 2776 eis
857 2748 983 2783 prodesse

190 2785 347 2822 prophetam
357 2809 365 2822 ,
382 2789 432 2817 nisi
446 2795 474 2818 et
488 2791 539 2826 ipsi
552 2799 611 2827 quae
623 2800 671 2820 sua
682 2798 745 2821 sunt
756 2794 876 2829 proferre
887 2795 981 2824 velittt.

224 2831 355 2862 ιιιεοσηιίυ
376 2840 400 2864 et
421 2836 565 2867 intercessio
585 2844 741 2869 sanctarum.
754 2855 789 2861 —
804 2841 833 2870 ld
845 2842 959 2871 scientes
970 2863 978 2877 ,

566 114 595 144 S.
615 115 754 145 JOANNIS
773 112 1008 144 CllRYSOSTOMI
1027 114 1184 142 ARCIIIEP.
1205 114 1470 144 CONSTANTINOP.

1786 115 1841 144 tus

1045 173 1150 207 dilecti,
1164 173 1348 209 confugiamus
1362 175 1394 202 ad
1405 180 1557 206 sanctorum
1568 183 1661 211 preces
1672 197 1679 209 .
1694 182 1721 204 et
1731 185 1841 205 oremus

1044 224 1073 246 ut
1093 227 1142 254 pro
1166 220 1243 248 nobis
1264 221 1430 248 intercedant
1449 230 1456 248 :
1473 222 1519 249 sed
1533 230 1585 249 non
1599 222 1704 250 illorum
1717 224 1842 258 precibus

1043 268 1146 292 tantttm
1166 265 1349 300 conﬁdamus,
1368 267 1416 294 sed
1430 271 1457 294 et
1472 267 1521 302 ipsi
1536 273 1626 295 nostra
1637 287 1645 301 ,
1661 273 1689 295 ut
1713 276 1822 303 oportet
1832 290 1839 300 .

1042 310 1227 344 dispensemns
1250 316 1337 345 recte,
1361 317 1387 340 et
1409 313 1441 340 ad
1461 313 1572 340 meliora
1593 321 1700 348 semper
1718 316 1840 342 converti

1042 355 1175 389 nitamur,
1200 361 1228 384 ut
1249 357 1337 384 locum
1360 357 1456 385 demus
1479 359 1592 387 orationi
1615 367 1674 394 qua:
1694 367 1743 395 pro
1763 359 1843 388 mltis

1042 400 1170 430 funditur.
1191 403 1249 431 Hoc
1267 409 1293 431 et
1306 404 1339 431 ad
1353 405 1434 432 alium
1448 406 1604 440 propltetatn
1615 405 1653 442 (α)
1667 406 1730 433 dicit
1747 407 1842 434 Domi-

1041 455 1091 475 nus
1113 449 1299 477 universorum
1321 459 1327 478 :
1351 450 1411 478 Non
1427 452 1495 478 vides
1512 452 1573 487 quid
1595 452 1644 487 ipsi
1657 454 1776 488 faciunt?
1790 452 1840 479 ιιισ

1041 495 1149 521 tendunt
1163 495 1275 530 adipem,
1287 501 1310 523 et
1323 497 1452 531 placentas
1464 497 1563 532 faciunt
1577 499 1696 525 ererritui
1706 499 1762 526 caeli
1770 498 1840 534 (Δεῖ.

1040 539 1067 566 7.
1091 540 1134 567 t7.
1160 541 1203 576 l8)
1220 550 1226 568 :
1241 549 1274 569 ac
1288 542 1310 569 si
1325 542 1449 570 diceret:
1467 543 1518 570 Pro
1531 543 1584 571 illis
1598 551 1641 570 me
1653 551 1746 578 rogas,
1762 544 1807 579 qui
1823 552 1842 571 τι

1041 591 1151 619 peccato
1171 594 1224 614 non
1244 587 1393 620 desistunt,
1415 589 1459 623 qui
1477 594 1569 616 carent
1581 596 1661 617 sensu
1675 590 1840 618 inﬁrmitatis

1039 638 1094 658 sua:
1112 639 1163 666 qua
1186 633 1325 666 laborant,
1349 634 1397 662 sed
1409 634 1449 661 sic
1465 634 1539 662 nullo
1548 635 1642 662 dolore
1656 636 1816 663 suntaﬁ'ecti
1827 637 1840 662 Υ

1039 675 1097 704 Νοη
1111 677 1186 705 vides
1208 686 1343 706 summum
1362 687 1455 707 eorum
1475 682 1681 715 contemptum?
1696 690 1748 709 non
1762 682 1838 709 vidt-s

1039 728 1131 749 eorum
1150 730 1273 758 magnam
1292 725 1441 753 insaniam?
1459 726 1593 761 quomodo
1605 727 1721 754 nondum
1738 728 1839 755 satien—

1039 771 1082 794 tur
1104 768 1256 803 impietate,
1279 770 1326 798 ωτι
1346 771 1421 805 quasi
1439 779 1486 799 sus
1507 772 1532 799 in
1553 772 1658 805 luto,se
1673 773 1792 800 volutent
1811 773 1836 800 in

1039 813 1223 846 iniquitatibus
1244 816 1318 844 suis?
1334 818 1431 845 Annon
1450 818 1472 846 si
1493 818 1594 846 vellent
1607 820 1725 847 converti
1737 840 1747 854 ,
1762 819 1839 848 audi-

1038 865 1097 886 rent
1112 860 1304 890 cohortantes?
1316 863 1411 891 Nonne
1423 871 1473 899 ego
1485 872 1545 892 smn
1561 873 1609 900 per
1622 866 1766 900 propltetas
1779 867 1834 894 cla-

1037 913 1113 933 mans
1124 927 1131 938 ,
1147 911 1175 934 et
1193 907 1305 936 dicens:
1323 909 1355 936 Et
1368 909 1423 936 dixi
1437 915 1569 945 postquam
1582 911 1639 945 ipsa
1651 916 1761 938 scortan
1776 918 1814 939 est
1826 920 1837 939 :

1041 950 1102 979 Post
1122 953 1176 980 haec
1195 955 1281 981 omnia
1300 955 1334 981 ad
1347 963 1386 982 me
1398 962 1540 983 cottoertere
1549 977 1557 990 ,
1569 961 1593 984 et
1603 965 1652 983 non
1667 963 1703 984 est
1715 965 1839 984 conversa

1037 997 1092 1033 (Id.
1108 998 1135 1026 5.
1158 1000 1207 1035 7)?
1227 1000 1295 1028 Nutn
1314 1001 1386 1028 aliud
1408 1010 1501 1037 qu:t:ro
1511 1023 1517 1034 ,
1532 1011 1612 1037 quatn
1626 1007 1652 1030 ut
1667 1003 1806 1038 quiescant
1820 1011 1835 1030 τι

1037 1048 1146 1078 peccato
1161 1048 1280 1080 tantum,
1295 1050 1323 1074 et
1336 1047 1433 1074 sistant
1448 1048 1516 1075 mala
1527 1048 1540 1075 ?
1552 1056 1616 1075 num
1631 1056 1679 1083 pro
1693 1050 1837 1083 pra-teritis

1037 1089 1168 1117 rationem
1189 1091 1287 1126 exigo,
1311 1092 1333 1119 si
1352 1092 1456 1120 videam
1480 1093 1540 1121 illos
1561 1093 1630 1121 velle
1654 1094 1836 1129 resipiscere?

1037 1143 1126 1164 nonne
1147 1138 1267 1172 quotidie
1287 1139 1389 1174 clamo,
1409 1139 1502 1167 dicens
1524 1149 1532 1168 :
1558 1139 1691 1175 Numquid
1709 1141 1836 1168 voluntate

1036 1181 1093 1208 volo
1113 1188 1218 1210 mortem
1241 1185 1395 1218 peccatoris,
1417 1185 1482 1212 sicut
1503 1186 1612 1212 converti
1631 1195 1688 1213 eun:
1709 1191 1733 1213 el
1752 1186 1836 1213 virere

1038 1227 1144 1262 (Ezeclt.
1161 1229 1204 1257 :8.
1216 1229 1262 1265 23)
1274 1230 1285 1257 ’ἶ
1296 1230 1390 1258 Nonne
1405 1235 1544 1266 propterea
1559 1232 1648 1259 omnia
1664 1231 1747 1264 iacio,
1759 1237 1787 1260 ut
1800 1233 1836 1259 ab

1036 1273 1145 1302 interitu
1164 1275 1276 1311 eripiant
1291 1284 1338 1304 eos
1349 1277 1395 1312 qtti
1410 1278 1444 1305 ab
1459 1286 1550 1306 errore
1566 1281 1740 1314 prteoccupati
1753 1285 1812 1306 sunl
1824 1279 1837 1306 ἲ

1036 1320 1133 1347 Annon
1146 1321 1169 1348 si
1182 1321 1285 1349 videam
1299 1330 1443 1353 conversos
1456 1344 1464 1357 ,
1480 1324 1595 1352 diﬁ‘ero?
1607 1324 1700 1352 Nonne
1713 1333 1763 1360 ego
1774 1334 1834 1353 sum

1035 1366 1081 1400 qui
1094 1365 1157 1393 dico
1172 1375 1179 1394 :
1196 1367 1287 1394 Adhuc
1302 1373 1326 1395 te
1335 1369 1453 1404 loquente
1465 1369 1549 1397 dicam
1564 1378 1574 1397 :
1588 1379 1644 1398 ecce
1655 1371 1747 1398 adsunt
1765 1371 1833 1407 (lso.

1035 1413 1080 1440 58.
1093 1413 1122 1449 9)
1133 1414 1144 1440 ?
1154 1414 1223 1442 Num
1233 1415 1273 1443 sic
1283 1415 1333 1450 ipsi
1346 1422 1401 1443 sua;
1412 1416 1505 1444 salutis
1518 1417 1590 1444 avidi
1604 1422 1675 1451 sunt,
1688 1423 1717 1445 ut
1729 1419 1792 1446 mihi
1807 1419 1834 1446 in

1037 1461 1137 1495 optatis
1151 1466 1193 1488 est
1207 1469 1301 1489 omnes
1315 1462 1436 1490 homines
1450 1463 1539 1491 salvos
1554 1464 1609 1490 ﬁeri
1618 1485 1626 1497 ,
1639 1469 1666 1491 et
1675 1465 1708 1491 ad
1719 1465 1834 1500 agnitio-

1036 1513 1097 1533 nem
1109 1508 1229 1535 veritatis
1239 1507 1331 1536 venire
1344 1509 1383 1543 (t.
1396 1508 1489 1535 Tim.2.
1505 1509 1533 1544 4)
1543 1509 1555 1536 ?
1567 1509 1636 1537 Nunt
1651 1511 1722 1537 enim
1737 1518 1786 1538 vos
1801 1519 1833 1538 ex

1036 1552 1120 1580 nihilo
1138 1553 1270 1588 produxi,
1286 1559 1316 1582 ut
1330 1554 1439 1590 perdam
1450 1555 1463 1582 ?
1475 1563 1538 1582 nttnt
1553 1555 1612 1583 sine
1625 1563 1705 1583 causa
1721 1564 1832 1592 regnum

1036 1597 1152 1625 futurum
1176 1603 1204 1626 et
1223 1599 1362 1627 innumera
1385 1600 1454 1627 bona
1475 1601 1643 1635 prmparavi?
1661 1602 1758 1629 Annon
1774 1610 1835 1637 pro-

1035 1647 1096 1678 pter
1111 1643 1162 1672 ltoc
1181 1648 1208 1672 et
1221 1645 1370 1680 gehennam
1389 1646 1504 1673 minatus
1523 1654 1600 1679 sum.
1617 1651 1646 1674 ut
1663 1647 1741 1681 hujus
1761 1653 1834 1675 mctn

1035 1690 1158 1718 homines
1178 1691 1204 1718 in
1220 1699 1332 1726 regnum
1344 1693 1470 1720 ctelorum
1485 1691 1672 1720 introducam?
1685 1693 1723 1721 Nc
1737 1693 1832 1727 igitur,

1034 1742 1052 1762 ο
1067 1736 1143 1763 beate
1157 1736 1287 1772 prOpheta
1298 1758 1306 1771 ,
1323 1738 1384 1765 illos
1400 1739 1552 1774 relinquens
1563 1761 1571 1773 ,
1585 1739 1649 1766 ntihi
1662 1737 1758 1766 afferas
1771 1746 1833 1766 ora-

1036 1782 1135 1810 tionem
1159 1791 1166 1810 :
1188 1783 1235 1810 sed
1257 1783 1320 1811 illud
1343 1792 1426 1812 unum
1453 1785 1500 1812 tibi
1526 1793 1597 1812 cura:
1613 1785 1667 1816 sit.
1682 1791 1710 1812 ut
1727 1785 1833 1812 illorum

1036 1828 1145 1856 morbus
1162 1834 1288 1864 sanetur,
1303 1835 1332 1858 et
1347 1830 1373 1858 in
1386 1839 1495 1859 sensum
1511 1830 1672 1859 inﬁrmitatis
1685 1839 1742 1859 su:e
1753 1836 1835 1866 atque

1035 1874 1068 1901 ad
1087 1874 1265 1902 valetudinem
1284 1877 1333 1911 ipsi
1353 1877 1534 1911 reducantur;
1557 1882 1584 1904 ct
1597 1885 1653 1904 mea
1668 1878 1777 1905 omnino
1791 1885 1835 1905 sc-

1035 1925 1160 1954 qucntur.
1183 1921 1275 1956 Neque
1299 1923 1372 1950 cnint
1397 1931 1505 1956 moror,
1531 1924 1571 1951 vel
1595 1923 1706 1958 diﬁ‘ero,
1728 1924 1835 1959 quando

1035 1967 1113 1994 video
1132 1968 1248 1996 animam
1261 1973 1365 2004 gratam
1381 1978 1387 1996 :
1405 1977 1486 1997 unum
1499 1971 1570 1998 cnim
1583 1975 1684 1997 tantum
1699 1971 1808 2006 requiro
1820 1992 1828 2004 ,

1036 2021 1131 2048 ncntpe
1146 2019 1174 2041 ut
1188 2015 1368 2043 conﬁteantur
1381 2020 1486 2050 peccata
1497 2037 1504 2049 ,
1520 2017 1593 2044 etab
1607 2017 1646 2044 eis
1661 2017 1831 2051 abstineant,

1035 2063 1063 2086 et
1084 2067 1137 2086 non
1161 2060 1229 2088 ultra
1250 2060 1337 2088 infero
1359 2069 1465 2096 poenam
1486 2064 1613 2097 peccatis.
1631 2063 1698 2090 Num
1712 2071 1794 2098 grave
1807 2069 1835 2091 ct

1035 2105 1179 2133 molestutn
1202 2111 1244 2134 est
1267 2107 1339 2142 quod
1364 2116 1379 2135 a
1404 2116 1447 2135 me
1469 2109 1646 2143 proponitur?
1665 2109 1722 2136 Nisi
1736 2110 1833 2137 scirem

1035 2151 1184 2180 deteriores
1199 2153 1256 2181 ﬁeri
1266 2174 1273 2186 ,
1290 2153 1396 2189 quando
1409 2154 1498 2190 priora
1514 2159 1620 2189 peccata
1633 2162 1687 2182 non
1701 2155 1835 2183 conﬁten—

1036 2203 1093 2232 tur,
1109 2206 1195 2234 neque
1206 2199 1319 2234 idipsum
1332 2200 1507 2235 requirerem.
1523 2201 1620 2228 Verum
1634 2201 1696 2235 quia
1707 2201 1764 2228 scio
1778 2201 1828 2228 ho-

1036 2244 1138 2272 minum
1155 2253 1239 2280 genus
1254 2245 1338 2280 magis
1353 2245 1386 2273 ad
1402 2251 1539 2280 peccatum
1553 2254 1674 2281 vergere,
1691 2251 1832 2282 propterea

1036 2290 1098 2317 volo
1120 2296 1149 2318 ut
1172 2291 1351 2319 conﬁteantur
1372 2292 1460 2327 priora
1480 2297 1605 2327 peccata,
1626 2293 1835 2322 ctconl'cssione

1037 2335 1228 2371 prohibeantur
1242 2344 1275 2364 ne
1289 2336 1315 2364 in
1327 2337 1420 2365 cadent
1435 2337 1565 2365 recidant.

1071 2381 1098 2408 5.
1117 2381 1180 2409 Ηωο
1193 2382 1273 2416 igitur
1288 2383 1435 2418 cogitantes
1445 2403 1452 2416 ,
1469 2383 1578 2417 dilecti,
1593 2391 1625 2411 ac
1640 2384 1744 2412 Domini
1756 2385 1834 2413 beni-

1035 2427 1162 2462 gnitatem
1177 2427 1203 2455 in
1216 2427 1305 2455 animo
1318 2433 1456 2456 versantes
1468 2449 1475 2460 ,
1491 2436 1525 2456 ne
1539 2429 1623 2456 simus
1638 2429 1746 2458 desides
1763 2439 1771 2458 :
1786 2430 1833 2458 sed

1036 2480 1158 2507 magnam
1173 2473 1256 2500 nostri
1268 2473 1385 2508 ipsorum
1396 2481 1520 2509 geramus
1535 2482 1626 2501 curam
1639 2496 1646 2506 ,
1661 2480 1688 2502 et
1702 2480 1828 2509 peccato-

1036 2525 1096 2545 rum
1120 2519 1237 2546 macttlas
1251 2526 1394 2554 purgemus
1405 2539 1413 2551 ,
1428 2524 1508 2553 atque
1523 2520 1562 2547 sic
1573 2520 1606 2547 ad
1620 2525 1774 2548 sanctorum
1790 2521 1833 2548 in-

1037 2563 1227 2591 tercessionetn
1253 2572 1436 2599 properemus.
1457 2564 1523 2592 Nam
1546 2565 1569 2592 si
1587 2565 1670 2593 sobrii
1693 2571 1720 2593 et
1740 2566 1833 2600 vigiles

1035 2616 1097 2638 esse
1119 2610 1281 2637 voluerimus
1291 2630 1298 2642 ,
1317 2611 1398 2638 etiam
1419 2617 1466 2645 per
1481 2618 1531 2638 nos
1546 2611 1618 2646 ipsos
1629 2616 1738 2640 orantes
1749 2611 1832 2647 pluri-

1036 2663 1109 2683 mttm
1131 2656 1208 2683 nobis
1224 2656 1401 2692 proderimus.
1422 2656 1488 2684 Nam
1510 2658 1636 2692 quoniam
1655 2658 1775 2686 cletnens
1791 2663 1831 2686 est

1038 2701 1166 2729 Dominus
1180 2707 1271 2729 noster
1283 2723 1290 2735 ,
1303 2710 1356 2730 non
1371 2703 1410 2730 sic
1424 2703 1518 2730 annuit
1529 2711 1590 2730 cuttt
1605 2703 1640 2730 ab
1653 2703 1712 2730 aliis
1723 2711 1772 2739 pro
1785 2711 1833 2731 no-

1037 2748 1077 2776 bis
1091 2753 1196 2782 oratur,
1211 2752 1241 2776 ut
1253 2756 1314 2776 cum
1329 2756 1344 2776 a
1357 2748 1434 2776 nobis
1449 2748 1524 2784 ipsis.
1539 2748 1604 2776 Vide
1617 2748 1763 2777 bonitatem
1774 2749 1830 2777 exi-

1069 2816 1105 2847 (a)
1122 2816 1190 2847 Atqui
1202 2815 1267 2849 idem
1277 2817 1328 2849 ipse
1341 2815 1459 2847 propheta
1472 2818 1511 2839 est
1520 2815 1541 2839 is
1555 2815 1596 2846 qui
1604 2815 1648 2849 hic
1658 2821 1832 2842 commemora-

1038 2850 1087 2879 tur,
1099 2848 1201 2880 etcujus
1213 2847 1280 2874 locus
1292 2847 1402 2879 allcrtur,
1414 2852 1504 2878 nempe
1519 2847 1646 2872 let-emtas.
