2044 3131
121 100 175 128 407

121 157 187 192 ὑμῖν
213 156 395 192 διηγούμενοι,
425 156 533 183 καὶτὸν
547 156 602 183 τῶν
623 156 748 192 Σοδόμων
776 157 954 193 ἐμπρησμὸν,

121 200 180 226 ἐκεῖ
189 199 234 226 τὸν
251 200 329 234 λόγον
340 201 504 235 ἐστήσαμεν,
518 200 586 226 ὅπου
601 200 616 226 ό
627 200 730 231 δίκαιος
745 201 785 232 εἰς
799 200 848 235 τὴν
859 199 957 235 Σηγὼρ

122 244 251 280 διεσώθη.
274 244 305 271 '0
321 244 408 278 ἣλιος
419 245 473 280 γὰρ
492 244 622 278 ἐξῆλθεν
641 245 690 271 ἐπὶ
709 244 764 279 τῆς
787 245 862 278 τῆς,
879 245 956 279 φησὶ,

121 289 172 316 καί
194 288 260 316 Λὼτ
283 287 427 322 εἰσῆλθεν
444 290 488 322 είς
513 288 632 324 Σητὼρ,
648 289 695 316 καὶ
719 289 810 324 τότεὴ
828 288 957 324 θεήλατος

120 332 215 368 ἐκείνη
231 332 299 367 ὀργὴ
317 332 380 364 τούς
392 341 421 358 τε
437 332 466 359 ἐν
480 332 606 368 Σοδόμοις
623 333 765 364 κατέλασε,
784 332 892 367 καὶτῆς
904 332 956 366 γῆς

119 376 168 402 τὸν
190 375 342 410 ἀφανισμὸν
364 375 521 411 εἰργάσατο,
539 376 583 402 ὅτε
598 376 645 402 καὶ
663 377 678 412 ἠ
695 376 763 411 γυνὴ
786 376 832 402 τοῦ
850 375 955 403 δικαίου

120 419 305 454 ἐπιλαθομένη
323 418 375 445 τῶν
393 419 530 454 ῥηθέντων
545 419 620 455 παρὰ
632 420 687 446 τῶν
703 420 837 454 ἀγγέλων,
848 419 956 446 ἐπιϐλέ-

120 463 198 497 ψασα
208 464 248 495 είς
265 462 299 489 τὰ
311 463 409 494 ὀπίσω,
424 463 532 497 ἐγένετο
554 463 639 499 στήλη
663 463 736 496 ἁλὸς,
752 463 873 498 διηνεκὲς
890 464 957 490 ὑπό-

123 515 220 542 μνημα
234 508 293 538 ταῖς
316 506 386 541 μετὰ
400 506 487 532 ταῦτα
506 508 613 540 γενεαῖς
639 507 687 542 τῆς
701 507 802 538 οἰκείας
820 506 956 542 ῥᾳθυμίας

121 551 308 586 παρεχομένη.
332 551 493 584 Ἀναγκαῖον
512 548 558 577 οὖν
570 551 689 586 σήμερον
703 550 737 576 τὰ
752 550 816 585 ἑξῆς
829 550 956 577 ἐπελθόν-

120 603 172 625 τας
184 595 269 630 μικρά
282 603 342 621 τινα
355 594 529 629 διαλεχθῆναι
542 594 609 629 πρὸς
619 594 668 629 τὴν
686 595 821 630 ὑμετέραν
835 594 955 629 ἀγάπην,

123 639 168 665 ἵνα
183 638 262 665 πάλιν
275 638 362 673 εἰδῆτε
378 637 424 664 τοῦ
443 637 611 673 πατριάρχου
623 638 653 664 τὸ
666 638 807 673 συμπαθὲς
821 638 868 664 καὶ
883 638 956 672 φιλό-

123 691 248 718 στοργον,
266 681 370 709 καὶτοῦ
385 681 452 708 Θεοῦ
470 682 517 717 τὴν
532 683 597 718 περὶ
617 682 697 709 αὑτὸν
712 682 826 711 εὔνοιαν.
849 682 956 718 Ἐπειδὴ

122 726 188 760 γὶρ.
207 725 257 760 τῆς
271 725 401 759 ἀνατολῆς
412 724 458 751 τοῦ
476 725 551 759 ἡλίου
573 725 722 760 γενομένης
732 745 739 756 ,
760 726 774 752 ὁ
790 725 839 760 μὲν
854 725 956 757 δίκαιος

121 768 184 796 Λὼτ
198 770 238 799 εἰς
251 769 300 803 τὴν
311 768 407 803 Σηγὼρ
423 768 549 803 διεσώθη.
562 769 585 795 οἱ
599 769 627 795 δὲ
640 769 674 796 τὰ
685 769 786 804 Σόδομα
800 769 956 796 κατοικοῦν-

120 820 167 844 τες
184 812 236 838 ὑπὸ
250 812 299 847 τὴν
309 812 387 848 δίκην
399 812 550 846 γεγόνασιν,
565 812 579 838 ό
592 812 764 847 πατριάρχης
779 813 846 848 ὁμοῦ
864 813 957 840 κὰκεμ

120 864 184 886 νους
195 855 337 891 οἰκτείρων
350 856 400 890 τῆς
414 855 561 887 ἀπωλείας,
579 855 612 890 ἢν
624 855 669 881 διὰ
682 856 732 889 τὴν
746 856 848 882 οἰκείαν
867 864 956 890 παρα-

121 900 220 933 νομίαν
232 899 393 934 ὑπέμειναν.
409 899 455 925 καὶ
473 899 537 934 περὶ
551 899 597 925 τοῦ
611 899 716 925 δικαίου
728 899 830 934 σφόδρα
849 900 958 934 φροντί-

121 941 188 973 ζων,
206 942 346 977 ὁρθρίσας,
363 942 439 977 φησὶ,
452 942 630 977 περιεσκόπει
643 943 677 969 τὰ
694 943 874 978 γεγενημένα.
891 944 958 977 Ὥρ-

121 988 208 1020 Optas
220 985 284 1021 γὰρ,
305 986 398 1021 φησὶν,
419 985 548 1020 Ἀϐραὰμ
570 985 610 1018 τῷ
627 986 702 1020 πρωῒ
716 987 759 1018 είς
779 986 832 1013 τὸν
852 986 956 1019 τόπον,

121 1027 159 1056 οὗ
171 1027 302 1061 εἱστήκει
315 1029 455 1056 ἐναντιον
478 1029 531 1056 τοῦ
556 1028 640 1060 Θεοῦ,
658 1029 707 1056 καί
722 1029 889 1063 ἐπέϐλεψεν
907 1029 958 1056 ἐπί

121 1073 286 1106 πρόσωπον
309 1071 365 1106 τῆς
383 1071 547 1106 περιχώρου
564 1073 703 1106 Σοδόμων
723 1072 769 1100 καί
793 1073 956 1107 Γομόρρας,

121 1116 173 1142 καί
193 1114 263 1143 εἶδε.
277 1116 332 1143 Καὶ
345 1115 410 1143 ἰδοὺ
426 1116 563 1143 ἀνέϐαινε
581 1116 660 1150 φλὸξ
671 1116 705 1143 ἐκ
727 1116 782 1150 τῆς
797 1116 864 1151 γῆς,
885 1117 956 1143 ὡσεί

122 1159 211 1194 ἀτμίς
226 1160 362 1194 καμίνου.
388 1161 432 1186 Ἐν
448 1160 558 1195 ἐκείνῳ,
576 1160 653 1195 φησὶ,
680 1159 718 1195 τῷ
734 1160 808 1195 τόπῳ
827 1159 956 1194 γεγονὼς,

121 1202 188 1230 ἔνθα
203 1203 250 1239 τὴν
265 1203 380 1236 διάλεξιν
394 1204 462 1240 πρὸς
474 1204 518 1230 τὸν
529 1204 667 1238 Δεσπότην
684 1205 839 1239 ἐποιήσατο,
853 1204 900 1230 καὶ
910 1203 958 1239 τὴν

122 1246 190 1282 περὶ
213 1246 267 1273 τῶν
280 1247 309 1273 ἐν
335 1247 460 1282 Σοδόμοις
484 1247 667 1282 παράκλησιν,
684 1246 756 1281 ἑώρα
773 1247 821 1281 τῆς
842 1246 959 1282 φοϐερᾶς

121 1290 232 1326 ἐκείνης
243 1291 378 1326 τιμωρίας
394 1290 428 1317 τὰ
439 1291 509 1326 ἴχνη.
521 1292 568 1318 καὶ
577 1291 623 1317 τοῦ
639 1290 743 1317 δικαίου
755 1291 846 1317 ἕνεκεν
864 1290 959 1326 μαθεῖν

121 1342 150 1360 τι
167 1333 308 1370 ἐπεθύμει.
321 1334 446 1361 Τοιοῦτον
459 1334 513 1370 γὰρ
527 1334 580 1360 τῶν
594 1334 679 1368 ἁγίων
692 1334 722 1360 τὸ
735 1334 803 1365 ἔθος,
820 1334 960 1369 φιλόστορ-

121 1385 172 1411 γον
190 1378 236 1403 καὶ
253 1377 470 1412 συμπαθητικόν.
499 1378 553 1403 Καὶ
576 1377 620 1404 ἴνα
649 1377 742 1413 διδάξῃ
767 1378 839 1412 ἡμᾶς
865 1378 882 1413 ἡ
901 1377 959 1404 θεία

122 1420 230 1456 Γραφὴ,
246 1421 286 1447 ὅτι
303 1420 404 1451 εὐθέως
425 1420 498 1456 αὐτῷ
512 1421 607 1447 τούτου
628 1420 677 1456 τὴν
692 1420 792 1454 γνῶσιν
804 1420 930 1455 ἐνέθηκεν
943 1421 959 1456 ἠ

120 1464 171 1490 τοῦ
190 1463 347 1499 Πνεύματος
367 1464 457 1500 χάρις,
485 1464 550 1499 ὁμοῦ
571 1465 599 1490 δὲ
614 1465 661 1490 καὶ
677 1464 722 1491 τὸν
737 1464 840 1491 δίκαιον
853 1465 896 1491 ῖνα
909 1465 959 1499 τῆς

122 1507 252 1543 περὶτοῦ
271 1507 333 1534 Λὼτ
358 1508 499 1544 ἀπαλλάξῃ
518 1508 655 1543 φροντίδος
671 1514 694 1540 α,
721 1508 820 1543 φησίν·
843 1509 894 1535 Ἐν
920 1508 959 1541 τῷ

121 1551 260 1586 ἐκτρῖψαι
272 1553 381 1587 Κύριον
397 1553 451 1585 τὰς
463 1553 567 1585 πόλεις
584 1551 637 1586 τῆς
650 1553 810 1586 περιοίκου,
822 1553 959 1587 ἐμνήσθη

122 1597 142 1623 ὁ
155 1596 228 1629 Θεὸς
241 1596 294 1623 τοῦ
323 1597 460 1631 Ἀϐραὰμ,
487 1597 536 1623 καὶ
564 1596 759 1628 ἐξαπέστειλε
773 1597 826 1623 τὸν
841 1598 907 1624 Λὼτ
925 1597 959 1623 ἐκ

120 1639 222 1674 μέσου
236 1639 291 1673 τῆς
303 1640 523 1674 καταστροφῆς.
537 1640 568 1666 Τί
583 1641 666 1671 ἐστιν,
684 1640 836 1674 Ἐμνήσθη
853 1642 869 1667 ό
889 1641 960 1673 Θεὸς

123 1681 180 1708 τοῦ
194 1681 347 1716 Ἄϐραάμ;
363 1682 418 1717 Τῆς
433 1682 639 1717 παρακλήσεως,
653 1682 744 1718 φησὶν,
755 1680 788 1718 ἦς
803 1683 958 1718 ἐποιήσατο,

124 1724 223 1758 λέγων,
238 1725 287 1759 Μὴ
305 1725 522 1758 συναπολέσῃς
539 1725 656 1752 δίκαιον
677 1726 753 1760 μετὰ
772 1726 912 1759 ἀσεϐοῦς.
928 1727 960 1752 Τί

124 1767 184 1799 οὖν,
197 1769 229 1795 ἂν
244 1769 316 1795 εἴποι
329 1777 381 1800 τις,
405 1769 448 1796 διὰ
462 1769 510 1804 τὴν
531 1769 702 1804 παράκλησιν
726 1769 772 1796 τοῦ
791 1770 959 1805 πατριάρχου

124 1813 140 1838 ὸ
159 1812 261 1844 δίκαιος
273 1812 399 1847 διεσώθη,
414 1813 461 1839 καὶ
480 1812 539 1847 οὐχ).
559 1812 602 1838 διὰ
617 1812 665 1847 τὴν
687 1812 753 1838 ἰδίαν
769 1813 959 1848 δικαιοσύνην;

125 1856 192 1887 Ναὶ,
208 1856 255 1882 καὶ
281 1856 325 1882 διὰ
340 1856 389 1892 τὴν
406 1855 577 1891 παράκλησιν
603 1856 649 1882 τοῦ
681 1857 866 1892 πατριάρχου·
896 1857 960 1883 ὃταν

126 1899 182 1934 γὰρ
194 1899 227 1926 τὰ
239 1900 304 1935 παρ’
320 1899 424 1926 ἑαυτῶν
440 1899 699 1934 συνεισενέγκωμεν,
714 1899 761 1925 καὶ
774 1901 790 1935 ἡ
812 1899 889 1935 παρὰ
907 1900 960 1926 τῶν

125 1943 240 1970 δικαίων
256 1943 329 1980 [449]
341 1943 473 1979 πρεσϐεία
481 1943 516 1970 τὰ
530 1944 646 1978 μέγιστα
660 1944 733 1979 ἡμᾶς
746 1944 875 1978 ὀνίνησιν.
885 1944 960 1969 Ἐπεὶ

127 1988 176 2013 ἐὰν
191 1987 268 2014 αὐτοὶ
280 1988 329 2022 μὲν
347 1987 524 2023 ρᾳθυμῶμεν,
541 1987 589 2018 τὰς
600 1987 627 2013 δὲ
640 1987 749 2018 ἐλπίδας
762 1987 811 2022 τῆς
825 1987 960 2022 ἡμετέρας

129 2031 265 2066 σωτηρίας
289 2032 332 2058 ἐπ’
359 2031 474 2062 ἐκείνοις
505 2030 595 2065 μόνοις
620 2030 770 2065 ποιώμεθα,
795 2030 870 2057 οὐδὲν
895 2031 960 2066 ἡμῖν

128 2074 205 2101 ἔσται
221 2074 316 2101 πλέον⁸
331 2075 381 2101 οὐκ
395 2074 487 2110 ἐπειδὴ
501 2074 622 2106 ἀσθενεῖς
638 2075 662 2100 οἰ
673 2074 782 2105 δίκαιοι,
798 2074 855 2101 ἀλλ’
867 2074 960 2109 ἐπειδὴ

127 2120 208 2153 ἡμεῖς
222 2118 266 2145 διὰ
281 2119 331 2154 τῆς
342 2118 446 2150 οἰκείας
461 2118 595 2154 ῥᾳθυμίας
609 2119 720 2149 ἑαυτοὺς
736 2118 907 2154 προδίδομεν.

166 2162 199 2197 β’.
220 2163 276 2189 Καὶ
295 2163 339 2190 ἵνα
362 2161 450 2198 μάθῃς
468 2163 525 2193 ὅτι,
544 2162 607 2189 ὅταν
623 2161 779 2197 ἁμελῶμεν,
798 2162 850 2188 κᾶν
862 2162 960 2188 δίκαιοι

127 2201 195 2232 ὦσιν
214 2207 238 2232 oi
262 2206 332 2241 ὑπὲρ
347 2205 425 2241 ἡμῶν
450 2205 672 2240 παρακαλοῦντες
687 2226 693 2238 ,
716 2205 767 2233 κᾶν
801 2205 959 2240 προφῆται,

127 2251 203 2277 οὐδὲν
219 2251 283 2286 ἡμῖν
300 2252 332 2277 ἐκ
342 2250 436 2277 τούτου
450 2250 545 2285 ὄφελος
560 2251 663 2284 γίνεται
690 2250 805 2285 (ἐκεῖνοι
833 2250 882 2285 μὲν
906 2249 960 2285 γὰρ

128 2295 178 2329 τὴν
193 2293 296 2320 ἑαυτῶν
312 2294 411 2330 ἀρετὴν
425 2294 471 2321 καὶ
487 2293 531 2320 διὰ
544 2293 647 2320 τούτων
662 2293 870 2326 ἐπιδείκνυνται,
895 2294 960 2328 ἡμῖν

129 2338 157 2364 δὲ
170 2338 283 2373 οὐδεμία
295 2337 371 2364 ἔσται
390 2338 482 2373 δνησις
502 2337 547 2364 διὰ
560 2337 604 2363 τὸν
617 2338 715 2364 οἰκεῖον
729 2336 856 2372 τρόπον),
880 2337 961 2364 ἄκου-

130 2390 176 2408 σον
189 2381 236 2408 τοῦ
248 2382 302 2408 τῶν
314 2382 381 2408 ὅλων
400 2381 468 2408 Θεοῦ
477 2382 545 2417 πρὸς
557 2382 603 2408 τὸν
620 2382 652 2407 ἐκ
668 2381 773 2412 κοιλίας
795 2380 960 2414 ἁγιασθέντα

133 2426 268 2460 Ἱερεμίαν
277 2426 324 2452 τὸν
337 2426 480 2461 προφήτην
494 2425 607 2459 λέγοντα
618 2433 626 2440 ·
639 2424 686 2459 Μὴ
704 2425 874 2459 προσεύχου
897 2424 961 2458 περὶ

127 2469 182 2496 τοῦ
207 2469 284 2497 λαοῦ
299 2470 417 2502 τούτου,
442 2469 488 2496 ὅτι
501 2469 557 2495 οὐκ
573 2467 790 2501 εἰσακούσομαί
800 2476 867 2494 σου.
889 2468 961 2503 Ὅρα

127 2512 175 2539 τοῦ
186 2513 321 2539 Δεσπότου
334 2512 537 2547 φιλανθρωπίαν
547 2520 555 2528 υ
569 2511 695 2546 προλέγει
711 2510 750 2545 τῷ
765 2511 900 2546 προφήτῃ,
917 2511 961 2538 ἵνα

130 2561 168 2591 μη
186 2556 254 2591 μετὰ
275 2556 307 2582 τὸ
329 2555 528 2591 προσεύξασθαι
558 2554 776 2590 παρακουσθεὶς,
801 2554 898 2590 νομίσῃ
920 2555 960 2581 ὃτι

128 2599 174 2626 διὰ
184 2599 232 2634 τὴν
248 2599 313 2634 παρ’
331 2598 414 2626 αὑτοῦ
431 2599 518 2625 αἰτίαν
532 2598 611 2625 τοῦτο
633 2598 789 2632 γεγένηται,
815 2597 864 2623 Διὰ
882 2598 961 2625 τοῦτο

129 2642 182 2676 ήδη
196 2641 349 2678 προμηνύει
364 2641 438 2677 αὐτῷ
450 2641 500 2677 τὴν
512 2641 610 2668 κακίαν
626 2640 672 2667 τοῦ
685 2640 762 2671 λαοῦ,
777 2641 823 2667 καὶ
837 2641 960 2667 διαστέλ-

129 2685 204 2712 λεται
221 2686 259 2721 μὴ
282 2685 483 2721 προσεύξασθαι
494 2705 502 2717 ,
520 2686 562 2712 ἵνα
577 2685 624 2711 καί¹
640 2684 719 2716 αὐτὸς
734 2684 832 2711 εἰδέναι
849 2684 897 2720 ἔχῃ
911 2685 961 2720 τῆς

130 2730 263 2764 πονηρίας
283 2729 394 2756 ἐκείνων
419 2730 465 2765 τὴν
485 2729 619 2760 ἐπίτασιν,
644 2729 764 2755 κάκεῖνοι
785 2727 905 2763 μάθωσιν
924 2728 962 2760 ὡς

129 2772 205 2799 οὐδὲν
220 2773 311 2804 αὐτοῖς
324 2774 338 2799 ὁ
353 2774 495 2808 προφήτης
511 2771 709 2807 συμὸἀλλεται,
726 2771 750 2797 εί
768 2771 805 2806 μὴ
822 2772 869 2798 κα)⁸
885 2772 961 2798 αὐτοὶ

129 2816 164 2842 τὰ
180 2817 246 2851 παρ’
259 2817 362 2844 ἑαυτῶν
375 2816 539 2850 είσενεγκεῖν
554 2814 729 2850 βουληθῶσιν.
748 2815 836 2850 Ὅπερ
849 2815 957 2848 εἰδότες,

136 2899 140 2904 Υ
162 2868 174 2882 a
182 2868 260 2929 ‘sjayig.
274 2871 298 2906 εἰ
312 2869 417 2907 [quidam
437 2870 478 2895 alii
499 2869 537 2893 ἵνα
554 2871 594 2898 τῆς
613 2867 664 2898 περὶ
684 2866 726 2892 τοῦ
736 2867 828 2892 δικαίου
838 2869 957 2900 φροντίδος

136 2906 189 2923 ma:
203 2909 224 2923 ιι
263 2907 341 2925 αυτον.

130 2906 251 2925 απαίλιιῑῑ
263 2907 341 2925 αυτον.

682 99 718 128 IN
735 99 811 130 CAP.
834 99 893 128 XIX
914 99 1035 129 GENES.
1058 100 1173 129 HOMIL.
1194 101 1284 130 XLIV.

1781 107 1836 134 608

1006 157 1162 193 ἀγαπητοὶ.
1191 158 1406 194 καταφεύγωμεν
1436 159 1486 195 μὲν
1519 161 1566 188 ἐπὶ
1595 161 1644 193 τὰς
1670 161 1725 189 τῶν
1753 162 1837 197 irim

1007 201 1165 236 πρεσϐείας,
1178 202 1224 228 καὶ
1233 203 1436 237 παρακαλῶμεν
1446 203 1514 230 ὥστε
1524 204 1594 239 ὑπὲρ
1606 205 1684 239 ἡμῶν
1696 205 1834 241 δεηθῆναι,

1004 245 1071 271 ἀλλὰ
1092 245 1128 280 μὴ
1148 247 1208 277 ταῖς
1227 246 1337 272 ἐκείνων
1354 247 1467 278 ἱκεσίαις
1491 248 1569 282 μόνον
1585 249 1748 284 θαρρῶμεν,
1768 249 1837 276 ἀλλὰ

1005 289 1051 314 καὶ
1064 289 1141 315 αὐτοὶ
1151 289 1185 315 τὰ
1200 288 1260 315 καθ’
1278 289 1388 321 ἑαυτοὺς
1400 291 1512 322 δεόντως
1525 292 1722 327 οἰκονομῶμεν,
1733 293 1836 328 καὶτῆς

1006 331 1052 357 ἐπὶ
1068 331 1099 358 τὸ
1115 331 1218 366 βέλτιον
1234 332 1385 367 μεταϐολῆς
1401 332 1541 367 ἐχώμεθα,
1566 334 1610 360 ἵνα
1635 335 1726 370 χώραν
1748 336 1837 371 δῶμεν

1005 377 1038 411 τῇ
1057 376 1188 412 πρεσϐείᾳ
1202 378 1236 412 τῇ
1251 377 1321 413 ὑπὲρ
1334 376 1412 412 ήμῶν
1433 378 1571 413 γινομένῃ.
1594 378 1678 404 Τοῦτο
1702 380 1747 405 καὶ
1769 380 1837 414 πρὸς

1005 419 1098 455 ἕτερον
1119 420 1261 455 προφήτην
1315 420 1396 455 φησὶν
1419 420 1432 446 ὀ
1454 420 1507 446 τῶν
1529 421 1657 447 ἁπάντων
1677 422 1814 457 Δεσπότης
1828 429 1836 436 ·

1003 465 1065 498 οὐχ
1091 463 1162 498 ὁρᾷς
1186 464 1215 491 τι
1239 464 1324 490 αὐτοὶ
1350 464 1486 495 ποιοῦσι;
1515 463 1644 498 Θυμιῶσι
1667 465 1768 499 στέαρ,
1788 465 1838 492 καὶ

1006 505 1144 539 χαυῶνας
1154 506 1274 532 ποιοῦσι
1288 505 1326 539 τῇ
1339 504 1463 540 στρατιᾷ
1476 505 1529 532 τοῦ
1540 507 1685 540 οὐρανοῦο
1699 508 1838 542 μονονουχὶ

1005 548 1092 581 λέγων
1111 549 1178 584 πρὸς
1190 549 1270 575 αὐτόν
1283 556 1290 564 ⁶
1312 549 1396 584 Ὑπὲρ
1415 549 1517 576 τούτων
1534 558 1566 584 με
1582 550 1750 584 παρακαλεῖς
1761 570 1768 580 ,
1784 551 1838 577 τῶν

1005 592 1054 626 οὐχ
1078 592 1228 627 ἰσταμένων
1246 592 1297 627 τῆς
1317 593 1467 627 πονηρίας,
1485 593 1539 618 τῶν
1563 593 1689 628 οὐδεμίαν
1713 593 1839 628 αἴσθησιν

1005 636 1198 670 λαμϐανόντων
1221 636 1272 671 τῆς
1296 636 1375 663 νόσου
1398 638 1427 663 ἐν
1493 630 1663 671 κατέχονται,
1687 637 1742 664 ἀλλ’
1754 638 1840 670 οὕτως

1005 679 1165 714 ἀναλγήτως
1177 680 1370 715 διακειμένων;
1391 680 1445 715 Οὐχ
1457 681 1523 716 ὁρᾷς
1535 681 1624 707 αὐτῶν
1638 681 1688 716 τήν
1701 682 1838 717 ὑπερϐάλ-

1005 723 1103 750 λουσαν
1128 724 1347 759 καταφρόνησιν;
1372 724 1402 750 οὐ
1426 724 1533 758 βλέπεις
1559 725 1648 752 αὐτῶν
1670 726 1719 760 τὴν
1742 726 1839 761 μανίαν

1004 767 1053 801 τὴν
1070 767 1190 802 πολλήν;
1207 767 1266 798 πῶς
1279 767 1385 794 οὐδέπω
1400 767 1478 802 κόρον
1490 768 1617 803 εἰλήφασι
1633 768 1683 804 τῆς
1702 769 1838 801 ὰσεὸείας,

1005 809 1073 836 ἀλλὰ
1096 810 1221 846 καθάπερ
1243 806 1275 842 ὗς
1299 811 1327 836 ἐν
1350 811 1490 846 βορϐόρῳ,
1514 811 1599 843 οὕτως
1621 812 1838 846 ἐγκαλινδοῦνται

1005 855 1064 884 ταῖς
1077 854 1191 885 οἰκείαις
1213 854 1412 889 παρανομίαις;
1433 855 1478 890 Μὴ
1492 855 1545 891 γὰρ
1557 875 1565 886 ,
1582 856 1605 882 εἰ
1621 856 1761 883 ἐϐούλοντο
1776 857 1836 882 ἐπι-

1007 896 1144 931 στρέφειν,
1162 897 1370 931 παρακληθῆναι
1390 897 1534 932 ἀνέμενον;
1555 899 1612 924 Οὐκ
1627 898 1682 932 ἐγώ
1696 899 1754 934 εἰμι
1768 901 1781 926 ὸ
1795 899 1838 926 διὰ

1005 939 1059 964 τῶν
1078 938 1225 974 προφητῶν
1247 939 1314 974 βοῶν
1338 940 1384 966 καὶ
1400 940 1485 973 λέγων
1501 949 1507 956 ·
1530 941 1583 968 Καὶ
1606 940 1692 968 εἷπον
1708 943 1783 976 μετὰ
1805 943 1837 969 τὸ

1006 982 1170 1016 πορνεῦσαι
1198 982 1315 1015 αὑτήν⁸
1333 983 1413 1010 Μετὰ
1446 983 1536 1010 ταῦτα
1570 984 1668 1011 πάντα
1699 986 1770 1019 πρός
1801 995 1839 1020 με

1005 1025 1210 1060 ἁνάστρεψον,
1226 1027 1275 1053 καὶ
1289 1028 1345 1054 οὐκ
1361 1027 1546 1062 ἀνέστρεψε;
1561 1028 1606 1063 Μὴ
1627 1029 1681 1064 γὰρ
1700 1029 1792 1064 ἔτερόν
1809 1037 1836 1056 τι

1007 1069 1090 1104 ζητῶ,
1104 1070 1121 1105 ἢ
1138 1069 1293 1096 παύσασθαι
1303 1070 1354 1105 τῆς
1368 1071 1498 1106 πονηρίας
1514 1071 1604 1106 μόνον,
1617 1072 1665 1098 καὶ
1680 1073 1774 1106 στῆναι
1785 1072 1840 1098 τῶν

1007 1112 1100 1139 κακῶν
1111 1121 1117 1144 ;
1134 1113 1171 1148 μὴ
1186 1113 1240 1148 γὰρ
1252 1113 1322 1149 ὑπὲρ
1333 1113 1387 1141 τῶν
1398 1115 1585 1150 παρελθόντων
1600 1115 1714 1147 εὐθύνας
1721 1116 1839 1148 ἀπαιτῶ,

1007 1156 1054 1182 ἐὰν
1077 1156 1123 1182 ῑδω
1152 1156 1366 1191 μετασάλλεσθαι
1387 1157 1583 1193 βουλομένους;
1599 1159 1628 1185 οὺ
1646 1160 1706 1186 καθ’
1721 1159 1840 1194 ἑκάστην

1007 1201 1115 1236 ἡμέραν
1141 1200 1194 1236 βοῶ
1214 1200 1298 1235 λέγων
1311 1209 1317 1216 ⁸
1332 1202 1373 1228 οὐ
1396 1202 1518 1235 θελήσει
1544 1203 1620 1230 θέλω
1640 1203 1693 1230 τι²ν
1711 1203 1842 1231 θάνατον

1007 1244 1060 1271 τοῦ
1081 1244 1268 1278 ἁμαρτωλοῦ,
1290 1245 1330 1278 ὡς
1351 1245 1385 1272 τὸ
1406 1246 1584 1280 ἐπιστρέψαι
1599 1247 1647 1273 καί
1662 1246 1716 1280 ζῇν
1731 1247 1841 1279 αὐτόν-ς

1008 1287 1044 1314 Οὐ
1060 1287 1104 1314 διὰ
1118 1287 1198 1314 τοῦτο
1212 1289 1300 1316 πάντα
1316 1288 1385 1315 ποιῶ
1395 1309 1402 1321 ,
1419 1289 1462 1316 ἴνα
1476 1289 1526 1324 τῆς
1547 1289 1682 1321 ἀπωλείας
1696 1283 1842 1325 ἐξαρπάσω

1007 1331 1070 1363 τοὺς
1077 1332 1123 1358 ἐπὶ
1135 1333 1167 1367 τῇ
1181 1332 1268 1368 πλάνῃ
1281 1332 1586 1368 προκατειλημμένουςς
1598 1333 1645 1369 Μὴ
1657 1333 1720 1368 γὰρ,
1735 1333 1781 1360 ἐὰν
1796 1333 1842 1360 ῐδω

1011 1374 1272 1410 μεταϐαλλομένους,
1285 1375 1482 1412 ὑπερτίθεμαι;
1496 1376 1551 1402 οὑκ
1561 1376 1616 1410 ἐγώ
1630 1377 1687 1411 εἰμι
1702 1377 1717 1403 ὁ
1733 1376 1840 1409 λέγων’·

1010 1419 1074 1445 Ἔτι
1096 1418 1267 1451 λαλοῦντός
1291 1427 1350 1446 σου
1373 1418 1448 1453 ἐρῶ·
1471 1419 1544 1446 Ἰδοὺ
1565 1419 1701 1454 «apsqu;
1726 1420 1772 1456 Μὴ
1788 1420 1843 1454 γὰρ

1008 1461 1094 1494 οὕτως
1112 1463 1189 1489 αὐτοὶ
1205 1462 1368 1498 ἐπιθυμοῦσι
1381 1463 1430 1498 τῆς
1442 1463 1545 1490 ἐαυτῶν
1559 1463 1705 1499 σωτηρίας,
1729 1464 1767 1495 ὡς
1781 1464 1844 1499 ἐμοὶ

1009 1506 1242 1542 περισπούδαστόν
1256 1507 1330 1533 ἐστιν
1347 1507 1469 1539 ἅπαντας
1483 1507 1641 1542 ἀνθρώπους
1657 1507 1786 1542 σωθῆναι,
1796 1507 1844 1533 καὶ

1009 1552 1048 1582 εἰς
1061 1551 1207 1585 ἐπίγνωσιν
1220 1551 1347 1586 ἀληθείας
1364 1551 1451 1577 ἐλθεῖν
1463 1560 1471 1582 ;
1487 1550 1562 1586 [450]
1582 1550 1627 1585 Μὴ
1642 1551 1696 1586 γὰρ
1710 1551 1753 1577 διὰ
1765 1550 1844 1577 τοῦτὸ

1010 1602 1038 1620 σε
1057 1594 1111 1621 ἀπὸ
1126 1594 1173 1621 τοῦ
1188 1595 1225 1630 μὴ
1242 1595 1316 1627 δντος
1334 1596 1503 1630 παρήγαγον,
1524 1595 1567 1623 ἴνα
1580 1595 1722 1628 ἀπολέσω;
1739 1595 1776 1631 μὴ
1789 1596 1843 1631 γὰρ

1009 1638 1071 1673 εἰκῆ
1088 1639 1137 1673 τὴν
1153 1638 1291 1673 βασιλείαν
1311 1639 1359 1666 καὶ
1378 1638 1413 1665 τὰ
1437 1639 1522 1674 μυρία
1536 1639 1582 1666 καὶ
1597 1639 1738 1674 ἀπόρρητα
1754 1640 1845 1673 ἀγαθὰ

1009 1682 1177 1718 ηὐτρέπισα;
1191 1683 1258 1718 οὐχὶ
1276 1683 1320 1710 διὰ
1340 1683 1418 1709 τοῦτο
1439 1683 1486 1710 καὶ
1507 1684 1618 1718 γέενναν
1639 1684 1785 1719 ήπείλησα,
1800 1685 1844 1711 ἵνα

1010 1729 1049 1759 είς
1065 1728 1115 1764 τὴν
1132 1727 1270 1763 βασιλείαν
1286 1728 1407 1760 ἅπαντας
1423 1729 1469 1756 καὶ
1487 1729 1531 1755 διὰ
1551 1729 1646 1756 τούτου
1663 1729 1774 1764 δραμεῖν
1789 1738 1844 1756 πα-

1011 1773 1191 1807 ρασκευάσω;
1206 1773 1252 1808 Μὴ
1264 1773 1354 1799 τοίνυν
1366 1794 1374 1805 ,
1388 1770 1411 1799 ὦ
1429 1773 1545 1808 μακάριε
1561 1773 1687 1809 προφῆτα
1697 1795 1704 1806 ,
1724 1773 1844 1806 ἐκείνους

1010 1815 1234 1851 καταλιμπάνων,
1251 1817 1312 1852 ἐμοὶ
1326 1817 1446 1852 πρόσαγε
1468 1817 1517 1852 τὴν
1533 1817 1705 1853 παράκλησιν
1716 1839 1723 1850 ,
1739 1817 1795 1844 ἀλλ’
1814 1818 1844 1844 ἐν

1011 1868 1051 1886 σοι
1062 1859 1141 1886 τοῦτο
1153 1860 1197 1886 διὰ
1207 1860 1324 1895 σπουδῆς
1337 1861 1417 1893 ἔστω,
1433 1860 1503 1887 ὥστε
1516 1861 1566 1896 τῆς
1580 1862 1690 1888 ἐκείνων
1702 1861 1780 1888 νόσου
1795 1870 1843 1888 περ

1011 1905 1173 1939 ριγενέσθαι,
1193 1905 1240 1931 καὶ
1261 1905 1301 1936 εἰς
1322 1905 1447 1940 αἴσθησιν
1468 1905 1580 1939 ἀγαγεῖν
1603 1904 1654 1939 τῆς
1677 1905 1841 1939 ἀρρωστίας,

1011 1950 1057 1976 καὶ
1072 1949 1139 1985 πρὸς
1155 1949 1258 1983 ὑγίειαν
1278 1950 1460 1982 ἐπαναγαγεῖν
1472 1970 1479 1982 ,
1494 1949 1540 1976 καὶ
1560 1948 1594 1976 τὰ
1610 1949 1674 1984 παρ’
1691 1948 1759 1984 ἐμοῦ
1773 1949 1842 1975 πάν-

1010 2001 1063 2024 τως
1080 1992 1185 2027 Ξψεται.
1199 1992 1236 2019 Οὐ
1249 1992 1303 2028 γὰρ
1320 1992 1417 2027 μέλλω,
1431 1992 1490 2019 οὐδὲ
1510 1992 1694 2027 ἀναϐάλλομαι
1707 2012 1714 2024 ,
1732 1992 1843 2018 ἐπειδὰν

1012 2037 1059 2063 ἴδω
1071 2036 1160 2072 ψυχὴν
1173 2035 1331 2071 εὐγνώμονα
1342 2044 1349 2052 ·
1362 2036 1391 2062 ἓν
1401 2036 1455 2071 γὰρ
1466 2037 1545 2071 μόνον
1556 2035 1685 2070 ἐπιζητῶ,
1698 2035 1842 2071 ὁμολογίαν

1011 2080 1065 2106 τῶν
1080 2079 1279 2115 ἐπταισμένων,
1293 2080 1339 2106 καὶ
1351 2079 1401 2106 οὐκ
1412 2080 1452 2106 ἔτι
1466 2079 1515 2114 τὴν
1527 2080 1572 2105 ἐπὶ
1588 2081 1643 2111 τοῖς
1653 2079 1842 2114 ἐπταισμένοις

1010 2123 1087 2158 δίκην
1114 2123 1219 2157 ἐπάγω.
1247 2123 1293 2158 Μὴ
1312 2123 1366 2158 γὰρ
1390 2122 1458 2158 βαρύ
1484 2132 1509 2150 τι
1531 2123 1579 2149 καὶ
1602 2123 1718 2158 ἐπαχθὲς
1732 2123 1763 2150 τὸ
1778 2124 1841 2158 παρ’

1011 2166 1078 2202 ἐμοῦ
1098 2166 1320 2202 προτεινόμενον;
1340 2166 1372 2192 Εἰ
1392 2166 1429 2201 μὴ
1450 2165 1523 2201 ᾔδειν
1544 2166 1650 2201 χείρους
1672 2167 1841 2201 γινομένους,

1011 2211 1043 2237 ἐκ
1066 2210 1113 2237 τοῦ
1137 2210 1174 2246 μὴ
1193 2209 1360 2245 ὁμολογῆσαι
1378 2209 1413 2236 τὰ
1431 2209 1549 2245 πρότερα
1571 2209 1755 2245 ἁμαρτήματα
1768 2229 1775 2240 .
1792 2210 1842 2236 οὐκ

1010 2253 1043 2280 ἂν
1054 2253 1113 2280 οὐδὲ
1127 2253 1205 2280 τοῦτο
1220 2253 1341 2288 ἐζήτουν.
1363 2252 1433 2279 Ἀλλ’
1450 2253 1543 2288 ἐπειδὴ
1557 2251 1614 2279 οἶδα
1629 2253 1658 2279 τὸ
1675 2253 1730 2280 τῶν
1741 2252 1843 2289 ἀνθρώ-

1011 2306 1069 2325 πων
1088 2298 1165 2332 γένος
1187 2297 1286 2332 μᾶλλον
1309 2298 1377 2332 πρὸς
1397 2297 1493 2324 κακίαν
1505 2298 1597 2334 ῥέπον,
1618 2297 1661 2324 διὰ
1678 2298 1756 2325 τοῦτο
1780 2297 1842 2333 βού-

1010 2341 1092 2376 λομαι
1104 2341 1138 2368 τὰ
1152 2341 1271 2377 πρότερα
1284 2341 1447 2377 ὁμολογῆσαι
1463 2342 1646 2376 ἁμαρτήματα
1657 2362 1664 2373 ,
1687 2342 1730 2368 ἵνα
1746 2342 1762 2377 ή
1779 2343 1843 2377 όμο-

1010 2385 1087 2418 λογία
1108 2385 1223 2420 κώλυμα
1246 2385 1339 2417 αὐτοῖς
1360 2385 1473 2420 γένηται
1491 2385 1559 2420 πρὸς
1576 2385 1608 2411 τὸ
1629 2385 1666 2420 μὴ
1680 2386 1736 2416 τοῖς
1752 2386 1843 2418 αὐτοῖς

1011 2439 1179 2466 περιπεσειν.

1045 2510 1079 2538 γ’.
1100 2503 1192 2530 Ταῦτα
1207 2503 1308 2534 τοίνυν,
1326 2501 1473 2536 ἀγαπητοὶ.
1490 2501 1724 2536 ἀναλογιζόμενοι,
1741 2503 1787 2528 καὶ
1799 2502 1842 2528 ὲν-

1010 2547 1134 2578 νοοῦντες
1145 2546 1192 2573 τοῦ
1206 2546 1344 2582 ἡμετέρου
1355 2545 1490 2572 Δεσπότου
1507 2545 1557 2580 τὴν
1573 2545 1787 2580 φιλανθρωπίαν,
1803 2545 1841 2580 μὴ

1011 2591 1189 2627 ῥαθυμῶμεν,
1210 2589 1278 2616 ἀλλὰ
1299 2589 1429 2625 πρότερον
1460 2588 1555 2624 πολλὴν
1579 2588 1684 2615 ἑαυτῶν
1709 2588 1758 2623 τὴν
1782 2589 1842 2614 ἐπι-

1012 2636 1122 2672 μέλειαν
1136 2633 1286 2669 ποιώμεθα.
1298 2635 1345 2660 καὶ
1359 2633 1405 2659 τὸν
1422 2633 1507 2668 ῥύπον
1523 2633 1569 2659 τὸν
1583 2633 1637 2659 ἀπὸ
1649 2632 1703 2659 τῶν
1718 2633 1842 2668 ἁμαρτη-

1013 2679 1104 2714 μάτων
1117 2677 1323 2712 ἐκκαθάρωμεν,
1337 2677 1384 2702 καὶ
1398 2675 1484 2708 οὕτως
1497 2676 1543 2702 ἐπὶ
1558 2676 1606 2709 τὰς
1627 2675 1775 2711 πρεσὸείας
1788 2675 1842 2701 τῶν

1010 2722 1096 2756 ἁγίων
1121 2721 1288 2756 σπεύδωμεν.
1318 2720 1380 2746 Ἐὰν
1404 2720 1457 2756 γὰρ
1486 2719 1644 2755 βουλώμεθα
1671 2720 1765 2755 νήφειν
1795 2720 1842 2745 καὶ

1011 2765 1200 2800 ἐγρηγορέναι,
1221 2764 1267 2790 καὶ
1279 2763 1312 2789 δι’
1328 2763 1430 2790 ἑαυτῶν
1443 2762 1663 2798 παρακαλοῦντες
1678 2763 1718 2789 τάι
1726 2762 1842 2797 μέγιστα

1014 2807 1176 2842 ὀνησόμεθα.
1199 2807 1306 2842 Ἐπειδὴ
1318 2806 1372 2842 γὰρ
1385 2806 1572 2841 φιλάνθρωπός
1590 2807 1663 2833 ἐστιν
1681 2806 1695 2832 ό
1706 2805 1843 2839 Δεσπότης

1011 2852 1025 2877 ό
1042 2851 1173 2887 ἡμέτερος
1184 2871 1191 2883 ,
1207 2851 1256 2885 οὐχ
1276 2850 1347 2876 οὓτω
1358 2850 1391 2876 δι’
1407 2849 1507 2885 ἐτέρων
1523 2849 1762 2885 παρακαλούμενος
1772 2847 1843 2882 ὑπὲρ

1011 2894 1089 2930 ἡμῶν
1111 2893 1240 2929 ἐπινεύει,
1262 2893 1299 2926 ὡς
1316 2893 1350 2920 δι’
1372 2893 1450 2929 ήμῶν
1473 2893 1570 2921 αὐτῶν.
1591 2893 1661 2929 Ὅρα
1677 2891 1840 2927 ἁγαθότητος
