2044 3131
168 94 222 122 409

167 153 249 179 miam
263 160 270 178 :
283 158 343 179 nam
357 152 380 179 si
394 151 488 180 viderit
500 159 549 180 nos
561 152 606 187 qui
622 152 781 180 offendimus
791 173 798 186 ,
809 157 836 180 et
851 152 964 188 ignomi-

168 198 238 225 Iliosi
258 197 319 225 facti
332 206 436 232 sumus,
451 198 605 234 nullamque
619 198 747 226 habemus
760 198 891 233 fiduciam,
903 205 966 233 pau-

169 243 254 271 Inlum
266 244 387 278 excitari,
402 248 427 271 et
438 244 471 271 ad
483 244 631 272 clementia:
641 253 696 272 sum
707 245 812 273 divitias
822 245 967 280 confugere

170 294 294 317 votcntes
306 309 314 322 ,
329 289 418 317 statim
435 290 558 325 precibus
570 291 678 324 annuit,
693 295 720 319 et
734 299 841 319 manum
858 291 968 326 porrigit

168 333 321 369 iacentibus
334 339 362 362 et
375 335 463 371 lapsos
478 336 586 370 excitat,
600 337 749 372 clamatque
763 337 854 364 dicens
864 346 871 364 ;
883 336 968 364 Nunt-

171 379 234 413 quid
255 379 298 414 qui
321 380 406 413 cadit,
432 389 482 408 non
502 386 612 417 resurget
635 381 742 417 (Jerem.
764 382 791 410 8.
806 381 854 419 4)?
871 382 967 410 Verum

174 429 203 451 nt
229 425 309 452 etiam
328 433 361 453 ex
381 426 462 453 rebus
477 427 542 461 ipsis
561 427 669 455 discatis
683 427 817 462 quomodo
832 427 907 455 multi
923 435 970 462 per

173 472 334 506 semetipsos
352 477 461 500 orantes
476 473 501 500 id
515 473 584 508 quod
599 474 740 509 cupiebant
754 475 849 502 melius
864 475 968 510 assequi

173 517 329 550 valuerunt,
345 525 423 552 qnam
442 526 491 554 per
504 519 616 546 aliorum
631 527 740 554 preces,
753 527 842 555 opera:
855 521 969 555 pretium

174 562 254 590 fuerit
268 571 331 596 eos,
347 564 443 598 quibus
456 565 481 591 id
494 565 620 600 contigit,
637 566 662 593 in
675 566 790 594 medium
805 566 969 601 producere,

174 615 204 636 ut
217 614 242 637 et
258 617 307 637 nos
318 609 467 644 imitemur,
485 615 510 638 el
526 611 560 638 ad
575 612 769 639 aemulationem
783 619 970 647 provocemur.

175 657 323 687 Audiamus
338 657 417 693 igitur
430 658 565 693 quomodo
577 658 728 686 Chanantea
744 658 787 686 illa
801 658 897 686 mulier
909 666 970 686 cum

176 707 250 730 esset
274 703 433 739 alienigena,
450 707 477 731 et
490 704 578 732 anima
589 705 664 732 valde
674 705 856 738 cruciaretur,
870 705 915 733 ubi
930 705 970 733 vi-

176 749 216 776 dit
236 748 364 776 Medicum
385 749 533 777 animarum
544 771 552 783 ,
566 754 592 778 et
607 750 696 778 Solem
707 751 817 786 justitiae
831 751 876 786 qui
890 758 971 779 exor-

177 800 220 822 tus
230 799 271 822 est
284 795 315 822 iis
328 795 371 831 qui
386 795 481 823 sedent
493 796 519 823 in
535 797 668 830 tenebris,
684 797 796 824 accessit
805 796 839 824 ad
850 804 909 824 eum
921 797 972 824 fer-

177 841 239 868 vido
253 845 279 868 et
292 841 372 869 alacri
387 841 476 870 studio
489 846 561 870 mota
578 851 585 869 :
600 850 686 878 neque
700 842 760 870 ideo
771 843 878 878 segnior
892 842 971 878 faeta,

177 887 249 922 quod
269 888 311 915 vel
332 887 445 922 mulier,
459 888 501 916 vel
515 888 663 924 alienigena
679 893 750 917 esset
765 898 772 916 :
787 889 834 917 sed
849 889 972 917 omnibus

178 934 378 969 impedimentis
391 935 524 970 repulsis,
538 939 566 962 ut
579 935 707 968 accessit,
723 935 808 970 inquit
822 943 829 962 ε
846 934 971 968 Domine,

177 981 296 1008 miserere
310 981 374 1013 mei,
388 981 446 1016 quia
461 982 515 1015 ﬁlia
529 990 583 1008 mea
597 983 663 1009 male
674 990 689 1008 a
704 981 829 1009 dwmouio
845 986 973 1016 torquetur

178 1026 284 1060 (Matth.
300 1027 344 1054 I5.
359 1026 418 1063 22).
431 1027 530 1055 Verum
545 1027 589 1064 qui
603 1028 652 1055 scit
665 1028 818 1055 abscondita
834 1028 953 1056 cordium
963 1047 972 1061 ,

178 1078 249 1100 tacet
263 1078 289 1100 et
303 1081 356 1100 non
372 1074 527 1109 respondet,
539 1082 625 1109 neque
636 1081 758 1101 sermone
769 1082 827 1101 eam
838 1074 970 1109 dignatur,

177 1127 266 1154 neque
287 1120 429 1148 miseretur
450 1120 586 1154 mulieris,
608 1128 687 1155 quant
706 1120 812 1148 videbat
828 1125 901 1147 tanto
913 1128 972 1148 cum

177 1165 277 1200 ejulatn
291 1165 434 1198 accedere;
447 1166 494 1193 sed
509 1166 597 1194 diﬁ‘ert
607 1187 614 1198 ,
626 1167 718 1194 volens
730 1166 864 1194 occultum
881 1166 974 1193 mulie-

178 1211 217 1238 ris
243 1211 396 1239 thesaurum
420 1212 545 1239 omnibus
563 1211 733 1239 manifestum
755 1212 851 1240 facere.
866 1211 974 1239 Sciebat

178 1258 250 1284 cnim
264 1258 427 1285 reconditam
443 1258 629 1294 margaritam,
645 1266 724 1293 quam
738 1265 787 1286 nos
800 1258 882 1286 latere
897 1258 975 1286 nole-

179 1303 225 1331 bat
241 1313 248 1331 :
262 1309 290 1331 et
305 1304 404 1332 idcirco
423 1304 579 1335 differebat.
593 1310 621 1332 et
635 1312 686 1332 nec
700 1295 830 1339 responso
844 1303 973 1339 dignaba-

179 1353 231 1382 tur,
244 1353 271 1376 ut
283 1350 395 1384 posteris
408 1350 531 1378 omnibus
541 1349 659 1378 nmlieris
670 1350 796 1378 sedulitas
805 1357 899 1385 magna
908 1350 975 1377 roret

177 1394 309 1422 doctrina.
337 1395 371 1423 Et
396 1395 455 1423 vide
477 1396 637 1424 ineffabilem
662 1396 708 1424 Dei
731 1396 887 1423 bonitatem.
915 1395 974 1430 Ipse

178 1440 250 1467 enim
261 1461 268 1473 ,
285 1441 386 1476 inquit,
400 1449 453 1468 non
473 1441 650 1476 respondebat
665 1441 689 1469 ei
702 1449 709 1474 ;
727 1441 851 1476 discipqu
864 1447 972 1475 autem,

177 1485 224 1520 qui
245 1485 388 1514 admodum
405 1486 591 1514 misericordes
604 1492 630 1514 et
645 1487 752 1522 benigni
768 1495 827 1515 esse
842 1487 970 1514 videban-

179 1535 239 1563 tur,
253 1539 306 1559 non
327 1532 424 1559 audent
438 1531 577 1560 manifeste
590 1532 679 1560 dicere
689 1552 696 1564 ,
713 1532 750 1559 Da
764 1533 788 1560 ei
801 1532 872 1568 quod
888 1532 952 1567 petit
964 1553 971 1565 ,

178 1577 308 1605 miserere
321 1577 355 1609 ci,
366 1584 423 1605 esto
436 1578 460 1605 ei
474 1578 592 1606 clemens
604 1587 610 1605 ε
626 1578 672 1606 sed
687 1578 770 1613 quid?
782 1577 887 1605 Dimitte
900 1586 954 1605 eam
963 1598 972 1612 ,

177 1623 238 1657 quia
260 1623 353 1650 clamat
376 1628 432 1658 post
454 1632 500 1650 nos
522 1623 603 1658 (Ibid.
624 1632 648 1652 υ.
662 1624 708 1660 9.5)
721 1644 728 1657 ,
744 1624 819 1659 quasi
833 1623 949 1651 dicerent
962 1631 972 1651 :

178 1668 275 1696 Libera
297 1676 346 1696 nos
367 1677 382 1696 a
402 1669 539 1702 molestia,
564 1669 647 1697 libera
669 1677 718 1697 nos
737 1677 752 1696 a
765 1669 880 1696 clamore
894 1676 972 1704 quem

178 1714 288 1742 excitat.
310 1714 379 1748 Quid
403 1714 482 1750 igitur
506 1715 657 1743 Dominus?
678 1715 779 1743 Putatis
796 1723 856 1748 me,
872 1715 972 1750 inquit,

179 1760 282 1796 absque
301 1768 380 1789 causa
399 1762 532 1795 tacuisse,
554 1767 580 1789 et
607 1769 737 1797 rcSponso
750 1769 809 1789 eam
823 1769 875 1789 non
892 1762 974 1790 fuisse

177 1805 335 1842 dignatum?
350 1807 446 1835 Audite
465 1817 472 1834 :
495 1808 554 1835 Non
574 1817 629 1835 sum
643 1808 734 1835 missus
747 1809 796 1835 nisi
807 1809 841 1835 ad
851 1816 907 1835 oves
918 1815 974 1843 qtae

178 1853 306 1887 perierunt
329 1853 418 1881 domus
440 1853 523 1881 Israel
537 1854 616 1891 (Ibid.
629 1863 652 1881 υ.
666 1854 723 1889 2i).
739 1854 862 1887 Nescitis,
878 1854 971 1889 inquit,

178 1898 355 1934 afienigenam
376 1899 515 1928 mulierem
537 1908 597 1928 esse
612 1901 623 1927 ?
639 1900 748 1928 nescitis
770 1907 813 1927 me
828 1899 903 1927 vobis
918 1900 973 1934 jam

179 1947 340 1981 prmcepisse
362 1954 396 1974 ne
416 1947 491 1974 iretis
505 1947 531 1974 in
549 1947 618 1974 viam
631 1946 773 1982 gentium?
791 1946 879 1980 Quare
893 1946 973 1981 igitur

179 1993 238 2021 sine
251 1994 373 2022 examine
386 1994 644 2023 commiserationem
660 2003 721 2031 erga
735 2003 794 2023 eam
809 1995 951 2023 declaratis
960 1996 973 2022 ‘.’

179 2039 325 2067 Considera
339 2040 510 2069 multifariam
522 2042 566 2069 Dei
580 2042 737 2077 sapientiam
747 2063 754 2074 ,
767 2042 901 2077 quomodo
911 2050 972 2070 cum

179 2085 343 2120 respondere
358 2086 512 2120 videbatur,
528 2087 666 2114 mulierem
682 2087 766 2122 magis
779 2087 974 2122 perstringeth

179 2139 258 2166 quam
276 2132 380 2160 silendo
398 2142 404 2160 :
423 2138 450 2161 et
467 2133 542 2169 quasi
558 2133 664 2161 letalem
682 2135 785 2169 plagam
799 2133 896 2166 dabat,
910 2141 974 2169 pro-

179 2185 276 2205 vocare
291 2178 417 2213 paulatim
431 2187 490 2207 eam
502 2179 611 2213 volens,
629 2184 657 2207 ut
671 2180 805 2208 discerent
821 2180 974 2215 ignorantes

179 2223 323 2258 discipuli,
345 2229 443 2259 quanta
465 2225 492 2252 in
512 2232 542 2253 ea
562 2225 656 2253 lateret
678 2225 753 2253 ﬁdes.
769 2225 822 2253 Sed
838 2233 922 2260 neque
934 2225 973 2252 sic

179 2269 281 2296 tardior
300 2270 509 2305 negligentiorve
530 2270 596 2298 facta
616 2275 657 2299 est
670 2270 734 2298 visis
752 2271 889 2306 discipulis
905 2271 972 2299 nihil

180 2315 398 2351 proficientibus,
413 2324 500 2352 neque
514 2316 660 2344 dixitintra
674 2317 845 2352 semetipsam
861 2326 868 2344 :
880 2317 907 2345 Si
919 2325 972 2345 non

181 2368 323 2397 potuerunt
347 2362 384 2390 illi
401 2363 541 2391 Dominum
567 2371 615 2398 pro
630 2371 674 2391 me
686 2371 815 2397 exorare,
829 2372 910 2400 quare
923 2372 974 2400 ego

180 2410 279 2438 frustra
300 2417 444 2445 sequerer,
464 2415 491 2438 et
515 2411 641 2439 continuo
663 2410 812 2439 instarem?
831 2411 879 2439 sed
898 2412 974 2446 quasi

179 2461 271 2484 mente
282 2456 317 2484 ab
331 2456 391 2491 igne
405 2456 568 2484 inflammata
581 2461 609 2484 et
618 2464 747 2485 succensa
756 2478 764 2490 ,
776 2457 974 2493 visceribusque

179 2503 334 2536 conscissis,
346 2503 449 2532 accedit
461 2503 586 2538 adorans,
596 2508 624 2532 et
635 2504 726 2532 dicens
738 2513 744 2531 ε
755 2504 873 2538 Domine,
882 2506 975 2540 ndjuva

180 2557 221 2576 me
239 2548 321 2584 (Ibid.
334 2557 359 2576 υ.
379 2549 438 2585 25).
452 2549 499 2578 Ille
512 2554 601 2578 autem
614 2558 701 2585 neque
713 2551 752 2578 sic
764 2550 872 2586 adjuvat
883 2551 975 2578 mulie-

180 2602 237 2622 rem
247 2615 255 2627 ,
273 2594 321 2623 sed
339 2603 497 2630 responsum
509 2596 555 2624 dat
568 2597 705 2632 superiore
716 2597 833 2631 gravius.
849 2596 910 2624 Non
920 2602 956 2624 est
966 2617 974 2630 ,

181 2640 277 2675 inquit,
293 2642 385 2668 bonum
397 2647 424 2669 ut
432 2643 538 2670 tollatur
549 2642 625 2677 panis
635 2643 764 2677 ﬁliorum,
779 2647 802 2669 et
817 2643 889 2669 detur
904 2643 976 2670 carti-

181 2687 227 2713 bus
240 2685 319 2723 (Ibid.
335 2695 360 2714 υ.
374 2688 430 2723 26).
445 2688 590 2716 Considera
601 2709 609 2721 ,
625 2689 731 2722 dilecte,
745 2694 771 2717 et
787 2689 830 2717 hic
843 2689 976 2717 admirare

182 2732 280 2760 anima:
292 2733 350 2768 ejus
359 2733 534 2767 desiderium,
550 2738 578 2761 et
589 2734 667 2762 ﬁdem
679 2735 814 2762 eximiam.
828 2734 862 2762 Ut
872 2734 976 2762 audivit

182 2786 212 2806 se
228 2786 321 2806 canem
343 2780 414 2814 dici,
427 2787 480 2808 non
494 2781 621 2815 gravatim
637 2781 716 2814 tulit,
732 2789 784 2808 non
800 2781 952 2809 retrocessit
967 2790 974 2808 :

182 2825 231 2853 sed
250 2834 345 2862 magno
366 2832 393 2856 et
413 2828 457 2863 pio
470 2827 567 2856 alfectu
590 2828 674 2863 inquit
695 2838 701 2856 :
722 2828 826 2863 Etiam,
841 2828 971 2857 Domine:

679 95 711 122 IN
731 95 806 123 CAP.
827 94 898 123 XIX.
920 93 1041 123 GENES.
1065 93 1180 123 IIOXIIL.
1201 96 1294 124 XLIV.

1763 100 1815 128 310

1020 161 1079 179 nam
1095 158 1116 180 el
1128 154 1207 180 catuli
1221 154 1298 181 edunt
1312 154 1344 181 de
1357 156 1427 183 micis
1440 164 1532 184 mensa'
1542 156 1701 184 dominorum
1713 166 1815 185 suorum

1020 200 1126 235 (Matth.
1140 201 1184 228 t5.
1194 201 1252 237 27).
1269 201 1420 235 Conﬁteor,
1433 203 1534 239 inquit,
1553 203 1668 231 catulum
1681 211 1725 232 me
1735 212 1816 232 esse:

1020 246 1102 281 igitur
1114 247 1183 274 sicut
1195 247 1312 274 catulum
1324 247 1433 282 dignare
1447 256 1490 275 me
1500 249 1575 276 micis
1586 257 1686 277 mensa!
1695 256 1815 284 pascere.

1022 291 1116 319 Vidisti
1138 292 1257 319 mulieris
1275 292 1354 320 ﬁdem
1374 298 1401 320 et
1416 294 1597 328 probitatem?
1611 294 1730 329 Suscepit
1745 294 1816 330 quod

1020 337 1120 366 dictum
1134 342 1176 366 est
1185 360 1192 370 ,
1204 342 1231 367 et
1243 339 1332 366 statim
1347 339 1371 367 id
1384 339 1418 368 de
1428 348 1481 374 quo
1493 340 1603 367 Sollicita
1617 345 1672 367 erat
1683 341 1797 368 obtinuit
1808 361 1817 374 ,

1021 385 1188 420 obtinuitque
1213 385 1298 420 magis
1320 393 1380 412 eum
1406 385 1538 413 laudibus.
1565 385 1633 419 Quid
1656 386 1727 413 enim
1752 386 1817 413 dicit

1021 430 1165 458 Christus?
1181 431 1204 458 0
1219 431 1317 464 mulier,
1327 440 1419 467 magna
1433 437 1469 459 est
1483 431 1546 466 ﬁdes
1559 435 1601 457 tua
1616 438 1625 458 :
1638 431 1684 466 ﬁat
1696 431 1740 457 tibi
1752 431 1818 457 situt

1022 478 1058 505 vis
1079 477 1160 512 (Ibid.
1181 486 1204 505 υ.
1228 477 1286 513 28).
1308 477 1330 504 0
1343 478 1446 510 mulier,
1471 476 1654 505 admirationis
1666 476 1776 504 verbum
1790 479 1818 502 et

1023 525 1123 553 dictttm
1147 525 1224 552 laude
1246 524 1363 560 plenum.
1386 524 1525 559 Magnam,
1551 525 1651 560 inquit,
1676 523 1816 551 declarain

1025 570 1103 598 ﬁdem
1117 579 1124 603 ;
1147 575 1288 606 propterea
1311 575 1383 598 tanta
1403 570 1449 598 tibi
1470 575 1562 603 erunt,
1576 575 1673 605 quanta
1688 570 1736 596 vis.
1751 569 1817 596 Vide

1024 616 1190 645 liberalitatis
1211 616 1431 652 amplitudinem,
1456 620 1483 644 et
1504 616 1635 643 admirare
1648 615 1753 642 Domini
1772 623 1816 642 sa-

1024 663 1160 699 pientiam.
1183 663 1278 691 Annon
1303 663 1336 691 ab
1360 663 1435 690 initio
1453 663 1625 698 putabamus,
1649 669 1709 690 cum
1723 661 1761 689 sic
1776 669 1820 688 rc-

1023 710 1133 746 pelleret
1153 717 1211 738 eam
1221 731 1230 744 ,
1252 710 1486 738 commiseratione
1499 710 1571 737 illum
1586 709 1699 737 carere?
1714 708 1748 735 Et
1759 708 1819 744 pri-

1024 765 1097 784 nmm
1110 756 1217 792 quidem
1231 764 1283 784 non
1294 756 1454 791 dignabatur
1466 763 1595 791 responso
1605 777 1612 789 ,
1625 759 1717 790 postea
1728 759 1817 783 autem

1025 810 1073 838 per
1093 802 1206 838 primum
1219 807 1246 830 et
1258 802 1405 830 secundum
1418 809 1575 837 responsum
1590 801 1665 836 quasi
1677 800 1800 836 abigebat
1809 821 1817 833 ,

1023 853 1050 876 et
1071 856 1131 876 eam
1153 856 1212 884 quae
1227 855 1287 876 cum
1308 852 1382 875 tanto
1403 848 1548 876 advenerat
1569 847 1703 875 desiderio
1723 851 1750 874 et
1767 847 1819 874 fer-

1024 902 1099 928 vore,
1124 894 1279 929 repellebat.
1296 893 1392 921 Verum
1408 901 1422 920 a
1439 894 1490 920 ﬁne
1503 893 1575 921 disce
1588 892 1634 920 Dei
1651 892 1795 920 bonitatem
1810 900 1817 923 ;

1024 947 1087 968 eum
1111 947 1206 975 netnpe
1223 939 1358 967 volentem
1378 946 1436 966 eam
1448 938 1588 966 clariorem
1602 937 1730 971 reddere,
1747 941 1818 964 tanta

1024 987 1151 1016 dilatione
1172 987 1254 1015 fuisse
1273 994 1362 1014 usum.
1383 985 1486 1012 Etenim
1510 985 1532 1012 si
1550 985 1639 1012 statim
1664 983 1818 1016 annuisset,

1025 1033 1231 1061 nescivissemus
1245 1039 1294 1059 nos
1307 1030 1426 1058 mulieris
1437 1030 1562 1058 virtutem
1577 1039 1584 1056 :
1600 1029 1661 1064 quia
1672 1033 1759 1056 autem
1771 1035 1820 1063 pa-

1025 1087 1134 1114 rmnper
1152 1079 1271 1111 distulit,
1294 1083 1321 1105 et
1341 1076 1444 1104 Domini
1465 1076 1637 1110 cognovimus
1661 1073 1819 1102 ineffabilem

1026 1125 1216 1152 humanitatem
1226 1144 1235 1158 ,
1250 1129 1277 1152 et
1287 1124 1357 1151 iliius
1369 1123 1446 1150 fidem
1458 1122 1594 1150 eximiam.

1062 1173 1089 1198 ι.
1106 1171 1166 1198 Νοη
1181 1175 1278 1197 tantum
1293 1170 1438 1205 per/«cimus
1453 1176 1498 1202 per
1512 1168 1577 1194 alios
1596 1171 1696 1194 orantes
1708 1187 1715 1200 ,
1738 1174 1820 1201 quan-

1027 1223 1079 1245 tum
1094 1225 1138 1251 per
1153 1224 1197 1243 nos
1211 1216 1290 1250 ipsos.
1307 1229 1344 1235 —
1362 1214 1456 1241 Totam
1478 1218 1567 1239 autem
1590 1211 1658 1238 hanc
1681 1211 1818 1238 historiam

1027 1264 1053 1291 in
1067 1263 1184 1290 medium
1196 1262 1294 1290 afferre
1305 1260 1391 1288 coacti
1404 1266 1507 1291 sumus,
1522 1263 1551 1285 ut
1561 1257 1694 1285 discamus
1708 1263 1757 1284 nos
1767 1263 1820 1283 non

1027 1315 1130 1337 tantum
1145 1307 1274 1344 perﬁcere
1288 1314 1336 1342 per
1349 1306 1416 1333 alios
1427 1309 1545 1338 orantes,
1560 1308 1688 1339 quantum
1701 1310 1749 1337 per
1759 1309 1820 1329 ηοε-

1027 1356 1114 1390 ipsos,
1128 1355 1149 1381 si
1163 1354 1269 1389 quidem
1283 1360 1344 1381 cum
1359 1351 1440 1379 alacri
1462 1355 1490 1379 et
1509 1350 1583 1385 vigili
1597 1353 1687 1377 mente
1708 1347 1820 1376 acceda-

1027 1409 1096 1428 mus.
1112 1400 1257 1428 Enimvero
1270 1399 1314 1426 illa
1327 1402 1354 1426 et
1366 1397 1511 1432 discipulos
1524 1396 1625 1424 habens
1639 1402 1689 1430 pro
1700 1402 1730 1422 se
1742 1401 1820 1421 oran-

1027 1452 1077 1480 tes,
1091 1446 1156 1474 nihil
1171 1445 1294 1481 profecit,
1306 1444 1392 1472 donec
1405 1444 1461 1478 ipsa
1479 1450 1526 1476 per
1539 1449 1568 1469 se
1583 1447 1702 1476 praesens
1715 1444 1741 1467 et
1757 1447 1818 1474 per-

1026 1500 1152 1520 severans
1172 1491 1342 1519 clementiam
1358 1488 1462 1516 Domini
1477 1487 1528 1515 sibi
1546 1486 1711 1515 conciliaret.
1733 1487 1820 1519 Atque

1026 1538 1151 1574 parabola
1164 1537 1209 1565 illa
1220 1537 1298 1564 amici
1312 1536 1472 1569 intempesta
1484 1538 1562 1561 nocte
1573 1531 1714 1564 venientis,
1725 1535 1753 1558 et
1766 1536 1820 1558 tres

1026 1592 1109 1620 panes
1122 1583 1247 1619 petentis,
1260 1582 1329 1610 idem
1345 1581 1432 1616 ipsum
1452 1579 1612 1608 subindieat.
1628 1578 1698 1605 Nam
1710 1577 1818 1608 etiamsi,

1025 1632 1122 1659 amicus
1136 1631 1202 1663 licet,
1219 1638 1269 1657 non
1285 1628 1414 1660 exaudiat,
1430 1632 1541 1654 attamen
1555 1625 1594 1653 vel
1607 1630 1708 1660 propter
1723 1624 1820 1658 impor-

1025 1677 1157 1704 tunitatem
1171 1680 1267 1711 surget,
1282 1679 1305 1702 et
1318 1675 1340 1702 ei
1353 1673 1422 1700 dabit
1442 1672 1523 1708 (Luc.
1539 1672 1581 1699 II.
1597 1670 1643 1706 8).
1657 1670 1745 1705 Itaque
1758 1677 1820 1697 eum

1025 1722 1164 1750 videamus
1177 1720 1338 1748 ineffabilem
1348 1718 1518 1746 clementiam
1534 1716 1640 1744 Domini
1660 1715 1754 1747 nostri,
1775 1721 1820 1740 ac-

1025 1768 1153 1797 cedamus
1168 1767 1201 1794 ad
1223 1774 1285 1794 eum
1297 1785 1305 1798 ,
1326 1764 1487 1796 declaratis,
1509 1767 1537 1790 et
1549 1761 1625 1797 quasi
1645 1766 1707 1788 ante
1726 1759 1820 1787 oculos

1026 1819 1134 1843 nostros
1149 1813 1293 1849 propositis
1306 1811 1446 1847 speciatim
1459 1809 1572 1844 singulis
1584 1807 1699 1843 peccatis
1710 1805 1818 1838 nostris,

1024 1862 1105 1889 etiam
1122 1867 1170 1894 pro
1191 1858 1332 1893 pra'tcrilis
1347 1857 1452 1884 veniam
1476 1860 1614 1890 petamus,
1630 1857 1659 1880 ut
1680 1852 1707 1879 in
1730 1851 1820 1878 futuro

1025 1907 1120 1943 majori
1134 1905 1269 1941 diligentia
1280 1904 1410 1936 viventes,
1423 1901 1574 1930 uberiorem
1584 1899 1641 1934 ejus
1653 1897 1817 1926 benevolen-

1026 1954 1088 1982 tiam
1112 1959 1296 1987 asscqnamur.
1324 1950 1421 1977 Verum
1445 1948 1606 1979 rcdeatnus,
1628 1946 1649 1972 si
1667 1945 1769 1980 placet,
1784 1943 1817 1970 ad

1025 2001 1146 2029 lectionis
1168 2000 1276 2027 seriem.
1292 1997 1336 2025 50.
1355 1996 1472 2023 Ascendit
1493 1999 1595 2024 autent.
1612 1992 1711 2027 inquit,
1728 1991 1774 2018 Lat
1791 1991 1817 2017 in

1025 2048 1125 2082 Seqor,
1146 2050 1169 2073 et
1183 2045 1247 2072 sedit
1269 2044 1295 2071 in
1316 2047 1418 2075 monte,
1440 2046 1463 2068 et
1484 2040 1543 2067 dum
1557 2039 1618 2073 ﬁlia:
1631 2041 1686 2072 ejus
1707 2044 1763 2063 cum
1778 2044 1817 2062 eo.

1024 2093 1173 2120 Timueruut
1188 2091 1253 2117 enim
1266 2089 1380 2116 habitare
1394 2087 1419 2114 in
1430 2086 1529 2122 Segor;
1543 2089 1566 2112 et
1585 2083 1704 2110 habitavit
1718 2082 1744 2108 in
1762 2089 1820 2115 spe-

1025 2139 1100 2166 lunca
1113 2138 1183 2173 ipse.
1204 2140 1227 2162 et
1239 2135 1296 2162 dua:
1311 2134 1371 2169 ﬁlite
1390 2133 1445 2167 ejus
1465 2139 1523 2158 eum
1542 2137 1582 2157 eo.
1606 2129 1697 2156 Justus
1719 2126 1820 2154 invale-

1024 2188 1117 2212 seente
1130 2182 1219 2210 adhuc
1232 2181 1338 2211 timore,
1352 2186 1431 2214 quem
1442 2179 1602 2211 conceperat
1616 2183 1630 2201 a
1645 2174 1720 2209 plaga
1734 2172 1819 2200 Sodo—

1024 2231 1098 2259 mitis
1113 2229 1231 2261 inducta,
1248 2226 1340 2262 procul
1355 2225 1420 2258 abit,
1435 2228 1463 2252 et
1476 2223 1501 2251 in
1515 2226 1616 2254 monle,
1633 2220 1727 2255 inquit,
1741 2219 1818 2246 habi-

1026 2280 1063 2304 tat
1083 2283 1144 2303 cum
1169 2273 1272 2301 filiabus
1292 2273 1349 2300 suis
1365 2279 1372 2298 :
1388 2273 1416 2298 et
1434 2270 1461 2297 in
1484 2267 1627 2297 solitudine
1648 2271 1676 2294 et
1697 2265 1819 2292 vastitate

1025 2327 1145 2350 extrema
1167 2323 1260 2356 postea
1283 2318 1333 2345 fuit
1346 2324 1407 2344 cum
1428 2315 1553 2346 ﬁliabus,
1575 2313 1602 2340 in
1623 2315 1713 2339 monte
1727 2310 1818 2337 sedem

1026 2368 1138 2396 habens.
1155 2367 1202 2394 51,
1216 2365 1288 2392 Dixit
1300 2369 1392 2396 autem,
1407 2361 1502 2396 inquit,
1518 2360 1601 2395 major
1614 2363 1675 2384 nata
1688 2356 1722 2383 ad
1730 2357 1822 2392 junio-

1025 2423 1078 2442 rent
1092 2422 1101 2441 :
1113 2413 1190 2440 Pater
1203 2416 1286 2439 noster
1299 2417 1377 2437 senex
1389 2413 1437 2440 est,
1452 2412 1474 2434 et
1487 2406 1572 2433 nullus
1588 2408 1624 2431 est
1637 2410 1712 2438 super
1726 2407 1819 2429 terram

1025 2461 1068 2496 qui
1081 2459 1237 2495 ingrediatur
1255 2457 1290 2483 ad
1311 2463 1367 2488 nos,
1386 2454 1463 2489 juxta
1483 2459 1578 2479 morem
1596 2449 1723 2496 universe
1735 2452 1819 2496 terrm,

1026 2493 1072 2536 32.
1089 2493 1162 2538 veni,
1176 2509 1198 2532 et
1213 2508 1325 2539 petemus
1341 2505 1438 2536 patrem
1452 2503 1566 2525 nostrum
1578 2495 1653 2527 uino,
1669 2499 1691 2521 et
1706 2493 1819 2539 dormia-

1026 2562 1083 2581 mus
1098 2561 1154 2580 cum
1168 2559 1213 2583 ρο,
1227 2554 1250 2576 et
1264 2549 1398 2576 excitemus
1416 2553 1500 2573 semen
1513 2551 1543 2571 επ
1558 2547 1629 2578 patre
1641 2545 1735 2567 ηοεινο.
1752 2537 1818 2566 Cum

1027 2597 1177 2627 reverentia
1191 2600 1218 2623 et
1231 2594 1326 2622 titnore
1341 2591 1424 2619 multo
1436 2589 1576 2617 audiamus
1591 2594 1632 2618 ea,
1648 2585 1748 2617 dilecti,
1760 2591 1820 2619 quin

1028 2645 1054 2672 in
1068 2643 1165 2671 divinis
1180 2639 1325 2675 Scripturis
1345 2637 1533 2666 continentur;
1557 2641 1610 2660 non
1631 2630 1703 2659 enim
1720 2635 1821 2657 temere

1027 2695 1055 2717 et
1068 2689 1168 2723 absque
1182 2693 1261 2715 causa
1275 2685 1372 2719 scripta
1387 2687 1463 2714 sunt,
1477 2680 1524 2708 sed
1544 2678 1632 2706 omnia
1648 2677 1748 2723 utiliter
1763 2678 1791 2723 et
1805 2681 1820 2701 e

1029 2743 1057 2763 re
1072 2721 1174 2767 nostra,
1189 2730 1292 2760 etiamsi
1306 2736 1355 2758 nos
1365 2728 1486 2763 qumdam
1502 2727 1664 2760 ignoremus.
1679 2721 1736 2750 Non
1749 2721 1820 2748 enim

1029 2781 1117 2809 omnia
1133 2785 1273 2815 possumus
1295 2775 1433 2804 evidenter
1454 2773 1523 2801 scire
1539 2781 1546 2799 ε
1562 2770 1609 2799 sed
1631 2770 1654 2797 si
1677 2774 1705 2797 et
1726 2774 1821 2796 causas

1031 2827 1141 2856 reddere
1156 2833 1203 2861 pro
1228 2828 1319 2852 nostro
1341 2826 1419 2858 captu
1443 2824 1591 2851 tentemus,
1613 2816 1711 2844 habent
1733 2819 1821 2842 tamen
