2044 3131
253 120 300 148 ID”
608 115 636 144 S.
657 114 799 143 JOA‘NNIS
814 110 1053 142 ClliWSOSTOMI
1072 109 1230 140 ARCllIEP.
1249 110 1518 140 CONSTANTINOP.

251 177 337 203 adhuc
351 174 479 202 latentem
492 172 633 209 quemdam
649 172 803 200 thesaurum
818 171 826 186 '
840 178 855 198 a
871 170 961 198 multis
980 168 1043 197 abs-

250 217 399 252 conditum,
431 227 480 246 nec
494 218 718 253 investigahilem.
730 216 875 244 Considera
890 217 1046 251 igiturquo-

251 273 269 293 tt
281 265 334 293 odo
348 265 484 300 Scriptura
500 264 589 291 omnia
613 263 753 290 manifeste
775 262 905 292 narrarit.
924 266 951 289 et
971 260 1047 288 nobis

252 318 363 346 scopum
378 311 412 338 ad
432 311 511 338 linem
525 310 672 338 ostenderit
693 309 806 336 ﬁliarum
825 308 906 344 justi,
928 312 955 335 et
977 314 1047 334 nunc

251 357 359 392 quidetn
376 364 424 392 pro
440 357 492 384 illis
502 377 509 389 ,
527 364 597 384 nunc
617 363 682 383 vero
696 362 746 391 pro
757 354 831 390 justo
844 354 951 389 dignam
965 360 1047 380 excu-

253 403 384 430 sationem
409 402 545 430 atl'erens:
562 407 590 429 ut
609 401 698 429 nullus
712 400 745 428 ad
766 399 865 427 factum
889 398 1045 433 respiciens,

252 448 298 475 Vel
307 448 407 483 justum
419 447 589 481 condemnet,
603 448 645 475 vel
655 447 722 482 justi
736 446 814 479 ﬁlias,
828 445 903 480 quasi
918 451 1046 479 congres-

252 501 299 521 sus
314 494 359 522 ille
374 499 483 529 propter
497 494 714 522 incontinentiam
736 493 825 520 fuerit.
841 491 981 526 Quomodo
996 491 1048 526 igi-

252 543 298 566 tur
312 539 423 566 ﬁliarttm
437 540 501 574 justi
523 540 722 566 excusationem
736 538 833 565 κληῖδι-εἳ
848 537 935 569 Dixit,
950 537 1046 572 inquit,

251 583 336 618 major
356 589 416 611 natu
437 585 471 612 ad
488 585 639 619 juniorem:
653 583 732 612 Pater
750 588 834 611 noster
853 587 889 610 est
910 591 1002 614 senex,
1024 587 1046 609 et

253 630 339 656 nullus
352 635 390 657 est
409 639 486 664 super
500 636 593 657 terram
607 630 651 665 qui
671 630 828 665 ingrediatur
842 629 883 655 ad’
895 636 941 655 nos
950 649 957 660 ,
970 629 1046 664 juxta

253 684 348 702 morem
371 677 495 703 universe
514 682 600 705 terra;
620 676 685 704 Vide
706 683 817 711 scopum
838 674 997 710 diligenter,
1019 678 1048 701 et

255 723 328 750 omni
350 730 396 750 eas
420 723 546 750 liberabis
558 723 679 750 crimine.
696 722 859 749 Putavcrunt
878 721 948 749 enim
963 727 1046 755 gene-

253 768 336 794 ralem
357 768 435 794 totius
451 767 524 794 orbis
538 767 634 794 factum
650 767 786 794 interitum
796 787 803 800 ,
818 766 974 801 nullumque
988 773 1046 792 arn-

253 812 322 847 plius
344 819 406 839 esse
427 813 598 847 superstitem
622 821 630 839 :
650 812 747 839 deinde
771 816 798 839 et
822 812 904 847 patris
924 811 1049 838 viderunt

252 863 426 886 Senectutem.
449 858 484 887 Ut
503 859 597 894 igitur,
614 858 715 894 inquit,
733 866 786 885 non
802 858 940 885 abolentur
952 864 1047 892 genus,

255 911 304 931 nec
317 909 407 939 pereat
421 911 518 931 nomen
533 909 653 932 nostrum
667 904 736 939 (hac
746 904 817 931 enim
830 908 887 931 erat
900 903 1047 938 priscorum

254 950 371 976 maxima
385 957 447 977 cura
459 970 466 981 ,
482 949 616 984 quomodo
628 957 712 984 genus
726 957 803 977 suum
824 949 972 976 liberorum
984 955 1046 976 suc—

253 996 375 1023 cessione
390 995 546 1030 dilatarent)
561 1004 568 1022 :
583 1003 617 1023 ne
629 1003 710 1030 ergo,
727 995 829 1030 inquit,
843 995 928 1022 nostri
941 994 1048 1029 generis

254 1045 307 1067 tota
321 1040 364 1067 ﬁat
377 1041 497 1073 abolitio,
513 1041 659 1075 pnesertim
670 1040 725 1075 jam
738 1040 814 1068 senio
828 1045 903 1075 patre
913 1039 1048 1073 confecto,

254 1090 281 1112 et
296 1085 385 1112 nullus
402 1086 553 1114 inveniatur
568 1086 608 1113 vir
620 1086 756 1121 qui'uobis
769 1086 913 1122 jungatur,
936 1090 965 1112 ut
984 1093 1047 1120 pos-

253 1131 338 1158 simus
352 1131 500 1159 extendere
516 1137 543 1159 et
558 1131 709 1166 relinquere
729 1131 840 1159 seminis
854 1131 937 1158 nostri
954 1138 1049 1166 propa-

253 1176 386 1210 gationem
403 1185 409 1202 :
428 1176 502 1209 Veni,
520 1177 619 1212 inquit,
638 1181 666 1204 ut
679 1184 712 1204 ne
735 1177 785 1204 ltoc
799 1176 861 1210 ﬁat,
877 1182 991 1211 putemur
1003 1185 1051 1212 pa-

254 1226 317 1247 trem
331 1227 443 1248 nostrum
458 1222 525 1249 vino.
539 1222 619 1256 Quasi
629 1221 720 1250 dicere
731 1222 794 1250 velit
806 1231 813 1249 :
826 1222 892 1256 Quia
904 1230 1049 1258 numquam

256 1266 338 1294 ferret
353 1267 394 1294 vel
413 1267 522 1295 auribus
537 1267 588 1294 hoc
611 1272 696 1302 pater,
712 1268 774 1295 vino
795 1267 960 1303 decipiamus
974 1275 1047 1296 eum.

256 1311 302 1339 53.
320 1311 476 1339 l’otatterunt
491 1316 573 1338 autem
589 1317 686 1347 patrem
697 1320 770 1339 suum
785 1313 842 1340 vina
861 1318 934 1340 nocte
947 1313 1012 1346 ista,
1025 1318 1051 1340 et

255 1357 369 1391 ingressa
381 1363 417 1384 est
428 1357 521 1390 seuior,
533 1362 556 1384 et
569 1358 687 1384 dormivit
700 1366 758 1384 cum
770 1364 842 1393 patre
851 1367 897 1386 suo
909 1366 919 1386 :
930 1359 1049 1386 ernesti-

255 1403 289 1429 vit
307 1404 410 1438 quando
429 1404 474 1430 illa
487 1404 647 1437 accubuerit,
663 1405 701 1431 vel
713 1405 858 1432 surrexerit.
873 1404 968 1432 Vidisti
983 1412 1050 1440 quo-

256 1449 337 1476 modo
357 1448 448 1476 divina
469 1448 606 1484 Scriptura
630 1457 680 1484 pro
700 1449 773 1485 justo
794 1450 925 1478 rationem
945 1450 1050 1478 dederit

257 1502 308 1521 non
330 1494 414 1522 semel
437 1499 552 1526 tantum.
574 1495 621 1522 sed
643 1499 672 1523 et
691 1495 812 1523 iterum?
834 1495 910 1523 Prius
928 1495 1048 1531 quidem,

257 1541 316 1576 quia
332 1541 394 1568 lilite
408 1541 470 1568 riuo
485 1541 571 1576 ipsum
584 1541 762 1576 deceperunt,
778 1541 923 1569 declaravit
935 1549 981 1569 eas
995 1548 1049 1569 non

259 1585 336 1613 aliter
350 1586 468 1621 potuisse
483 1587 644 1621 persuadere
667 1587 751 1622 patri,
765 1595 844 1622 quam
857 1588 896 1615 sic
911 1587 1049 1616 iaciendo:

257 1639 327 1659 rtune
342 1636 432 1659 autem
445 1632 540 1667 opinor
554 1637 581 1660 et
600 1640 715 1668 superna
726 1633 924 1668 dispensatione
933 1641 993 1661 esse
1009 1633 1049 1660 fa-

258 1683 340 1711 ctunt,
356 1677 391 1704 ita
404 1677 487 1706 fuisse
499 1685 560 1706 eum
573 1683 743 1713 aggravatum
756 1679 833 1713 vino,
850 1684 878 1706 ut
891 1687 948 1707 rem
961 1679 1050 1707 omni-

259 1732 293 1751 no
316 1724 467 1758 ignoraret,
491 1730 519 1752 ut
540 1730 608 1752 notia
623 1729 652 1752 et
671 1725 783 1753 crimine
798 1733 897 1754 vacuus
913 1732 995 1756 esset.
1011 1728 1050 1757 Ea

258 1770 329 1797 enim
352 1775 458 1805 peccata
480 1778 529 1798 nos
543 1771 721 1799 condemnant
731 1793 738 1805 ,
752 1780 812 1807 quia
832 1773 948 1801 scientes
960 1779 987 1802 et
1001 1782 1050 1802 vo-

259 1817 373 1844 luntarie
394 1816 516 1845 facimus.
530 1817 610 1846 Vides
630 1819 764 1853 quomodo
783 1820 966 1848 testimonium
981 1829 1052 1857 pra:-

261 1862 321 1889 lteat
343 1862 417 1897 justo
441 1863 595 1898 Scriptura,
623 1865 709 1899 ipsum
734 1865 844 1892 omnino
867 1874 924 1893 rem
948 1872 1050 1902 gestam

260 1907 420 1941 ignorasse?
435 1908 532 1935 Verum
545 1909 629 1936 altera
643 1909 754 1943 qua-stio
766 1911 850 1946 surgit
863 1911 897 1938 de
909 1912 1049 1941 ebrietate.

260 1952 374 1987 Oportet
386 1954 456 1980 enim
470 1955 559 1981 omnia
575 1954 745 1993 investigare,
759 1960 787 1983 ut
800 1957 871 1983 nulla
884 1957 1012 1992 improbis
1025 1963 1053 1986 et

261 1997 459 2033 impudentibus
479 1999 657 2027 calumniandi
674 2001 839 2036 relinquatur
853 2004 969 2031 occasio.
983 2004 1052 2038 Quid

263 2043 339 2077 igitur
354 2043 389 2070 de
403 2043 452 2071 hac
467 2052 497 2072 re
511 2045 630 2072 dicemus
641 2047 652 2072 ?
663 2045 721 2073 Non
736 2051 788 2074 tam
802 2056 834 2075 ex
849 2048 1052 2085 intemperantia

262 2089 300 2115 illi
315 2089 444 2116 accidisse
456 2090 625 2123 ebrietatem,
641 2098 720 2126 quam
733 2100 765 2119 ex
780 2093 896 2121 tristitia.

298 2135 325 2161 5.
343 2133 432 2169 Neque
447 2134 495 2162 Lat
509 2144 588 2170 neque
601 2137 662 2170 [iliw
678 2138 732 2173 ejus
746 2138 894 2166 damnandi.
907 2154 943 2160 -—
961 2140 1053 2168 Nullus

264 2180 342 2214 igitur
356 2181 454 2207 audeat
467 2185 513 2207 aut
524 2181 636 2215 justum,
647 2187 693 2209 aut
704 2183 767 2217 justi
783 2184 849 2211 ﬁlias
861 2184 1051 2214 condemnare.

262 2226 401 2260 Quomodo
415 2227 486 2253 enim
505 2235 557 2254 non
571 2233 643 2255 esset
663 2234 789 2255 extrema:
803 2229 944 2258 dementia:
964 2235 992 2258 et
1012 2232 1053 2259 in-

264 2273 405 2307 sipientite,
421 2273 443 2299 si
459 2280 506 2300 eos
524 2281 591 2308 quos
603 2273 691 2300 divina
704 2273 839 2308 Scriptura
853 2275 886 2302 ab
900 2277 971 2304 omni
986 2277 1054 2305 libe-

263 2325 303 2347 rat
316 2320 446 2353 critnine,
462 2320 515 2347 itno
530 2327 577 2353 pro
593 2320 689 2354 quibus
707 2325 807 2348 tantam
820 2322 968 2358 apologiam
981 2331 1054 2352 com.

262 2367 359 2402 ponit,
382 2374 432 2394 nos
460 2366 607 2393 innumeris
636 2370 807 2400 peccatorum
840 2369 953 2396 sarcinis
984 2371 1054 2405 pleni

262 2413 472 2440 condemnemus
487 2421 493 2439 :
510 2417 536 2438 et
550 2419 602 2439 non
617 2411 756 2440 audiamus
769 2413 881 2441 Paulum
901 2414 1033 2444 dicentem
1046 2426 1053 2444 :

265 2458 334 2486 Ili-us
350 2459 391 2493 qui
402 2459 528 2493 justiﬁcat
539 2479 546 2492 ,
565 2459 621 2494 quis
643 2463 680 2486 est
695 2460 737 2492 qui
751 2461 895 2489 condemnet
915 2463 924 2497 (
937 2463 1010 2490 Itotn.
1026 2464 1053 2492 8.

262 2504 305 2532 δᾶ
321 2505 397 2537 5A)?
411 2504 443 2531 Et
456 2509 483 2531 ut
497 2504 602 2538 discas,
616 2505 668 2532 hoc
687 2513 739 2532 non
756 2506 780 2533 in
795 2514 891 2534 vanum
907 2513 934 2535 et
950 2510 1055 2544 simpli-

264 2550 330 2576 l'ilt‘l‘
352 2550 448 2577 factum
468 2558 539 2584 esse,
559 2551 606 2578 sed
630 2551 761 2579 tristitiam
784 2553 892 2580 nimiam
911 2556 1055 2583 accedente

265 2595 327 2621 vino
341 2595 443 2622 nullum
457 2595 482 2623 ei
504 2595 645 2630 reliquisse
664 2604 790 2631 sensum,
809 2598 870 2625 audi
889 2599 952 2633 quid
972 2601 1053 2628 dicat.

263 2641 308 2668 δι.
325 2641 356 2668 Et
372 2644 466 2677 factum
481 2647 517 2669 est
530 2642 571 2670 die
582 2644 710 2678 sequenti,
726 2644 838 2680 dixitque
851 2647 935 2680 nmjor
948 2652 1008 2674 natu
1022 2648 1056 2674 ad

259 2684 387 2720 juniorem
401 2695 410 2714 :
425 2687 490 2715 Ecce
505 2688 612 2716 dormivi
626 2689 680 2716 lteri
701 2698 758 2716 cum
782 2696 853 2725 patre
867 2697 951 2719 nostro
964 2700 973 2720 :
987 2698 1056 2729 pate-

296 2764 305 2781 ι
323 2765 392 2798 δίνίιΖ
405 2770 430 2790 et
439 2765 530 2798 aliquot
542 2770 606 2797 uss,
618 2767 747 2798 tamenim
766 2768 871 2793 omnium
884 2775 1007 2798 possumus
1016 2778 1056 2796 ac-

259 2795 419 2850 ;Zmiﬁ‘scire
430 2795 541 2828 causam,
551 2795 657 2823 nudmen
669 2797 754 2824 habent
765 2799 870 2830 aliquem
881 2795 992 2826 intentent
1004 2795 1056 2828 tlte-

1849 112 1905 136 [112

1101 177 1156 195 mus
1167 169 1245 204 igilur
1255 177 1311 196 eum
1323 169 1380 196 vino
1391 173 1416 195 et
1429 173 1501 195 nocte
1511 167 1568 200 ista,
1582 172 1605 194 et
1618 167 1729 203 ingressa
1743 167 1829 194 dormi
1841 174 1903 194 cum

1100 223 1139 246 eo,
1152 219 1175 241 et
1189 214 1323 241 excitemus
1338 222 1369 241 ea:
1383 219 1454 248 patre
1463 219 1549 241 nostra
1564 221 1657 241 senten.
1669 212 1751 241 Vides
1761 214 1902 248 quomodo

1099 265 1172 287 recta
1184 261 1313 287 sententia
1328 259 1378 287 hoc
1389 259 1531 286 faciebant.
1548 258 1614 286 Nam
1627 259 1687 293 quia
1699 259 1786 294 potui,
1799 258 1901 293 inquit,

1099 312 1149 339 ego
1163 305 1401 340 quod'qutereb‘am
1423 305 1553 340 implere,
1570 304 1750 332 necessarium
1766 309 1809 332 est
1830 309 1856 331 et
1875 309 1903 332 te

1100 350 1170 378 idem
1186 351 1275 379 facere
1289 360 1296 378 :
1313 352 1381 379 forte
1393 352 1464 379 enim
1479 356 1601 379 votorum
1616 357 1769 378 nostrorum
1783 359 1902 386 compca

1100 400 1140 423 tcs
1153 396 1269 429 erimus,
1285 402 1312 424 ct
1329 405 1383 424 non
1398 397 1424 424 in
1445 401 1573 424 mlemum
1588 404 1671 432 genus
1687 402 1807 424 nostrum
1837 405 1902 431 pcr—

1099 441 1156 469 ibit.
1174 443 1218 470 55.
1238 442 1393 470 Potaverunt
1416 447 1498 470 autent
1512 449 1547 470 et‘
1558 449 1629 470 nocte
1643 443 1689 470 illa
1711 449 1809 477 patrem
1827 448 1906 469 tuum

1099 489 1166 519 riuo.
1182 493 1206 516 et
1220 489 1334 524 ingressa
1346 493 1384 516 est
1392 489 1492 524 junior,
1507 493 1530 515 et
1545 489 1662 515 dormivit
1674 497 1732 515 cum
1746 494 1821 523 patre
1834 497 1882 515 suo
1892 498 1902 516 :

1098 540 1122 562 et
1137 535 1260 570 ignoravit
1274 535 1316 562 ille
1327 536 1429 571 quando
1443 535 1500 570 ipsa
1514 535 1552 562 vel
1564 535 1718 566 accubuerit,
1731 534 1770 562 vel
1780 543 1902 562 surrexe-

1099 581 1140 607 rit.
1157 580 1304 607 considera
1316 601 1323 613 ,
1343 580 1458 614 dilecte,
1478 584 1562 607 totttm
1584 579 1681 607 factum
1704 580 1786 607 fuisse
1806 580 1901 607 divina

1098 625 1316 661 dispensatione,
1338 627 1408 654 sicut
1423 630 1450 653 ct
1472 626 1559 661 primo
1581 625 1682 652 homini
1704 625 1804 652 evenit.
1829 624 1900 652 Nam

1098 673 1233 700 sicut'illic
1249 681 1281 700 ex
1296 672 1457 700 dormientis
1471 672 1555 699 latere
1570 671 1657 707 portio
1670 676 1774 706 sumpta
1790 676 1851 704 est,
1865 679 1901 699 co

1099 726 1153 745 non
1165 719 1317 751 sentiente;
1334 718 1382 746 sed
1394 718 1439 753 qui
1453 718 1566 745 ﬁnxerat
1579 718 1650 744 latus
1664 717 1739 749 illud,
1755 718 1816 745 inde
1831 725 1901 745 uxo-

1099 771 1155 791 rem
1172 764 1236 791 Adm
1257 763 1381 799 produxit
1402 772 1409 790 :
1429 763 1510 791 simili
1533 763 1615 790 ntodo
1633 768 1660 791 et
1682 771 1760 791 nunc.
1785 763 1852 791 Nam
1874 764 1899 791 si

1099 815 1182 837 costa:
1195 810 1308 845 ereptio,
1322 817 1432 837 excessu
1445 809 1543 836 mentis
1556 816 1571 836 a
1585 809 1640 837 Deo
1653 809 1783 843 immisso,
1795 809 1900 843 absque

1100 856 1171 883 illius
1185 864 1265 884 sensu
1280 856 1328 884 fuit
1343 866 1349 882 :
1366 856 1449 884 multo
1461 856 1544 891 magis
1555 860 1663 883 et‘nunc
1677 856 1713 883 ita
1728 855 1828 883 factum
1843 860 1897 883 est.

1099 902 1165 929 Nam
1182 902 1207 929 id
1222 902 1292 937 quod
1307 901 1374 930 dixit
1389 901 1443 929 illic
1454 901 1543 929 ditina
1557 901 1705 935 Scriptura,
1727 901 1838 928 Immisit
1851 910 1899 928 εε-

1100 949 1185 976 ιιαιίηι
1199 949 1224 975 in
1240 949 1337 982 Adam,
1353 953 1376 976 et
1390 948 1506 975 dormivit
1521 947 1603 983 (Gen.
1617 947 1644 974 2.
1658 947 1689 975 21
1701 947 1710 983 )
1725 957 1730 974 :
1748 947 1798 974 ltoc
1813 953 1841 974 et
1854 947 1899 975 hic

1099 994 1259 1030 signiﬁcavit
1279 993 1411 1026 dicendo,
1432 993 1541 1020 Nescivit
1560 993 1661 1028 quando
1684 993 1721 1020 vel
1741 993 1898 1027 accubuerit,

1100 1041 1138 1068 vel
1152 1040 1297 1068 surrexerit.
1311 1040 1355 1068 56.
1369 1039 1403 1066 Et
1415 1043 1593 1075 conceperant,
1605 1038 1701 1074 inquit,
1712 1038 1744 1065 de
1758 1043 1830 1073 patre
1839 1046 1897 1065 suo.

1100 1087 1145 1114 57.
1160 1085 1193 1113 Et
1208 1087 1304 1119 peperit
1317 1087 1399 1121 maj'ar
1418 1091 1480 1112 natu
1494 1086 1577 1120 ﬁliuni
1591 1091 1614 1112 et
1627 1085 1722 1112 vocavit
1737 1093 1828 1111 nomen
1843 1085 1909 1119 ejus

1101 1132 1188 1165 Moab,
1198 1133 1292 1165 dicens,
1303 1131 1345 1159 Ea:
1359 1137 1432 1167 patre
1445 1140 1508 1159 meo.
1522 1131 1573 1158 Hic
1585 1136 1655 1167 pater
1667 1137 1701 1158 est
1713 1131 1897 1158 Moabitarum.

1101 1179 1146 1206 58.
1165 1178 1267 1213 Peperit
1285 1183 1368 1205 autent
1386 1183 1410 1205 et
1427 1178 1519 1212 junior
1531 1178 1629 1213 ﬁlium,
1651 1183 1675 1204 et
1696 1178 1792 1205 vocavit
1807 1186 1900 1205 nomen

1100 1225 1155 1259 ejus
1166 1224 1274 1251 Ammon
1284 1245 1291 1257 ,
1309 1223 1394 1251 dicens
1404 1245 1412 1257 ,
1432 1223 1514 1250 Filius
1528 1223 1626 1258 generis
1640 1224 1697 1250 mei.
1714 1223 1763 1250 Hic
1777 1228 1814 1250 est
1827 1228 1900 1258 pater

1101 1271 1312 1297 Ammanitarum.
1322 1269 1404 1297 Vides
1415 1269 1440 1297 id
1451 1277 1505 1297 non
1517 1270 1597 1297 fuisse
1608 1269 1808 1296 incontinentiae
1818 1277 1899 1304 opus,

1102 1324 1161 1344 cum
1178 1316 1287 1344 nomina
1301 1316 1390 1344 statim
1410 1315 1483 1343 natis
1498 1315 1642 1343 indiderint
1653 1335 1662 1348 ,
1681 1315 1778 1351 quibus
1798 1315 1899 1342 factum

1101 1362 1304 1398 signiﬁcabant,
1321 1367 1349 1390 et
1362 1362 1389 1390 in
1402 1362 1516 1390 ﬁliorum
1533 1361 1686 1389 nominibus
1707 1362 1785 1396 quasi
1807 1361 1833 1388 in
1848 1368 1899 1389 co-

1102 1408 1192 1436 lumna
1213 1407 1298 1436 ferme
1311 1406 1426 1442 quadam
1440 1407 1597 1438 memoriam
1616 1406 1679 1434 facti
1700 1406 1898 1441 inscripserunt,

1107 1465 1133 1488 et
1146 1461 1273 1495 jiun‘tum
1293 1458 1482 1493 pnesignannt
1494 1459 1587 1490 gentes
1603 1460 1635 1480 cx
1651 1452 1691 1479 eis
1705 1451 1811 1478 mturas
1825 1459 1900 1483 esse,

1107 1511 1134 1534 et
1153 1506 1178 1533 in
1193 1503 1392 1532 multitudinem
1403 1509 1432 1529 se
1445 1503 1786 1536 propagaturumnatorutn
1802 1504 1898 1532 genus.

1108 1553 1173 1580 Natu
1188 1551 1232 1579 ille
1244 1550 1364 1585 quidem,
1375 1547 1473 1583 inquit,
1485 1550 1563 1581 pater
1576 1544 1628 1572 erit
1639 1543 1832 1576 Moabitarum,
1849 1543 1902 1570 ista

1108 1602 1197 1626 autent
1210 1594 1438 1623 Amtnonitarum.

1142 1642 1168 1669 6.
1191 1639 1300 1668 Muralis
1312 1637 1470 1666 exhortatio.
1485 1635 1597 1664 Collatia
1611 1634 1719 1669 Iosephi
1731 1634 1902 1661 continentia:

1106 1697 1165 1717 cum
1185 1685 1347 1721 Babylonica
1365 1681 1618 1718 fornace—Verum
1631 1679 1902 1715 tuncquidem,qtro—

1107 1735 1179 1762 niatn
1187 1733 1263 1767 origo
1272 1736 1297 1758 et
1307 1730 1383 1757 initia
1394 1733 1482 1761 erant,
1492 1732 1519 1756 et
1526 1735 1574 1763 per
1582 1726 1687 1763 generis
1696 1726 1901 1753 successionem

1107 1779 1264 1807 memoriam
1275 1784 1351 1805 suam
1364 1775 1669 1804 volebant'conservare,
1679 1775 1783 1799 tantum
1792 1770 1852 1804 ejus
1863 1771 1901 1798 rei

1107 1825 1224 1853 studium
1233 1822 1352 1857 fuitjusti
1361 1821 1477 1849 ﬁliabus:
1485 1824 1651 1848 nuucautem
1660 1818 1720 1853 quia
1729 1825 1777 1852 per
1783 1817 1908 1852 gratianr

1108 1872 1154 1899 Dei
1169 1870 1261 1905 religio
1273 1868 1374 1903 majora
1388 1866 1503 1901 sumpsit
1516 1866 1693 1896 incrementa,
1708 1868 1735 1890 et
1749 1862 1899 1890 secundum

1107 1919 1215 1946 beatqu
1227 1915 1350 1947 Paulum,
1360 1913 1572 1947 Prwterilﬁgura
1579 1910 1757 1944 mundihujus
1767 1908 1791 1944 (1
1803 1908 1900 1936 Cor.7.

1107 1965 1164 2000 5i),
1178 1971 1260 1999 opera
1276 1962 1346 1990 bona
1362 1960 1467 1996 agendo
1485 1958 1643 1986 memoriam
1657 1955 1743 1983 nostri
1760 1955 1898 1989 relinqua-

1107 2017 1167 2038 mus
1179 2018 1185 2036 :
1201 2016 1230 2036 ut
1238 2016 1300 2036 cum
1312 2008 1375 2035 hinc
1382 2006 1597 2041 mi'graverimus,
1609 2005 1671 2032 vita:
1679 2007 1779 2031 nostra:
1787 2003 1902 2037 diligens

1106 2059 1134 2083 et
1151 2058 1276 2082 accurata
1292 2053 1363 2080 ratio
1375 2052 1410 2080 sit
1425 2051 1620 2078 monimentum
1635 2053 1663 2076 et
1676 2048 1801 2076 doctrina
1817 2047 1891 2075 omni

1107 2099 1159 2127 bus
1172 2099 1216 2134 qui
1234 2098 1259 2125 in
1278 2105 1328 2125 nos
1349 2096 1505 2132 respiciant.
1526 2094 1594 2122 Nam
1610 2093 1656 2129 qui
1677 2094 1780 2120 virtute
1794 2091 1900 2126 praediti

1108 2149 1181 2177 sunt,
1194 2148 1222 2171 et
1233 2147 1336 2171 castatn
1350 2142 1432 2169 vitam
1443 2141 1561 2172 ducunt,
1573 2147 1626 2166 non
1639 2138 1727 2166 solum
1741 2137 1768 2165 in
1783 2137 1834 2164 hac
1846 2137 1900 2163 vita

1107 2191 1245 2226 degentes,
1257 2189 1304 2217 sed
1316 2192 1343 2216 et
1351 2192 1412 2223 post
1425 2187 1486 2214 vita:
1497 2186 1610 2217 exitum,
1618 2184 1764 2220 plurimum
1771 2183 1901 2218 prodesse

1107 2239 1234 2272 poterunt
1248 2234 1281 2262 iis
1297 2233 1342 2268 qui
1356 2233 1383 2260 itt
1399 2240 1428 2260 se
1444 2230 1624 2266 respexerint.
1641 2229 1674 2256 Et
1690 2233 1720 2256 ut
1734 2229 1786 2256 hoc
1799 2227 1900 2259 discas,

1107 2281 1316 2316 vide,ohsecro,
1339 2283 1455 2314 quatttus
1481 2284 1613 2304 annorum
1642 2282 1771 2302 numerus
1794 2273 1902 2300 transiit

1108 2335 1192 2363 usque
1203 2326 1396 2354 inltodiernutn
1407 2324 1490 2355 diem,
1504 2329 1539 2350 ac
1546 2321 1652 2357 quoties
1659 2320 1783 2347 volttnnts
1796 2319 1901 2354 aliquos

1108 2373 1135 2400 in
1152 2372 1352 2401 aemulationem
1372 2369 1545 2398 continentiae
1568 2373 1728 2403 provocare.
1752 2365 1852 2399 Joseplt
1874 2364 1899 2390 in

1109 2418 1226 2446 medium
1242 2416 1379 2444 aﬂ‘eritnus
1390 2415 1554 2449 speciosum,
1570 2412 1729 2443 formosum,
1745 2409 1901 2437 adolescat-

1109 2470 1174 2498 tem,
1193 2465 1219 2492 in
1240 2465 1297 2498 ipso
1312 2463 1400 2490 aetatis
1420 2461 1486 2488 ﬂore
1509 2465 1611 2488 lautam
1625 2458 1761 2486 castitatis
1776 2460 1901 2484 conslan~

1107 2508 1170 2534 tiam
1193 2515 1247 2542 pra:
1272 2515 1303 2536 se
1326 2508 1475 2535 ferentem:
1491 2510 1518 2534 et
1543 2506 1582 2534 sic
1603 2505 1636 2534 ad
1652 2505 1827 2533 imitationem
1837 2503 1899 2539 justi

1106 2555 1186 2589 huius
1207 2555 1341 2582 auditores
1360 2561 1504 2589 provocare
1523 2554 1670 2581 studemus.
1685 2553 1750 2586 Quis
1763 2554 1836 2581 enim
1850 2560 1901 2581 non

1106 2602 1284 2628 admiraretur
1295 2600 1400 2628 beatum
1415 2600 1500 2633 illum,
1516 2600 1560 2635 qui
1576 2600 1602 2627 iu
1616 2600 1745 2627 servitute
1758 2598 1899 2631 exsistens,

1107 2650 1134 2674 ct
1144 2647 1169 2674 in
1183 2647 1240 2682 ipSo
1253 2646 1319 2674 ﬂore
1332 2646 1429 2678 attatis,
1444 2645 1551 2680 quando
1566 2646 1680 2672 maxime
1698 2645 1791 2672 fornax
1802 2651 1904 2672 concu-

1107 2692 1297 2728 piscentiarnm
1307 2691 1472 2724 accenditur,
1486 2699 1547 2718 ctttn
1563 2691 1664 2718 videret
1675 2690 1812 2717 dominam
1828 2697 1901 2716 suam

1108 2737 1288 2770 iuvadentem,
1313 2741 1340 2765 et
1362 2737 1539 2764 insanientem
1561 2737 1588 2763 in
1610 2743 1650 2769 se,
1667 2740 1769 2763 tantam
1785 2734 1903 2763 ostendit

1108 2783 1302 2814 fortitudinem,
1323 2787 1351 2810 et
1374 2783 1408 2809 ita
1431 2782 1464 2808 ad
1478 2782 1607 2809 castitatis
1620 2789 1719 2816 agones
1732 2789 1763 2808 sc
1772 2781 1902 2814 exercuit,

1110 2834 1138 2857 ut
1157 2830 1190 2857 ab
1215 2829 1407 2865 intemperante
1421 2829 1464 2856 illa
1478 2827 1589 2856 muliere
1601 2827 1688 2855 nudus
1699 2826 1806 2863 quidem
1822 2826 1903 2856 vesti-
