2044 3131
142 131 196 160 MS

143 189 194 216 bus
201 186 363 223 profugeret,
370 185 500 214 castitatis
508 188 596 212 autent
608 183 790 211 indumentum
801 183 936 211 servaret?

142 235 305 268 Licebatque
319 233 409 261 \idere
423 239 479 259 rem
492 239 588 258 novatn
597 234 624 257 et
633 229 827 261 admirabilem,
840 236 937 264 agnum

142 282 170 308 in
185 278 249 314 lupi.
268 280 322 306 imo
334 279 427 306 leaena
440 285 541 312 ungues
552 276 687 309 incidisse,
699 281 727 304 et
738 276 838 304 servari
850 281 937 303 tamen

142 326 281 362 potuisse:
306 328 334 352 et
356 324 426 352 sicut
440 324 563 351 columba
578 323 675 357 aquila:
690 322 816 349 damnum
829 322 936 357 effugit,

143 373 178 400 ita
189 378 215 400 et
230 371 317 406 justus
331 370 365 397 ab
387 370 456 398 illius
478 368 600 396 tuanibus
613 369 707 396 ev..sit.
723 368 780 395 Non
802 368 840 395 sic
854 368 938 395 admi-

144 417 228 445 rabile
251 417 315 444 mihi
338 416 443 444 videtur
463 423 533 447 esse,
558 419 612 442 tres
627 422 723 449 pueros
739 413 798 441 illus
811 414 837 440 in
849 413 937 440 medio

143 463 309 499 Babylonica
334 461 449 490 fornacis
466 461 553 496 ignem
573 460 669 488 vicisse
681 459 689 495 (
702 459 769 486 Dan.
782 460 831 494 3),
845 459 937 487 illaesis

140 518 236 538 eorum
258 509 426 543 corporibus,
447 512 475 535 ut
499 507 619 534 mirabile
629 511 656 534 et
668 514 759 533 rarum
772 510 822 538 est,
835 506 936 541 justqu

142 558 233 588 istum,
257 556 302 591 qui
314 556 339 582 iu
362 555 496 582 fornacem
519 554 587 582 hanc
602 553 760 589 Balqlonica
782 554 866 581 multo
877 561 937 589 gra-

141 604 253 636 viorem,
276 603 303 629 in
325 601 555 634 incontinentiam,
577 601 695 636 inquam,
724 600 937 636 [Egyptiaiinci-

139 649 236 681 disset,
261 648 387 675 intactum
409 647 599 682 permansisse,
622 654 741 681 puroque
753 645 884 673 castitatis
899 646 938 672 in-

140 695 270 721 dumento
281 697 398 726 servato,
407 692 515 720 cxiisse.
531 692 564 719 Et
576 699 608 718 ne
619 692 735 724 mireris,
746 691 842 719 dilecte
855 700 862 718 :
875 691 936 726 quia

139 740 214 767 enim
226 739 297 775 quod
311 746 388 766 suum
404 742 462 765 erat
485 738 583 769 attulit,
599 737 690 764 habuit
710 744 852 772 supernam
876 744 936 772 gra-

141 785 205 812 tiam
228 785 366 817 comitetu,
382 791 442 818 qua:
464 783 616 810 incendium
629 783 693 810 illud
707 783 893 818 restiugucret,
909 787 937 810 et

140 830 167 858 in
184 830 269 857 media
286 830 392 858 fornace
408 837 496 857 rorem
511 828 627 864 Spiritus
639 829 724 856 daret.
746 828 856 856 Vidistis
870 837 937 864 quo-

140 877 221 904 modo
231 877 282 904 viri
292 877 389 904 virtute
402 875 515 910 pra-diti,
531 881 628 902 etcum
642 874 684 902 hic
692 874 779 902 adlme
791 880 936 910 prtusentes

138 927 213 954 sunt,
235 926 261 949 et
286 926 345 956 post
365 921 549 956 migrationem
563 928 595 948 ex
612 920 661 947 hac
675 920 737 952 vita,
751 927 853 954 magna:
867 919 937 946 utili-

140 969 202 996 tatis
216 974 341 996 auctores
355 964 433 994 nobis
453 967 526 994 sint?
549 967 636 1002 Atque
651 966 686 994 ob
698 974 756 994 eam
773 973 880 993 causam
894 965 936 1000 ju-

137 1018 210 1041 stum
226 1014 300 1041 illum
312 1013 338 1041 in
354 1013 470 1040 medium
484 1012 654 1045 adduximus,
669 1016 699 1039 ut
708 1019 769 1040 eum
783 1019 877 1039 onmes
891 1019 934 1039 se-

137 1068 263 1095 quanmr.
281 1059 356 1087 Hunc
368 1059 446 1094 igitur
456 1066 550 1086 omnes
559 1058 704 1091 imitemur,
716 1063 742 1085 et
750 1058 937 1093 concupiscen-

139 1107 191 1134 tias
203 1110 308 1133 nostras
316 1105 463 1138 vincamus,
478 1105 647 1140 scientesque
656 1105 731 1138 illud,
748 1105 806 1132 Non
819 1110 855 1132 est
865 1105 936 1132 nobis

137 1160 225 1186 pugna
246 1151 365 1177 adversus
387 1151 535 1186 sanguinem
555 1156 578 1178 ct
605 1159 721 1183 carnem,
748 1151 792 1178 sed
817 1151 936 1178 adversus

138 1198 294 1232 principatus
306 1202 329 1224 et
343 1201 485 1231 potestates,
499 1197 619 1224 (triverunt
635 1197 723 1223 mutuli
738 1203 846 1224 rectores
866 1202 935 1224 tene-

137 1244 241 1270 brarum
262 1243 339 1278 hujus
365 1243 451 1270 saeculi
475 1243 594 1279 (Ep/ms.
619 1242 727 1279 (5.12),
750 1243 788 1270 sic
801 1251 850 1270 IIOS
864 1244 935 1278 ipsos

137 1298 292 1317 arua-mus:
307 1294 334 1318 et
355 1290 514 1324 cogitantes,
538 1297 591 1316 non
614 1297 727 1324 Corpore
745 1289 934 1322 circumdatos,

137 1336 266 1363 adversus
277 1337 448 1371 incorporeas
461 1336 519 1371 cogi
533 1335 646 1364 virtutes
658 1339 770 1368 certare,
784 1338 935 1364 muniamur

135 1383 221 1410 armis
243 1383 434 1418 spiritualibus.
459 1382 571 1416 Propter
586 1382 637 1409 ltoc
651 1382 722 1409 enim
737 1382 865 1416 benignus
880 1382 933 1409 Doâ€”

138 1429 238 1460 minus,
254 1429 315 1463 quia
328 1436 409 1456 earne
425 1428 512 1455 vestiti
533 1435 635 1460 sumus,
652 1431 679 1455 et
693 1432 733 1454 est
747 1427 824 1454 nobis
838 1427 934 1455 adver-

136 1482 184 1502 sus
207 1475 355 1502 invisibiles
378 1474 491 1502 virtutes
514 1479 660 1507 certamen,
687 1473 829 1501 invisibilia
857 1474 934 1501 nobis

137 1521 298 1555 prteparavit
309 1528 394 1553 arma,
417 1524 447 1547 ut
459 1520 558 1547 auxilio
572 1527 708 1547 armorum
725 1523 826 1546 natura:
840 1519 934 1546 adver-

135 1567 223 1594 sarias
247 1574 439 1601 cxpugnemus.
463 1566 535 1593 Bene
561 1566 640 1600 igitur
661 1565 774 1593 fidentes
797 1573 932 1593 armorum

136 1614 274 1649 potentiae,
298 1613 369 1648 quod
391 1620 405 1639 a
422 1613 498 1640 nobis
513 1616 554 1640 est
569 1612 723 1643 all'eramus,
747 1617 774 1639 et
787 1612 933 1646 poterimus

137 1662 187 1688 hac
200 1660 329 1695 spirituali
343 1663 476 1687 armatura
493 1659 596 1692 muniti,
612 1658 697 1693 ipsam
720 1658 816 1686 diaboli
837 1658 932 1686 faciem

136 1707 227 1734 ferire.
252 1705 343 1740 Neque
365 1705 437 1732 enim
457 1705 527 1732 ferre
548 1705 646 1739 poterit
665 1704 792 1739 fulgorem
807 1704 852 1739 qui
869 1704 931 1731 inde

134 1752 282 1788 egreditur,
304 1751 350 1779 sed
371 1751 420 1779 etsi
441 1755 553 1778 conetur
567 1755 639 1777 stare
657 1757 691 1777 ex
705 1749 828 1782 adverso,
843 1751 931 1777 statim

134 1798 323 1827 exea'eabitur.
337 1797 388 1826 Ubi
407 1797 478 1824 enim
493 1796 656 1824 continentia
672 1800 698 1823 et
717 1796 852 1828 honestas,
866 1796 932 1823 alia-

135 1852 249 1879 rumque
270 1845 395 1871 virtutum
418 1849 575 1875 concursus,
598 1842 660 1869 illuc
682 1846 709 1869 ct
730 1842 801 1876 larga
816 1841 932 1877 Spiritus

133 1890 219 1925 gratia
242 1889 358 1916 advolat.
382 1887 550 1922 Quapropter
571 1887 669 1914 Paulus
692 1887 816 1914 dicebat:
838 1886 933 1914 Pacem

134 1935 262 1962 sectamini
274 1942 332 1960 cum
346 1933 470 1966 omnibus,
482 1937 506 1960 et
526 1932 751 1967 sanctiï¬cationem
765 1932 775 1967 (
787 1931 868 1959 Ilcbr.
886 1932 929 1961 12.

136 1982 191 2015 id).
209 1980 382 2008 Purilicemus
395 1980 482 2015 igitur,
488 1979 609 2011 obsecro,
622 1978 802 2006 conscientias
815 1984 932 2014 nostras,

133 2033 161 2055 et
176 2032 346 2062 emergamus
368 2030 487 2054 mentem
511 2030 652 2053 nostram:
678 2032 707 2053 ut
727 2026 800 2053 omni
823 2026 932 2054 sordida

133 2072 295 2107 Cogitatiune
319 2071 436 2105 liberati,
458 2071 573 2105 Spiritus
586 2070 696 2106 gratiam
711 2071 788 2098 nobis
805 2071 932 2098 concilie-

135 2126 207 2148 nms,
223 2124 434 2152 supercmusque
455 2116 552 2144 diaboli
576 2116 798 2149 machinationes,
822 2125 853 2144 ac
872 2125 931 2144 me-

133 2171 242 2191 reamur
252 2163 430 2191 inefl'abilibus
446 2163 497 2190 illis
509 2163 585 2190 bonis
599 2162 660 2195 frui,
675 2163 758 2197 gratia
774 2167 800 2190 et
813 2162 933 2197 benigni-

134 2215 189 2238 tate
213 2209 319 2236 Domini
341 2209 426 2237 nostri
450 2209 512 2236 Jesu
532 2209 642 2241 Christi,
665 2210 707 2235 cui
731 2217 791 2236 cum
815 2209 892 2236 Patre
905 2213 933 2237 et

134 2261 228 2284 sancto
238 2255 339 2290 Spiritu
351 2255 385 2282 sit
393 2255 488 2291 gloria,
502 2262 573 2283 nunc
588 2260 614 2282 et
628 2263 745 2290 sctnper,
757 2261 784 2283 et
794 2256 820 2283 in
834 2257 931 2284 saecula

132 2302 304 2332 seculorum.
320 2302 417 2330 Amen.

414 2388 550 2416 HOMIHA
573 2388 654 2417 XLV.

137 2468 171 2495 Et
183 2468 259 2495 movit
281 2467 352 2494 illinc
372 2466 499 2493 Abraham
520 2467 546 2493 in
561 2471 652 2494 terram
664 2474 749 2492 versus
767 2465 892 2501 africani,
909 2470 932 2492 ct

176 2514 291 2541 habitarit
311 2514 375 2539 inter
385 2512 476 2544 Gades,
490 2516 514 2538 et
525 2513 592 2538 inter
607 2511 670 2545 Sur,
686 2516 708 2538 et
723 2511 869 2546 peregrinus
884 2511 932 2546 fuit

171 2560 196 2586 in
209 2559 314 2586 Geraris
328 2557 403 2593 (Gen.
417 2558 463 2585 20.
479 2557 517 2593 1).

174 2628 198 2654 1.
210 2626 330 2658 Gaudeo,
342 2633 402 2653 eum
413 2633 460 2653 vos
473 2625 625 2660 frequenter
636 2624 714 2652 video
727 2624 760 2652 ad
776 2624 931 2652 concionem

152 2681 286 2704 rcurrerc,
295 2679 326 2699 ac
335 2679 428 2707 magna
440 2679 501 2699 cum
510 2672 643 2706 voluptate
653 2671 802 2699 doctrinam
813 2676 932 2699 nostram

133 2719 294 2754 suscipere;
319 2718 431 2752 ideoque
456 2718 481 2744 in
496 2717 555 2744 dies
568 2717 659 2751 majori
679 2717 815 2744 alacritate
832 2723 933 2751 paupe-

135 2770 191 2791 rrm
208 2764 278 2791 hanc
291 2768 409 2791 nostram
421 2767 448 2791 et
463 2768 570 2790 tenuem
583 2770 699 2789 mensam
712 2762 788 2790 vobis
798 2769 933 2797 apponere

136 2810 242 2838 studeo.
268 2809 362 2837 Vestra
383 2810 455 2837 enim
475 2809 595 2836 ciborum
617 2809 758 2836 immodica
781 2809 932 2844 appetenlia

136 2861 237 2884 mensa
263 2861 362 2884 nostra:
384 2855 515 2883 vilitatem
537 2853 648 2891 obtegit,
672 2862 807 2890 parvaque
830 2854 892 2883 facit
904 2859 932 2883 ut

660 126 692 154 IN
712 126 788 154 CAP.
809 125 867 154 XX.
888 125 1009 154 GENES.
1029 126 1144 156 HOMIL.
1166 128 1248 158 XLV.

1727 134 1782 164 4H

995 191 1090 219 magna
1111 190 1275 220 appareant:
1291 186 1318 214 id
1339 187 1410 222 quod
1432 189 1497 217 etin
1510 190 1786 223 sensibilibusedttliis

991 230 1082 258 videre
1095 230 1166 258 licet.
1180 231 1247 259 Nam
1262 232 1330 260 sicut
1344 241 1404 261 cum
1418 235 1528 263 satiatos
1542 237 1602 272 quis
1610 238 1709 274 excipit
1722 248 1784 268 con-

991 278 1076 310 vivas,
1095 277 1159 305 licet
1183 285 1279 313 magna
1300 285 1508 316 sumpluosaque
1528 289 1644 318 apponat
1668 285 1784 321 fercula,

991 322 1098 350 illorum
1122 323 1246 351 satietate
1268 325 1396 352 minuitur
1418 327 1600 361 appositorum
1622 331 1740 365 lautitia;
1759 339 1784 361 et

991 375 1087 403 magna
1108 376 1308 405 nonnumquam
1330 371 1429 399 nullius
1443 372 1567 400 videntur
1589 377 1728 410 momenti,
1753 387 1783 406 cc

991 413 1061 448 quod
1088 415 1212 442 convivae
1235 415 1336 451 absque
1351 417 1447 445 edendi
1462 419 1588 447 aviditate
1601 421 1783 452 advenerunt:

990 458 1026 486 ita
1046 464 1138 487 contra
1158 461 1180 488 si
1202 461 1261 496 quis
1283 463 1418 490 famelicos
1437 465 1563 499 suscipiat
1582 471 1609 493 et
1624 468 1781 501 esurientes,

991 504 1053 533 licet
1068 506 1121 533 illis
1132 511 1238 535 tenuem
1253 514 1384 543 proponat
1396 517 1527 543 tnensam,
1542 511 1680 546 splendida
1697 519 1784 541 tamen

991 550 1036 578 illa
1058 552 1197 587 apparebit
1220 554 1349 588 convivis,
1371 555 1454 583 multa
1473 564 1532 583 curn
1547 558 1683 593 voluptate
1705 564 1785 594 atque

990 598 1117 626 aviditate
1139 601 1260 634 apposita
1285 602 1497 630 comedentibus.
1524 604 1569 631 Sic
1597 609 1624 632 ct
1644 613 1693 633 nos
1717 607 1786 634 bene

990 644 1104 672 fidentes
1128 646 1258 680 spirituali
1280 651 1372 675 vestro
1394 649 1542 683 appetitui,
1569 657 1621 678 non
1645 659 1787 686 graramur

990 697 1134 725 pauperem
1148 697 1175 719 et
1185 693 1263 720 vilem
1278 693 1345 720 hanc
1360 702 1479 722 mensam
1490 700 1586 723 vestra:
1600 697 1703 724 caritati
1718 699 1786 725 assi-

990 737 1043 764 due
1057 745 1202 773 apponere.
1225 739 1282 768 lloc
1301 745 1327 768 et
1347 741 1453 776 sapiens
1467 742 1574 777 quidam
1588 743 1710 771 dicebat:
1728 745 1786 772 dlc-

990 785 1040 812 lius
1061 790 1097 812 est
1119 787 1260 813 convivium
1283 787 1379 814 olerum
1394 797 1450 815 cum
1473 790 1588 821 caritate,
1603 799 1677 825 quatit
1696 791 1740 818 bos
1755 792 1787 819 de

990 831 1113 866 princpio
1136 840 1192 858 cum
1208 832 1266 859 odio
1281 832 1371 868 (Prov.
1385 833 1429 861 15.
1442 834 1487 869 17)
1501 844 1506 860 :
1524 843 1577 870 qtto
1590 835 1677 868 docet,
1691 837 1786 864 caritaâ€”

990 880 1042 903 tem
1057 876 1135 903 aliter
1149 877 1239 904 videre
1253 879 1384 912 apposita,
1401 878 1523 913 illiusque
1534 880 1618 908 oculis
1630 881 1690 908 vilia
1704 889 1786 916 appa-

989 928 1050 949 rere
1063 928 1094 949 ea
1116 930 1176 956 qua:
1196 928 1350 957 sumptuosa
1374 929 1446 956 sunt,
1462 929 1489 952 ÎµÎ¹
1502 933 1582 960 parva
1600 934 1658 961 qu:e
1678 935 1783 962 magna.

1024 966 1155 994 Auditoris
1166 967 1335 995 benevolentia
1348 970 1498 997 aereum-ia.
1510 970 1612 1004 â€”Quid
1628 972 1706 1006 igitur
1719 972 1785 1000 bea-

989 1012 1041 1041 tius
1066 1014 1143 1041 nobis
1167 1015 1211 1049 qui
1239 1015 1309 1050 apud
1332 1020 1370 1043 tot
1391 1016 1537 1048 auditores.
1553 1023 1660 1053 tamque
1682 1019 1786 1047 ferven-

989 1059 1007 1087 ti
1027 1065 1054 1087 et
1081 1061 1193 1088 sollicita
1220 1062 1331 1089 caritate
1359 1063 1485 1097 prmditos
1509 1063 1690 1092 disserimus?
1714 1065 1785 1093 Nihil

988 1105 1059 1132 enim
1080 1110 1218 1141 tantopere
1240 1107 1337 1134 dicenti
1365 1109 1544 1136 necessarium
1571 1114 1631 1142 est,
1660 1115 1687 1137 ut
1710 1111 1785 1138 audi-

989 1152 1054 1179 toris
1080 1151 1276 1182 benevolentia.
1298 1154 1515 1188 Quandoquidem
1540 1163 1600 1182 cum
1622 1156 1695 1183 videt
1709 1157 1784 1183 audi-

989 1202 1061 1225 tores
1075 1197 1178 1226 fervere
1192 1199 1335 1232 desiderio,
1358 1200 1478 1227 firmatur
1492 1205 1520 1228 et
1532 1201 1601 1236 ipse,
1614 1206 1642 1229 et
1659 1209 1785 1236 magnum

987 1249 1060 1278 saepe
1082 1243 1174 1276 robur,
1201 1249 1230 1271 ut
1256 1245 1292 1272 ita
1318 1245 1415 1277 dicam,
1443 1246 1548 1281 accipit,
1576 1247 1665 1274 sciens
1685 1253 1785 1283 quanto

987 1290 1211 1325 sumptuosiorem
1235 1299 1355 1319 mensam
1377 1292 1541 1327 spiritualem
1560 1294 1695 1328 proponit,
1712 1299 1786 1322 tanto

987 1335 1116 1370 majorem
1128 1336 1178 1363 sibi
1191 1337 1294 1371 copiam
1309 1337 1447 1365 accedere.
1464 1338 1548 1366 Secus
1561 1339 1632 1366 enim
1644 1347 1673 1366 se
1685 1339 1783 1368 habent

986 1381 1133 1415 sensibilia,
1148 1390 1228 1417 qttatn
1243 1383 1399 1417 spiritualia.
1411 1384 1466 1411 Illic
1480 1384 1550 1412 enim
1565 1393 1665 1412 menste
1676 1386 1785 1420 largitas

986 1431 1122 1461 sumptum
1149 1428 1230 1462 parit,
1256 1433 1284 1455 et
1306 1429 1457 1456 convivium
1480 1429 1631 1457 exhibcnlis
1652 1431 1784 1458 imminuit

986 1473 1162 1501 substantiam
1174 1483 1180 1505 ;
1197 1475 1240 1502 hic
1254 1480 1342 1502 atttem
1356 1477 1466 1503 omnino
1479 1476 1565 1510 aliter,
1580 1482 1679 1512 quanto
1695 1477 1785 1512 plures

986 1523 1049 1547 sunt
1071 1521 1224 1555 participes,
1249 1525 1323 1548 tanto
1343 1520 1401 1556 plus
1424 1522 1572 1549 substantia
1586 1527 1675 1550 nostra
1690 1530 1783 1550 accre-

985 1567 1047 1593 scit.
1068 1565 1159 1600 Neque
1175 1567 1246 1594 enim
1263 1571 1353 1594 nostra
1368 1567 1491 1600 dicimus,
1507 1568 1554 1595 sed
1577 1575 1608 1595 ca
1624 1576 1683 1603 qua:
1698 1569 1723 1595 in
1738 1576 1783 1596 re-

985 1617 1068 1640 strain
1094 1614 1232 1641 utilitatem
1255 1613 1301 1641 Dei
1326 1615 1411 1649 gratia
1434 1622 1482 1649 per
1497 1622 1572 1642 suam
1592 1615 1782 1650 benignitatem

985 1659 1148 1694 suppeditat.
1173 1659 1229 1693 Age
1244 1659 1333 1694 igitur,
1359 1660 1419 1694 quia
1444 1667 1504 1687 cum
1521 1664 1592 1687 tanta
1605 1660 1741 1688 alacritate
1756 1665 1784 1688 ct

986 1710 1057 1732 tanta
1087 1705 1178 1732 lmtitia
1203 1704 1235 1732 ad
1261 1705 1424 1733 audiendum
1448 1705 1585 1739 acceditis,
1610 1706 1705 1733 iterum
1725 1706 1781 1741 jam

985 1750 1055 1778 lecta
1067 1750 1232 1784 indagemus,
1247 1755 1274 1777 et
1288 1750 1358 1785 quod
1372 1750 1432 1778 inde
1445 1751 1568 1785 provenit
1583 1751 1683 1778 lucrum
1696 1753 1782 1786 perci-

985 1796 1099 1830 piamus.
1120 1795 1185 1822 Nam
1210 1795 1283 1830 quia,
1299 1795 1444 1823 secundum
1458 1804 1580 1831 magnam
1599 1797 1670 1824 illam
1685 1797 1783 1825 exhor-

986 1841 1112 1868 tationem
1124 1841 1221 1868 Christi
1233 1840 1356 1874 dicentis,
1371 1841 1528 1868 Scrutantini
1537 1841 1683 1876 Scriptura:
1692 1841 1781 1876 (Iona.

985 1886 1011 1913 5.
1025 1886 1081 1920 59),
1099 1886 1239 1914 thesaurus
1249 1894 1361 1921 magnus
1370 1887 1395 1913 in
1410 1886 1555 1921 Scripturis
1567 1891 1608 1915 est
1618 1887 1781 1920 reconditus,

985 1936 1012 1959 et
1035 1931 1062 1959 in
1084 1930 1218 1967 profundo
1238 1931 1324 1959 latet:
1339 1931 1440 1959 idcirco
1461 1932 1626 1960 scrutatione
1650 1940 1728 1968 opus,
1753 1937 1782 1961 ut

984 1985 1045 2005 cum
1069 1977 1242 2004 didicerimus
1265 1977 1389 2005 virtutem
1405 1985 1464 2012 quis
1480 1977 1506 2004 in
1529 1976 1663 2013 profundo
1677 1978 1782 2005 occulta

983 2027 1035 2055 est.
1052 2023 1163 2051 multam
1177 2023 1238 2051 inde
1253 2024 1394 2051 utilitatem
1417 2023 1563 2059 decerpere
1581 2031 1719 2059 queamus.
1736 2024 1783 2052 Et-

985 2070 1056 2097 enim
1082 2074 1221 2105 propterea
1238 2072 1370 2105 justorum
1386 2071 1505 2098 omnium
1530 2071 1651 2104 virtutes,
1667 2071 1782 2106 Spiritus

985 2116 1070 2144 sancti
1086 2117 1170 2152 gratia
1183 2121 1211 2144 et
1223 2117 1434 2151 dispensatione,
1449 2116 1476 2144 in
1498 2117 1641 2151 Scripturis
1654 2121 1717 2144 sunt
1728 2120 1782 2145 tra-

985 2162 1058 2195 ditis,
1076 2167 1104 2190 ut
1116 2171 1164 2190 nos
1176 2163 1328 2190 continuam
1343 2163 1472 2191 habentes
1484 2164 1642 2197 doctrinam,
1654 2163 1686 2191 ad
1699 2172 1783 2191 aemu-

985 2208 1111 2236 lationem
1139 2213 1167 2237 et
1198 2209 1372 2237 imitationem
1394 2209 1528 2244 justorum
1554 2210 1634 2236 vitam
1662 2214 1781 2237 nostram

985 2254 1165 2282 instituamus.
1191 2254 1337 2283 Attdiamtts
1358 2255 1438 2290 igitur
1458 2255 1577 2282 divinam
1603 2255 1780 2291 Seripturam,

985 2301 1048 2336 quid
1076 2305 1103 2328 et
1130 2301 1208 2329 hodie
1233 2302 1311 2329 nobis
1332 2302 1366 2330 de
1382 2302 1528 2337 patriarcha
1543 2310 1654 2330 narrare
1665 2303 1740 2330 velit.
1755 2303 1781 2330 1.

985 2348 1060 2382 (Cap.
1071 2348 1116 2382 20)
1126 2348 1158 2375 Et
1170 2349 1255 2382 mouit,
1269 2349 1363 2383 inquit,
1375 2349 1445 2376 illim:
1453 2349 1579 2376 Abraham
1588 2350 1614 2376 in
1624 2354 1715 2375 terram
1726 2357 1782 2376 uerâ€”-

984 2402 1028 2421 sus
1039 2394 1156 2428 africum,
1168 2399 1192 2422 et
1206 2394 1323 2422 habitauit
1334 2394 1398 2422 inter
1410 2393 1490 2421 Gades
1504 2399 1526 2421 et
1541 2395 1605 2420 inter
1619 2393 1680 2426 Sur,
1696 2398 1719 2420 et
1729 2402 1784 2428 per-

985 2439 1086 2473 egrinus
1101 2441 1149 2475 fuit
1168 2440 1194 2466 in
1215 2439 1326 2467 Cereris.
1344 2439 1378 2465 Et
1390 2439 1483 2470 movit,
1497 2438 1598 2473 inquit,
1614 2438 1692 2465 illinc.
1707 2438 1783 2466 Unde

986 2486 1085 2512 movit?
1105 2486 1125 2512 A
1151 2486 1208 2512 loco
1230 2485 1273 2512 ubi
1289 2485 1487 2513 tabernaculum
1503 2484 1609 2513 ï¬xerat.
1624 2483 1668 2510 ubi
1678 2488 1705 2510 ct
1721 2484 1783 2511 uniâ€”

986 2533 1054 2560 versi
1066 2532 1238 2559 Conditorem
1250 2539 1309 2559 cum
1321 2531 1423 2566 angelis
1435 2530 1571 2565 suscipere
1587 2529 1610 2557 ei
1623 2537 1782 2557 concessum

985 2578 1043 2605 fuit.
1065 2577 1150 2611 Illinc,
1171 2578 1265 2612 inquit,
1288 2585 1349 2605 cum
1361 2577 1496 2609 movisset,
1519 2576 1671 2612 Peregrinus
1684 2576 1732 2611 [uit
1757 2576 1792 2609 im

986 2624 1099 2652 Ger-aris.

1021 2671 1130 2698 Abi-alue
1139 2670 1252 2697 modesta
1261 2669 1359 2696 vivendi
1377 2668 1491 2696 rdtio.-â€”
1504 2669 1568 2696 Vide
1576 2668 1708 2703 justorum
1720 2668 1783 2695 vita:

985 2717 1127 2748 rationem,
1135 2724 1212 2751 quam
1219 2720 1352 2743 contracta
1362 2715 1413 2743 illis
1419 2715 1497 2742 fuerit
1506 2720 1533 2742 et
1543 2714 1652 2742 mininte
1658 2721 1782 2748 superva-

985 2769 1035 2790 cua
1043 2762 1160 2797 supellex
1170 2770 1176 2788 :
1185 2760 1318 2796 quomodo
1326 2760 1402 2788 facile
1412 2760 1635 2794 transmigrabant
1647 2760 1782 2794 vitantque

985 2814 1060 2835 suam
1068 2807 1238 2834 instituebant
1244 2806 1312 2833 sicut
1318 2805 1451 2841 peregrini
1458 2805 1609 2836 etadvenat,
1617 2809 1642 2831 et
1650 2812 1720 2832 nunc
1727 2803 1780 2836 hic,

986 2861 1057 2883 nunc
1066 2853 1118 2882 illic
1127 2850 1294 2882 tabernacula
1302 2851 1453 2887 erigebant,
1464 2850 1538 2887 quasi
1554 2856 1666 2885 peregre
1683 2847 1783 2890 degen-
