2044 3131
291 155 344 183 415

261 213 267 227 '-
287 217 338 243 tes;
347 218 398 238 non
412 211 480 238 sicut
493 215 541 236 nos
549 207 670 241 facimus,
677 209 721 243 qui
729 209 877 236 habitantes
886 209 912 236 in
919 209 1082 237 alienaterm

287 257 362 291 quasi
384 255 410 283 in
426 254 522 290 patria,
536 253 631 281 domos
641 255 803 281 exstruimus
815 254 982 288 splendidas,
999 255 1085 290 porti-

286 309 335 329 cus
347 306 374 329 et
393 300 594 334 deambulacra,
605 304 634 327 et
655 299 732 327 villas
755 300 933 335 possidemus,
950 305 976 328 et
992 301 1083 328 balnea

287 355 410 383 paramus
428 348 533 382 aliaque
544 347 693 374 innumera.
707 345 760 373 Sed
776 346 836 373 vide
848 346 982 381 quomodo
998 347 1085 381 justus

285 395 460 422 substantiam
480 401 555 421 suam
572 395 598 420 in
613 393 764 420 vernaculis
781 397 882 419 tantum
902 397 927 420 et
945 393 1086 427 pecoribus

288 440 439 476 possidens,
455 444 482 467 et
496 447 639 474 numquam
652 440 677 466 in
689 439 782 466 eodem
797 439 855 465 loco
869 439 1022 472 persistens,
1037 438 1086 465 ali-

286 486 393 521 quando
406 485 513 521 quidem
529 485 555 512 iu
567 485 660 513 Bethel
675 485 730 520 figit
743 484 924 518 tabernacula,
940 484 1084 519 aliquando

286 538 374 560 autem
388 532 456 567 apud
467 539 595 567 quercum
606 531 734 564 Mambre,
745 531 888 566 aliquando
901 531 925 558 in
939 531 1083 567 A‘ngptum

288 578 437 609 descendit,
454 584 525 604 nunc
538 581 627 604 autem
642 577 667 604 in
678 575 787 604 Geraris
804 576 1001 604 tabernaculum
1017 577 1082 612 figit,

285 628 314 650 et
336 624 426 650 omnia
449 623 528 650 facile
549 623 674 654 sustinet,
696 626 851 657 gratamque
862 630 924 656 erga
941 622 1082 650 Demittunt

287 673 403 696 mentem
418 676 466 703 per
480 669 568 696 omnia
582 667 723 695 manifeste
736 668 864 695 declarat.
881 668 913 695 Et
928 673 987 702 post
998 673 1084 696 tantas

287 714 478 750 promissiones
502 722 561 749 quae
575 714 599 741 ei
613 721 626 740 a
649 714 703 740 Deo
714 713 791 740 facta:
804 718 892 746 erant,
905 713 999 741 videns
1013 722 1043 742 se
1057 715 1082 742 in

287 760 367 787 tantis
378 760 478 787 versari
497 759 709 792 difficultatibus,
732 763 759 787 et
775 760 800 786 in
815 760 902 786 varias
912 760 1084 796 diversasque

288 806 448 832 tentationes
473 804 604 837 incidere,
626 804 702 839 quasi
727 805 836 832 adamas
859 805 985 833 immotus
997 807 1082 841 persi-

285 851 351 884 stit;
372 852 497 886 piamque
510 857 586 877 suam
602 856 718 877 menletn
732 850 887 882 ostendens,
900 851 980 878 nullis
995 851 1085 879 obsta-

285 896 353 923 culis
369 896 544 931 negligentior
556 896 655 923 evadit.
672 896 738 924 Vide
753 896 824 924 enirn
840 901 867 924 et
877 905 959 931 nunc,
972 897 1079 929 dilecte,

285 942 374 977 qualis
397 942 509 969 tentatio
530 949 592 970 eum
607 943 632 969 in
647 942 754 970 Geraris
769 943 870 970 invadit
883 952 889 970 :
906 948 933 971 et
948 944 1083 971 admirare

286 988 468 1015 fortitudinem
491 992 518 1016 et
532 988 657 1015 virtutem
669 988 745 1022 justi,
761 989 895 1023 quomodo
909 989 980 1024 quod
998 990 1083 1017 omni-

287 1034 336 1061 bus
356 1033 535 1066 intolerabile,
559 1037 588 1061 et
610 1035 681 1068 quod
705 1042 793 1069 neque
815 1035 924 1062 auribus
946 1036 1083 1070 suscipere

286 1080 346 1114 quis
363 1079 456 1112 vellet,
471 1079 522 1106 hoc
536 1080 593 1114 ipse
605 1079 739 1111 sustinuit,
756 1087 808 1107 non
822 1088 895 1115 :egre
916 1079 1016 1115 ferens,
1033 1089 1081 1111 ne-

286 1133 338 1160 que
349 1126 459 1160 exigens
479 1133 493 1152 a
515 1126 628 1152 Domino
644 1126 772 1152 rationem
795 1133 887 1153 eorum
902 1134 961 1161 qua:
973 1126 1080 1160 fiebant,

286 1172 354 1199 sient
369 1172 488 1206 plerique
501 1171 623 1199 homines
638 1171 747 1203 faciunt,
764 1171 844 1206 hique
858 1172 1005 1199 innumeris
1022 1180 1084 1207 pee-

285 1221 406 1244 calorum
432 1217 544 1244 sarcinis
567 1217 662 1252 pressi.
687 1217 752 1244 Nam
775 1225 835 1244 cum
859 1219 884 1244 in
913 1218 1082 1247 difficultates

286 1262 415 1297 quasdam
439 1261 591 1293 inciderint,
612 1262 702 1289 statim
726 1262 938 1295 obmurmurant,
955 1268 982 1290 et
994 1264 1082 1291 curio-

285 1309 342 1335 sius
363 1308 509 1343 inquirunt,
520 1307 663 1342 dicuntque
678 1317 684 1334 :
696 1307 784 1341 Quare
798 1307 849 1335 hoc
863 1313 891 1335 et
904 1308 954 1336 hoc
974 1310 1082 1337 evenit?

286 1359 313 1382 et
327 1362 410 1389 quare
432 1354 483 1381 hoc
502 1354 662 1389 permissum
678 1354 738 1381 est?
754 1355 788 1380 At
799 1354 886 1388 juSIus
897 1354 941 1382 ille
954 1362 1005 1382 non
1021 1355 1080 1383 sic:

286 1400 356 1427 unde
383 1404 410 1427 et
439 1399 476 1426 illi
505 1399 618 1434 amplius
641 1406 786 1433 supernum
814 1399 996 1427 anxiliumest
1017 1408 1081 1428 con-

285 1453 400 1474 cessum.
415 1445 471 1473 Hoc
482 1446 551 1472 enim
564 1452 625 1472 vere
635 1445 702 1479 grati
713 1445 782 1472 servi
792 1444 880 1478 fuerit,
894 1450 922 1472 ut
936 1453 1079 1480 numquam

285 1493 416 1519 curiosior
435 1492 470 1518 sit
492 1491 518 1518 in
532 1491 563 1518 iis
576 1490 748 1525 explorandis
771 1498 830 1526 quae
850 1498 865 1517 a
879 1491 988 1518 domino
1004 1493 1079 1526 fiunt,

285 1538 332 1565 sed
347 1539 373 1564 in
395 1537 501 1564 silentio
521 1541 548 1563 et
567 1537 711 1571 gratiarum
724 1535 831 1564 actione
842 1537 969 1572 suscipiat
979 1538 1078 1565 omnia.

320 1582 347 1609 ‘2.
369 1582 403 1608 Et
416 1581 608 1614 animadverte,
623 1580 758 1616 quomodo
770 1581 854 1608 etiam
870 1589 917 1616 per
932 1582 992 1610 illas
1007 1583 1080 1618 ipsas

286 1635 345 1662 qua:
361 1632 510 1662 sequuntur
522 1627 681 1654 tentationes
691 1626 756 1661 justi
768 1627 851 1654 virtus
865 1628 948 1663 magis
960 1629 1078 1662 emicuit,

287 1675 342 1702 Deo
358 1675 459 1702 clarutn
473 1674 548 1701 illum
563 1681 610 1708 per
624 1673 713 1700 omnia
733 1673 900 1701 ostendente.
918 1674 984 1702 Natu
1009 1676 1080 1703 sicut

285 1720 393 1756 quando
416 1720 442 1746 in
457 1719 603 1754 Egyptum
619 1718 774 1752 descendit,
797 1723 826 1746 ut
846 1719 952 1754 ignotus
972 1725 998 1748 et
1020 1729 1079 1756 per-

285 1767 404 1802 egrinus,
424 1772 451 1794 ct
464 1768 527 1794 nulli
542 1767 657 1802 agnitus,
671 1766 760 1794 subito
781 1774 877 1802 magno
897 1775 957 1794 cum
978 1767 1080 1795 honore

285 1813 348 1840 inde
368 1813 459 1840 redit:
477 1813 552 1839 itaet
579 1820 666 1844 nunc,
689 1820 750 1839 cutn
776 1815 932 1848 peregrinus
958 1818 1030 1840 esset
1053 1814 1078 1841 in

285 1858 404 1892 (ierat-is,
415 1859 440 1885 in
455 1859 519 1893 ipsis
532 1857 638 1892 quidem
655 1857 738 1884 initiis
751 1858 822 1893 quod
836 1867 913 1885 suum
927 1863 986 1886 erat
999 1859 1077 1887 fecit:

287 1908 380 1939 postea
395 1911 457 1931 vero
472 1909 546 1930 tanto
557 1904 603 1930 Dei
615 1904 734 1931 subsidio
748 1905 867 1931 munitus
881 1909 933 1938 est,
945 1909 973 1931 ut
985 1909 1014 1932 et
1032 1913 1091 1933 rcx-

285 1956 311 1978 ct
326 1959 418 1978 omnes
439 1951 483 1986 qui
498 1951 524 1978 in
538 1958 568 1977 ea
584 1950 694 1985 regione
711 1950 882 1984 habitabant,
894 1951 967 1978 omni
990 1952 1078 1979 studio

285 1999 438 2025 ministrare
462 1998 536 2030 justo
560 1997 708 2024 studerent.
729 1996 756 2023 2.
778 1996 850 2024 Dixit
873 2002 967 2030 autem,
982 1998 1077 2032 inquit,

285 2045 413 2072 Abraham
430 2046 461 2071 de
481 2045 562 2072 Sarra
581 2052 661 2072 uxore
681 2052 742 2077 sua,
760 2043 841 2072 Soror
855 2052 910 2071 mea
924 2049 970 2072 est.
983 2045 1078 2072 Timuit

285 2092 351 2117 enim
361 2090 454 2122 dicere,
472 2089 543 2116 Uxor
554 2098 609 2117 mea
620 2095 666 2123 est,
683 2097 713 2116 ne
728 2091 794 2125 forte
808 2090 949 2116 occiderent
960 2098 1016 2116 eum
1031 2091 1078 2117 viri

285 2137 393 2162 civitatis
407 2141 509 2171 propter
520 2135 602 2162 illam.
616 2135 682 2163 Vide
696 2136 832 2171 quomodo
846 2143 861 2163 a
875 2137 1078 2164 violentissimis

286 2181 472 2207 affectionibus
493 2181 579 2207 anima
591 2180 655 2214 justi
676 2181 858 2216 impugnetur,
874 2186 902 2209 et
922 2182 1001 2209 timor
1016 2190 1076 2210 eum

289 2226 415 2252 incessat.
432 2226 464 2252 Et
475 2227 597 2260 quamvis
609 2226 682 2260 prior
695 2226 786 2259 timor,
799 2234 833 2254 ne
845 2227 983 2254 mulierem
999 2229 1078 2256 amit-

288 2276 336 2304 tat,
348 2271 436 2305 gravis
451 2270 549 2304 fuerit,
563 2271 642 2298 timor
657 2275 746 2298 tamen
769 2272 863 2298 mortis
875 2272 949 2299 illutn
965 2274 1076 2308 expulit.

287 2316 321 2345 ιιι
337 2318 407 2344 enim
421 2316 491 2343 hunc
506 2316 651 2351 effugeret,
663 2317 789 2344 sustinuit
805 2318 861 2344 suis
875 2318 960 2346 oculis
975 2319 1075 2353 videre,

284 2365 384 2392 sociam
399 2364 459 2390 vita:
477 2370 532 2389 sua:
548 2363 573 2388 in
594 2363 664 2397 regis
687 2369 780 2390 manus
803 2363 931 2391 incidere.
946 2364 1029 2398 Quam
1043 2367 1079 2393 sit

285 2414 375 2436 autem
395 2409 443 2435 hoc
468 2408 579 2435 toleratu
597 2406 721 2440 diflicile,
743 2407 830 2435 sciunt
853 2409 897 2443 qui
913 2417 1009 2438 uxores
1031 2411 1078 2438 ha-

286 2457 360 2483 bent.
374 2455 449 2482 Unde
463 2458 490 2480 et
504 2453 612 2488 sapiens
635 2453 743 2488 quidam
766 2453 888 2481 dict-bat:
906 2454 1002 2482 Plenus
1023 2457 1078 2484 zelo

286 2501 356 2535 furor
366 2501 413 2528 viri
428 2501 483 2536 ejus
493 2521 500 2532 ,
519 2508 569 2527 non
592 2505 676 2534 parcet
690 2500 716 2526 in
737 2501 778 2527 die
787 2501 880 2536 judicii
891 2522 899 2535 ,
912 2503 983 2529 nullo
998 2504 1077 2537 pntio

285 2547 389 2573 mutabit
403 2546 548 2573 inimicitias
558 2545 649 2581 (Prov.
659 2545 738 2573 6.54.
750 2546 805 2581 55).
818 2546 915 2574 Verum
932 2555 1012 2582 grave
1027 2548 1077 2575 hoc

284 2598 311 2620 et
324 2593 448 2620 omnibtts
458 2592 706 2625 intolerabile,vide
716 2593 851 2627 quomodo
865 2599 974 2628 propter
984 2595 1078 2622 tnortis

284 2645 384 2667 metum
397 2639 441 2666 ille
453 2640 521 2667 tulit.
533 2639 588 2667 Hoc
603 2646 669 2666 sane
682 2644 710 2666 et
722 2640 748 2666 in
760 2639 945 2674 corporalibus
959 2640 1077 2667 affectio-

286 2687 365 2714 nibus
380 2686 537 2721 eontingere
549 2686 635 2713 solet:
652 2693 713 2713 nam
729 2686 838 2721 quando
859 2686 913 2713 duo
933 2687 1018 2714 morbi
1038 2687 1076 2714 si-

283 2732 338 2760 mul
357 2732 483 2759 infestant
495 2739 594 2766 corpus
615 2736 756 2764 nostrum,
779 2731 858 2758 unius
882 2732 1075 2759 incrementum

283 2779 349 2814 tegit
375 2779 471 2812 alium,
497 2783 525 2806 et
550 2783 621 2806 totos
646 2785 696 2805 nos
728 2778 774 2805 ille
798 2778 905 2813 gravior
926 2778 1003 2806 dolor
1025 2778 1076 2806 sibi

286 2825 422 2858 vindicat,
441 2825 477 2853 ita
502 2829 531 2853 ut
554 2832 626 2860 saepe
650 2824 780 2852 minorem
805 2824 926 2852 dolorem
943 2832 958 2851 a
981 2825 1075 2860 majori

283 2870 405 2900 distracti
419 2878 473 2900 non
488 2871 645 2900 sentiamus.
661 2870 763 2899 Eodem
774 2871 855 2899 modo
868 2871 956 2906 justus
970 2878 1076 2907 quoque

645 152 674 181 S.
693 152 834 181 JOANNIS
850 151 1089 181 CHRYSOSTOMI
1109 152 1269 182 ARCHIEP.
1289 154 1555 184 CONSTANTINOP.

1888 157 1939 186 ιω

1143 210 1188 238 ille
1209 218 1279 238 ntmc
1304 212 1398 240 videns
1432 221 1527 248 urgere
1552 213 1672 241 dolerent
1700 214 1815 248 mortis,
1841 221 1939 244 cetera

1141 256 1231 283 omnia
1248 257 1397 285 tolerabilia
1412 258 1550 286 censebat.

1179 302 1251 330 Mor:
1266 303 1331 330 nihil
1343 309 1379 331 est
1394 305 1465 332 aliud
1478 313 1555 340 quam
1569 314 1720 332 somnus.-—
1734 306 1870 333 Cmtcrnm
1882 306 1939 335 ha-c

1142 348 1265 382 audiens,
1279 349 1377 377 dilecte
1387 371 1393 382 ,
1409 358 1443 378 ne
1456 351 1729 387 condemnesjnstnm
1746 353 1780 379 ob
1796 353 1935 387 pusillani-

1143 395 1272 426 mitatem,
1290 397 1359 429 quod
1377 399 1491 423 mortem
1513 397 1632 424 timuerit
1647 406 1654 424 :
1670 397 1716 424 sed
1742 398 1834 432 potius
1859 398 1938 425 admi-

1142 445 1202 465 rare
1215 439 1369 467 Conditoris
1383 441 1499 469 universi
1512 450 1573 477 erga
1586 451 1635 470 nos
1649 443 1854 478 benignitatem,
1869 446 1936 478 quod

1142 489 1255 512 mortem
1274 485 1357 520 jnstis
1372 486 1422 514 illis
1435 492 1462 514 et
1476 489 1575 515 sanctis
1591 493 1654 515 tunc
1675 489 1824 517 terribilem
1836 511 1844 522 ,
1868 498 1936 518 nunc

1141 529 1176 556 ita
1189 530 1387 565 despiciendam
1403 532 1508 560 dederit
1520 533 1655 567 Christus,
1671 540 1699 562 ut
1714 543 1794 570 quam
1808 536 1936 563 formida-

1140 575 1205 602 bant
1219 577 1267 603 viri
1281 577 1318 604 illi
1336 578 1434 605 virtute
1445 579 1509 606 clari
1523 600 1530 611 ,
1543 584 1570 606 et
1584 585 1653 607 tanta
1668 589 1731 615 erga
1746 581 1829 608 Deum
1843 582 1936 609 fiducia

1142 621 1213 654 freti,
1230 630 1301 650 nunc
1313 623 1453 651 derideant
1466 629 1492 651 et
1503 625 1617 659 juvenes
1628 647 1634 657 ,
1649 631 1676 653 et
1691 632 1790 654 tenera:
1810 629 1936 663 virgines.

1139 666 1209 693 Nihil
1223 668 1294 694 enim
1310 668 1382 696 aliud
1402 676 1475 696 mors
1488 674 1539 702 est,
1553 678 1632 705 quam
1646 679 1757 700 somnus
1771 677 1800 700 et
1819 675 1936 708 peregri-

1140 712 1223 745 natio,
1234 718 1314 748 atqne
1331 715 1529 750 transmigratio
1541 723 1556 743 a
1575 716 1751 745 deterioribus
1764 719 1798 746 ad
1813 720 1936 747 meliora.

1139 757 1209 785 Mors
1222 759 1292 786 enim
1308 760 1412 787 Domini
1427 760 1653 790 immortalitatem
1675 764 1751 791 nobis
1764 764 1874 793 donavit
1887 787 1895 798 ,
1910 771 1935 794 et

1140 808 1167 830 ut
1178 803 1315 832 descendit
1326 805 1352 832 in
1365 807 1507 839 infernum,
1520 807 1641 835 dissolvit
1650 809 1709 843 ejus
1720 817 1829 843 nervos,
1842 811 1934 838 rolmr-

1140 856 1192 883 que
1208 851 1345 878 deSIruxit
1359 860 1365 877 :
1379 857 1405 880 et
1418 852 1489 887 quod
1502 858 1579 880 antea
1595 855 1712 882 terribile
1722 861 1780 883 erat
1794 862 1820 884 et
1837 857 1931 892 impla-

1137 895 1224 922 cabile
1234 915 1241 928 ,
1257 896 1308 923 hoc
1327 905 1398 925 nunc
1411 898 1613 934 despicieudnm
1627 901 1718 935 dedit,
1736 902 1804 929 adeo
1818 908 1848 930 ut
1866 912 1932 931 non-

1139 941 1203 969 nulli
1219 943 1342 970 cxsiliant
1355 949 1382 971 et
1400 945 1596 974 festiuentcnm
1612 947 1673 976 hinc
1693 954 1734 976 est
1755 950 1932 984 migrandum.

1139 987 1254 1016 Proinde
1278 994 1306 1017 et
1328 990 1425 1019 Paulus
1446 992 1555 1026 clamat,
1570 994 1663 1022 dicens
1679 985 1690 1022 ε’
1704 995 1816 1023 Dissolvi
1837 1003 1861 1024 ct
1879 1005 1934 1024 cum

1137 1033 1238 1062 Christo
1252 1045 1306 1064 esse
1318 1038 1397 1065 multo
1411 1039 1501 1066 melius
1513 1039 1642 1076 (Philipp.
1659 1043 1684 1069 1.
1696 1042 1754 1077 25).
1769 1044 1867 1071 Verum
1880 1045 1934 1072 lure

1137 1082 1246 1116 quidem
1268 1091 1339 1111 nunc
1354 1089 1414 1119 post
1432 1085 1530 1113 Christi
1545 1087 1699 1121 adventum,
1709 1094 1850 1123 postquam
1871 1098 1935 1117 con—

1139 1125 1230 1153 fracta:
1244 1134 1304 1154 sunt
1317 1133 1400 1163 parte
1415 1129 1510 1158 inferni
1522 1139 1610 1164 mrem,
1623 1139 1762 1168 postquam
1773 1135 1812 1162 sol
1825 1135 1935 1170 justitiae

1138 1172 1236 1208 ubique
1251 1178 1383 1202 terrarum
1405 1177 1516 1204 afl'ulsit.
1531 1178 1606 1206 Tunc
1618 1184 1707 1207 autem
1729 1182 1877 1209 terribilem
1890 1183 1934 1209 atl-

1138 1218 1190 1246 ltuc
1205 1218 1321 1247 habebat
1335 1220 1439 1253 faciem.
1456 1225 1677 1260 concutiebatqne
1695 1226 1828 1260 jnstornni
1849 1228 1934 1255 homi-

1137 1272 1201 1291 num
1217 1265 1323 1292 illorum
1333 1272 1450 1294 mentctn
1462 1277 1467 1295 :
1479 1267 1538 1296 ideo
1551 1274 1580 1297 et
1590 1271 1677 1297 omnia
1690 1271 1741 1298 alia
1754 1272 1853 1300 leviter
1867 1273 1934 1300 fcre-

1136 1311 1210 1344 bant,
1221 1312 1300 1339 etiam
1310 1321 1369 1348 quae
1379 1314 1554 1343 intolerabilia
1563 1323 1623 1343 esse
1634 1317 1801 1345 videbantur.
1816 1318 1884 1346 llinc
1896 1325 1934 1347 cst

1136 1358 1206 1392 quod
1222 1363 1249 1386 et
1268 1359 1356 1393 justus
1371 1360 1415 1387 ille
1426 1361 1523 1388 timens
1544 1369 1647 1395 eorum,
1662 1363 1707 1398 qui
1724 1365 1748 1390 in
1763 1364 1874 1392 Ccraris
1889 1366 1933 1393 ha-

1136 1402 1275 1436 bitabant,
1292 1405 1415 1436 insidias.
1430 1406 1593 1434 domicilium
1618 1409 1652 1435 ibi
1675 1408 1814 1442 habuerit,
1830 1419 1883 1438 non
1908 1417 1935 1439 ut

1135 1457 1257 1481 uxorem.
1273 1451 1319 1478 scd
1335 1456 1362 1478 ut
1381 1459 1501 1480 sororem
1522 1461 1613 1481 secum
1634 1454 1754 1488 habens;
1771 1457 1805 1483 ita
1823 1466 1895 1484 nunc
1909 1459 1933 1485 in

1137 1494 1186 1522 hac
1200 1496 1310 1530 regione
1331 1498 1487 1532 peregrinus
1503 1498 1584 1534 degit.
1602 1500 1635 1526 Et
1647 1500 1717 1527 sicut
1731 1509 1792 1528 cum
1810 1502 1837 1529 in
1853 1502 1934 1538 [Egy-

1136 1544 1210 1575 ptum
1226 1549 1288 1568 eum
1306 1542 1470 1570 descendere
1484 1545 1605 1578 permisit
1620 1545 1705 1579 Deus,
1717 1546 1811 1574 volens
1831 1548 1933 1582 impro-

1135 1585 1184 1613 bos
1197 1586 1257 1614 illos
1271 1592 1297 1614 et
1309 1587 1437 1616 socordes
1447 1588 1552 1617 discere
1563 1590 1628 1624 justi
1639 1591 1763 1619 virtutem
1773 1601 1780 1620 :
1792 1593 1827 1620 ita
1844 1599 1873 1621 et
1891 1594 1932 1621 hic

1136 1633 1303 1660 tolerantiam
1318 1642 1393 1661 suam
1409 1635 1517 1663 exhibet
1530 1636 1659 1665 Dominus
1669 1659 1675 1670 ,
1686 1643 1714 1665 ut
1724 1639 1789 1673 justi
1803 1641 1930 1674 patientia

1135 1679 1162 1706 in
1174 1680 1297 1707 ounnbus
1311 1680 1424 1714 eluceat,
1436 1681 1533 1717 fiatque
1542 1683 1588 1710 Dei
1600 1684 1626 1710 in
1637 1684 1724 1718 ipsum
1741 1685 1931 1714 benevolentia

1136 1725 1277 1752 manifesta
1291 1726 1426 1753 omnibus.
1444 1727 1515 1754 Misit
1530 1733 1613 1756 autem
1633 1730 1775 1757 Abimelech
1795 1740 1842 1758 rex
1853 1732 1932 1759 (iera-

1135 1779 1231 1803 rorum,
1247 1776 1274 1797 ut
1289 1773 1430 1807 acciperent
1444 1773 1562 1802 Sarrnm.
1573 1775 1666 1810 Cogita
1683 1777 1734 1810 hic,
1745 1785 1850 1812 qum-so,
1866 1783 1932 1806 teut-

1134 1821 1264 1851 peslatem
1277 1819 1467 1852 cogitationum
1480 1828 1559 1855 quam
1577 1823 1636 1849 tulit
1649 1823 1738 1857 justus
1749 1824 1845 1852 videns
1863 1834 1930 1853 uxo-

1135 1869 1190 1889 retu
1206 1870 1281 1890 suam
1292 1864 1399 1898 abduci,
1409 1869 1436 1892 et
1443 1873 1473 1892 se
1484 1866 1548 1893 nihil
1561 1874 1639 1902 posse
1647 1868 1740 1903 jnvare
1751 1877 1823 1898 eam.
1839 1871 1929 1899 Silen-

1135 1913 1176 1935 ter
1188 1909 1259 1936 enim
1275 1909 1376 1937 ferebat
1389 1911 1494 1945 omnia,
1509 1913 1596 1940 sciens
1612 1914 1668 1941 fore
1683 1920 1711 1942 ut
1726 1923 1756 1943 se
1769 1924 1824 1944 non
1842 1918 1932 1953 despi-

1133 1961 1204 1982 ceret
1215 1956 1353 1990 Domiuus,
1363 1957 1409 1985 sed
1424 1959 1601 1987 acceleratum
1616 1961 1757 1990 adhiberet
1770 1964 1929 1992 sub~idimn.

1134 2000 1306 2029 Admirabilis
1326 2011 1433 2039 quoque
1453 2005 1540 2032 Sarra:
1555 2013 1631 2033 amor
1653 2012 1711 2041 est,
1726 2017 1785 2043 qua:
1811 2011 1930 2045 periculo

1134 2048 1230 2074 mortis
1243 2048 1343 2082 justum
1357 2049 1463 2084 eripere
1476 2051 1568 2078 voluit.
1580 2052 1685 2080 Poterat
1701 2055 1771 2081 enim
1787 2055 1845 2090 ipsa
1857 2057 1930 2084 dcte-

1132 2093 1220 2129 gendo
1244 2095 1359 2128 factum,
1384 2102 1485 2124 certam
1510 2099 1697 2126 contumeliatn
1722 2101 1863 2136 effugere:
1884 2103 1929 2130 Sed

1133 2140 1239 2174 pertulit
1259 2142 1348 2168 omnia
1364 2141 1487 2176 fortiter,
1503 2149 1532 2171 ut
1553 2145 1611 2171 viro
1631 2145 1743 2173 salutetn
1765 2153 1882 2182 pararet.
1899 2150 1929 2177 Et

1132 2184 1270 2219 impletum
1282 2191 1323 2213 cst
1337 2187 1400 2214 illud
1413 2187 1522 2221 dictum,
1541 2188 1621 2216 Erunt
1633 2191 1683 2217 duo
1696 2191 1721 2218 in
1733 2200 1838 2219 carnem
1854 2202 1930 2220 imam

1133 2230 1209 2266 (Gen.
1224 2230 1250 2257 2.
1264 2231 1322 2267 24).
1338 2232 1485 2268 Tamquam
1510 2235 1582 2262 cnim
1606 2243 1658 2262 una
1682 2243 1772 2264 essent
1799 2245 1878 2270 caro,
1896 2240 1929 2266 ita

1133 2282 1231 2303 mutua:
1245 2277 1338 2305 salutis
1352 2286 1443 2306 curam
1457 2279 1574 2307 vicissim
1590 2282 1714 2316 agebant,
1724 2288 1752 2309 et
1767 2287 1869 2311 tantam
1881 2285 1929 2311 de-

1132 2322 1269 2350 clarabant
1283 2324 1464 2357 concordiam,
1479 2327 1554 2360 quasi
1574 2335 1655 2354 unum
1676 2333 1767 2356 essent
1789 2338 1890 2365 corpus
1904 2336 1930 2359 et

1132 2375 1184 2395 una
1198 2369 1295 2396 anima.
1307 2370 1422 2397 Audiant
1435 2371 1492 2399 haec
1506 2373 1565 2404 viri,
1582 2373 1691 2400 audiant
1704 2379 1731 2401 et
1747 2376 1877 2403 mulieres
1887 2386 1893 2403 :
1904 2381 1930 2404 et

1132 2414 1188 2441 istte
1201 2415 1323 2449 quidem,
1338 2420 1367 2442 ut
1386 2416 1510 2444 eumdem
1531 2425 1593 2453 erga
1614 2426 1678 2446 suos
1705 2419 1778 2447 viros
1803 2428 1925 2449 amorem

1132 2459 1288 2494 declarent,
1302 2461 1422 2497 nihilque
1442 2463 1512 2490 aliud
1535 2463 1641 2491 illorum
1665 2466 1809 2500 praeferant
1831 2468 1927 2496 saluti:

1132 2505 1181 2532 viri
1194 2511 1293 2539 autem,
1309 2512 1338 2534 ut
1350 2516 1413 2543 erga
1424 2517 1523 2536 uxores
1537 2510 1652 2537 habeant
1667 2512 1930 2547 henerolentiam,et

1131 2551 1206 2584 quasi
1220 2559 1297 2578 uuam
1308 2554 1423 2581 animant
1438 2554 1567 2582 haberent
1582 2561 1609 2584 et
1623 2565 1703 2584 unum
1717 2565 1817 2594 corpus
1827 2566 1928 2592 essent,

1131 2596 1221 2624 omnia
1236 2596 1345 2625 faciant.

1166 2642 1193 2669 3.
1213 2641 1360 2678 Conjugalia
1370 2646 1513 2673 concordiae
1522 2647 1719 2676 bonum—[loc
1740 2650 1813 2677 enim
1836 2659 1927 2679 verum

1131 2693 1174 2715 est
1185 2689 1336 2724 conjugium
1347 2710 1355 2723 ,
1366 2692 1473 2725 quando
1489 2697 1561 2720 tanta
1576 2694 1646 2722 inter
1657 2702 1704 2722 eos
1718 2701 1760 2723 est
1772 2699 1928 2731 concordia,

1129 2735 1237 2770 quando
1243 2736 1349 2764 vinculo
1355 2737 1473 2766 caritatis
1483 2739 1516 2766 ita
1524 2742 1851 2771 suntconcatenati.Sicut
1858 2745 1928 2772 enini

1129 2789 1229 2817 corpus
1241 2790 1385 2818 numquam
1408 2792 1423 2812 a
1443 2789 1587 2821 semetipso
1601 2787 1723 2821 dissidet,
1736 2797 1826 2825 neque
1840 2792 1928 2819 anima

1130 2826 1260 2856 adversus
1280 2829 1396 2864 seipsam
1412 2839 1419 2856 :
1433 2830 1468 2858 ita
1487 2831 1574 2859 virum
1588 2838 1614 2860 et
1630 2834 1771 2862 mulierem
1792 2843 1847 2864 non
1870 2845 1928 2864 eon-

1130 2872 1204 2901 veuit
1217 2872 1360 2908 dissidere,
1372 2874 1419 2903 sed
1434 2876 1524 2905 unitos
1537 2884 1610 2907 esse.
1623 2877 1699 2907 Tunc
1709 2880 1782 2908 enim
1797 2881 1869 2910 bona
1889 2884 1928 2911 in-
