2044 3131
147 149 200 179 417

146 209 222 236 finita
234 208 298 243 ipsis
311 207 422 237 affluere
437 214 572 245 poterunt.
586 211 652 239 Nam
668 213 712 240 ubi
725 214 867 242 concordia
879 235 887 249 ,
903 215 938 242 ibi

145 255 280 283 bonorum
293 255 444 289 conﬂuxus,
459 257 493 284 ihi
505 265 567 292 pax,
578 258 614 286 ibi
627 260 734 292 caritas,
749 260 784 288 ibi
795 260 942 296 spiritualis

143 302 238 329 uetitis
253 310 259 328 :
275 302 376 329 nullum
394 303 509 337 bellum,
523 305 593 332 nulla
609 306 665 333 rixa
678 315 686 334 :
699 314 829 342 nusquam
850 308 940 335 inimi-

143 346 215 374 citiae
230 350 257 374 et
271 347 408 375 contentio
424 349 487 376 :sed
503 350 560 377 lucc
575 352 663 378 omnia
677 359 692 380 e
705 353 794 380 medio
809 353 938 381 tolluntur

142 399 193 426 per
212 392 384 420 concordiam
397 414 404 427 ,
424 394 554 422 bonorum
584 397 702 424 omnium
724 398 839 426 radicem
851 420 858 431 ,
878 407 939 434 quas

143 438 233 464 omnia
248 438 294 465 illa
308 439 387 466 simul
399 440 498 468 abolet.
514 441 541 468 2.
559 442 630 469 Misit
642 448 727 471 autem
737 444 878 472 Abimeleclt
893 454 938 473 rex

145 483 313 517 Gerarorum,
327 490 350 512 et
363 487 461 521 accepit
483 487 599 515 Sarram.
615 489 641 516 5.
654 489 688 516 Et
705 491 808 518 intravit
819 491 887 519 Deus
902 493 936 519 ad

143 529 286 557 Abimeleclt
298 531 324 558 in
336 540 423 559 somno
438 533 445 548 ¹
460 538 534 560 noctu
545 555 552 567 ,
568 540 590 561 et
605 535 668 562 dixit
681 544 690 562 :
703 535 769 563 Ecca
783 542 809 564 tu
823 539 935 566 morieris

140 580 245 610 propter
257 576 397 611 mulierem,
406 586 481 613 quant
492 579 616 607 abstulisti
626 590 635 608 :
646 581 694 608 ista
708 588 790 609 autent
803 585 935 611 contuber-

140 621 208 648 nalis
232 626 268 649 est
294 623 356 650 uiro.
372 623 440 652 Vide
459 625 506 652 Dei
526 626 695 655 clementiam
713 638 719 655 ε
736 630 797 664 quia
814 631 933 666 viditju-

138 670 210 694 stum
221 672 329 702 propter
339 674 437 696 metum
451 671 543 699 mortis
563 672 668 700 Sarram
682 674 730 701 sibi
744 675 857 702 ablatam
873 684 932 705 esse

138 711 246 740 fortiter
259 713 331 741 ferre
343 736 350 748 ,
367 720 395 742 et
409 723 499 751 regem
512 725 572 745 eam
589 722 617 745 ut
631 726 752 748 sororem
764 721 828 756 justi
846 722 930 750 abdu-

137 764 218 791 cere,
234 766 308 786 suam
327 759 436 788 demum
461 762 579 790 declarat
604 765 815 800 providentiam,
830 768 931 802 justum

137 810 244 838 quoque
259 804 429 833 illustriorem
444 807 541 840 redtﬁt,
553 813 579 836 et
593 810 699 838 Sarram
712 812 747 839 ab
767 813 872 847 injuria,
886 823 930 842 re-

136 856 199 884 gem
212 857 281 878 vero
293 858 307 877 a
322 857 433 886 peccato
445 853 550 881 liberat.
564 854 599 882 Et
616 856 732 890 intravit,
743 858 846 894 inquit,
862 859 931 889 Deus

135 894 171 921 ad
191 895 334 923 Abimeleclt
359 897 387 924 in
406 906 497 926 somno
523 906 608 928 noctu.
630 902 682 930 Per
705 903 790 938 ipsum
804 925 812 937 ,
830 905 927 940 inquit,

134 941 225 968 somni
240 947 343 977 tempus
357 944 461 978 eripere
471 953 531 972 eum
545 947 637 974 volens
650 947 684 975 ab
696 949 843 985 iniquitate,
856 951 929 980 dedit

134 987 220 1014 menti
238 987 297 1022 ejus
316 989 455 1017 scientiam
477 995 504 1018 et
525 993 629 1020 occulta
651 995 845 1029 manifestavit,
860 998 929 1025 mul-

133 1036 244 1067 tumque
258 1039 358 1061 metum
377 1035 452 1063 auxit
462 1036 660 1066 interminando
673 1044 796 1068 mortem.
812 1041 928 1070 Morieris

130 1078 218 1111 enim,
234 1078 328 1114 inquit,
344 1086 447 1115 propter
459 1082 605 1116 mulierem,
621 1093 696 1119 quam
711 1086 837 1114 abstulisti
853 1095 862 1115 :
877 1088 926 1115 ista

128 1128 217 1151 autem
238 1126 424 1154 contubernalis
445 1132 482 1154 est
503 1129 565 1155 viro.
582 1129 609 1157 4.
626 1130 766 1159 Abimeleclt
781 1138 863 1160 autem
877 1143 928 1162 non

131 1169 249 1204 tetigerat
265 1170 346 1198 illam.
365 1172 428 1200 Hmc
441 1178 530 1201 autem
551 1175 639 1202 omnia
654 1176 723 1204 facta
737 1183 814 1212 sunt,
831 1184 860 1206 ut
880 1180 926 1208 Dei

130 1215 276 1249 promissio
301 1216 369 1244 facta
402 1219 562 1254 patriarcha:
590 1221 754 1256 impleretur.
784 1224 926 1253 Enimvero

129 1262 192 1296 quia
207 1263 285 1297 paulo
300 1268 379 1292 antea
392 1264 441 1299 ipsi
456 1267 615 1300 promiserat
636 1268 709 1296 Isaac
729 1277 788 1297 esse
808 1272 924 1298 nascitu-

128 1316 201 1342 rum,
213 1313 241 1336 et
258 1317 343 1346 prope
361 1311 454 1339 aderat
477 1317 599 1348 tempus:
612 1318 642 1341 ut
661 1323 695 1342 ne
718 1317 781 1351 quid
805 1317 925 1346 officeret

129 1356 301 1389 promissioni
314 1356 369 1390 Dei,
380 1361 480 1384 tantum
495 1359 617 1386 timorem
632 1360 656 1387 in
668 1361 823 1390 Ahimclech
837 1362 924 1390 itumi-

127 1400 174 1434 sit,
185 1405 213 1428 ut
226 1402 363 1436 perculsus
376 1403 465 1430 animo
476 1404 583 1432 Sarram
595 1407 724 1442 attingere
736 1416 787 1436 non
801 1409 919 1437 auderet.

127 1445 241 1481 Propter
258 1447 309 1475 hoc
323 1449 393 1476 enim
406 1450 503 1484 adjecit
513 1450 601 1478 divina
615 1452 751 1487 Scriptura
761 1466 768 1484 :
778 1454 920 1482 Abimelec/t

126 1500 180 1519 non
196 1493 312 1529 tetigerat
324 1495 396 1521 illam
411 1502 420 1521 :
434 1495 480 1523 sed
493 1500 520 1523 et
533 1496 566 1524 de
582 1497 699 1526 facinore
711 1505 741 1526 se
759 1499 877 1528 defendit
889 1509 921 1530 ac

125 1537 193 1566 dicit
207 1548 214 1565 :
230 1539 350 1574 Domine,
362 1546 460 1576 gentem
477 1543 574 1577 justam
593 1548 616 1570 et
636 1543 791 1579 ignorantem
809 1547 897 1581 perdes
908 1548 921 1575 Ζ)

123 1583 259 1619 Numquid
275 1586 373 1620 sciens,
388 1587 482 1622 inquit,
499 1596 608 1616 uxorem
620 1590 678 1625 ejus
689 1599 747 1619 esse
759 1613 766 1625 ,
780 1592 832 1621 hoc
846 1593 895 1621 feci
907 1595 918 1621 ?

124 1631 255 1665 numquid
280 1632 375 1667 injuria
395 1635 565 1669 peregrinum
589 1635 696 1664 afficere
714 1638 826 1666 volens?
839 1647 918 1667 num-

123 1675 189 1710 quid
216 1680 245 1703 ut
270 1684 382 1705 uxorem
409 1678 467 1713 ejus
492 1679 636 1708 auferens?
658 1681 692 1710 Ut
716 1690 835 1712 sororem
857 1693 916 1713 eam

122 1725 281 1756 accepturus
292 1722 342 1750 hoc
357 1724 409 1759 egi,
423 1729 496 1752 ratus
508 1726 558 1753 hoc
568 1728 675 1756 nomine
688 1733 714 1756 et
725 1729 796 1758 hunc
809 1736 836 1758 et
844 1732 915 1760 illam

123 1765 260 1795 honorari.
271 1767 374 1796 Gentem
385 1770 475 1805 igitur,
481 1771 579 1806 justam
590 1778 612 1800 et
633 1774 791 1809 ignorantem
810 1778 916 1812 perdes?

124 1820 206 1841 mene
224 1814 288 1848 justi
310 1814 400 1843 officio
421 1817 538 1845 functum
555 1820 650 1854 perdes
663 1821 691 1848 "i
704 1821 804 1851 Deinde
819 1825 916 1852 clarius

121 1859 238 1888 all'erens
262 1861 334 1896 quod
361 1862 482 1896 dicebat,
499 1865 604 1900 inquit:
620 1867 647 1895 5.
665 1867 758 1896 Nonne
778 1870 832 1905 ipse
853 1871 915 1898 mihi

121 1906 197 1937 dixit,
212 1906 293 1934 Soror
307 1916 363 1935 mea
382 1914 435 1942 est,
458 1914 481 1937 et
495 1910 552 1944 ipsa
564 1912 627 1939 milii
640 1913 704 1940 dixit
714 1934 721 1946 ,
738 1914 830 1943 Frater
845 1925 914 1944 meus

120 1953 181 1979 est?
194 1952 259 1980 Vide
279 1960 338 1981 cum
364 1960 464 1989 quanto
485 1963 617 1985 consensu
644 1963 672 1986 et
699 1961 841 1989 concordia
863 1962 913 1990 hoc

119 1999 234 2033 egerint.
244 1999 277 2026 Et
290 2000 356 2034 ipse,
372 2001 466 2037 inquit,
477 2002 527 2030 hoc
540 2004 605 2031 mihi
621 2005 703 2039 dixit,
719 2012 746 2034 et
760 2007 815 2042 ipsa
830 2008 913 2036 adsti-

118 2044 208 2079 pulata
223 2049 264 2073 est
273 2046 350 2074 dictis
364 2047 431 2081 ejus.
443 2047 477 2075 In
488 2049 562 2076 corde
572 2058 647 2084 puro,
666 2057 688 2079 et
702 2053 727 2079 in
741 2053 841 2088 jnstitia
855 2063 911 2082 ma-

118 2097 197 2116 nuum
209 2091 256 2126 feci
268 2091 324 2125 hoc,
341 2092 437 2127 inquit,
451 2101 504 2122 non
521 2100 549 2122 ut
569 2095 686 2131 iniquam
708 2106 764 2125 rem
777 2099 909 2133 facturus,

117 2135 165 2163 sed
178 2141 206 2163 ut
219 2136 363 2172 legitimam
374 2143 401 2166 et
414 2139 511 2167 licitam
526 2141 838 2180 irreprehcnsibilemque
848 2146 907 2174 feci.

116 2182 187 2216 Quid
209 2183 289 2218 igitur
317 2183 447 2220 benignus
464 2186 612 2215 Dominus?
638 2188 663 2216 6.
681 2189 754 2218 Dixit
777 2197 860 2219 autem
886 2193 908 2220 ei

115 2227 186 2255 Deus
196 2228 223 2255 in
236 2237 333 2257 somno.
349 2231 412 2259 Vide
425 2232 558 2267 quomodo
572 2241 601 2261 se
615 2239 774 2271 attemperat
789 2239 907 2266 omnium

115 2274 246 2303 Dominus
257 2297 265 2310 ,
285 2284 360 2304 suam
379 2278 526 2306 bonitatem
543 2288 590 2315 per
604 2282 693 2310 omnia
708 2283 859 2312 declarans.
873 2285 908 2312 Et

114 2328 162 2355 ego
175 2321 227 2349 scio
240 2323 308 2357 quod
322 2324 397 2351 corde
410 2333 473 2360 puro
483 2326 529 2353 hoc
539 2327 637 2362 feceris.
649 2328 720 2362 Scio,
731 2330 825 2366 inquit,
836 2332 908 2367 ipsos

113 2367 183 2394 hanc
206 2368 320 2397 fabulam
342 2376 509 2399 commentos
531 2380 607 2406 esse,
624 2379 650 2402 et
665 2379 690 2402 te
705 2375 845 2411 deceptum
861 2386 907 2405 eo-

111 2421 172 2441 rum
185 2413 265 2441 dictis
279 2415 331 2442 hoc
346 2415 444 2444 fecisse
457 2426 463 2444 :
479 2418 513 2445 ob
527 2418 592 2452 hoc,
606 2424 635 2446 ut
649 2428 684 2448 ne
703 2429 752 2456 per
771 2422 906 2458 deceptio-

111 2466 174 2487 nem
191 2459 260 2487 hanc
275 2468 379 2496 pecces,
396 2462 503 2498 Peperci
517 2464 570 2497 tibi,
587 2473 618 2492 ne
634 2470 660 2492 tu
673 2475 787 2502 peccares
807 2469 834 2496 in
855 2478 903 2498 me.

109 2505 204 2540 Magna
229 2507 303 2534 verbi
327 2513 368 2535 est
393 2511 591 2543 attemperatio,
604 2512 719 2540 maxima
740 2513 843 2542 Domini
864 2521 905 2543 est

109 2552 264 2580 clementia.
281 2553 309 2580 In
323 2561 382 2586 me,
400 2555 502 2590 inquit,
518 2557 665 2585 rediturum
681 2563 739 2586 erat
753 2566 900 2594 peccatum.

147 2598 199 2631 Qui
220 2599 279 2626 colit
305 2608 388 2628 seruos
411 2601 459 2629 Dei
469 2623 476 2634 ,
489 2602 571 2630 Deum
585 2605 652 2632 colit.
666 2605 777 2634 —Nam
792 2609 860 2636 sicut
877 2610 901 2636 in

108 2644 264 2674 hominibus
277 2655 339 2675 cum
352 2648 412 2682 quis
432 2649 548 2684 aliquem
569 2651 745 2680 domesticum
766 2654 792 2680 in
819 2655 902 2683 multo

109 2690 213 2719 honore
226 2691 298 2727 apud
308 2691 446 2721 dominum
459 2702 536 2722 suum
561 2696 656 2730 injuria
674 2700 788 2733 quadam
801 2700 881 2728 afficit
892 2723 898 2735 ,

138 2752 147 2768 ι
165 2755 208 2788 lim
220 2759 302 2784 voces,
316 2754 341 2779 in
352 2763 441 2787 somno,
454 2759 493 2784 hic
505 2765 530 2786 et
552 2763 612 2787 infra
624 2765 712 2793 desunt
730 2770 753 2795 in
764 2772 850 2797 savilio
871 2779 897 2802 et,

138 2782 230 2802 nlummt
242 2787 287 2802 Mm
299 2787 355 2802 -αωι
367 2787 488 2802 summm...
500 2792 522 2802 εκ
536 2796 582 2802 ..μ
591 2794 607 2802 γ.
649 2801 652 2802 ,

165 2784 170 2788 I
296 2781 300 2784 .
422 2781 441 2787 κ,
454 2781 491 2784 η.-
501 2781 530 2797 ἐν
553 2781 612 2787 ειμι-ι
624 2781 712 2793 "unum.
730 2781 753 2795 tu
764 2781 850 2797 δκνιιιο
871 2781 895 2802 ει

100 2781 128 2836 :3
242 2787 356 2815 Mss.;sed
367 2787 488 2815 habentur
499 2798 524 2816 tu
536 2794 617 2820 Morel.
631 2801 656 2822 et
666 2798 728 2830 aliis,
737 2806 811 2834 atque
822 2805 895 2832 etiam

111 2849 153 2905 de:
167 2847 265 2900 potatio.
279 2850 368 2876 omittit
377 2851 469 2882 verba,
482 2852 621 2886 uenejustt'
633 2855 710 2889 aﬂicto
730 2858 838 2890 functum
848 2869 903 2894 per-

128 2887 153 2905 ex

679 155 713 184 ΙΝ
730 155 805 185 CAP.
829 157 887 185 XX.
908 157 1031 187 GENES.
1052 159 1165 189 llOMlL.
1187 162 1266 192 XLV.

1737 177 1789 205 bis

997 217 1047 245 sibi
1067 217 1192 254 injuriam
1208 220 1304 248 factam
1330 227 1406 258 putat
1428 225 1567 260 dominus,
1581 234 1606 257 et
1623 231 1686 260 dicit
1703 242 1710 261 :
1725 233 1787 262 Mihi

995 263 1119 299 injuriam
1135 265 1219 294 fecisti
1230 275 1277 302 per
1288 276 1319 296 ea
1334 271 1430 305 quibus
1443 280 1458 300 a
1474 278 1499 301 te
1513 275 1675 307 domesticus
1690 279 1785 315 injuria

994 315 1034 336 est
1049 310 1160 339 affectus
1177 322 1183 339 :
1200 320 1230 340 ea
1243 315 1315 342 enim
1330 323 1388 350 qua:
1405 318 1430 345 in
1445 319 1518 346 illum
1533 310 1744 359 committimuir,
1759 329 1786 355 in

990 363 1034 382 me
1047 361 1186 385 transeunt
1202 367 1208 385 :
1225 360 1321 387 eodem
1345 362 1425 390 modo
1436 369 1464 391 et
1475 365 1560 393 honus
1577 367 1702 398 Dominus
1713 392 1720 404 ,
1733 371 1786 399 Po-

990 404 1057 437 perci
1072 403 1125 436 tibi,
1141 405 1235 441 inquit,
1249 412 1277 433 ut
1290 416 1320 434 ne
1333 417 1450 443 peccares
1457 412 1483 438 in
1497 420 1545 440 me.
1555 413 1617 447 Mei,
1634 416 1730 450 inquit,
1745 418 1784 445 fa-

988 449 1052 475 muli
1070 454 1141 482 sunt,
1156 455 1184 478 et
1208 452 1276 479 adeo
1301 454 1365 481 mihi
1385 457 1575 491 commendati,
1589 465 1618 486 ut
1636 449 1700 488 mihi
1726 463 1784 492 fieri

988 495 1138 523 existimem
1154 504 1330 533 qnmcumque
1346 500 1398 527 illis
1412 501 1488 535 fiunt,
1500 503 1556 531 sive
1569 505 1636 533 bnna
1654 507 1716 541 sint,
1726 509 1784 537 sire

987 548 1040 567 non
1056 541 1123 568 bona
1142 551 1148 568 :
1166 542 1305 579 Propterea
1320 554 1372 573 non
1386 547 1472 575 dimisi
1483 553 1521 583 te,
1535 555 1563 577 ut
1586 556 1701 587 iungeres
1715 561 1781 581 eam.

986 586 1116 620 Quoniam
1144 597 1267 625 magnam
1295 600 1387 620 eorum
1411 602 1501 622 curam
1521 604 1595 632 gero,
1612 600 1699 627 sciens
1711 602 1782 636 quod

987 640 1034 667 per
1047 633 1224 668 ignorantiam
1240 637 1309 666 hanc
1324 639 1363 666 eis
1373 642 1561 670 contumeliam
1578 644 1694 673 tacturus
1708 655 1779 681 cras,

987 678 1094 713 Peperci
1108 681 1162 714 tibi,
1177 686 1204 708 ut
1216 691 1247 709 ne
1261 692 1376 718 peccares
1395 685 1422 713 in
1445 695 1492 714 me.
1510 688 1549 716 Ne
1572 690 1729 725 simpliciter
1752 678 1780 721 ut

985 726 1136 760 quempiam
1149 729 1296 763 vulgarium
1309 732 1437 766 respicias
1448 732 1519 762 hunc
1533 736 1617 763 virum
1630 746 1634 763 :
1648 738 1694 765 sed
1705 738 1780 767 disco

984 777 1045 797 eum
1062 779 1094 799 ex
1106 781 1218 801 numero
1233 775 1339 803 illorum
1355 785 1425 812 esse,
1442 787 1556 815 quorum
1571 790 1621 817 ego
1634 785 1778 813 maximam

982 823 1073 844 curam
1093 826 1175 853 gero,
1198 825 1224 847 et
1242 823 1286 856 qui
1301 824 1471 857 peculiariter
1484 828 1536 854 mei
1558 833 1629 856 sunt.
1647 830 1672 856 7.
1689 831 1778 859 Redde

982 862 1060 897 igitur
1075 871 1178 892 uxorem
1193 866 1256 900 viro,
1270 868 1331 903 quia
1347 871 1470 905 propheta
1483 877 1529 906 est,
1544 879 1567 900 et
1581 875 1664 902 orabit
1680 885 1727 911 pro
1740 883 1773 910 te,

982 913 1006 935 et
1019 910 1093 938 viues.
1108 911 1176 939 Vide
1193 915 1328 947 quomodo
1348 917 1474 945 virtutem
1490 919 1556 953 justi
1579 910 1696 957 detegit:
1712 932 1776 959 pro-

982 955 1089 990 phetam
1106 957 1193 992 ipsum
1209 965 1285 987 vocat
1296 981 1303 994 ,
1319 966 1346 989 et
1365 965 1558 998 propemodum
1574 955 1671 1001 efficit,
1686 955 1775 998 ut-rex

980 1001 1127 1035 supplicem
1139 1010 1168 1031 se
1183 1005 1206 1031 ei
1221 1006 1348 1040 praebeat.
1363 1007 1452 1036 Orabit
1464 1010 1535 1038 enim
1551 1021 1598 1047 pro
1611 1018 1649 1046 te,
1660 1019 1683 1042 et
1698 1015 1774 1043 viues.

979 1046 1027 1074 ille
1042 1049 1139 1076 etenim
1149 1070 1158 1083 ,
1175 1051 1271 1086 inquit,
1282 1053 1383 1082 veritus
1398 1062 1433 1083 ne
1448 1046 1616 1086 occideretur
1630 1067 1645 1086 a
1662 1064 1697 1092 te,
1705 1061 1774 1090 hanc

979 1094 1138 1121 comoediam
1153 1096 1288 1131 instruxit,
1305 1104 1333 1126 et
1346 1100 1421 1134 quasi
1436 1108 1597 1137 cooperatus
1612 1109 1654 1132 est
1669 1106 1694 1133 in
1709 1114 1773 1134 con-

979 1140 1114 1167 tumeliam
1141 1141 1250 1169 Sarrtc:
1267 1144 1338 1172 scias
1363 1152 1453 1174 autem
1479 1149 1549 1176 illius
1574 1158 1667 1185 preces
1690 1153 1771 1182 vitam

979 1186 1024 1212 tibi
1052 1187 1210 1221 praebituros
1233 1197 1303 1218 esse.
1319 1191 1420 1220 Deinde
1444 1199 1473 1221 ut
1498 1203 1532 1223 ne
1555 1199 1771 1233 concupiscentia

978 1231 1108 1267 ﬂagrans,
1128 1240 1155 1261 et
1183 1236 1378 1270 pulchritudine
1405 1239 1494 1268 Sarra:
1519 1243 1624 1277 vietus,
1643 1231 1769 1274 mandata

977 1283 1140 1312 contemnat,
1153 1280 1271 1308 immittit
1285 1287 1312 1310 et
1324 1284 1448 1313 timorem
1459 1307 1466 1319 ,
1478 1292 1505 1314 et
1520 1288 1648 1323 majorem
1663 1298 1769 1325 poenam

977 1323 1092 1351 minatur
1101 1332 1131 1352 se
1144 1326 1324 1356 inducturum.
1341 1329 1415 1362 Quod
1430 1333 1452 1359 si
1466 1341 1516 1360 non
1531 1334 1628 1362 dederis
1639 1357 1647 1369 ,
1661 1323 1767 1373 inquit,

975 1369 1041 1396 scias
1060 1371 1127 1404 quod
1148 1373 1262 1401 morieris
1280 1379 1307 1402 tu
1328 1381 1351 1402 et
1373 1378 1457 1405 omnia
1482 1384 1535 1406 tua.
1556 1380 1614 1408 Non
1639 1369 1725 1410 solu—m
1741 1389 1769 1412 tu

975 1415 1162 1444 inobedientia:
1177 1426 1285 1453 poenam
1301 1421 1374 1456 lues,
1389 1423 1436 1451 sed
1451 1429 1478 1452 et
1492 1426 1581 1453 omnia
1598 1431 1641 1455 tua
1660 1434 1769 1466 propter

976 1465 1001 1489 te
1014 1470 1086 1490 mors
1099 1464 1202 1498 perdet.
1217 1466 1258 1494 0b
1271 1467 1322 1494 hoc
1333 1473 1421 1496 autem
1436 1478 1483 1506 per
1497 1476 1600 1507 tempus
1612 1476 1698 1502 noctis
1711 1464 1768 1505 iure

973 1509 1063 1535 omnia
1076 1508 1147 1537 Deus
1162 1510 1186 1538 ei
1201 1511 1326 1547 loquitur,
1342 1518 1372 1542 ut
1382 1515 1407 1542 in
1420 1516 1509 1550 quiete
1524 1523 1632 1553 accepta
1646 1521 1767 1549 admoni-

973 1553 1056 1586 tione,
1072 1562 1170 1591 magno
1186 1557 1281 1585 timore
1293 1559 1420 1594 imperata
1435 1562 1522 1590 faciat.
1537 1564 1563 1591 8.
1579 1564 1644 1592 Nam
1657 1566 1764 1601 Statim,

972 1599 1067 1635 inquit,
1084 1610 1158 1630 mane
1174 1612 1280 1640 surgens
1291 1607 1434 1634 Abimeleclt
1449 1610 1543 1636 vocavit
1554 1619 1644 1647 pueros
1656 1621 1726 1647 suos,
1740 1619 1763 1641 et

971 1646 1090 1681 loquutus
1099 1653 1134 1674 est
1149 1650 1234 1676 omnia
1250 1651 1322 1677 verba
1337 1651 1392 1679 lucc
1408 1653 1434 1680 in
1449 1663 1523 1682 aures
1534 1664 1630 1684 eorum.

1006 1692 1033 1719 4.
1051 1692 1116 1720 Vide
1136 1696 1270 1729 quomodo
1291 1704 1339 1723 rex
1362 1697 1391 1725 fit
1406 1706 1494 1733 pra-co
1509 1701 1614 1729 virtutis
1624 1703 1689 1738 justi
1707 1726 1714 1738 ,
1737 1710 1763 1733 et

970 1745 1030 1765 eum
1046 1740 1169 1768 omnibus
1183 1742 1352 1770 manifestum
1372 1745 1470 1773 reddit.
1491 1747 1597 1775 Vocatis
1613 1750 1684 1777 enim
1700 1771 1707 1782 ,
1724 1751 1763 1778 in-

969 1784 1035 1819 quit,
1052 1785 1177 1814 omnibus
1186 1788 1276 1821 pueris
1289 1789 1344 1816 suis
1356 1810 1363 1822 ,
1383 1792 1502 1819 narravit
1515 1794 1602 1821 omnia
1614 1795 1664 1822 sibi
1679 1803 1694 1823 a
1707 1796 1762 1825 Deo

967 1831 1146 1866 manifestata,
1157 1837 1185 1860 ut
1197 1841 1290 1862 omnes
1302 1836 1402 1864 scirent
1414 1841 1441 1865 et
1453 1838 1500 1865 Dei
1514 1847 1574 1875 erga
1590 1840 1662 1868 illum
1679 1842 1761 1871 hone-

966 1877 1121 1911 voleutiam,
1136 1883 1163 1907 et
1176 1885 1303 1915 quantum
1319 1882 1372 1910 Deo
1385 1890 1456 1911 cura:
1470 1890 1540 1912 esset
1556 1891 1664 1921 propter
1678 1888 1760 1922 ipsius

966 1931 1056 1951 mores
1072 1929 1100 1952 et
1111 1925 1247 1953 virtutem.
1273 1926 1421 1955 Timucrunt
1435 1934 1517 1957 autent
1535 1939 1621 1960 omnes
1644 1933 1756 1962 homines

965 1969 1048 1997 valde.
1062 1970 1156 1998 Vidisti
1171 1972 1305 2006 quomodo
1324 1981 1376 2001 non
1399 1975 1495 2002 frustra
1513 1982 1537 2004 et
1561 1977 1662 2013 absque
1676 1987 1756 2008 causa

966 2017 1045 2044 toties
1059 2018 1264 2053 transmigrabat
1282 2019 1394 2054 justus?
1409 2021 1474 2048 Nam
1498 2023 1519 2050 si
1537 2023 1562 2050 in
1587 2025 1758 2054 tabernaculo

964 2069 1012 2089 suo
1026 2062 1111 2097 primo
1125 2064 1266 2092 mansisset
1279 2085 1286 2098 ,
1303 2065 1373 2093 unde
1395 2067 1542 2101 poluiSsent
1554 2069 1685 2098 Gcrarita'.
1697 2080 1757 2100 om-

964 2115 1011 2135 nes
1021 2108 1089 2136 scire
1100 2114 1225 2143 quantam
1231 2110 1318 2146 justus
1324 2112 1393 2146 apud
1405 2113 1487 2140 Deum
1500 2114 1607 2152 haberet
1621 2116 1756 2145 ﬁduciam?

966 2152 1111 2181 Timuerunt
1128 2160 1212 2182 autent
1223 2164 1310 2184 omnes
1321 2159 1433 2186 homines
1447 2160 1528 2187 valde.
1545 2161 1652 2197 Magnus
1667 2163 1692 2190 in
1706 2172 1753 2192 eos

964 2199 1044 2226 timor
1066 2200 1200 2228 immissus
1222 2202 1255 2229 de
1277 2210 1365 2230 rerum
1386 2211 1489 2232 summa
1515 2206 1627 2235 faciebat
1650 2210 1753 2237 anxios.

961 2244 1056 2272 Postea
1078 2247 1215 2281 sequitur:
1232 2248 1258 2275 9.
1280 2248 1382 2277 Vocauit
1401 2251 1544 2280 Abimelec/t
1568 2254 1752 2284 Abi-ultumum.

960 2290 1104 2318 Considera
1121 2292 1147 2319 in
1167 2298 1265 2327 quanta
1278 2295 1360 2329 gloria
1372 2296 1461 2330 justus
1475 2303 1565 2332 postea
1578 2300 1645 2334 apud
1661 2309 1750 2337 regem

959 2336 1024 2370 agit,
1039 2337 1082 2372 qui
1098 2338 1176 2372 paulo
1186 2343 1264 2366 antea
1273 2340 1307 2367 ab
1317 2342 1441 2370 omnibus
1449 2343 1584 2378 despectui
1595 2336 1752 2382 habebatur,

959 2383 1034 2417 quasi
1049 2391 1110 2411 erro
1124 2388 1150 2412 et
1163 2386 1327 2420 peregrinus.
1341 2387 1422 2422 igitur
1436 2396 1493 2416 cum
1505 2397 1598 2418 omnes
1609 2393 1750 2420 convenis-

958 2433 1027 2461 sent,
1043 2435 1153 2457 vocatur
1166 2432 1255 2458 statim
1269 2433 1428 2466 patriarcha,
1439 2435 1483 2468 qui
1497 2435 1560 2462 nihil
1572 2435 1666 2463 horum
1682 2438 1750 2465 scie-

952 2474 1003 2502 bat
1018 2475 1172 2511 ,didieitque
1187 2481 1276 2511 postea
1291 2485 1306 2505 a
1320 2486 1382 2514 rege
1395 2479 1452 2513 ipso
1469 2501 1476 2512 ,
1493 2489 1551 2515 qum
1571 2487 1678 2517 propter
1690 2491 1721 2511 se
1735 2492 1750 2512 a

957 2521 1013 2549 Deo
1026 2522 1062 2549 illi
1085 2521 1151 2550 facta
1169 2527 1256 2550 erant.
1269 2523 1342 2551 Dixit
1361 2526 1427 2552 enim
1441 2526 1483 2552 ei:
1498 2526 1582 2559 Quare
1599 2529 1646 2555 hoc
1668 2531 1750 2566 fecisti

956 2568 1026 2595 nobis
1039 2569 1052 2595 7
1063 2569 1124 2603 quid
1137 2570 1292 2601 peccauimus
1305 2571 1331 2596 in
1345 2575 1368 2597 te
1380 2592 1388 2603 ,
1404 2571 1471 2606 quod
1481 2572 1605 2600 induxiin
1618 2583 1690 2609 super
1708 2585 1749 2604 me

955 2618 979 2640 et
989 2622 1063 2648 super
1079 2622 1183 2648 regnum
1198 2623 1278 2642 nteant
1288 2621 1416 2650 peccatum
1426 2625 1544 2651 magnum
1559 2619 1572 2646 1’
1583 2619 1656 2652 Rem,
1670 2630 1747 2654 quam

954 2660 1040 2687 nullus
1050 2662 1153 2694 faceret,
1171 2661 1251 2696 fecisti
1266 2662 1346 2689 nobis.
1364 2663 1405 2690 10.
1418 2662 1486 2695 Quid
1496 2664 1582 2692 videns
1594 2666 1676 2701 fecisti
1687 2668 1747 2696 hoc!

954 2705 1042 2738 Quare
1056 2706 1081 2733 in
1097 2711 1209 2737 tantum,
1226 2707 1319 2742 inquit,
1333 2709 1437 2736 voluisti
1455 2718 1497 2737 me
1517 2711 1633 2739 incidere
1649 2721 1745 2748 pecca-

953 2751 1028 2778 tum?
1041 2759 1090 2778 eur
1100 2753 1195 2787 etquid
1210 2754 1330 2787 cogitans
1348 2754 1399 2782 hoc
1414 2755 1498 2783 fecisti
1510 2757 1520 2784 ἱ)
1534 2757 1598 2785 Vide
1611 2761 1746 2794 quomodo

952 2805 1000 2833 per
1018 2798 1098 2825 verba
1121 2806 1168 2826 sua
1192 2799 1291 2827 indicat
1312 2801 1398 2828 minas
1412 2823 1419 2834 ,
1435 2810 1494 2837 qua:
1516 2811 1531 2831 a
1553 2805 1606 2833 Deo
1620 2807 1669 2834 sibi
1684 2813 1746 2837 sunt

950 2844 1036 2872 faetze.
1047 2845 1178 2879 Quoniam
1188 2846 1258 2873 enim
1277 2846 1382 2874 dixerat
1397 2848 1432 2882 ei,
1448 2849 1522 2882 Quod
1532 2851 1554 2878 si
1565 2860 1615 2879 non
1628 2855 1745 2882 reddide-

955 2891 1001 2925 ris,
1015 2891 1129 2918 morieris
1143 2896 1170 2918 tu
1188 2896 1210 2918 et
1223 2893 1308 2919 omnia
1323 2897 1387 2920 tua:
1403 2893 1453 2922 hoc
1469 2895 1553 2930 ipsum
1566 2897 1741 2934 interpretans
