2044 3131
217 83 265 112 ιΞΙ

216 152 280 180 olim
297 151 361 178 illia
377 150 432 178 Deo
445 150 571 185 promissa
588 152 657 176 sunt.
682 147 715 175 Et
736 147 860 174 Dominus
873 167 880 179 ,
897 146 982 180 inqttit
999 165 1006 177 ,

217 197 324 224 uisitauit
339 197 447 224 Sarrnnt
457 217 464 228 ,
473 196 536 223 sicut
547 195 609 222 dixit
622 215 629 227 ,
641 199 663 222 et
676 194 733 231 fecit
743 193 830 222 Sarra:
841 195 905 220 sicut
921 193 1009 227 loquu-

217 247 256 270 tus
270 247 315 270 est.
331 242 358 269 2.
370 241 404 268 Et
418 242 538 276 concepit,
552 241 695 276 peperitque
710 239 790 267 Sarra
803 239 912 266 Abrahte
927 238 1009 273 ﬁlium

218 289 246 314 in
260 292 385 317 senectute
396 307 402 317 .
423 288 449 313 in
468 293 578 321 tempore
590 286 653 313 sicut
668 286 786 320 loquutus
798 290 834 312 est
849 285 871 311 ei
885 283 1009 310 Dominus

219 333 294 368 (Cap.
309 333 364 367 2t).
379 333 446 366 Quid
459 336 510 365 est,
525 332 595 359 Sicut
607 332 724 367 loquutus
737 335 782 362 est.
792 335 828 362 et,
840 330 913 358 Sicut
923 329 1010 356 dixit?

220 377 563 412 Quemadmodum,inquit,
575 377 705 412 promisit,
717 377 822 411 quando
835 377 948 411 hospitio
961 383 1009 403 ex-

217 428 310 459 ceptus
326 428 368 450 est
380 431 440 451 cum
458 424 559 458 angelis
573 424 641 459 apud
657 431 784 459 quercum
799 423 925 450 Mambre.
941 421 1006 448 Nam

215 470 287 504 quod
302 469 387 497 dixit:
404 469 437 496 In
452 470 620 504 temporehoc
632 469 739 498 veniam.
755 473 778 495 et
788 469 834 495 erit
843 468 932 495 Sarra:
939 467 1008 502 ﬁlius

219 514 295 551 (Gen.
311 514 354 542 18.
369 514 415 550 24)
429 524 435 541 :
451 515 501 542 hoc
515 522 584 542 nunc
596 522 677 549 opere
691 514 826 548 impletum
840 517 890 540 est.
903 513 934 540 Et
949 520 1008 547 qua:

219 564 313 586 natura
327 559 485 594 denegabat,
501 567 531 586 ea
544 559 669 586 videbant
686 558 807 586 evenisse
819 579 826 591 ,
843 565 895 585 non
911 565 1007 584 secun—

217 604 282 631 dum
302 605 446 631 ltumanum
466 609 493 631 et
507 604 613 631 solitum
628 611 728 631 morem
746 624 753 636 ,
769 603 816 631 sed
830 611 876 638 per
890 603 1006 630 divinam

217 651 340 685 gratiam.
362 651 388 678 3.
406 649 438 677 Et
457 650 552 676 vacavit
572 658 661 676 nomen
682 650 729 683 ﬁlii
746 650 785 676 sui
798 670 805 682 ,
826 657 898 684 quem
913 648 1009 683 peperit

218 697 267 731 ipsi
278 695 368 728 Sarra,
392 695 476 723 Isaac.
489 696 547 724 Non
561 696 659 731 absque
671 703 748 723 causa
760 695 914 730 assignavit,
930 694 1010 727 Quem

222 742 317 777 peperit
331 741 378 777 ipsi
391 741 490 768 Sarra:
504 750 555 768 non
569 741 639 768 enim
652 741 719 768 dixit
729 741 903 775 simpliciter,
926 739 1008 767 Voca-

220 788 254 813 vit
264 795 352 814 nomen
359 787 406 821 ﬁlii
418 787 458 814 sui
467 795 476 819 ;
490 787 536 814 sed
544 787 649 822 adjecit,
663 787 741 820 Quem
748 788 843 822 peperit
854 787 903 822 ipsi
916 786 1008 818 Sarra,

219 833 359 860 infecunda
373 833 415 860 illa
428 838 455 860 et
466 833 563 860 vetula.
578 833 603 860 4.
617 832 650 859 Ει
669 833 826 859 circumcidit
839 841 906 866 eum,
916 832 1009 865 inquit,

220 879 262 905 die
273 883 359 905 octavo
373 899 380 910 .
396 878 459 905 sicut
480 883 632 912 pra'ceperat
646 876 781 904 Dominus.
795 877 839 904 Sic
854 877 926 904 enim
942 884 1008 911 pra:-

219 928 325 957 ceptum
346 928 484 957 acceperat
499 943 507 955 ,
531 927 559 949 ut
578 922 620 950 die
642 928 736 950 octavo
757 921 1011 949 circumciderentur

220 968 265 1002 qui
282 967 391 1002 posthac
405 974 587 995 nascerentur.

259 1013 350 1039 Omnia
365 1011 418 1040 Deo
434 1014 610 1048 possibilia.—
619 1013 702 1041 Porro
713 1018 741 1040 ut
755 1013 865 1040 ulterius
878 1013 1012 1041 discamus

222 1058 378 1085 iueli’abilem
392 1059 536 1093 potentiam
553 1059 597 1086 Dei
612 1081 620 1093 ,
635 1064 661 1086 et
681 1067 711 1086 ea
727 1067 786 1094 qua:
806 1059 875 1094 apud
890 1059 1012 1087 homines

222 1103 393 1138 impossibilia
407 1109 468 1131 sunt
480 1125 487 1136 ,
501 1104 570 1138 apud
582 1113 642 1132 eum
657 1104 792 1139 possibilia
806 1111 865 1131 esse
884 1113 891 1131 :
913 1104 1013 1132 idcirco

222 1151 299 1177 nobis
316 1155 419 1185 tempus
434 1151 578 1185 assignavit
594 1152 688 1178 iterum
708 1151 796 1178 divina
812 1150 946 1184 Scriptura
965 1171 972 1182 ,
987 1155 1012 1177 et

221 1201 281 1230 post
295 1200 397 1230 partum
415 1196 493 1223 docet
513 1203 561 1223 nos
584 1196 625 1224 his
647 1196 735 1224 verbis
750 1205 755 1222 :
772 1196 798 1223 5.
813 1195 940 1222 Abraham
960 1201 1013 1222 erat

220 1249 347 1267 annorum
361 1247 470 1273 centum,
481 1242 582 1276 quando
600 1248 674 1268 natus
690 1246 726 1268 est
739 1241 762 1268 ei
775 1240 850 1268 Isaac
860 1241 930 1274 ﬁlius
941 1249 1012 1268 suus.

222 1287 249 1313 6.
265 1286 336 1313 Dixit
349 1292 431 1313 autent
444 1286 541 1314 Sarra:
551 1286 641 1314 Risutn
654 1287 712 1322 fecit
725 1287 786 1314 mihi
797 1286 924 1315 Dominus
933 1295 943 1314 :
956 1295 1015 1314 nam

220 1333 265 1368 qui
279 1333 373 1365 audiet,
383 1333 505 1368 gaudebit
517 1341 626 1360 mecum.
638 1333 705 1366 Quid
718 1337 768 1366 est,
779 1333 868 1360 Risum
883 1334 940 1369 fecit
953 1333 1014 1359 mihi

223 1378 347 1406 Dominus
362 1379 496 1407 3Luttitue
518 1380 622 1407 occasio
645 1379 709 1406 mihi
730 1384 819 1413 partus
837 1383 888 1406 est.
905 1379 935 1406 Et
952 1378 1014 1414 quid

223 1425 330 1458 mirum,
344 1425 367 1452 si
383 1425 445 1452 mihi
460 1426 606 1460 gaudium?
622 1425 720 1453 Omnes
734 1425 815 1452 etiam
827 1426 870 1460 qui
885 1425 1010 1458 audient,

223 1470 326 1498 habebo
339 1471 562 1505 congratulantes,
579 1479 632 1497 non
646 1471 705 1505 quia
723 1470 812 1505 peperi
822 1491 828 1501 ,
843 1470 888 1498 sed
902 1471 962 1506 quia
976 1472 1015 1499 sic

224 1516 325 1550 peperi.
340 1516 404 1543 Tam
427 1515 591 1543 admirabilis
612 1524 740 1551 rat-usque
761 1522 851 1551 [crtus
874 1524 967 1544 omnes
988 1518 1014 1544 in

225 1561 424 1589 admirationem
438 1562 532 1596 rapiet,
544 1567 571 1588 et
581 1562 708 1596 majorem
718 1561 842 1589 otnuibtts
853 1562 1014 1597 voluptatem

223 1607 317 1635 sileret
329 1628 336 1640 ,
350 1615 410 1635 curn
423 1608 549 1634 sciverint
560 1615 603 1635 tne
615 1628 622 1640 ,
635 1615 694 1642 qua:
705 1607 771 1634 nihil
783 1615 798 1634 a
813 1608 924 1635 mortuis
938 1607 1014 1635 dilic-

224 1653 316 1680 rebam
339 1659 467 1688 quantum
489 1653 522 1680 ad
544 1654 742 1688 generationem
760 1673 767 1686 ,
791 1653 879 1681 subito
901 1659 1014 1681 matrem

223 1700 319 1726 tactam
330 1707 400 1732 eSSe,
414 1704 464 1727 etc
479 1700 555 1736 vulva
564 1700 696 1727 exsiccata
711 1700 826 1734 puellum
839 1701 975 1734 peperisse
988 1705 1015 1727 et

225 1745 324 1772 lactare
337 1752 414 1780 posse
426 1766 434 1779 ,
450 1749 477 1772 et
491 1745 576 1772 fontes
591 1745 667 1772 lactis
682 1745 803 1772 emittere
818 1766 825 1778 ,
841 1752 900 1779 qua:
917 1745 1016 1772 nullam

224 1798 298 1825 spem
319 1791 438 1825 pariendi
464 1791 603 1818 habebam.
618 1791 645 1818 7.
664 1791 694 1817 Et
709 1790 773 1818 dixit
784 1799 792 1817 :
803 1790 866 1824 Quis
876 1791 1015 1817 annuntia-

225 1835 258 1862 bit
274 1835 469 1871 Abralue,quod
482 1837 559 1862 lactat
577 1844 682 1870 puerum
697 1835 778 1862 Sarra
793 1835 806 1861 ?
826 1835 893 1862 Nam
908 1839 1015 1870 propter

225 1882 276 1909 hoc
297 1887 324 1909 et
347 1882 423 1909 lactis
438 1883 523 1909 fontes
537 1882 657 1910 concessi
672 1887 752 1913 sunt,
771 1886 798 1908 ut
813 1887 916 1917 parturn
932 1882 1015 1916 magis

225 1928 378 1955 credibilem
388 1927 493 1960 faciant,
505 1932 577 1955 etne
590 1928 648 1962 quis
658 1927 855 1962 supposititium
869 1935 928 1954 esse
942 1931 1016 1961 putet.

225 1981 335 2009 puerum
355 1982 361 2000 :
378 1973 465 2001 fontes
485 1974 555 2001 enirn
583 1973 659 2000 lactis
681 1974 805 2000 onutibus
836 1972 1017 2008 prazdicabant

225 2024 320 2054 praeter
341 2019 482 2046 humanam
498 2020 724 2054 exspectationem
740 2019 790 2046 hoc
808 2019 937 2047 evenisse.
952 2019 1015 2051 Quis

225 2067 399 2100 annuntiabit,
421 2067 488 2100 quod
503 2067 579 2093 lactat
594 2074 699 2101 puerum
711 2065 792 2093 Sarra
803 2067 816 2092 γ
828 2066 895 2101 quod
909 2074 1013 2101 pepere-

224 2114 272 2139 rim
282 2113 364 2147 ﬁlium
376 2113 404 2139 in
419 2117 542 2140 senectute
557 2120 611 2139 mea
623 2112 636 2139 7
649 2111 721 2146 quod
735 2119 784 2146 ego
795 2119 854 2146 qua:
864 2111 951 2144 senui,
969 2118 1013 2145 pa—

224 2166 284 2186 rere
297 2158 428 2193 potuerim
444 2178 452 2190 ,
472 2162 498 2185 et
513 2158 538 2184 in
553 2157 602 2185 hac
614 2162 692 2184 aelate
706 2157 787 2184 lilium
808 2156 879 2184 alere
893 2157 991 2191 possim
1004 2157 1015 2183 ?

224 2205 251 2233 8.
262 2204 294 2232 Et
317 2206 404 2238 crevit,
419 2205 513 2240 inquit,
537 2213 608 2239 puer,
633 2209 657 2231 et
678 2204 818 2230 obluctatus
840 2208 885 2230 est.
902 2202 933 2229 Et
956 2203 1015 2237 fecit

217 2250 353 2278 'Abraham
374 2251 512 2278 convivium
531 2258 650 2285 magnum
667 2250 708 2276 die
722 2258 770 2284 quo
781 2249 922 2276 obluctatus
932 2254 967 2276 est
983 2249 1015 2283 ﬁ-

224 2296 272 2323 lius
288 2304 359 2324 suus.

258 2342 284 2370 6.
303 2341 329 2368 Μ
333 2341 410 2369 oralis
419 2341 569 2368 exhortatio.
579 2340 651 2367 Nihil
659 2349 708 2367 non
719 2340 784 2367 cedit
794 2340 867 2366 nutui
875 2340 967 2366 divino.
979 2355 1014 2359 —

225 2387 317 2415 Vidisti
331 2387 378 2415 Dei
393 2386 554 2414 inell’abilem
572 2386 729 2421 sapientiam
740 2406 748 2418 ,
761 2384 895 2420 quomodo
913 2385 1015 2419 patien-

223 2435 286 2462 tiam
293 2433 358 2469 justi
367 2434 452 2461 modis
461 2433 585 2461 omnibus
598 2432 729 2468 probavit,
741 2431 847 2466 quando
856 2431 913 2466 ipse
923 2435 950 2458 et
958 2439 1015 2458 om-

223 2488 270 2509 nes
278 2480 323 2516 qui
332 2480 418 2516 ipsum
425 2479 559 2512 videbant,
572 2479 694 2506 humanm
703 2482 804 2505 naturae
810 2478 880 2505 vires
890 2483 1014 2513 Spectan-

224 2533 272 2558 tes,
285 2525 350 2553 nihil
363 2533 471 2560 sperare
485 2524 628 2557 audebant,
642 2528 705 2551 tunc
719 2523 773 2558 ipsa
788 2523 928 2558 promissio
941 2531 1014 2550 com-

223 2572 294 2606 pleta
301 2571 360 2598 est?
370 2570 460 2606 Igitur,
472 2569 572 2602 dilecti,
586 2574 614 2597 et
627 2577 675 2597 nos
688 2568 821 2601 eamdem,
837 2576 915 2604 quam
927 2568 1015 2603 justus

223 2616 268 2643 ille
283 2616 435 2651 patientiam
449 2615 624 2644 exhibeamus
636 2636 643 2649 ,
658 2620 685 2642 et
700 2622 843 2649 numquam
856 2614 962 2642 desides
975 2615 1013 2641 si-

224 2671 283 2690 ntus
297 2671 303 2689 :
315 2662 360 2690 sed
372 2670 420 2698 spe
434 2663 504 2690 bona
517 2669 680 2695 recreemur,
694 2661 809 2689 scientes
824 2669 910 2696 neque
925 2669 1013 2688 rerum

224 2709 407 2737 difﬁcultatem
418 2730 425 2742 ,
441 2717 526 2745 neque
537 2709 607 2736 aliud
617 2708 679 2744 qttid
693 2708 836 2736 humanum
848 2707 1013 2735 obstaculum

225 2754 302 2782 nobis
312 2761 371 2782 esse
383 2762 472 2790 posse,
484 2755 506 2782 si
520 2753 626 2789 quando
637 2753 721 2788 gratia
732 2753 779 2780 Dei
789 2760 863 2780 suam
875 2753 1013 2780 declarare

225 2801 340 2829 voluerit
351 2801 548 2830 liberalitatem.
557 2799 666 2834 Quoties
674 2799 744 2827 enim
755 2799 799 2827 ille
810 2799 912 2832 annuit,
922 2798 1011 2826 omnia

740 79 771 106 IN
793 79 867 108 CAP.
888 78 960 119 XXI.
982 75 1105 106 GENES.
1122 76 1236 104 llOMlL.
1258 76 1348 104 XLVI.

1797 74 1853 103 42!

1063 134 1160 162 cedunt
1173 139 1199 161 et
1217 134 1413 170 obtemperant,
1440 139 1464 162 et
1487 135 1603 162 difficilia
1624 134 1709 162 facilia
1732 139 1803 167 sunt,
1823 140 1851 162 et.

1063 179 1237 214 impossibilia
1251 181 1385 215 possibilia
1396 202 1402 213 ,
1418 181 1439 208 si
1454 181 1620 208 solummodo
1634 181 1736 208 firmam
1752 181 1779 208 in
1793 182 1851 216 ipso

1063 224 1141 252 iidem
1151 232 1351 258 conservemus,
1360 231 1386 253 et
1396 226 1428 253 ad
1439 227 1647 261 magnitudinem
1656 227 1716 261 ejus
1725 227 1851 262 potentia:

1060 274 1214 305 spectantes
1226 269 1349 298 humanis
1367 271 1490 299 omnibus
1505 272 1656 306 superiores
1673 272 1766 298 simus.
1785 271 1851 299 Nam

1062 317 1106 351 qui
1121 316 1207 343 futura
1221 316 1290 344 bona
1301 322 1328 344 et
1343 316 1483 344 ineffabilia
1498 317 1541 344 illa
1552 317 1669 351 promisit
1686 317 1719 344 iis
1732 316 1777 352 qui
1791 325 1851 344 cum

1063 363 1159 389 virtute
1175 363 1255 389 vitam
1270 363 1311 389 hie
1327 363 1487 397 peraget-int,
1502 367 1600 398 quanto
1615 364 1698 398 magis
1711 367 1738 390 et
1748 371 1779 390 ea
1793 363 1851 398 qui-

1063 408 1112 435 bus
1127 408 1170 435 hic
1180 415 1247 443 opus
1261 413 1302 435 est
1314 408 1443 443 pra-bebit
1458 417 1464 435 :
1481 413 1507 435 ct
1521 408 1635 435 maxime
1650 409 1673 435 si
1688 416 1736 436 nos
1749 409 1791 436 illa
1805 409 1852 436 dc-

1062 454 1211 481 siderantes
1235 455 1377 489 prtrscnlia
1403 455 1600 490 despiciamus?
1621 456 1695 482 Tunc
1717 456 1789 483 enim
1811 457 1853 483 eis

1063 499 1178 526 maxime
1191 504 1217 526 et
1231 500 1344 527 ubertim
1361 499 1478 528 frueniur
1488 521 1494 530 .
1509 500 1615 535 quando
1630 509 1661 528 ea
1679 505 1851 528 contemnere

1063 545 1239 573 voluerimus.
1257 546 1371 573 Proinde
1391 546 1447 573 haec
1465 546 1598 579 scientes,
1613 546 1656 574 illa
1669 547 1854 574 desideremus

1064 591 1133 619 bona
1147 600 1206 626 qua:
1221 596 1330 620 manent
1348 596 1376 619 et
1396 592 1541 619 itntnobilia
1557 597 1628 624 sunt,
1652 596 1680 619 et
1694 600 1753 626 qua:
1774 592 1853 618 ﬁnem

1066 637 1209 664 nesciunt:
1234 642 1259 664 ut
1283 642 1310 664 et
1333 642 1491 671 praisentetu
1516 638 1596 664 vitam
1625 638 1690 664 citra
1719 637 1852 664 tristitiam

1064 682 1285 715 transmittamus,
1307 687 1334 709 et
1352 683 1394 709 illa
1412 681 1535 718 assequi,
1559 683 1665 717 illisque
1686 690 1780 710 omnes
1802 682 1853 709 fini

1064 729 1208 761 valeamus,
1224 729 1307 764 gratia
1324 733 1351 756 et
1365 729 1547 756 misericordia
1564 729 1669 755 Domini
1691 729 1774 756 nostri
1792 729 1856 756 .lestt

1063 773 1174 806 Christi,
1189 775 1230 801 cui
1252 781 1312 801 cum
1334 775 1411 802 Patre
1435 780 1461 802 et
1474 774 1574 809 Spiritu
1596 779 1689 802 sancto
1702 775 1735 801 sit
1755 774 1857 809 gloria,

1064 826 1135 846 nunc
1148 823 1174 846 et
1187 826 1303 854 semper,
1317 823 1344 846 et
1357 820 1382 846 in
1396 819 1492 846 saecula
1507 819 1674 846 surculorum.
1693 820 1788 846 Amen.

1336 875 1475 902 HOMILIA
1496 875 1587 902 XLVI.

1065 921 1098 949 Et
1111 922 1174 949 dixit
1194 922 1275 950 Sarra
1290 931 1296 949 ε
1315 922 1377 955 Quis
1390 923 1549 949 annuntiabit
1565 922 1686 952 Abrahae.
1701 924 1767 957 quod
1778 923 1852 950 lactat

1100 966 1205 991 puerum
1221 958 1324 986 Sarra?
1336 958 1404 993 quod
1420 958 1504 993 peperi
1519 958 1602 991 ﬁlium
1617 959 1641 984 in
1657 963 1782 985 senectute
1797 967 1852 985 utea

1100 993 1176 1027 (Gen.
1190 993 1235 1020 2i.
1253 992 1300 1027 7)?

1102 1051 1126 1077 l.
1141 1051 1197 1086 Age
1213 1055 1239 1077 et
1253 1049 1332 1077 hodie
1342 1070 1349 1083 ,
1364 1050 1463 1081 dilecti,
1482 1050 1538 1077 heri
1558 1049 1687 1077 dictorum
1703 1050 1799 1077 seriem
1815 1057 1856 1077 ro—

1067 1100 1198 1130 petentes,
1213 1096 1363 1123 convivium
1376 1096 1426 1124 hoc
1441 1096 1516 1123 vobis
1527 1097 1663 1131 spirituale
1675 1097 1836 1124 instruamus
1849 1105 1855 1122 :

1067 1146 1094 1169 ut
1109 1142 1216 1174 iterum,
1241 1142 1310 1169 sicut
1326 1141 1393 1175 lteri,
1415 1142 1550 1169 discamus
1571 1146 1596 1169 et
1612 1142 1675 1169 boni
1696 1142 1742 1169 Dei
1763 1141 1857 1169 inetia-

1067 1187 1147 1214 bilem
1160 1187 1360 1221 benignitatem,
1372 1195 1422 1222 qua
1432 1192 1522 1214 nostra
1533 1192 1618 1219 curat,
1634 1187 1710 1214 nobis
1720 1195 1749 1214 se
1760 1191 1857 1214 attem-

1067 1239 1177 1266 peraus,
1203 1236 1230 1259 et
1252 1239 1375 1267 magnam
1396 1232 1552 1267 patriarcha:
1572 1232 1751 1260 obedientiam
1775 1238 1855 1267 atque

1066 1281 1170 1312 gratum
1192 1277 1321 1304 animum.
1352 1277 1461 1304 Vidistis
1484 1277 1618 1312 quomodo
1640 1278 1763 1306 nativitas
1786 1279 1857 1306 Isaac

1067 1321 1174 1349 Sarram
1195 1321 1370 1350 exbilaravit?
1387 1322 1456 1349 Dixit
1475 1322 1550 1354 enim,
1574 1322 1674 1357 inquit,
1689 1322 1779 1350 Risum
1800 1323 1858 1358 fecit

1067 1367 1129 1394 mihi
1142 1368 1209 1395 Deus
1220 1376 1229 1394 :
1239 1376 1296 1394 nam
1308 1368 1350 1402 qui
1360 1368 1478 1397 audierit.
1491 1369 1609 1404 gaudebit
1625 1377 1731 1395 mecum.
1746 1369 1854 1402 Omnes,

1066 1413 1140 1446 dicit,
1163 1413 1299 1441 auditores
1325 1414 1466 1450 participes
1487 1414 1576 1449 gaudii
1601 1415 1652 1442 mei
1676 1414 1781 1442 faciam.
1802 1415 1858 1442 Ma-

1067 1467 1146 1494 gnum
1157 1459 1226 1486 enim
1236 1459 1333 1486 donum
1349 1459 1412 1487 milii
1424 1468 1439 1487 a
1455 1460 1509 1488 Deo
1519 1468 1674 1488 concessum
1686 1466 1737 1495 est,
1751 1462 1858 1497 etquod

1068 1506 1211 1532 humanam
1233 1506 1395 1533 transcendit
1419 1506 1610 1534 inﬁrmitatem.
1634 1507 1699 1541 Quis
1720 1508 1801 1541 enim,
1817 1508 1860 1535 in-

1067 1553 1135 1588 quit,
1152 1560 1205 1579 non
1218 1552 1401 1588 Obstupescat,
1417 1553 1510 1580 videns
1525 1561 1566 1581 me
1580 1553 1649 1581 lacte
1665 1561 1724 1581 meo
1739 1555 1858 1582 nutrien-

1068 1603 1121 1626 tem
1137 1606 1248 1634 ptterum
1264 1598 1289 1626 ll]
1302 1603 1420 1626 extrema
1433 1603 1579 1631 senectute,
1591 1607 1650 1634 qua:
1659 1599 1796 1634 hucusque
1806 1607 1858 1628 non

1068 1645 1179 1679 peperi?
1194 1645 1226 1672 Et
1239 1645 1314 1680 quasi
1329 1645 1464 1672 adntiratts
1484 1649 1510 1672 et
1525 1646 1635 1672 attonita
1650 1646 1684 1672 de
1699 1645 1779 1678 facto,
1792 1647 1858 1674 sub-

1068 1690 1134 1717 didit
1149 1699 1155 1717 :
1173 1691 1234 1722 Quis
1252 1691 1411 1718 annuntiabit
1432 1691 1557 1722 libra/ne,
1573 1692 1640 1726 quod
1660 1692 1737 1718 luctat
1753 1700 1858 1726 puerum

1069 1736 1168 1763 Sarra?
1179 1737 1247 1770 quod
1263 1737 1349 1772 peperi
1362 1737 1444 1771 ﬁlium
1459 1738 1485 1763 in
1498 1743 1622 1764 senectute
1634 1738 1711 1764 utea?
1725 1738 1856 1772 Quoniam

1069 1788 1149 1816 super
1159 1787 1281 1808 naturain
1291 1786 1333 1809 est
1344 1782 1394 1809 hoc
1408 1781 1518 1815 factum,
1534 1787 1672 1817 pt-Opterca
1686 1783 1780 1818 inquit,
1795 1783 1858 1817 Qui;

1068 1826 1248 1853 annuntiabit?
1269 1834 1300 1854 ac
1323 1827 1346 1854 si
1369 1827 1480 1861 diceret,
1508 1828 1572 1862 Quis
1595 1835 1686 1855 secum
1710 1829 1859 1862 reputabit?

1068 1871 1128 1905 quis
1143 1876 1232 1899 mente
1246 1872 1397 1907 concipiet?
1408 1870 1469 1908 'qua:
1484 1881 1558 1900 mens
1569 1873 1796 1908 comprehendere
1809 1882 1858 1909 po:

1070 1919 1149 1945 terit?
1162 1927 1221 1952 qum
1237 1919 1304 1945 ratio
1317 1919 1415 1946 sul‘licit
1431 1925 1458 1946 ut
1473 1924 1595 1947 accurate
1615 1920 1677 1948 facti
1698 1919 1778 1955 hujus
1799 1929 1858 1947 mo-

1068 1965 1131 1992 dum
1146 1964 1282 1992 inveniat?
1295 1964 1352 1991 Non
1367 1965 1405 1992 sic
1424 1965 1579 1993 admirabile
1603 1965 1650 1993 fuit
1661 1987 1668 1998 ,
1682 1974 1713 1993 ex
1737 1970 1809 2000 petra
1832 1967 1858 1994 in

1069 2010 1176 2037 deserto
1200 2011 1354 2038 scaturiisse
1377 2010 1463 2037 fontes
1486 2018 1631 2044 aquarum,
1655 2011 1760 2046 quando
1785 2011 1856 2038 illaut

1069 2055 1156 2082 Moses
1167 2055 1238 2090 virga
1251 2056 1381 2090 percussit
1392 2055 1489 2090 (Exod.
1506 2055 1550 2091 l'i)
1565 2065 1571 2082 :
1586 2056 1654 2083 sicut
1667 2056 1700 2083 de
1712 2057 1789 2083 vulva
1802 2057 1858 2091 jam

1067 2106 1187 2129 etnortua
1210 2110 1321 2136 puerutn
1348 2103 1421 2129 nasci
1446 2101 1539 2138 (Num.
1555 2102 1618 2138 '20),
1633 2103 1748 2130 etlactis
1770 2103 1858 2131 fontes

1067 2148 1206 2175 scaturire.
1221 2147 1286 2174 Nam
1302 2153 1329 2174 ut
1344 2148 1468 2175 omnibus
1488 2153 1580 2183 partus
1604 2148 1759 2176 manifestus
1776 2154 1856 2181 esset,

1067 2199 1093 2220 et
1107 2200 1211 2225 omnes,
1228 2198 1281 2220 tam
1297 2201 1344 2221 eos
1358 2194 1401 2228 qui
1420 2197 1484 2221 tunc
1498 2193 1619 2226 aderant,
1635 2201 1713 2228 qttam
1727 2194 1771 2229 qui
1787 2200 1859 2228 post-

1067 2247 1097 2266 ea
1119 2239 1262 2272 audierint,
1279 2239 1312 2266 ad
1338 2239 1417 2267 ﬁdem
1440 2240 1560 2267 miraculi
1584 2240 1732 2273 induceret,
1758 2241 1858 2268 idcirco

1068 2286 1124 2320 ipsa
1138 2294 1249 2320 puerum
1263 2286 1309 2312 alit
1322 2290 1349 2313 et
1362 2286 1430 2313 lacte
1442 2293 1492 2313 suo
1505 2286 1560 2313 vult
1573 2286 1702 2314 enutrirc.
1719 2286 1751 2314 Et
1763 2286 1857 2322 inquit,

1069 2332 1132 2365 Quis
1145 2332 1304 2359 annuntiubit
1324 2331 1433 2359 Abrahw
1442 2353 1449 2366 ,
1463 2333 1531 2367 quod
1545 2333 1619 2359 Iactet
1639 2341 1743 2368 puerum
1757 2333 1862 2360 Sarra!

1067 2378 1118 2405 hoc
1137 2386 1234 2405 novum
1248 2383 1274 2405 et
1290 2378 1459 2408 admirabile,
1476 2383 1503 2406 et
1523 2383 1619 2413 prmter
1632 2379 1856 2413 exspectationem

1068 2423 1132 2450 mihi
1145 2431 1300 2451 concessum
1310 2445 1317 2455 ,
1340 2424 1433 2459 inquit,
1450 2423 1524 2457 Quod
1541 2423 1626 2458 peperi
1648 2423 1729 2457 ﬁlium
1742 2424 1769 2450 in
1784 2431 1857 2450 sene-

1067 2475 1133 2498 ctute
1144 2479 1207 2496 mea.
1222 2470 1289 2503 Quid
1302 2470 1351 2497 hoc
1362 2474 1412 2501 est,
1423 2469 1514 2505 Pcpcri
1524 2470 1605 2503 ﬁlium
1616 2469 1642 2496 in
1651 2473 1775 2496 senectute
1782 2477 1837 2496 mea
1846 2470 1859 2496 .’

1067 2517 1134 2552 Quia
1149 2522 1246 2552 printer
1258 2517 1424 2543 sterilitatem
1440 2515 1586 2543 sullieiebat
1602 2519 1717 2542 senecta:
1735 2519 1839 2549 tempus
1849 2535 1857 2547 ,

1069 2567 1097 2589 ut
1111 2567 1200 2597 partus
1223 2569 1282 2597 spes
1298 2561 1444 2588 tolleretur.
1461 2560 1648 2588 Verumtamen
1668 2560 1857 2595 impedimenta

1069 2609 1125 2636 haec
1137 2608 1226 2635 omnia
1241 2616 1256 2636 e
1269 2607 1356 2635 medio
1378 2607 1484 2635 sustulit
1507 2607 1633 2634 Dominus
1644 2628 1650 2640 ,
1665 2611 1692 2634 et
1710 2607 1783 2642 pueri
1796 2615 1856 2642 par-

1069 2660 1125 2682 tum
1140 2659 1167 2681 et
1179 2654 1253 2682 lactis
1268 2653 1354 2680 fontes
1370 2653 1434 2680 tnilti
1449 2653 1592 2680 concessit.
1608 2652 1706 2680 Verum
1723 2652 1857 2680 videamus

1068 2702 1217 2737 sequentia.
1234 2701 1374 2735 Postquam
1399 2700 1536 2734 impletum
1552 2703 1592 2726 est
1609 2698 1722 2727 lactendi
1739 2703 1855 2734 tempus,

1074 2748 1256 2783 Vidit.inquit,
1272 2748 1352 2774 Sarra
1366 2746 1447 2781 ﬁliuni
1469 2746 1537 2782 Agar
1555 2745 1705 2780 Egyptiw,
1724 2746 1766 2780 qui
1780 2750 1854 2772 natus

1066 2801 1102 2823 est
1115 2796 1231 2828 Abraltte,
1244 2794 1368 2822 ludentem
1380 2801 1436 2820 cum
1447 2792 1521 2821 Isaac
1533 2800 1608 2828 puero
1619 2800 1674 2819 suo.
1692 2791 1734 2820 l0.
1749 2791 1780 2818 Et
1790 2791 1854 2818 dixit
