2044 3131
242 110 293 138 ιΞδ

238 165 348 193 Δόναὴα
360 175 370 194 :
385 167 457 202 Ejice
477 169 599 197 ancilla»:
615 171 682 199 hanc
699 178 722 200 et
738 174 821 209 filium
836 176 900 210 ejus.
926 175 1030 212 Nequa-

238 220 312 246 quam
323 213 389 240 enim
403 213 474 241 heres
482 215 529 242 erit
541 215 612 251 filius
623 218 726 246 ancilla
737 227 794 246 cum
808 221 862 255 ﬁlio
873 229 927 249 meo
941 221 1028 250 Isaac.

237 258 281 287 Η.
297 258 392 285 Durum
405 264 488 287 autem
500 263 620 297 apparuit
630 263 734 292 verbum
743 266 791 292 hoc
803 274 889 293 coram
901 267 1030 295 Abraham

237 313 316 340 super
334 305 389 339 [ilio
405 314 461 335 suo.
478 306 552 340 Vide,
575 308 698 343 obsecro,
726 311 782 344 hic,
799 311 905 345 dilecte,
921 314 1028 341 Sarram

236 350 331 377 iterum
347 359 400 379 non
416 352 546 381 ferentem
556 354 675 384 lsmaelis
691 357 799 384 nimiam
815 358 960 392 licentiam,
977 368 1026 388 nc-

235 403 286 430 que
302 397 434 431 patienter
445 399 578 427 sustinere
600 401 733 429 volentem
753 403 857 431 ancilla:
870 404 952 432 lilium
966 413 1026 433 eum

234 449 283 468 suo
302 441 375 470 Isaac
388 450 603 473 conversantem.
617 446 691 475 Sicut
705 448 784 483 igitur
797 450 870 484 prius
883 452 1024 486 superbum

234 487 356 520 spiritum
375 489 446 524 Agar
460 489 601 519 humiliare
617 493 720 526 volens,
737 494 888 523 vehementi
906 497 1026 533 indigna-

233 533 305 560 tione
320 533 407 568 fugam
428 535 495 563 inire
507 544 564 564 eam
579 538 667 573 coegit
680 548 685 566 :
700 539 736 566 ita
758 545 784 567 et
798 548 868 569 nunc
887 542 977 570 volens
991 543 1024 571 ab

233 577 309 604 initio
324 580 470 614 reprimere
484 581 602 611 lsmaclis
617 585 805 620 temeritatem,
818 592 845 614 et
857 595 909 615 non
922 588 1022 623 ferens,

231 630 292 649 cum
306 623 409 652 videret
423 633 535 660 puerum
550 635 627 655 suum
642 636 657 656 a
676 629 730 657 Deo
745 631 796 658 sibi
813 631 940 660 donatum
962 641 1022 662 cum

229 668 333 695 ancillae
343 669 508 705 Egyptian
519 671 573 700 lilio
586 673 664 701 simul
681 676 792 708 versari,
806 676 871 705 dicit
884 678 998 706 Abrahae
1013 689 1020 707 :

231 712 304 748 Ejice
315 712 442 742 ancillam
458 721 481 743 et
493 717 575 751 [ilium
587 719 650 752 eius.
666 719 804 748 Non-enim
814 723 859 749 erit
870 723 941 751 heres
953 725 1021 759 ﬁlius

229 760 331 787 ancilla.-
343 760 419 796 hujus
431 770 488 789 cum
501 763 556 798 ﬁlio
567 772 633 792 meo.
645 766 775 799 Quoniam
786 773 813 796 et
826 777 855 796 se
866 770 891 796 in
902 776 1020 800 extrema

229 810 308 833 :ctate
317 813 377 833 esse
388 807 505 842 videbat,
517 813 543 836 et
555 811 730 844 patriarcham
741 821 845 849 quoque
855 815 1019 851 decrepitum

228 851 317 885 (erant
328 851 398 879 enim
412 853 507 886 ambo,
525 856 619 890 inquit,
637 857 707 892 pleni
722 859 836 896 dierum)
846 881 854 894 ,
869 863 1018 898 suspicans,

227 897 249 923 si
265 896 333 924 forte
347 904 456 933 repente
469 907 648 936 morerentur,
671 912 703 931 ne
717 905 828 940 lsmael,
844 915 877 935 eo
895 909 966 943 quod
986 917 1017 938 ex

228 943 384 976 patriarcha:
399 946 540 974 concubitu
556 955 633 975 natus
647 955 735 984 esset,
751 958 781 979 se
796 952 821 979 in
842 954 925 988 patris
939 955 1017 983 herc-

224 987 334 1016 tlitatent
349 990 502 1023 intrudere,
518 994 726 1030 participemque
740 1002 765 1024 et
779 987 906 1033 :cqualem
926 1000 1016 1028 lsaaco

225 1034 284 1061 lieri
307 1039 421 1063 tentaret
442 1046 448 1064 :
471 1037 569 1065 idcirco
589 1039 662 1073 dicit,
683 1040 757 1077 Ejice
776 1045 896 1072 ancillam
917 1047 975 1074 hinc
993 1053 1016 1075 et

223 1078 306 1112 ﬁlium
324 1081 388 1116 ejus.
413 1081 510 1117 Discat,
530 1084 629 1120 inquit,
647 1086 702 1121 jam
724 1088 791 1115 nihil
807 1097 947 1120 commune
967 1093 1015 1120 ha~

222 1124 338 1153 biturum
359 1127 442 1155 lilium
457 1130 560 1158 ancillrc
577 1139 637 1158 cum
662 1133 717 1160 ﬁlio
738 1142 798 1162 meo
818 1136 898 1164 Isaac.
924 1138 1015 1174 Neque

221 1169 293 1196 enim
311 1179 415 1206 aequum
435 1178 476 1200 est
495 1180 522 1201 ut
543 1175 611 1203 illius
632 1176 764 1213 Egyptia:
784 1185 810 1207 et
828 1182 931 1210 ancillae
953 1169 1013 1211 cum

221 1215 277 1243 lilio
291 1224 352 1244 meo
369 1222 396 1245 et
410 1218 524 1248 dominae
543 1222 622 1250 simul
640 1230 768 1253 versetur.
785 1226 916 1255 Creterum
934 1230 1013 1258 Sarra

220 1268 274 1288 non
303 1262 361 1290 sine
384 1271 463 1291 causa
485 1273 543 1293 rem
566 1267 635 1295 hanc
650 1270 719 1304 egit,
742 1272 789 1299 sed
812 1272 873 1308 jure
899 1282 931 1302 ac
955 1283 1013 1303 me—

220 1308 282 1341 rito,
303 1313 381 1344 atque
404 1310 440 1337 ita
458 1318 649 1348 congruenter,
672 1321 700 1343 ut
719 1321 746 1344 et
763 1318 833 1346 Deus
855 1320 1012 1350 collaudarit

218 1352 276 1387 ejus
302 1353 382 1381 dicta.
407 1355 559 1385 Patriarcha
582 1367 646 1387 vero
667 1360 736 1390 bene
757 1363 867 1392 aﬂ‘ectus
889 1374 952 1402 erga
970 1367 1009 1396 Is-

221 1400 344 1433 maelem,
362 1402 473 1430 moleste
485 1405 633 1439 accipiebat
648 1416 707 1442 qua:
721 1416 736 1436 a
749 1409 828 1438 Sarra
842 1400 1008 1442 dicebantur.

217 1444 319 1472 Durum
346 1448 433 1480 enint,
457 1449 557 1485 inquit,
585 1455 705 1488 apparuit
730 1456 830 1484 verbum
852 1459 900 1485 hoc
924 1468 1009 1489 coram

216 1490 346 1518 Abraham
368 1492 400 1520 de
413 1493 469 1527 [ilio
484 1503 540 1522 suo.
556 1497 648 1533 Neque
661 1501 731 1527 enim
755 1501 788 1529 de
803 1503 874 1537 Agar
894 1506 1007 1534 multum

214 1536 346 1564 sollicitus
358 1543 426 1570 erat,
445 1540 493 1567 sed
512 1549 574 1577 erga
594 1551 704 1578 puerum
721 1546 756 1574 ita
772 1536 949 1584 afﬁciebatur,
964 1556 1007 1579 ut-

214 1586 279 1614 pote
291 1581 345 1617 jam
358 1583 566 1615 adolescentem.
582 1588 635 1617 Sed
649 1593 805 1628 considera,
820 1596 945 1631 obsecro,
964 1599 1006 1628 hic

214 1627 356 1656 clementis
371 1630 417 1657 Dei
431 1632 526 1660 miram
541 1635 719 1665 clementiam.
741 1639 806 1667 Nam
823 1643 883 1677 quia
898 1644 962 1672 vidit
976 1650 1003 1673 et

214 1673 322 1702 Sarram
342 1677 395 1710 pati
410 1678 511 1714 aliquid
527 1680 687 1717 humanum,
706 1691 733 1712 et
745 1694 816 1721 mgre
830 1673 899 1717 l‘crre
913 1698 1002 1725 pareto

212 1720 329 1749 ﬁliorum
351 1723 502 1754 honorem:
523 1727 602 1762 idque
620 1731 716 1758 merito
732 1740 739 1758 :
761 1720 894 1762 Abraham
913 1720 1002 1766 autem

212 1773 265 1794 non
277 1766 347 1795 ferre
361 1777 438 1805 aequo
451 1772 541 1800 animo
556 1773 711 1809 cjectionem
728 1777 845 1808 lsmaelis
859 1787 885 1808 et
899 1784 1002 1812 ancilla:

213 1812 285 1848 (nam
308 1814 368 1842 licet
393 1824 447 1844 non
468 1818 650 1848 obluctaretur
671 1822 758 1852 Sarra:
780 1826 814 1853 ob
840 1827 1001 1863 singularem

211 1860 441 1889 mansuetudinem
453 1884 461 1895 ,
480 1868 595 1892 attamen
617 1867 713 1896 durum
726 1870 751 1897 ei
775 1860 913 1902 videbatur
927 1884 934 1902 :
950 1875 1001 1904 hoc

209 1907 251 1930 est
260 1911 352 1939 grave,
364 1907 505 1935 molestum
517 1915 544 1937 et
555 1913 722 1949 onerosum),
734 1921 796 1944 tunc
807 1917 914 1947 demum
923 1928 998 1949 suam

208 1949 312 1977 solitam
326 1959 435 1980 servans
450 1955 658 1985 misericordiam
668 1980 676 1991 ,
691 1965 718 1987 et
729 1963 879 1991 concordiae
893 1965 998 1994 illorum

208 1995 329 2030 copulam
341 1999 534 2034 constringens,
545 2001 609 2029 dicit
619 2004 652 2030 ad
666 2005 801 2035 "Abraham
814 2017 820 2034 :
835 2009 878 2036 l2.
896 2010 936 2038 Ne
948 2012 998 2039 du-

207 2048 263 2067 rum
274 2043 306 2069 sit
319 2051 404 2070 coram
415 2049 439 2071 te
450 2047 549 2074 verbum
562 2048 608 2075 hoc
622 2050 654 2076 de
666 2059 744 2085 puero
755 2058 779 2080 et
788 2055 893 2084 ancilla.
905 2057 997 2086 Omnia

207 2094 367 2122 quacumque
377 2089 467 2117 dixerit
483 2093 527 2118 tibi
540 2093 620 2121 Sarra
630 2115 637 2128 ,
653 2097 714 2123 audi
726 2105 808 2126 vocem
822 2101 886 2135 ejus.
900 2102 938 2130 Ne
952 2111 996 2131 ac-

206 2131 298 2166 cipias,
310 2133 404 2168 inquit,
413 2137 529 2169 graviter
540 2139 609 2172 quod
623 2140 656 2167 ab
668 2149 699 2168 ea
710 2143 808 2172 dictum
820 2131 864 2174 tibi
873 2153 914 2176 est
926 2157 933 2176 :
946 2151 994 2178 sed

208 2175 301 2203 Omnia
313 2187 475 2214 quascumque
487 2183 578 2209 dixerit
595 2185 638 2212 tibi
652 2187 743 2221 Sarra,
755 2191 817 2224 audi
831 2200 914 2220 vocem
927 2196 993 2230 ejus.

240 2221 268 2248 2.
282 2222 352 2256 Agar
359 2223 473 2257 ejicitur;
482 2227 622 2256 obedientia
632 2221 924 2269 Abralnejprovidentia

205 2265 312 2293 —Il:cc
325 2268 423 2301 omnia,
438 2269 532 2306 inquit,
544 2280 603 2307 qua:
616 2282 687 2302 nunc
700 2277 745 2304 tibi
760 2265 823 2306 dicit
834 2281 866 2309 de
882 2283 992 2314 lsmaele

205 2315 234 2338 et
246 2311 279 2338 de
294 2312 380 2347 Agar,
395 2315 486 2351 accipe
501 2325 507 2342 :
523 2322 549 2344 et
568 2319 629 2346 audi
655 2328 746 2349 vocem
768 2325 835 2358 ejus.
861 2327 899 2356 Ne
914 2311 989 2365 velis,

201 2356 297 2391 inquit,
311 2360 470 2387 contristare
491 2369 549 2389 eam
560 2384 568 2396 ,
584 2372 642 2398 qua:
662 2370 735 2395 tanto
756 2373 874 2406 tempore
888 2356 989 2404 tantum

201 2408 320 2430 amorem
338 2412 400 2439 erga
417 2410 442 2433 te
456 2406 600 2436 declaravit
616 2419 623 2437 :
637 2418 696 2446 qua:
716 2421 768 2441 non
782 2417 868 2445 solum
885 2422 986 2455 semel,

201 2447 247 2475 sed
262 2453 289 2476 et
303 2451 431 2484 secundo,
448 2456 476 2479 ut
494 2458 519 2480 te
531 2462 546 2481 a
567 2460 654 2484 morte
668 2459 793 2494 eriperet,
809 2464 923 2499 seipsam
939 2447 987 2501 prd

199 2496 242 2519 tua
256 2493 340 2521 salute
350 2497 490 2531 exposuit,
512 2504 538 2526 et
551 2506 643 2529 auctor
656 2493 716 2531 tuae,
729 2493 806 2542 hujus
821 2493 911 2545 gloriae
926 2493 984 2541 litit.

197 2537 316 2566 Primum
327 2540 433 2574 quidem
445 2542 507 2570 fecit
520 2550 547 2572 ut
557 2553 616 2574 eum
629 2550 711 2578 tantis
721 2537 985 2593 divitiisabmlgypto

195 2583 309 2617 redires,
326 2591 416 2620 postea
431 2595 493 2616 vero
508 2590 603 2619 iterum
617 2593 643 2620 in
655 2602 733 2624 causa
745 2598 793 2626 fuit
807 2605 835 2628 ut
848 2602 884 2629 ita
899 2583 984 2632 belie-

195 2635 337 2657 neraretur
363 2636 389 2659 ct
411 2632 565 2663 observaret
589 2638 766 2670 Abimelech.‘
781 2644 820 2672 Ne
839 2647 918 2681 igitur
943 2650 983 2677 ἀι-

193 2680 270 2701 versa
292 2675 325 2703 ab
347 2675 389 2704 his
409 2686 469 2713 qua:
490 2681 596 2717 loquuta
611 2690 653 2713 est
675 2688 742 2716 velis
764 2690 831 2719 inire
850 2696 981 2725 consilia:

192 2720 330 2749 enimvero
345 2731 396 2751 non
408 2726 486 2754 aliter
496 2730 609 2758 eveniet.
624 2731 651 2759 ln
664 2732 735 2762 Isaac
745 2738 816 2764 enim
827 2747 859 2766 ex
872 2747 903 2768 ea
917 2748 980 2770 nato

192 2769 275 2824 prin;
275 2774 366 2796 semen
381 2772 528 2807 vocabitur,
543 2780 569 2803 et
580 2776 636 2811 ipse
647 2780 697 2807 erit
709 2786 769 2810 tuus
780 2783 858 2814 heres
872 2787 907 2823 (υ.
921 2789 980 2824 12).

275 2812 344 2824 ll:._.,
401 2820 407 2824 .
469 2819 496 2824 ι..

190 2809 233 2839 $3.
250 2810 346 2841 Filium
363 2820 447 2844 autem
466 2819 540 2848 illum
550 2809 650 2851 ancilla
667 2833 777 2856 crescere
789 2809 895 2866 faciani,
907 2840 931 2863 et
951 2809 976 2864 in

625 111 654 140 S.
674 112 814 142 JOANNIS
826 113 1062 144 CHRYSOSTOMI
1081 117 1239 149 ARCHIEP.
1259 123 1527 164 CON§TANTINOP.

1827 140 1882 170 ιει

1085 185 1184 214 gentem
1196 190 1314 218 magnam
1328 187 1422 221 faciam
1432 210 1438 222 ,
1452 192 1572 225 quoniam
1584 201 1667 222 semen
1680 201 1751 224 tuum
1762 203 1808 226 est.
1824 199 1878 229 Fac

1085 225 1164 280 igitur
1173 235 1231 263 qua
1246 230 1290 257 illa
1306 231 1351 259 tibi
1362 233 1470 270 dixerit,
1483 241 1510 264 et
1527 238 1603 266 obedi
1618 242 1676 268 voci
1689 243 1756 277 ejus.
1778 225 1878 280 Cogit;

1085 270 1138 303 hic,
1153 273 1275 309 obsecro,
1292 283 1389 312 quanta
1403 281 1492 309 subito
1505 285 1648 313 concordia
1661 291 1688 315 et
1702 270 1752 323 pax
1766 289 1792 316 in
1807 270 1875 318 erm-

1084 318 1234 348 tubernium
1254 330 1347 352 eorum
1368 330 1541 363 concesserit,
1563 331 1680 361 bonitate
1704 335 1794 363 divina
1815 338 1876 364 vin-

1081 365 1171 393 culum
1194 375 1285 397 eorum
1307 374 1515 410 constringente.
1531 377 1574 405 ll.
1600 379 1717 407 Surrexit
1740 382 1818 415 enim,
1835 383 1875 411 in-

1081 416 1148 446 quit,
1156 420 1239 446 mane,
1246 420 1270 442 et
1279 419 1373 452 accepit
1380 427 1467 454 panes,
1476 426 1499 448 et
1506 427 1585 449 utrem
1595 432 1678 459 aqum,
1685 431 1708 452 et
1716 426 1785 454 dedit
1794 429 1876 463 Agar,

1081 461 1106 483 et
1123 457 1244 493 imposuit
1261 469 1337 496 super
1350 464 1481 493 humerum
1494 467 1549 501 ejus
1564 473 1588 495 et
1609 457 1728 504 puerum,
1742 478 1766 499 et
1779 457 1875 501 dimisit

1080 511 1145 531 eam.
1157 504 1223 534 Vide
1233 507 1276 535 hic
1286 508 1381 537 iterum
1391 511 1455 546 justi
1470 514 1593 542 eximiam
1608 517 1776 550 probitatem,
1785 524 1873 555 etqua

1079 549 1183 578 ratione
1206 551 1234 579 in
1258 554 1382 583 omnibus
1409 558 1560 594 religiosam
1584 549 1660 588 suam
1684 568 1800 591 mentem
1825 564 1874 593 de-

1078 595 1173 623 claret.
1191 596 1256 624 Nam
1272 600 1379 634 quando
1392 602 1491 631 audivit
1505 604 1612 633 Sarram
1630 606 1781 642 dicentem,
1799 609 1874 645 Ejice

1078 641 1198 670 ancillam
1209 648 1233 671 et
1247 645 1329 680 ﬁlium
1343 648 1399 683 ejus
1410 657 1420 675 :
1433 649 1528 678 durum
1543 652 1568 679 ei
1584 652 1723 681 videbatur
1732 675 1740 688 ,
1754 641 1787 682 eo
1799 641 1870 690 quod

1077 686 1144 715 bene
1155 688 1319 719 afficiebatur
1329 700 1392 728 erga
1407 694 1544 723 lsmaelem
1557 706 1564 724 :
1576 705 1669 725 verum
1685 700 1729 727 ubi
1743 700 1871 729 Dominus

1076 734 1213 769 pratcepit,
1234 737 1323 764 statim
1342 738 1405 766 fecit
1419 741 1490 775 quod
1515 742 1671 777 imperatum
1693 749 1765 778 erat,
1787 747 1868 773 etiam

1075 779 1203 806 naturalis
1213 782 1313 810 amoris
1326 783 1434 819 oblitus,
1445 788 1521 821 quasi
1531 787 1649 816 diceret:
1663 789 1711 818 Ubi
1725 791 1788 826 quid
1801 799 1868 826 pra:-

1075 823 1138 858 eipit
1154 825 1292 861 Dominus,
1304 828 1436 858 lacessant
1447 839 1540 861 omnes
1553 834 1707 863 all'eetiones
1721 845 1728 863 :
1744 837 1804 872 quia
1818 846 1867 865 na-

1075 873 1140 897 turae
1155 870 1283 900 Dominus
1294 878 1344 907 est,
1359 875 1405 910 qui
1421 878 1550 912 praecipit.
1566 878 1601 906 Ut
1611 882 1706 916 accepit
1720 870 1807 918 igitur.
1823 884 1866 911 in-

1073 915 1140 950 quit,
1165 918 1259 945 ancilla
1280 928 1368 955 panes,
1383 926 1407 948 et
1427 928 1507 950 utrem
1526 932 1614 959 aqum,
1628 915 1784 961 egressa‘est
1803 937 1860 956 cum

1074 970 1162 996 puero.
1168 962 1277 999 Verum,
1289 966 1411 1000 obsecro,
1424 969 1484 997 vide
1494 970 1600 1004 iterum,
1613 975 1747 1007 quomodo
1758 981 1864 1010 propter

1071 1007 1293 1046 benevolentiam,
1310 1021 1361 1048 qua
1377 1017 1586 1052 prosequebatur
1596 1019 1697 1054 justum
1713 1021 1792 1054 Deus,
1807 1023 1863 1050 ha-c

1071 1061 1176 1090 quoque
1191 1065 1306 1092 superna
1319 1067 1384 1088 cura
1399 1062 1479 1098 digna
1498 1063 1637 1092 habeatur.
1654 1066 1688 1094 Ut
1705 1075 1770 1102 ergo
1788 1069 1861 1101 abiit,

1069 1100 1216 1134 vagabatur
1236 1111 1283 1138 per
1297 1106 1467 1135 solitudinem
1479 1129 1487 1141 ,
1507 1114 1606 1137 etcum
1619 1118 1686 1146 aqua
1705 1100 1861 1148 consumpta

1069 1146 1168 1174 nullam
1190 1156 1301 1184 usquam
1316 1151 1448 1180 inveniret
1460 1155 1669 1184 consolationem
1680 1178 1689 1191 ,
1705 1158 1749 1185 15.
1766 1146 1861 1194 Abjecit

1069 1200 1186 1226 puerum,
1200 1194 1294 1229 inquit,
1310 1197 1393 1224 subter
1407 1207 1482 1226 unam
1494 1200 1608 1228 abietem.
1623 1202 1860 1238 Disrumpcbantur

1067 1238 1138 1265 enim
1153 1239 1212 1274 ejus
1223 1241 1335 1275 viscera,
1351 1248 1378 1270 et
1390 1243 1497 1273 dolebat
1516 1247 1628 1274 multum
1643 1249 1677 1275 ob
1690 1249 1859 1277 immodicam

1066 1292 1128 1320 erga
1142 1292 1254 1321 puerum
1269 1288 1447 1318 affectionem.
1464 1291 1506 1320 l6.
1521 1291 1610 1326 Sedit,
1625 1295 1723 1329 inquit,
1740 1296 1861 1324 adversus

1065 1339 1137 1365 eum,
1151 1333 1224 1367 quasi
1235 1334 1271 1360 ad
1284 1335 1384 1370 jactum
1403 1344 1485 1364 arcus.
1508 1337 1614 1365 Dicebat
1633 1340 1721 1367 enim:
1741 1340 1801 1367 Non
1821 1343 1859 1368 ui-

1064 1375 1126 1402 debo
1141 1383 1246 1404 mortem
1260 1380 1332 1413 pueri
1350 1381 1408 1407 mei.
1429 1380 1464 1408 Et
1476 1383 1540 1410 sedit
1554 1392 1567 1410 e
1581 1385 1683 1419 regione
1702 1387 1783 1419 pueri.
1799 1386 1859 1412 Cla-

1063 1429 1136 1448 mans
1150 1427 1233 1449 autent
1247 1432 1319 1459 puer,
1336 1426 1444 1460 ploravit
1458 1427 1506 1463 (a).
1519 1427 1651 1456 Caeterum
1664 1431 1819 1459 misericors
1830 1436 1856 1459 et

1062 1468 1192 1503 benignus
1207 1469 1276 1498 Deus
1286 1492 1292 1503 ,
1309 1473 1392 1506 patris
1413 1478 1440 1500 et
1454 1475 1545 1502 matris
1565 1483 1627 1510 erga
1642 1484 1691 1503 nos
1703 1485 1793 1505 curam
1808 1486 1856 1505 sna

1062 1515 1252 1543 transcenderis
1270 1517 1377 1551 pietate,
1402 1519 1446 1546 l7.
1466 1519 1604 1548 Exaudivit
1624 1531 1707 1549 vocem
1729 1524 1801 1557 pueri
1824 1525 1856 1551 de

1061 1559 1117 1586 loco
1131 1560 1174 1587 ubi
1196 1567 1251 1588 erat
1270 1570 1279 1588 :
1302 1564 1427 1592 misertus
1450 1570 1530 1593 estet
1553 1567 1627 1601 pueri
1651 1572 1677 1595 et
1697 1569 1855 1597 mlamitatis

1059 1605 1130 1640 Agar
1141 1614 1150 1633 :
1161 1608 1282 1641 permisit
1292 1613 1392 1636 tantum
1406 1618 1464 1638 eam
1478 1612 1591 1646 expoliri
1606 1613 1668 1648 quid
1680 1615 1852 1648 sitsolitndo,

1059 1654 1180 1680 etstatim
1190 1662 1266 1682 suum
1275 1657 1408 1684 concessit
1419 1659 1582 1692 prmsidium.
1593 1658 1626 1685 Et
1638 1661 1741 1694 vocavit,
1754 1661 1849 1696 inquit,

1058 1698 1163 1732 angelus
1179 1698 1226 1727 Dei
1240 1701 1309 1736 Agar
1321 1702 1351 1728 de
1365 1703 1436 1735 caelo,
1454 1708 1476 1730 et
1492 1704 1586 1731 dixitei
1595 1713 1605 1732 :
1617 1705 1685 1738 Quid
1699 1711 1745 1740 est,
1761 1707 1852 1742 Agar?

1058 1742 1100 1770 Ne
1115 1743 1224 1772 timeas:
1239 1747 1334 1773 audivit
1349 1749 1414 1776 enim
1427 1748 1497 1777 Deus
1510 1758 1594 1778 uocent
1605 1752 1678 1786 pueri
1692 1753 1723 1779 de
1738 1753 1794 1780 loco
1809 1754 1851 1780 ubi

1056 1794 1100 1817 est.
1116 1791 1160 1818 l8.
1180 1791 1273 1828 Surge,
1293 1795 1379 1829 accipe
1393 1805 1513 1830 puerum,
1527 1803 1551 1825 et
1568 1801 1729 1834 apprehende
1745 1810 1849 1830 ntanum

1055 1837 1110 1869 eius
1125 1845 1134 1863 :
1146 1837 1171 1864 in
1185 1844 1282 1873 gentem
1297 1842 1363 1868 enim
1378 1851 1497 1879 magnam
1510 1846 1602 1880 faciam
1621 1855 1689 1874 eum.
1703 1847 1725 1875 0
1743 1848 1849 1876 miscri-

1054 1881 1173 1910 cordiam
1197 1884 1320 1913 Domini!
1342 1887 1399 1914 Non
1425 1889 1486 1924 quia
1508 1891 1603 1918 ancilla
1627 1899 1695 1926 erat,
1721 1893 1847 1929 despexit

1053 1934 1111 1954 eam
1125 1936 1132 1960 ;
1148 1928 1195 1956 sed
1208 1931 1268 1964 quia
1289 1933 1445 1966 patriarcha:
1465 1937 1637 1971 promiserat,
1653 1944 1680 1966 et
1697 1940 1758 1974 quia
1771 1928 1847 1969 illius

1052 1979 1145 2001 semen
1158 1980 1224 2008 erat,
1238 1981 1336 2004 tantam
1348 1987 1453 2015 quoque
1464 1989 1554 2009 curam
1565 1991 1628 2018 erga
1640 1992 1697 2012 eam
1708 1985 1846 2015 declarare

1052 2017 1185 2053 dignatur.
1201 2021 1284 2049 Dicit:
1300 2023 1368 2056 Quid
1379 2031 1424 2058 est,
1437 2026 1524 2062 Agar!
1540 2027 1581 2055 Ne
1593 2017 1681 2056 timeas
1694 2038 1704 2057 :
1717 2033 1844 2059 exaudivit

1050 2066 1116 2092 enim
1135 2066 1259 2095 Dominus
1279 2078 1364 2097 vocem
1378 2073 1459 2106 pueri.
1478 2073 1561 2110 Surge
1577 2080 1600 2102 et
1614 2077 1699 2112 accipe
1721 2078 1804 2110 illum,
1819 2084 1844 2106 et

1049 2114 1210 2147 apprehende
1224 2122 1326 2142 manant
1337 2117 1390 2152 ejus
1402 2126 1413 2146 :
1427 2119 1453 2146 in
1466 2125 1563 2155 gentem
1587 2122 1653 2149 enim
1670 2132 1788 2159 magnam
1802 2127 1843 2160 [a—

1048 2157 1113 2184 ciam
1121 2157 1205 2186 illum.
1217 2159 1254 2187 Ne
1265 2169 1388 2195 maereas,
1400 2163 1494 2199 inquit,
1506 2173 1538 2192 eo
1549 2167 1620 2201 quod
1637 2175 1652 2195 e
1666 2157 1747 2196 domo
1756 2169 1839 2205 ejecta

1047 2203 1093 2229 sis.
1110 2202 1222 2231 Tantam
1235 2206 1305 2233 enim
1326 2215 1417 2235 curam
1443 2218 1494 2245 ego
1509 2212 1584 2247 pueri
1608 2221 1700 2248 agam,
1714 2220 1742 2242 ut
1763 2221 1790 2242 et
1812 2217 1838 2243 in

1046 2253 1151 2282 gentem
1165 2257 1287 2286 magnam
1298 2253 1353 2288 ipse
1363 2255 1408 2282 sit.
1423 2256 1466 2284 l9.
1479 2257 1513 2284 Et
1524 2259 1632 2294 aperuit,
1646 2260 1741 2296 inquit,
1751 2263 1838 2289 oculos

1046 2294 1100 2328 ejus
1111 2302 1121 2321 .'
1135 2303 1188 2323 non
1203 2297 1274 2331 quod
1284 2303 1361 2326 antea
1377 2308 1430 2328 non
1445 2302 1552 2336 viderit,
1568 2304 1614 2331 sed
1625 2294 1690 2340 quia
1698 2306 1762 2334 nihil
1776 2314 1837 2342 pro-

1044 2337 1138 2384 derant
1155 2341 1178 2367 ei
1202 2344 1285 2377 aperti
1304 2346 1374 2372 oculi
1396 2351 1458 2374 ante
1478 2356 1620 2384 supernam
1643 2351 1832 2381 visitationem.

1045 2375 1204 2412 Propterea,
1218 2375 1279 2406 cum
1290 2384 1369 2410 vehet
1385 2392 1460 2412 suam
1475 2375 1670 2420 prdvidentiam
1682 2392 1831 2428 declarare,

1043 2421 1130 2457 inquit
1145 2432 1150 2448 :
1167 2424 1274 2458 Aperuit
1286 2429 1372 2456 oculos
1387 2432 1443 2465 ejus
1454 2441 1463 2459 :
1475 2433 1501 2460 id
1515 2440 1565 2467 est,
1581 2436 1742 2466 indicavitei
1755 2421 1830 2476 igne:

1042 2468 1122 2501 ranti,
1134 2473 1160 2496 et
1173 2475 1291 2499 mentem
1306 2474 1365 2508 ejus
1376 2478 1513 2509 excitavit.
1527 2481 1650 2517 viamque
1663 2485 1687 2511 ei
1698 2488 1826 2520 ostendit,

1041 2518 1071 2540 ut
1084 2514 1186 2543 videret
1198 2516 1286 2545 locum
1301 2520 1328 2547 in
1341 2529 1394 2555 quo
1406 2522 1492 2552 fontes
1503 2533 1578 2560 aquae
1589 2514 1783 2559 scaturiebant.
1794 2533 1828 2560 Et

1039 2561 1111 2593 vidit,
1124 2561 1221 2597 inquit,
1232 2570 1338 2598 puteum
1352 2577 1427 2604 aqua
1441 2571 1558 2605 viventis,
1572 2579 1596 2601 et
1607 2576 1663 2607 icit,
1676 2582 1700 2604 et
1710 2578 1826 2614 implevit

1067 2623 1144 2675 (€2.29
1156 2627 1366 2675 Patarea
1378 2634 1449 2675 "am
1460 2624 1573 2675 nam»
1583 2640 1660 2666 »ιιι-ηπ
1669 2641 1740 2668 mn
1749 2644 1826 2670 nm

1037 2660 1147 2707 Exedit.
1155 2663 1293 2707 irem-0.11:3,
1297 2660 1511 2707 ξιίςιδᾳύίινςοςεὶῆ
1717 2660 1824 2704 scilicet

1173 2692 1178 2697 '
1212 2692 1224 2698 ’⁵
1284 2692 1287 2694 “
1390 2692 1394 2693 ⁷
1403 2692 1416 2693 ⁷⁷
1430 2692 1509 2696 """'
1518 2692 1596 2701 ν”“”¹¹”
1608 2692 1630 2700 ν’
1640 2692 1713 2707 ὐννκυ
1727 2692 1824 2704 διιιιυει.

1034 2692 1566 2740 ἒρτῖῗίςρῖίθεὲἓὶείἓίίἓῗξέξειμῌβδνδὲευω
1581 2707 1677 2740 testam
1691 2713 1705 2731 e
1718 2707 1824 2740 vestigio

1033 2723 1286 2770 causacause
1413 2723 1826 2770 etiam;satanas;

1033 2758 1089 2799 πτεξξ
1101 2753 1568 2799 32.5.‘i'1eaaaauuur;simitu-13:55;
1578 2753 1818 2799 υὲὶιῖυιῖὲὃιῖἳιῖέΐὲῗ

1030 2782 1299 2826 jntlerpretationi
1312 2782 1400 2826 eis};
1407 2782 1730 2826 vihEEEErIELBEBZtBEU?

1032 2819 1056 2861 ξι
1079 2816 1254 2861 ξξριδιιθξίουε
1274 2826 1320 2861 ωε
1339 2816 1821 2861 unumth'éisaituii"éiﬁit€i;“ﬁ

1055 2851 1081 2861 σα
1114 2852 1136 2861 m
1148 2853 1185 2861 "In
1200 2855 1250 2861 -Ληι
1274 2853 1297 2861 ΑΔ
1323 2858 1369 2861 Α-λ.
1380 2854 1397 2861 ,I

1032 2844 1136 2875 Agarem
1148 2850 1260 2880 matrem,
1273 2853 1299 2875 et
1312 2844 1565 2887 tsﬁieiEE-i'ﬁue'ﬁiiii
