2044 3131
86 143 141 171 423

85 199 194 235 αὐτῆς.
214 198 270 226 Καὶ
285 195 350 226 dare
372 196 413 230 τῷ
433 195 577 231 Ἀϐραάμ·
594 196 726 223 Ἔκϐαλε
747 195 805 230 τὴν
827 196 923 224 παιδι-

85 252 172 279 σκην
180 244 294 277 ταύτην
308 241 423 269 καὶτὸν
436 241 503 268 υίόν
522 239 626 275 αὐτῆς.
640 241 681 267 οὐ
694 241 750 275 γὰρ
761 239 804 275 μὴ
821 242 923 275 κληρο-

85 288 210 323 νομήσῃ
225 289 242 314 d
254 285 319 319 υίὸς
337 285 391 319 τῆς
415 284 578 318 παιδίσκης
598 283 674 318 μετὰ
698 283 751 311 τοῦ
775 284 843 312 ιυἱοῦ
863 293 924 319 μου

93 331 206 359 Ἰσαάκ.
218 328 357 363 Σκληρὸν
366 329 400 355 δὲ
405 327 501 363 ἐφάνη
510 327 544 354 τὸ
551 327 636 362 ῥῆμα
642 327 781 354 ἐναντίον
796 328 923 363 Ἀϐραὰμ

86 375 157 410 περὶ
173 374 227 401 τοῦ
240 373 307 401 υἱοῦ
319 372 423 400 αὑτοῦ.
436 372 507 408 Ὅρα
524 380 579 407 μοι,
596 372 732 406 ἀγαπητὲ,
746 371 862 398 ἐνταῦθα
874 371 922 407 τὴν

87 419 199 455 Σάρραν
218 418 300 445 πάλιν
321 417 351 443 οὐ
377 416 511 452 φέρουσαν
534 415 580 442 τοῦ
609 415 720 451 Ὶσμαὴλ
747 415 795 452 τὴν
823 415 923 451 πολλὴν

87 461 258 498 παρρησίαν,
275 460 335 487 οὐδὲ
351 459 471 490 ἀνεκτῶς
488 459 608 493 ἐνεγκεῖν
631 458 784 494 δυναμένην
802 459 849 485 τὸν
873 459 923 494 τῆς

87 505 237 540 παιδίσκης
248 504 304 531 υἱὸν
323 504 391 539 μετὰ
404 503 450 530 τοῦ
465 503 556 530 Ἰσαὰκ
574 502 818 538 ἀναστρεφόμενον.
831 502 924 530 Καθά-

88 558 144 585 περ
171 547 217 575 οὗν
235 547 332 584 πρώην
345 553 359 568 α
383 546 556 573 καταστεῖλαι
579 546 627 582 τῆς
642 546 730 582 Ἅγαρ
752 547 782 572 16
797 547 922 582 φρόνημα

88 592 254 628 βουλομένη,
280 591 324 618 διὰ
340 591 390 624 τῆς
412 590 529 625 σφοδρᾶς
545 590 756 626 ἀγανακτήσεως
776 590 816 621 εἰς
835 591 923 626 φυγὴν

87 636 175 671 αὐτὴν
187 635 322 671 τραπῆναι
338 633 543 669 παρεσκεύασεν
553 642 559 648 ·
576 633 646 659 οὕτω
657 633 703 660 καὶ
716 633 762 660 νῦν
773 632 920 669 βουλομένη

87 680 122 706 ὲκ
141 679 290 714 προοιμίων
305 678 460 705 ἀναστεῖλαι
477 677 523 704 τοῦ
551 677 662 713 Ἰσμαὴλ
675 678 724 713 τὴν
745 678 920 713 προπέτειαν,

87 723 139 750 καὶ
155 723 193 758 μὴ
207 723 326 758 φέρουσα
343 722 409 757 όρᾷν
422 721 468 748 16v
485 721 516 748 ὲκ
531 721 641 756 χάριτος
655 721 784 756 τεχθέντα
802 721 859 748 υἰὺν
873 721 921 748 καὶ

86 766 120 798 ἐξ
134 767 220 801 αὐτῆς
233 765 280 793 τοῦ
291 765 358 792 Θεοῦ
371 765 421 800 τῆς
434 765 538 800 δωρεᾶς
565 764 633 799 μετὰ
647 764 693 791 τοῦ
715 765 764 800 τῆς
778 765 922 801 παιδίσκης

85 810 140 845 τῆς
175 809 325 845 Αἰγυπτίας
361 808 660 844 συναναστρεφόμενον,
691 809 758 844 φησὶ
787 809 855 844 πρὸς
875 810 921 836 τὸν

93 853 232 888 ’Δόραάμ-
245 853 372 879 Ἔκϐαλε
382 851 438 886 τὴν
446 852 611 885 παιδίσκην
621 852 670 878 καὶ
678 852 732 878 τὸν
741 852 807 879 υἱὸν
815 852 919 887 αὐτῆς.

87 898 132 924 οὐ
146 897 201 932 γὰρ
214 896 256 932 μὴ
272 895 485 931 κληρονομήσῃ
498 897 514 922 d
528 896 593 929 υίὸς
607 896 662 930 τῆς
676 896 838 930 παιδίσκης
852 898 921 924 ταύ-

86 948 143 974 της
157 940 233 974 μετὰ
247 940 301 967 τοῦ
315 940 382 967 υἱοῦ
398 949 469 974 μου.
489 939 598 975 Ἐπειδὴ
617 940 675 975 ᾔδει
688 940 728 966 ὅτι
743 941 790 967 καὶ
804 941 873 976 αὐτὴ
891 941 920 969 ἐν

89 984 199 1019 ἐσχάτῳ
209 985 282 1020 γήρᾳ
298 983 426 1019 τυγχάνει
439 983 484 1010 καὶ
498 983 543 1010 τὸν
555 992 608 1010 πατ
614 983 728 1019 ριάρχην
740 984 814 1020 ἑώρα
826 985 922 1021 προδε-

86 1027 192 1063 δηκότα
213 1025 293 1062 (ἦσαν
311 1027 365 1063 γὰρ
388 1026 536 1062 ἀμφότεροι
562 1026 762 1062 προὸεϐηκότες
782 1028 918 1064 ἡμερῶν),

87 1070 217 1106 ὑφορῶσα
247 1071 350 1106 μήποτε
363 1090 371 1103 ,
397 1070 495 1106 ἀθρόον
519 1070 608 1098 αὐτῶν
642 1071 877 1107 τελευτησάντων,
905 1074 920 1100 6

92 1114 206 1149 Ἰσμαὴλ
218 1113 261 1141 διά
277 1113 308 1140 16
321 1115 353 1140 ὲκ
363 1114 413 1149 τῆς
428 1113 475 1140 τοῦ
485 1113 652 1149 πατριάρχου
667 1115 809 1147 συνουσίας
821 1116 919 1152 τεχθῆ-

86 1166 141 1189 ναι,
153 1158 323 1194 ἐπιχειρήσει
337 1158 377 1189 είς
392 1158 437 1184 τὸν
451 1157 549 1193 κλῆρον
565 1158 659 1185 ἑαυτὸν
672 1158 719 1184 τοῦ
731 1159 834 1194 πατρὸς
846 1161 920 1187 είσα-

86 1202 195 1236 γαγεῐν,
210 1201 258 1228 καὶ
269 1202 396 1233 κοινωνὸς
405 1195 532 1235 γενέσθαι
545 1201 583 1237 τῷ
602 1202 704 1235 Ἰσαὰκ,
718 1202 762 1230 διὰ
773 1203 851 1230 τοῦτό
868 1213 919 1240 φη-

87 1253 140 1278 σιν,
160 1245 289 1272 Ἔκϐαλε
302 1245 359 1279 τὴν
376 1245 541 1279 παιδίσκην
550 1246 700 1278 ἐντεῦθεν,
716 1247 765 1274 καὶ
783 1247 838 1274 τὸν
850 1248 919 1275 υίὸν

85 1290 193 1324 αὐτῆς.
215 1290 391 1324 Μανθανέτω,
406 1291 498 1325 φησὶν.
516 1291 564 1326 ήδη
578 1291 619 1317 ὅτι
635 1291 710 1318 οὐδὲν
727 1292 816 1319 κοινὸν
832 1293 888 1326 ἕξει
904 1294 918 1319 6

84 1335 135 1369 τῆς
150 1334 295 1369 παιδίσκης
309 1335 365 1366 υίὸς
378 1334 447 1369 μετὰ
461 1333 507 1360 τοῦ
520 1334 578 1360 υίοῦ
593 1343 644 1370 μου
666 1335 768 1362 Ἰσαάκ.
785 1336 852 1363 Οὐδὲ
864 1337 918 1372 γάρ

85 1378 196 1413 εὔλογον
209 1379 255 1405 τὸν
268 1379 315 1414 τῆς
325 1378 420 1414 δούλης
433 1379 490 1405 υἱὸν
504 1379 572 1414 μετά
587 1379 634 1405 τοῦ
650 1379 708 1406 υίοῦ
725 1380 770 1407 τοῦ
788 1380 856 1416 ἐμοῦ
868 1382 919 1417 τῆς

85 1422 230 1458 δεσποίνης
252 1422 528 1458 συναναστρέφεσθαι.
560 1422 628 1448 Ἀλλ’
650 1423 666 1458 ἡ
693 1424 742 1458 μὲν
759 1425 853 1460 Σάρρα
868 1426 918 1453 οὐκ

86 1466 200 1498 ἀπεικὸς
213 1467 330 1502 πρᾶγμα
343 1466 487 1498 πέπονθεν,
498 1466 566 1493 ἀλλὰ
580 1466 626 1493 καὶ
640 1467 742 1503 σφόδρα
760 1468 915 1502 ἀκόλουθον,

84 1510 134 1536 καὶ
149 1509 237 1542 οὓτως
252 1510 407 1542 ἀκόλουθον,
422 1510 459 1541 ὡς
476 1510 522 1536 καὶ
545 1509 591 1536 τὸν
613 1510 679 1537 Θεὸν
692 1512 846 1539 συναινέσαι
861 1515 917 1546 τοῖς

85 1554 152 1589 παρ’
167 1553 252 1589 αὐτῆς
271 1553 433 1589 εἰρημένοις.
455 1554 484 1579 '0
502 1554 531 1580 δὲ
550 1554 722 1590 πατριάρχης
744 1555 917 1592 φιλόστοργος

83 1596 122 1623 ὢν
131 1597 180 1623 καὶ
189 1596 338 1631 συμπαθῶς
348 1597 518 1630 διακείμενος
532 1597 649 1633 πρὺςτδν
661 1599 782 1635 Ίσμαὴλ,
792 1601 918 1636 ἐπαχθῶς

83 1640 196 1670 ἐδέξατο
212 1640 246 1666 τὰ
265 1640 340 1674 παρά
354 1640 403 1675 τῆς
421 1641 528 1676 Σάρρας
541 1641 682 1676 είρημένα.
701 1643 839 1676 Σκληρὸν
851 1644 916 1679 γὰρ,

83 1684 181 1718 φησὶν,
197 1683 293 1718 ἐφάνη
310 1684 343 1709 τὸ
364 1682 444 1718 ῥῆμα
461 1684 601 1711 ἐναντίον
629 1685 752 1720 Ἀϐραὰμ
772 1687 838 1721 περὶ
865 1688 917 1715 τοῦ

82 1725 153 1753 υἱοῦ
166 1726 270 1753 αὑτοῦ.
281 1726 349 1753 Οὐδὲ
363 1726 418 1762 γὰρ
432 1727 480 1761 τῆς
492 1727 582 1762 Ἅγαρ
591 1728 738 1764 ἐποιήσατο
746 1729 822 1764 λόγον
831 1738 838 1745 ⁸
851 1730 917 1757 ἀλλὰ

84 1770 239 1805 συμπαθῶς
264 1770 332 1805 πρὸς
351 1770 397 1797 τὺν
418 1771 500 1797 παῖδα
517 1771 642 1803 διέκειτο,
664 1772 711 1799 ἆτε
725 1773 756 1808 δὴ
781 1774 872 1802 λοιπὸν
889 1776 917 1802 ὲν

82 1815 179 1850 ἡλικίᾳ
195 1815 335 1849 γεγονότα.
360 1815 440 1841 Ἀλλά
453 1815 547 1842 σκόπει
563 1824 608 1851 μοι
630 1817 746 1844 ἐνταῦθα
760 1818 806 1844 τοῦ
823 1819 916 1853 φιλαν-

82 1858 198 1894 Θρὼπου
212 1858 279 1884 Θεοῦ
290 1858 337 1894 τὴν
349 1858 569 1893 ὑπερϐάλλουσαν
581 1860 792 1894 συγκατάὃασιν.
809 1862 916 1898 Ἐπειδὴ

81 1902 140 1937 γὰρ
153 1899 208 1928 εἶδε
225 1902 271 1928 καὶ
292 1903 341 1938 τὴν
368 1902 475 1937 Σάρραν
497 1903 567 1929 κατὰ
592 1903 622 1929 τὸ
646 1903 719 1935 εἰκὸς
736 1904 876 1931 παθοῦσαν
890 1915 916 1932 τι

81 1945 267 1981 ἀνθρώπινον,
287 1947 332 1972 καὶ
351 1946 580 1981 δυσχεραίνουσαν
594 1948 640 1974 ἐπὶ
660 1949 694 1983 τῇ
711 1949 841 1985 ὁμοτιμία
863 1950 917 1978 τῶν

80 1990 199 2021 παίδων,
218 1990 264 2017 καὶ
279 1990 324 2017 τὸν
343 1991 469 2027 ’Λϐραὰμ
486 1992 516 2018 οὐ
531 1992 647 2027 φέροντα
667 1994 762 2029 πράως
775 1995 824 2029 τὴν
839 1995 917 2021 ὲκὸου

81 2033 134 2070 λὴν
158 2033 208 2061 τοῦ
228 2034 341 2070 Ἰσμαὴλ
353 2035 460 2070 καὶτῆς
475 2036 620 2071 παιδίσκης
635 2037 669 2070 (εἰ
681 2037 734 2072 γὰρ
748 2038 795 2064 καὶ
810 2039 846 2073 μὴ
859 2039 918 2065 ἀντ-

81 2076 172 2103 έτεινε
192 2078 226 2113 τῇ
242 2078 335 2114 Σάρρᾳ
350 2078 394 2105 διὰ
412 2079 510 2115 πολλὴν
531 2079 580 2114 τὴν
599 2080 759 2113 ἐπιείκειαν,
775 2081 831 2108 ἀλλ’
843 2082 917 2117 ὅμως

82 2119 203 2156 σκληρὸν
219 2120 292 2155 αὐτῷ
308 2122 494 2156 κατεφαίνετο,
511 2122 583 2149 τοῦτ’
602 2123 670 2154 ἔστι,
685 2124 764 2160 βαρὺ,
778 2126 853 2160 φησὶ,
870 2127 916 2152 καὶ

81 2164 204 2198 ἐπαχθὲς
223 2165 270 2191 καὶ
292 2166 442 2201 φορτικὸν),
463 2166 523 2193 τότε
537 2166 628 2194 λοιπόν
646 2168 694 2204 τὴν
706 2169 809 2196 οἰκείαν
823 2170 916 2204 φιλαν-

81 2205 207 2240 θρωπίαν
229 2207 395 2242 μιμούμενος
416 2209 430 2235 6
443 2208 590 2244 Δεσπότης,
605 2210 650 2236 καὶ
666 2210 716 2245 τῆς
733 2211 859 2246 ὁμονοίας
870 2212 915 2239 τὸν

82 2249 234 2284 σύνδεσμον
248 2251 339 2278 αὐτῶν
353 2251 524 2286 συσφίγγων,
546 2253 614 2288 φησὶ
627 2253 696 2288 πρὸς
709 2254 754 2280 τὸν
775 2255 913 2290 Ἀϐραάμ’

80 2293 131 2327 Μὴ
151 2294 291 2328 σκληρὸν
306 2295 384 2322 ἔστω
405 2296 543 2323 ἐναντίον
556 2304 614 2324 σου
633 2297 665 2324 τὸ
674 2297 757 2332 ,ῥῆμα
778 2299 844 2333 περὶ
862 2299 915 2327 τοῦ

79 2337 203 2365 παιδίου
217 2339 266 2365 καὶ
280 2338 335 2373 τῆς
350 2339 523 2373 παιδίσκης.
541 2341 643 2367 Πάντα
658 2341 716 2368 ὅσα
731 2341 769 2369 ἂν
780 2343 849 2378 εἴπῃ
865 2351 915 2371 σοι

79 2381 192 2416 Σάρῤα.
209 2382 344 2410 ἄκουσον
362 2383 417 2417 τῆς
431 2383 534 2418 φωνῆς
549 2384 655 2418 αὐτῆς.
685 2385 730 2421 Μὴ
746 2386 818 2422 δέξῃ,
837 2388 913 2422 φησὶ,

81 2424 190 2460 βαρέως
203 2426 234 2451 16
247 2427 311 2461 παρ’
331 2426 416 2461 αὐτῆς
429 2426 509 2462 ῥηθέν
524 2435 575 2459 σοι,
592 2427 660 2453 ἀλλὰ
681 2428 782 2455 Πάντα
795 2430 853 2457 ὅσα
875 2430 914 2458 ἂν

78 2468 151 2501 εἴπῃ
173 2468 187 2488 δ
200 2477 249 2495 σοι
259 2468 368 2503 Σάρῤα,
386 2469 521 2496 ἄκουσον
537 2470 591 2504 τῆς
607 2470 709 2505 φωνῆς
722 2472 826 2506 αὐτῆς.

117 2511 150 2546 β’.
170 2511 244 2548 [468]
254 2512 345 2539 Ταῦτα
357 2513 454 2546 πάντα,
467 2514 559 2548 φησὶν,
572 2514 643 2549 άπερ
652 2523 693 2540 σοι
704 2514 750 2541 νῦν
761 2515 912 2550 διαλέγεται

79 2556 146 2591 περὶ
158 2556 204 2582 τοῦ
220 2556 332 2592 Ἰσμαὴλ
344 2557 447 2592 καὶτῆς
458 2558 558 2592 Ἅγαρ,
574 2558 783 2591 κατάδεξαι,καὶ
793 2559 912 2587 ὑπάκου-

79 2607 127 2625 σον
136 2599 187 2634 τῆς
200 2600 291 2634 φωνῆς
304 2598 400 2635 αύτῆς.
413 2601 458 2635 Μὴ
474 2601 590 2637 θελήσῃς
602 2601 720 2637 λυπῆσαι
728 2603 778 2638 τὴν
791 2604 819 2630 ὲν
830 2604 911 2631 παντὶ

76 2643 118 2678 τῷ
135 2642 226 2678 χρόνῳ
241 2643 375 2678 τοσαύτην
388 2644 453 2679 περ),
468 2644 497 2670 σὲ
512 2645 560 2679 τὴν
573 2645 763 2681 φιλοστοργίαν
777 2647 912 2681 ἐπιδειξα-

79 2687 177 2722 μένην,
192 2686 240 2721 τὴν
256 2687 285 2713 οὐ
304 2687 384 2722 μόνον
400 2687 484 2720 ἅπαξ,
501 2688 568 2715 ἀλλά
585 2689 632 2716 καὶ
651 2689 786 2726 δεύτερον,
801 2691 844 2717 ἵνα
863 2692 910 2718 τοῦ

77 2730 196 2756 θανάτου
211 2738 240 2756 σε
254 2730 407 2766 ὲξαρπάσῃ,
420 2731 520 2766 ἑαυτὴν
529 2731 706 2759 έκδεδωκυῖαν
718 2734 787 2769 ὑπὲρ
798 2735 847 2770 τῆς
862 2736 911 2771 σῆς

77 2774 229 2809 σωτηρίας,
247 2776 295 2801 καὶ
317 2775 443 2801 ὑπόθεσίν
461 2784 502 2801 σοι
519 2776 666 2811 γενομένην
683 2778 814 2813 τοσαύτης
831 2788 908 2814 περι-

77 2819 192 2854 φανείας
205 2827 212 2833 ·
229 2819 276 2845 καὶ
291 2819 422 2854 πρότερον
443 2821 491 2855 μὲν
507 2820 576 2853 μετά
588 2821 712 2847 τοσούτου
729 2822 842 2849 πλούτου
857 2824 910 2851 ἀπὸ

76 2861 126 2895 τῆς
143 2860 284 2893 Αἰγύπτου
302 2861 458 2888 ἐπανελθεῖν
481 2863 664 2896 πεπονηκυῖαν
675 2871 681 2877 ·
701 2863 768 2897 μετὰ
781 2864 865 2892 ταῦτα
880 2866 909 2892 δὲ

107 2906 120 2920 ⁸
208 2908 235 2929 et
245 2909 340 2940 seplgm
348 2912 403 2930 mss.
415 2907 625 2942 ἀναστρεφρμεναι·
634 2907 693 2931 ἀλλὰ
705 2910 808 2942 καθάπερ
818 2911 907 2942 πρώην.

75 2935 161 2968 "Mcl.
175 2936 386 2968 ἀναστρεφόμενον,
398 2935 501 2968 καθάπερ
512 2935 552 2960 οὖν
562 2938 650 2968 πρῴην.

106 2967 119 2987 h
132 2968 197 2998 Εὶπῃ
210 2966 283 2991 (luisl.
299 2971 372 2991 recte.
388 2966 507 2992 Edcbaldr
519 2966 589 2992 simul
601 2967 666 2993 limr.

640 138 674 166 IN
691 138 769 165 CAP.
791 137 861 165 XXI.
884 136 1005 168 GENES.
1027 138 1144 168 HOMIL.
1166 138 1257 167 XLVI.

1752 140 1803 168 HI

977 197 1111 232 τοσαύτης
1123 196 1206 231 τιμῆς
1224 195 1376 232 ποιήσασαν
1390 195 1539 231 ἀξιωθῆναί
1556 204 1586 222 σε
1600 196 1653 224 ὑπὸ
1666 197 1713 225 τοῦ
1732 199 1806 226 Ἀϐι-

978 239 1072 275 μέλεχ.
1084 239 1129 274 Μὴ
1143 239 1231 265 τοίνυν
1241 238 1346 274 ἀνάσχῃ
1363 238 1472 265 ἐναντία
1485 240 1541 270 τοῖς
1557 241 1622 276 παρ’
1637 241 1722 277 αὐτῆς
1731 241 1808 276 λεγο-

979 287 1070 318 μένοις
1087 282 1300 318 βουλεύσασθαι·
1319 282 1365 308 καὶ
1385 281 1439 317 γὰρ
1463 282 1523 309 οὐδὲ
1539 283 1626 315 ἄλλως
1649 284 1735 311 ἔσται.
1763 285 1806 312 Ἐν

977 326 1032 361 γὰρ
1046 325 1085 362 τῷ
1110 325 1202 352 Ἰσαάκ
1218 325 1257 362 τῷ
1271 326 1335 361 παρ’
1352 325 1437 360 αὐτῆς
1450 326 1572 361 τεχθέντι
1589 327 1619 354 16
1637 328 1748 364 σπέρμα
1766 338 1807 355 σοι

978 370 1154 406 κληθήσεται,
1176 370 1223 396 καὶ
1237 367 1313 401 οὗτος
1333 369 1410 396 ἔσται
1431 378 1478 396 σου
1494 369 1670 405 κληρονόμος.
1684 372 1738 398 Καὶ
1754 372 1808 399 τὸν

977 414 1044 441 υίὸν
1066 414 1100 441 δὲ
1123 414 1230 441 τοῦτον
1250 413 1306 448 τῆς
1333 412 1496 446 παιδίσκης
1521 413 1687 447 αὐξηθῆναι
1714 421 1808 449 παρα-

977 457 1129 490 σκευάσω,
1144 458 1194 485 nul
1208 459 1252 490 είς
1265 458 1352 490 ἔθνος
1363 457 1441 492 μέγα
1456 457 1573 491 ποιήσω
1587 457 1689 490 αὺτὸν,
1704 458 1807 493 ἐπειδὴ

977 501 1097 535 σπέρμα
1105 501 1164 528 σόν
1175 501 1251 528 ἐστι.
1261 501 1336 528 Ποίει
1344 498 1390 527 οὖν
1401 500 1435 527 τὰ
1445 501 1510 536 παρ’
1522 500 1607 536 αὐτῆς
1615 509 1655 527 σοι
1662 501 1807 536 λεγόμενα,

977 545 1023 572 καὶ
1038 546 1191 572 ὑπάκουσον
1205 547 1255 580 τῆς
1270 545 1362 580 φωνῆς
1377 545 1472 579 αὐτῆς.
1490 545 1631 580 Ἐννόησόν
1645 554 1689 580 μοι
1704 545 1807 578 λοιπδν,

975 591 1026 625 ὅση
1038 590 1135 626 ἀθρόον
1181 591 1275 626 εἰρήνη
1285 590 1331 617 καὶ
1344 591 1360 626 ἡ
1371 590 1481 625 ὁμόνοια
1492 591 1531 622 είς
1540 590 1570 616 16
1582 591 1747 617 συνοικέει-ιον
1760 592 1810 619 αύ-

975 635 1029 661 τῶν
1041 634 1222 667 ἐπολιτεύετο,
1230 635 1279 670 τῆς
1287 634 1334 661 τοῦ
1347 634 1414 661 Θεοῦ
1426 635 1594 670 ἀγαθότητος
1607 634 1652 661 τὸν
1662 634 1808 671 σύνδεσμον

975 679 1065 705 αὐτῶν
1098 678 1311 714 συσφιγγούσης.
1335 678 1455 712 Ἀνέστη
1480 678 1544 713 γὰρ,
1565 678 1643 713 φησὶ,
1657 677 1698 710 τῷ
1722 679 1806 712 πρωῒ,

974 722 1024 749 καὶ
1048 722 1157 750 ἔλαϐεν
1175 722 1284 756 ἄρτους
1306 722 1356 749 καὶ
1372 722 1469 749 ἀσκὸν
1484 722 1603 754 ὕδατος,
1631 722 1680 749 καὶ
1697 721 1809 749 ἔδωκεν

976 766 1076 801 Ἅγαρ,
1089 766 1138 793 καὶ
1149 766 1294 800 ἐπέθηκεν
1305 765 1420 792 ἐπὶτῶν
1434 766 1519 800 ὤμων
1526 765 1621 800 αὐτῆς
1633 765 1682 792 καὶ
1698 765 1731 792 τὸ
1741 774 1809 793 παι-

974 809 1051 841 δίον,
1069 809 1119 836 καὶ
1137 810 1317 837 ἀπέστειλεν
1338 809 1444 842 αὐτὴν.
1464 810 1535 846 Ὅρα
1554 818 1599 844 μοι
1614 809 1696 836 πάλιν
1710 810 1757 836 τοῦ
1769 810 1808 836 δι-

975 853 1055 880 καίου
1069 852 1119 888 τὴν
1139 852 1239 888 πολλὴν
1254 853 1475 888 εὐγνωμοσύνην,
1492 854 1539 879 καὶ
1553 853 1626 885 ὅπως
1636 853 1680 880 διὰ
1698 854 1806 881 πάντων

973 897 1020 924 τὸν
1037 896 1159 931 φιλόθεον
1182 896 1265 923 αὐτοῦ
1291 896 1392 923 σκοπὸν
1412 897 1558 924 δείκνυσιν.
1584 896 1649 924 Ὅτε
1676 898 1724 933 μὲν
1752 899 1806 934 γὰρ

974 941 1074 976 ἢκουσε
1086 940 1137 975 τῆς
1150 940 1260 976 Σάρρας
1274 940 1416 975 λεγούσης,
1430 941 1560 967 Ἔκϐαλε
1572 940 1629 975 τὴν
1641 942 1808 975 παιδίσκην

974 984 1023 1010 καὶ
1043 983 1097 1010 τόν
1112 984 1181 1011 υἱὸν
1195 983 1301 1017 αὐτῆς,
1318 983 1435 1018 πονηρὸν
1452 983 1526 1019 αὐτῷ
1543 984 1639 1020 ἐφάνη,
1657 984 1750 1020 ἐπειδὴ
1767 994 1807 1020 φι-

973 1026 1127 1063 λοστόργως
1144 1027 1212 1063 πρὸς
1228 1027 1273 1054 τὸν
1297 1027 1410 1062 Ἰσμαὴλ
1427 1027 1541 1055 διέκειτο
1552 1036 1559 1043 ·
1577 1029 1669 1064 ἐπειδὴ
1686 1029 1714 1055 δὲ
1727 1031 1741 1056 ό
1759 1032 1806 1055 Δε-

974 1071 1076 1105 σπότης
1093 1071 1246 1103 ἐκέλευσεν,
1263 1070 1364 1102 εὐθέως
1382 1071 1468 1097 ἐποίει
1485 1071 1516 1097 16
1531 1072 1686 1108 ἐπιταχθὲν,
1699 1074 1745 1099 καὶ
1757 1075 1805 1100 έπς

972 1114 1132 1142 ελανθάνετο
1142 1115 1192 1150 τῆς
1203 1115 1321 1149 φυσικῆς
1337 1115 1624 1151 φιλοστοργίας.”οταν
1636 1117 1700 1153 γὰρ,
1712 1117 1804 1152 φησὶν,

973 1158 1054 1190 αὐτὸς
1071 1159 1213 1194 ἐπιτάττῃ,
1230 1159 1384 1193 σχολαζέτω
1399 1159 1488 1185 πάντα
1503 1159 1538 1185 τὰ
1552 1160 1638 1195 πάθη·
1657 1161 1670 1186 ὁ
1687 1160 1739 1196 γὰρ
1756 1161 1806 1196 τῆς

972 1201 1080 1236 φύσεώς
1095 1202 1154 1228 ἐστι
1176 1201 1314 1236 Δεσπότης
1328 1203 1342 1228 6
1361 1202 1489 1229 κελεύων.
1506 1203 1646 1229 Λαϐοῦσα
1668 1204 1772 1231 τοίνυν
1784 1205 1804 1239 ἠ

971 1245 1126 1279 παιδίσκη,
1143 1245 1219 1280 φησὶ,
1235 1245 1305 1278 τοὺς
1315 1244 1423 1279 ἄρτους
1438 1245 1550 1273 καὶτὸν
1564 1246 1661 1273 ἀσκὸν
1673 1247 1725 1273 τοῦ
1734 1247 1806 1274 ὕδα-

971 1298 1032 1323 τος,
1048 1290 1130 1324 ἐξῄει
1141 1290 1216 1325 μετὰ
1229 1290 1282 1317 τοῦ
1296 1289 1427 1318 παιδίου.
1451 1290 1520 1316 Ἀλλ’
1535 1291 1585 1326 ὅρα
1599 1299 1644 1326 μοι
1660 1291 1750 1324 πάλιν,
1762 1294 1805 1321 διὰ

971 1333 1021 1369 τὴν
1034 1333 1102 1369 πρὸς
1113 1333 1158 1360 τὸν
1168 1333 1272 1361 δίκαιον
1289 1333 1395 1361 εὔνοιαν
1411 1333 1468 1365 πῶς
1482 1335 1529 1361 καὶ
1541 1335 1609 1370 αὐτὴ
1621 1335 1742 1366 ἀξιοῦται
1755 1337 1805 1371 τῆς

972 1377 1137 1413 κηδεμονίας
1155 1378 1206 1414 τῆς
1229 1377 1343 1405 ἄνωθεν.
1367 1378 1536 1404 Ἀπελθοῦσα
1558 1379 1648 1405 τοίνυν
1672 1379 1805 1406 ἐπλανᾶτο

972 1421 1043 1448 κατὰ
1056 1422 1106 1457 τὴν
1125 1421 1238 1457 ἔρημον,
1258 1422 1305 1449 καὶ
1320 1421 1368 1448 τοῦ
1381 1421 1477 1454 ὓδατος
1490 1422 1682 1455 ἀναλωθέντος,
1699 1423 1745 1450 καὶ
1758 1423 1804 1450 οὐ-

971 1465 1067 1501 δεμίαν
1085 1464 1235 1500 οὐδαμόθεν
1260 1465 1425 1500 εὐρίσκουσα
1454 1465 1646 1502 παραμυθίαν,
1669 1467 1804 1502 Ἕρῥιψε,

971 1513 1049 1548 φησὶ,
1059 1512 1092 1539 τὸ
1107 1511 1227 1538 παιδίον
1235 1511 1375 1538 ὑποκάτω
1383 1510 1454 1546 μιᾶς
1466 1511 1577 1545 ἐλάτης
1585 1520 1591 1527 ·
1603 1512 1648 1538 καὶ
1661 1512 1803 1540 διακοπτο-

973 1557 1041 1592 μένη
1057 1555 1092 1582 τὰ
1105 1555 1255 1589 σπλάγχνα.
1273 1555 1321 1581 καὶ
1332 1554 1384 1581 ὑπὸ
1398 1555 1447 1589 τῆς
1465 1554 1561 1590 ὀδύνης
1578 1556 1741 1592 συνεχομένη
1757 1557 1805 1584 καὶ

970 1601 1020 1635 τῆς
1037 1601 1105 1635 πρὸς
1121 1599 1151 1626 16
1172 1599 1279 1626 παιδίον
1303 1599 1504 1635 φιλοστοργίας,
1535 1600 1686 1633 Ἐκάθητο,
1711 1602 1803 1636 φησὶν,

970 1643 1114 1670 ἀπέναντι
1138 1643 1241 1675 αὐτοῦ,
1262 1643 1334 1669 ὡσεὶ
1350 1642 1442 1675 τόξου
1454 1643 1564 1677 βολήν.
1593 1642 1667 1670 Εἶπε
1682 1644 1747 1679 γάρ·
1761 1646 1804 1672 Οὐ

968 1687 1011 1722 μὴ
1029 1687 1081 1713 ῑδω
1095 1687 1148 1714 τὸν
1163 1687 1294 1714 θάνατον
1305 1686 1358 1714 τοῦ
1372 1687 1493 1713 παιδίου
1506 1696 1574 1722 μου.
1595 1688 1648 1715 Καὶ
1663 1688 1805 1716 ἐκάθισεν

969 1731 1113 1758 ἀπέναντι
1129 1730 1259 1757 παιδίου.
1268 1730 1324 1757 Καὶ
1338 1729 1514 1764 ἀναϐοῆσαν
1523 1731 1556 1757 τὸ
1565 1731 1685 1758 παιδίον
1693 1732 1803 1760 ἔκλαυ-

970 1782 1036 1801 σεν.
1063 1774 1131 1800 Ἀλλ’
1149 1775 1163 1800 ό
1179 1774 1303 1808 ἐλεήμων
1319 1774 1365 1800 καὶ
1384 1773 1575 1809 φιλάνθρωπος
1589 1774 1665 1806 Θεὸς,
1683 1775 1730 1801 καὶ
1750 1785 1804 1803 πα-

969 1816 1033 1851 τρὸς
1053 1816 1100 1842 καὶ
1118 1815 1221 1850 μητρὸς
1235 1814 1425 1850 φιλοστοργίαν
1436 1815 1476 1846 εἰς
1490 1815 1538 1850 τὴν
1554 1816 1618 1851 περὶ
1634 1815 1708 1851 ἡμᾶς
1723 1817 1803 1852 κηδε-

972 1856 1066 1892 μονίαν
1087 1855 1317 1891 ὑπερακοντίζων,
1343 1856 1514 1888 Εὶσήκουσε
1537 1855 1593 1890 τῆς
1619 1857 1722 1891 φωνῆς
1748 1858 1804 1885 τοῦ

969 1897 1089 1924 παιδίου
1099 1898 1132 1924 ἐκ
1147 1897 1199 1924 τοῦ
1211 1897 1304 1923 τόπου
1313 1894 1349 1924 οὗ
1358 1895 1396 1931 ἦν
1406 1905 1412 1911 ⁸
1422 1896 1537 1932 ᾤκτειρε
1545 1897 1575 1924 16
1581 1897 1694 1930 παιδίον,
1702 1898 1802 1934 ἠλέησε

969 1939 1017 1974 τὴν
1033 1938 1176 1974 συμφορὰν
1187 1939 1235 1973 τῆς
1255 1938 1346 1973 ’Ἅγαρ
1357 1946 1364 1952 ·
1382 1937 1569 1976 συνεχώρησεν
1582 1938 1707 1974 αἴσθησιν
1717 1940 1802 1976 αὐτὴν

969 1980 1061 2007 λαϐεῖν
1079 1980 1128 2015 τῆς
1147 1980 1275 2014 ἐρημίας,
1293 1979 1339 2005 καὶ
1355 1978 1455 2010 εὐθέως
1471 1974 1523 2014 τὴν
1537 1981 1601 2015 παρ’
1617 1980 1714 2008 ἑαυτοῦ
1728 1974 1802 2007 ἀντί-

968 2021 1048 2056 ληψιν
1062 2021 1215 2056 ἐχαρίσατο.
1231 2019 1306 2056 [469]
1326 2019 1381 2046 Καὶ
1394 2020 1537 2053 ἐκάλεσε,
1555 2021 1648 2056 φησὶν,
1674 2022 1802 2058 ἅγγελος

970 2063 1021 2089 τοῦ
1032 2063 1105 2089 Θεοῦ
1116 2062 1174 2096 τὴν
1183 2062 1271 2096 Ἅγαρ
1281 2062 1314 2088 ὲκ
1326 2061 1380 2088 τοῦ
1395 2062 1535 2095 οὐρανοῦ,
1549 2063 1597 2089 καὶ
1611 2061 1695 2090 εἶπεν
1706 2063 1784 2099 αὐτῇ
1792 2074 1800 2081 ·

971 2105 1002 2131 Τί
1010 2105 1106 2136 ἐστιν,
1119 2104 1223 2138 ”¹Αγ‹ιρ;
1235 2103 1283 2137 Μὴ
1295 2103 1389 2137 φοϐοῦ
1399 2113 1405 2119 ·
1417 2104 1568 2137 ἑπακήκοε
1577 2105 1632 2139 γὰρ
1641 2107 1657 2132 ὁ
1666 2106 1738 2139 Θεὸς
1745 2106 1801 2140 τῆς

968 2145 1070 2179 φωνῆς
1081 2145 1133 2172 τοῦ
1144 2145 1263 2171 παιδίου
1271 2152 1329 2171 σου
1343 2145 1376 2170 ἐκ
1389 2144 1442 2171 τοῦ
1451 2145 1544 2171 τόπου
1556 2143 1591 2173 οὗ
1604 2147 1698 2174 ἐστιν.
1721 2147 1801 2174 Ἀνά-

968 2188 1066 2219 στηθι,
1091 2186 1164 2213 λάϐε
1179 2185 1211 2212 τὸ
1229 2185 1359 2216 παιδίον,
1383 2186 1430 2213 καὶ
1448 2186 1603 2220 κράτησον
1623 2187 1678 2222 τῆς
1702 2189 1801 2223 χειρὸς

967 2225 1061 2252 αὺτοῦ
1074 2234 1080 2241 ·
1100 2227 1144 2257 εἰς
1159 2225 1213 2260 τὰρ
1232 2226 1318 2258 ἔθνος
1331 2225 1408 2259 μέγα
1424 2225 1540 2258 ποιήσω
1554 2228 1637 2254 αὑτό.
1657 2228 1689 2254 Ὢ
1711 2228 1802 2263 φιλαν-

969 2267 1093 2303 θρωπίας
1110 2267 1257 2293 Δεσπότουί
1273 2267 1329 2293 Οὐκ
1342 2267 1437 2302 ἐπειδὴ
1451 2268 1579 2304 παιδίσκη
1595 2266 1641 2304 ἦν,
1659 2269 1801 2305 ὑπερεῖδεν

968 2308 1062 2344 αὐτὴν,
1077 2308 1135 2334 ἀλλ’
1155 2308 1247 2343 ἐπειδὴ
1265 2308 1429 2342 ἐπαγγελίαν
1447 2309 1592 2344 ἐποιήσατο
1609 2311 1677 2345 πρὸς
1690 2311 1736 2338 τὸν
1747 2321 1800 2339 πα-

967 2350 1112 2385 τριάρχην,
1128 2350 1175 2375 καὶ
1197 2349 1291 2385 ἐπειδὴ
1306 2350 1410 2375 ἐκείνου
1429 2350 1459 2376 τὸ
1475 2350 1584 2386 σπέρμα
1601 2351 1742 2386 ἐτύγχανε,
1755 2362 1799 2380 το-

968 2391 1070 2426 σαύτης
1085 2391 1213 2425 προνοίας
1232 2390 1279 2416 καὶ
1292 2390 1377 2425 αὐτὴν
1393 2390 1471 2423 ἀξιοῖ,
1489 2391 1535 2417 καί
1555 2400 1636 2426 φησι·
1659 2392 1690 2419 Τί
1701 2393 1796 2426 ἐστιν,

968 2432 1069 2467 "Amp;
1086 2431 1135 2466 Μὴ
1152 2431 1255 2466 φοϐοῦ·
1271 2431 1424 2464 ἐπήκουσε
1438 2431 1491 2466 γὰρ
1507 2433 1523 2458 d
1544 2433 1615 2465 Θεὸς
1628 2433 1684 2467 τῆς
1694 2433 1798 2468 φωνῆς

965 2474 1018 2501 τοῦ
1028 2473 1158 2500 παιδίου.
1167 2472 1321 2506 Ἀνάστηθι
1338 2473 1385 2499 καὶ
1398 2472 1470 2498 λάϐε
1483 2472 1565 2505 αὐτὸ,
1575 2473 1624 2499 καὶ
1645 2474 1798 2508 κράτησον

965 2513 1020 2547 τῆς
1037 2513 1135 2547 χειρὸς
1155 2512 1261 2538 αὐτοῦ’
1273 2513 1314 2544 εἰς
1327 2511 1381 2546 γὰρ
1393 2511 1479 2544 ἔθνος
1487 2511 1564 2546 μέγα
1581 2513 1696 2546 ποιήσω
1710 2515 1794 2543 αὐτό.

964 2554 1010 2588 Μὴ
1024 2553 1133 2588 ἀθύμει,
1151 2552 1227 2587 φησὶ,
1239 2550 1283 2578 διὰ
1292 2551 1323 2577 16
1339 2550 1502 2586 ἐκϐληθῆναι
1512 2559 1542 2577 σε
1558 2551 1607 2586 τῆς
1622 2552 1797 2585 οἰκίας.’1“οσ.

966 2593 1050 2629 αύτης
1066 2593 1120 2628 γὰρ
1135 2592 1317 2619 ἀπολαύσεται
1330 2591 1378 2626 τῆς
1393 2591 1458 2626 παρ’
1468 2590 1534 2626 ἐμοῦ
1550 2592 1687 2626 προνοίας,
1698 2593 1736 2625 ὡς
1748 2594 1796 2621 καὶ

964 2636 1003 2666 είς
1018 2634 1094 2664 ἔθνος
1109 2633 1183 2667 μέγα
1196 2631 1322 2665 γενέσθαι
1338 2632 1386 2657 καὶ
1400 2631 1476 2657 αὐτό.
1501 2632 1556 2658 Καὶ
1571 2632 1690 2666 ἤνοιξε,
1713 2633 1796 2667 φησὶ,

964 2675 1035 2708 τοὺς
1054 2674 1228 2709 ὀφθαλμοὺς
1244 2672 1355 2706 αῠτῆς’
1373 2673 1424 2700 οὐκ
1448 2673 1543 2706 ἐπειδὴ
1563 2673 1617 2709 πρὸ
1634 2674 1730 2701 τούτου
1748 2675 1798 2710 οὐχ

964 2718 1048 2753 ἑώρα,
1057 2716 1114 2743 ἀλλ’
1124 2715 1218 2751 ἐπειδὴ
1230 2716 1276 2741 καὶ
1288 2715 1342 2741 τῶν
1362 2715 1511 2750 ὀφθαλμῶν
1525 2715 1707 2751 ἀνεῳγμένων
1719 2717 1796 2743 οὐδὲν

964 2761 1033 2794 αὐτῇ
1040 2758 1146 2793 όφελος,
1155 2757 1265 2792 ἐγένετο
1274 2757 1326 2793 πρὸ
1334 2759 1383 2792 τῆς
1392 2757 1496 2784 ἄνωθεν
1506 2757 1672 2792 ἐπισκοπῆς,
1680 2758 1730 2784 Διά
1738 2757 1798 2784 τοῦ·

962 2801 1055 2833 το,ὂτε
1067 2798 1201 2834 ἐϐουλήθη
1214 2798 1263 2832 τὴν
1281 2798 1345 2832 παρ’
1360 2798 1459 2825 ἑαυτοῦ
1475 2799 1642 2833 κηδεμονίαν
1658 2799 1796 2832 ἐπιδείξα-

963 2841 1036 2873 σθαι,
1049 2841 1141 2876 φησὶν,
1151 2840 1271 2872 Ἁνέῳξε
1279 2839 1349 2872 τοὺς
1358 2840 1532 2875 ὀφθαλμοὺς
1542 2840 1638 2874 αὐτῆς
1649 2850 1655 2857 ·
1664 2841 1726 2868 ἀντὶ
1735 2840 1795 2872 τοῦ,

968 2884 976 2892 '
983 2882 1125 2915 Υπέδειξεν
1134 2883 1202 2918 αὐτῇ
1211 2882 1308 2916 ἀγνοού
1314 2890 1357 2918 σῃ,
1366 2882 1416 2918 τὴν
1425 2883 1545 2910 διάνοιαν
1555 2884 1641 2918 αὐτῆς
1650 2884 1796 2917 διέγειρεν,

962 2923 1103 2959 ὡδήγησεν
1116 2917 1212 2960 αὐτὴν,
1230 2924 1300 2951 ὥστε
1319 2917 1386 2952 ίδεῖν
1395 2917 1449 2951 τὸν
1461 2917 1544 2952 τδπον
1554 2926 1599 2952 τὸν
1612 2917 1798 2956 ἀναὸλύζοντα

962 2966 1009 2993 τοῦ
1028 2966 1123 2999 ὓδατος
1134 2968 1181 3000 τὰς
1193 2969 1294 3004 πηγάς.
1309 2967 1362 2996 Καὶ
1383 2966 1460 3000 εἶδε,
1479 2968 1546 3003 φησῖ
1558 2988 1565 2999 ,
1581 2967 1671 3002 ςμιζιιί
1691 2967 1705 2991 4"-
1717 2967 1798 2998 ‘r‘z-cr;
