2044 3131
177 137 228 166 425

178 201 267 226 utrem,
286 198 310 222 et
324 194 418 229 potavit
431 202 546 229 puerum.
562 194 591 222 in
612 193 691 222 inviis
704 194 773 222 viam
797 191 926 229 priebuit,
941 194 968 218 et

178 240 310 275 perplexa:
324 241 406 267 menti
418 239 568 275 nullamque
579 240 671 267 salutis
680 247 753 274 spem
765 239 882 270 habenti,
892 245 966 265 suam
984 238 1000 272 ς

178 285 366 313 liberalitatem
380 285 510 316 exhibuit,
527 285 608 312 simul
617 291 676 312 eam
689 283 839 314 consolans,
852 287 878 310 et
894 281 968 317 pueri

177 337 269 358 curam
282 337 372 364 agens.
386 330 434 360 Sic
448 329 670 364 quandocumque
681 329 795 356 voluerit
805 329 874 355 Deus
884 348 891 361 ,
908 328 970 355 licet

178 377 204 403 in
220 375 363 403 solitudine
376 375 470 408 simus,
486 379 514 403 et
524 375 550 402 in
564 375 690 403 extremis
700 374 896 407 afflictionibus,
908 373 969 400 nul-

178 423 285 457 lamque
300 430 374 457 spem
397 422 491 449 salutis
503 422 660 455 habeamus,
680 421 753 448 nullo
773 420 825 448 alio
840 427 906 455 opus
920 420 969 446 ha-

179 468 310 499 bebimus,
333 467 423 494 divino
444 467 542 494 auxilio
564 467 640 494 nobis
657 467 747 494 omnia
769 466 967 500 suppeditante.

179 513 244 541 Nam
253 513 276 540 si
287 513 344 547 ejus
353 512 563 540 benevolentiam
574 512 652 540 nobis
659 511 898 544 conciliaverimus,
912 511 970 538 nul-

178 559 220 586 lus
242 559 320 586 nobis
342 559 507 594 prtevalebit,
530 559 577 586 sed
602 566 650 586 nos
674 558 825 593 superiores
846 557 970 584 omnibus

179 605 288 632 erimus.
304 604 348 632 20.
364 604 399 631 Et
409 610 462 632 erat
477 604 547 632 Deus
559 612 616 631 cum
629 612 722 640 puero,
736 603 834 638 inquit,
848 608 872 630 el
883 605 969 636 creuit,

179 655 202 677 et
216 651 335 678 habitavit
354 652 381 678 in
395 651 539 678 solitudine.
555 650 600 678 Sic
618 650 725 685 quando
745 650 860 677 amicum
880 654 908 677 et
922 650 970 677 be-

179 698 303 726 nevolum
316 697 444 725 habemus
454 698 550 731 Deum,
561 697 665 725 etiamsi
675 697 701 724 in
714 696 821 724 deserto
831 695 969 730 fuerimus,

180 743 264 770 multo
278 743 428 770 securiores
439 743 569 776 vivemus,
584 749 664 777 quam
681 741 699 769 ii
712 741 756 776 qui
779 741 805 768 in
820 741 970 768 civitatibus

181 793 330 816 versantur.
345 788 460 815 Maxima
481 787 552 814 enim
567 787 696 815 securitas
714 791 740 814 et
760 785 971 821 inexpugnabilis

180 843 274 864 murus
287 840 327 863 cst
340 835 467 862 auxilium
482 835 612 862 divinum.
628 834 661 861 Et
675 838 705 861 ut
723 833 822 867 discas,
835 833 971 869 quomodo

180 883 226 917 qui
238 882 264 908 in
278 880 466 908 solitudinibus
479 881 543 916 agit,
557 880 676 908 securior
689 879 734 912 sit,
749 882 777 906 et
791 879 924 914 potentior
939 878 971 906 iis

180 928 225 962 qui
241 927 267 954 in
282 926 376 954 mediis
388 926 539 953 civitatibus
553 930 704 957 versantur,
718 925 818 960 ingenti
833 924 971 951 hominum

182 971 306 1007 prazsidio
322 971 393 1004 freti,
408 971 546 998 videamus
565 971 699 1006 quomodo
713 969 795 997 David
812 969 845 996 de
863 969 923 996 loco
943 969 970 996 in

182 1018 269 1046 locum
285 1017 425 1050 transiens,
442 1021 470 1045 et
482 1018 557 1052 quasi
570 1018 699 1045 erraticus
713 1024 822 1052 vagans,
836 1024 915 1044 manu
927 1024 973 1044 su-

182 1071 264 1099 perna
276 1064 392 1091 munitus
403 1063 501 1091 fuerit:
514 1063 577 1091 Saﬁl
588 1067 676 1091 autem
687 1071 748 1091 cum
760 1067 831 1091 esset
843 1064 869 1091 in
879 1063 972 1091 mediis

181 1109 342 1142 civitatibus,
359 1113 386 1136 et
399 1113 500 1136 tantum
519 1116 610 1136 secum
624 1109 734 1136 duceret
749 1109 893 1137 exercitum
905 1129 913 1142 ,
928 1116 973 1137 sa-

183 1155 280 1183 tellites
295 1155 397 1182 habens
411 1160 438 1182 et
452 1155 610 1190 armigeros,
626 1155 745 1190 quotidie
755 1155 864 1183 timebat
877 1160 904 1182 et
918 1159 971 1183 tre-

183 1200 273 1228 mebat
299 1200 467 1228 inimicorum
492 1201 600 1229 insidias
626 1201 664 1237 (1.
697 1201 761 1237 Reg.
789 1201 846 1237 t7).
871 1202 904 1228 Et
922 1202 974 1229 ille

183 1245 301 1280 quidem,
321 1246 366 1281 qui
380 1246 453 1273 solus
466 1251 534 1279 erat,
549 1247 704 1282 nullumque
717 1247 797 1274 alium
813 1254 904 1274 secum
924 1247 974 1273 ha-

184 1292 273 1326 bebat,
289 1300 342 1319 non
356 1292 487 1328 indigebat
500 1293 616 1320 humano
631 1293 755 1328 prmsidio
767 1301 773 1320 :
789 1294 832 1321 hic
843 1301 906 1321 vero
919 1293 976 1321 dia-

184 1337 291 1365 demate
301 1338 449 1370 redimitus,
460 1343 486 1366 et
494 1346 610 1374 purpura
621 1339 739 1373 indutus,
749 1339 819 1367 illius
828 1340 926 1367 auxilio
934 1340 975 1367 in-

184 1383 300 1418 digebat,
311 1388 338 1412 et
348 1385 403 1420 regi
416 1392 483 1419 opus
493 1392 553 1412 erat
560 1386 673 1420 pastoris
684 1393 775 1421 opera,
787 1391 813 1414 et
825 1387 974 1415 diademate

185 1429 310 1456 redimite
322 1430 418 1464 privati
431 1430 480 1457 viri
500 1430 684 1464 adjumentum
705 1433 882 1460 necessarium
906 1437 973 1460 erat.

221 1475 248 1503 5.
265 1475 340 1502 Nihil
350 1477 474 1510 potentius
489 1485 517 1504 eo
529 1477 571 1512 qui
585 1477 632 1504 Dei
645 1477 741 1505 auxilio
756 1479 867 1506 munitus
882 1483 926 1506 est.
940 1494 976 1499 -——-

183 1519 238 1547 Sed
250 1521 273 1547 si
288 1521 366 1548 vultis
378 1541 386 1554 ,
406 1521 543 1557 aliquanto
565 1523 689 1558 superius
704 1524 800 1551 seriem
822 1524 901 1560 hujus
920 1533 976 1552 ser-

185 1566 273 1593 monis
285 1571 416 1600 petamus,
431 1572 460 1594 ut
472 1567 544 1595 omni
557 1568 607 1595 hac
620 1568 730 1596 historia
743 1569 770 1596 in
781 1569 896 1597 medium
913 1578 975 1605 pro-

185 1610 276 1643 ducta,
290 1611 423 1638 diseatnus
431 1612 495 1640 nihil
509 1612 603 1641 fortius
613 1622 672 1642 esse
683 1615 741 1642 viro
750 1615 852 1643 munito
862 1623 976 1651 superna

185 1657 288 1692 gratia,
311 1661 338 1685 et
359 1657 426 1685 nihil
451 1658 581 1687 inﬁrmius
603 1667 636 1687 eo
656 1661 701 1695 qui
727 1660 777 1688 hac
791 1661 911 1696 privatus
924 1666 976 1696 est,

186 1703 292 1730 etiamsi
318 1704 465 1732 innumeris
488 1705 668 1733 circumdetur
690 1707 862 1735 exercitibus.
895 1707 977 1743 Igitur

187 1749 270 1777 David
283 1749 327 1778 ille
338 1757 399 1777 cum
413 1750 501 1778 adhuc
511 1751 667 1779 adolescens
682 1753 717 1780 ob
729 1753 898 1780 immaturam
912 1758 978 1781 :cta«

188 1798 242 1822 tem
255 1795 280 1822 in
292 1800 400 1830 paterna
413 1796 492 1823 domo
505 1802 664 1828 versaretur,
677 1798 802 1832 quoniam
813 1802 917 1833 tempus
928 1798 978 1826 ali-

188 1841 296 1876 quando
313 1841 472 1876 exposcehat
488 1846 516 1868 ut
531 1842 629 1869 clarior
648 1843 705 1877 ejus
718 1843 794 1870 ﬁeret
807 1843 907 1876 virtus,
928 1843 978 1871 ad-

188 1888 305 1914 monitus
319 1894 333 1913 a
347 1892 421 1922 patre
436 1892 463 1914 ut
476 1887 570 1915 fratres
585 1896 646 1916 suos
658 1889 795 1922 inviseret,
812 1889 980 1924 obtempera-

189 1932 237 1966 vit,
252 1937 280 1959 et
293 1933 389 1959 missus
399 1937 440 1960 est
453 1933 485 1960 ad
499 1941 554 1961 eos.
571 1933 653 1961 Porro
667 1942 728 1961 eum
741 1934 774 1961 ad
788 1934 849 1961 illos
861 1934 981 1962 venisset

189 1978 320 2006 invisendi
341 1979 441 2014 gratia,
461 1979 505 2007 ubi
521 1979 587 2007 vidit
607 1981 763 2008 instructam
784 1981 869 2008 aciem
882 1984 974 2008 contra

190 2024 364 2059 alienigenam
379 2024 498 2057 Goliath,
521 2029 547 2052 et
561 2033 666 2052 omnem
686 2026 812 2060 populum
825 2026 900 2060 juxta
913 2026 980 2054 Sail-

190 2069 243 2096 Iem
259 2068 399 2096 formidine
412 2069 572 2104 perculsum,
588 2078 730 2105 regemque
742 2072 827 2106 ipsum
839 2072 865 2098 in
877 2079 981 2100 summo

191 2115 362 2142 constitutum
377 2115 493 2150 periculo
504 2136 511 2149 ,
533 2120 596 2143 tunc
610 2121 745 2150 spectator
766 2116 849 2144 voluit
863 2125 939 2150 esse,
953 2121 980 2145 et

192 2160 258 2187 abiit
271 2164 298 2186 ut
312 2160 414 2188 videret
429 2168 524 2188 novum
538 2165 565 2188 et
584 2169 674 2189 rarum
687 2162 868 2197 spectaculum
879 2184 886 2195 ,
910 2162 981 2198 quod

193 2214 263 2234 unus
280 2206 361 2234 homo
383 2207 511 2235 adversus
531 2211 570 2235 tot
587 2208 668 2235 millia
688 2215 718 2235 se
733 2209 858 2244 erigeret.
884 2209 982 2236 Verum

194 2251 291 2280 fratres
302 2253 360 2287 ejus
379 2260 431 2280 non
447 2252 562 2280 ferentes
578 2259 630 2281 tam
645 2254 715 2281 altos
728 2254 891 2281 fortitudinis
905 2255 983 2290 spiri-

193 2303 237 2325 tus
247 2318 255 2330 ,
269 2298 404 2332 provocati
418 2303 480 2326 sunt
498 2299 524 2326 in
540 2299 664 2327 invidiam
674 2321 681 2333 ,
702 2303 730 2327 et
741 2292 832 2328 dicunt
846 2301 879 2327 ad
897 2309 957 2328 eum
974 2309 981 2328 :

194 2343 221 2370 Ν
224 2351 256 2370 tm
266 2343 317 2370 alia
325 2345 356 2371 de
362 2353 438 2371 causa
447 2345 543 2378 venisti,
556 2354 630 2379 quam
638 2351 664 2372 tu
672 2346 763 2373 bellum
770 2347 863 2374 videres
870 2348 893 2382 (Ι
901 2367 908 2375 .
918 2347 982 2384 Reg.

194 2390 239 2416 I7.
252 2389 320 2424 28)?
342 2389 400 2417 Non
413 2391 485 2418 enim
500 2388 594 2418 venisti
607 2391 690 2418 nostri
703 2399 794 2425 causa,
809 2397 838 2420 ut
853 2401 901 2420 nos
916 2388 983 2421 invi-

194 2443 278 2462 seres.
303 2436 338 2462 At
351 2440 379 2462 tu
393 2436 454 2464 vide
469 2436 546 2472 hujus
566 2437 732 2471 prudentiam
750 2442 778 2466 et
801 2439 984 2467 mansuetudi-

195 2489 266 2508 nem.
282 2481 352 2508 Nihil
368 2481 553 2515 temerarium,
570 2490 655 2517 neque
664 2491 787 2518 asperum
800 2485 838 2511 eis
851 2484 983 2519 loquitur:

195 2525 244 2555 sed
257 2527 405 2561 reprimens
425 2534 517 2554 eorum
538 2527 688 2561 flammam,
705 2533 732 2556 et
743 2529 898 2557 deruuleens
915 2530 985 2557 invi-

193 2572 286 2605 diam,
312 2573 418 2608 inquit:
434 2573 565 2609 Numquid
586 2574 686 2601 verbum
710 2579 746 2602 est
769 2575 849 2610 (Ibid.
875 2584 898 2602 υ.
919 2575 985 2611 29)?

195 2618 343 2653 Numquid,
365 2620 459 2653 inquit,
483 2619 587 2648 vidistis
602 2628 644 2648 me
658 2628 730 2649 arma
746 2622 884 2657 arripere?
905 2631 984 2650 num-

196 2663 259 2698 quid
274 2663 377 2691 vidistis
392 2671 435 2691 me
447 2664 565 2692 ordinari
579 2673 640 2693 cum
654 2667 758 2694 cmteris
774 2667 800 2694 in
816 2667 895 2695 acie?
915 2668 986 2695 Tan-

197 2713 254 2736 tum
269 2709 359 2737 videre
375 2710 448 2737 volui
458 2731 465 2743 ,
491 2715 520 2738 et
543 2711 707 2747 interrogare
720 2713 790 2741 unde
804 2713 866 2741 huic
883 2719 985 2743 tantum

196 2755 319 2782 insaniat.
343 2755 406 2789 Quis
423 2757 489 2783 enim
505 2761 541 2784 est
554 2757 696 2793 alienigena
712 2759 773 2792 iste,
796 2760 839 2795 qui
851 2761 986 2795 exprobrat

197 2801 335 2828 exercitum
347 2801 395 2829 Dei
408 2802 511 2830 viventis
526 2802 606 2838 (Ibid.
622 2811 646 2830 υ.
659 2804 725 2840 26)?
749 2806 843 2834 Postea
859 2815 920 2835 cum
939 2816 986 2836 au-

198 2846 270 2874 diret
292 2847 364 2875 illius
385 2848 563 2884 blasphemias
575 2855 602 2877 et
620 2852 815 2887 arrogantiam,
835 2857 862 2882 et
882 2854 985 2883 videret

671 135 705 164 IN
722 135 799 165 CAP.
820 133 890 162 XXI.
905 130 1028 160 GENES.
1050 129 1164 159 IIOMIL.
1185 131 1277 160 XLVI.

1756 137 1810 166 426

1022 188 1225 223 trepidationem
1245 197 1337 218 eorum
1356 192 1402 227 qui
1423 199 1484 221 cum
1498 193 1562 222 Saiil
1582 200 1674 230 erant,
1699 196 1808 232 inquit:

1020 234 1088 269 Quid
1102 235 1153 262 erit
1167 236 1224 263 viro
1236 257 1243 270 ,
1266 237 1312 272 qui
1335 238 1406 266 illius
1425 246 1503 274 caput
1517 237 1683 269 e'xsecucrit'!
1708 243 1741 270 Et
1754 251 1811 270 ma-

1020 288 1100 316 gnum
1114 281 1195 309 animi
1209 282 1291 310 robur
1312 283 1353 310 his
1372 284 1460 312 verbis
1479 286 1635 314 ostendebat
1647 307 1655 321 ,
1677 295 1771 316 otnnes
1784 289 1811 316 in

1020 328 1221 357 admirationem
1235 329 1379 357 adducens.
1403 331 1465 359 Haec
1479 336 1506 358 ut
1521 334 1646 367 cognovit
1661 334 1734 368 Saﬁl,
1750 335 1812 362 mit-

1023 373 1052 400 tit
1065 373 1098 400 ad
1109 373 1234 408 juvenem
1246 395 1254 407 ,
1269 375 1314 410 qui
1329 380 1426 410 ιιι-κίει-
1437 378 1599 411 pastorit'am
1613 383 1697 406 arteut
1710 380 1812 408 sciebat

1022 418 1088 446 nihil
1104 424 1147 446 :et
1162 425 1189 446 ut
1201 419 1264 447 vidit
1276 422 1333 455 ejus
1346 425 1462 454 aetatem,
1477 423 1614 457 vilipendit
1627 431 1698 451 eum.
1710 424 1812 453 Deinde

1022 472 1081 492 cum
1095 465 1229 493 didicisset
1239 474 1272 494 ex
1286 474 1318 493 eo
1328 487 1336 500 ,
1352 467 1485 502 quomodo
1500 476 1559 495 cum
1574 470 1643 497 ursis
1656 470 1756 505 egisset
1768 471 1813 505 qui

1021 518 1116 545 greges
1129 519 1192 539 suos
1205 512 1356 540 invaserant
1368 522 1374 540 :
1388 519 1496 542 coactus
1506 515 1576 542 cnim
1591 515 1639 542 fuit
1648 516 1812 543 admirabilis

1023 557 1067 584 ille
1083 557 1124 584 vir
1140 557 1197 584 hzec
1211 565 1335 592 narrare,
1351 559 1445 586 nolens
1456 559 1517 587 hinc
1532 567 1625 587 vanam
1640 561 1751 595 gloriam
1766 570 1814 588 au-

1023 602 1115 637 cupari
1128 622 1136 635 ,
1154 602 1201 630 sed
1221 604 1246 630 in
1266 605 1424 632 necessitate
1436 606 1604 636 constitutus,
1619 611 1686 633 etut
1701 607 1737 633 illi
1754 607 1812 633 ani-

1023 655 1095 674 mum
1109 647 1230 680 adderet,
1246 653 1272 676 et
1287 657 1320 676 ne
1333 654 1465 684 spectaret
1477 650 1511 677 ad
1522 650 1650 679 vilitatem
1663 651 1720 686 ejus
1734 659 1814 686 quem

1023 693 1139 726 videbat,
1155 693 1202 721 sed
1212 695 1246 721 ad
1259 695 1339 723 fidem
1350 703 1409 731 quze
1422 696 1582 724 intrinsecus
1594 697 1703 729 latebat,
1718 705 1813 732 super-

1023 747 1139 775 numque
1152 740 1279 767 auxilium
1293 749 1344 775 quo
1358 741 1513 769 adolescens
1528 742 1637 770 inermis
1651 743 1714 770 viris
1725 751 1815 770 arma-

1024 785 1058 812 tis
1071 790 1098 813 et
1112 791 1202 820 pastor
1216 787 1344 815 militibus
1355 787 1448 815 fortior
1460 792 1518 815 erat
1532 797 1539 815 :
1553 796 1617 823 ergo
1629 789 1673 816 ubi
1689 797 1735 817 rex
1748 789 1814 816 vidit

1023 832 1104 858 animi
1126 831 1182 866 ejus
1204 831 1342 865 ﬁduciam,
1363 833 1418 860 suis
1431 833 1505 860 illum
1521 834 1603 862 armis
1618 834 1728 862 induere
1740 835 1815 862 vole-

1024 876 1087 910 bat;
1109 877 1215 904 iudutus
1228 883 1317 906 autem
1332 886 1363 905 ea
1379 878 1448 907 ferre
1462 887 1515 906 non
1531 881 1624 915 potuit.
1649 881 1705 908 Iloc
1725 887 1816 909 autem

1024 922 1122 951 factum
1143 928 1203 957 est,
1220 929 1248 951 ut
1262 925 1345 952 virtus
1359 925 1416 958 Dei,
1431 932 1489 960 qua:
1508 933 1556 960 per
1570 934 1630 953 eum
1645 927 1815 962 operabatur,

1024 969 1162 998 manifesta
1185 975 1398 1004 monstraretur,
1423 976 1450 998 et
1472 979 1524 999 non
1546 972 1628 999 armis
1640 979 1699 1007 quas
1719 972 1818 999 fiebant

1024 1015 1248 1044 adscriberentur.
1274 1016 1340 1043 Nam
1353 1010 1479 1052 quoniam
1504 1017 1677 1045 indutusillis
1687 1018 1820 1053 gravaba-

1025 1065 1079 1094 tur,
1097 1066 1125 1088 et
1138 1062 1226 1089 minus
1244 1062 1384 1097 expeditus
1401 1067 1475 1095 erat,
1490 1063 1613 1098 deposuit
1626 1071 1698 1091 arma
1708 1085 1716 1097 ,
1731 1069 1758 1091 et
1771 1071 1818 1092 ae-

1026 1113 1101 1143 cepta
1113 1115 1175 1143 pera
1184 1109 1308 1144 pastorali
1322 1114 1349 1136 et
1362 1109 1490 1143 silicibus,
1502 1114 1593 1137 contra
1608 1117 1734 1137 carneam
1745 1110 1816 1137 illam

1027 1153 1121 1180 turrim
1136 1161 1259 1188 egressus
1272 1158 1323 1181 est.
1340 1154 1392 1181 Sed
1408 1155 1469 1181 vide
1483 1155 1582 1181 iterum
1593 1155 1767 1189 alienigenam
1782 1155 1815 1181 ad

1027 1199 1154 1226 vilitatem
1169 1199 1255 1226 artatis
1267 1204 1431 1234 spectantem
1444 1220 1451 1232 ,
1464 1204 1491 1226 et
1503 1201 1537 1227 ob
1551 1199 1601 1227 hoc
1613 1200 1818 1234 vilipendentem

1026 1245 1127 1280 justum
1139 1245 1223 1278 illum,
1238 1250 1264 1272 et
1277 1245 1352 1280 quasi
1365 1251 1457 1273 contra
1466 1253 1576 1280 puerum
1589 1245 1716 1273 humilem
1729 1245 1819 1273 verbis

1028 1291 1219 1325 insurgentem.
1235 1290 1300 1317 Nam
1315 1295 1453 1326 postquam
1469 1291 1533 1318 vidit
1546 1298 1607 1318 eum
1623 1299 1683 1318 cum
1694 1291 1822 1325 pastorali

1029 1343 1092 1372 pera
1108 1341 1200 1364 contra
1214 1344 1243 1364 se
1256 1337 1461 1364 contendentem
1473 1357 1481 1370 ,
1505 1342 1532 1364 et
1544 1337 1646 1372 lapides
1659 1337 1744 1364 solum
1755 1336 1821 1364 affe-

1030 1387 1145 1414 rentem,
1161 1383 1187 1409 in
1206 1382 1276 1410 hune
1290 1382 1374 1410 ferme
1394 1383 1501 1410 modum
1517 1391 1578 1410 eum
1593 1383 1745 1417 alloquutus
1756 1388 1797 1410 est
1813 1391 1820 1409 :

1030 1427 1131 1455 Potasti
1145 1432 1171 1455 te
1191 1428 1278 1455 adhuc
1291 1429 1361 1463 apud
1380 1436 1443 1456 oves
1456 1436 1515 1456 esse
1528 1449 1535 1461 ,
1558 1433 1586 1456 et
1599 1435 1679 1455 canes
1693 1428 1823 1463 quosdam

1031 1474 1173 1509 persequi?
1194 1478 1221 1501 et
1241 1474 1276 1501 ita
1289 1474 1429 1501 adversum
1443 1482 1503 1508 me,
1527 1474 1602 1509 quasi
1621 1479 1714 1502 contra
1727 1481 1821 1501 canem

1031 1520 1216 1548 instrumentis
1229 1520 1280 1548 illis
1296 1521 1451 1554 instructus,
1467 1521 1493 1547 in
1508 1528 1624 1555 pugnam
1636 1520 1753 1548 venisti?
1767 1524 1823 1548 sta-

1034 1566 1080 1593 tim
1096 1566 1259 1602 experientia
1272 1566 1360 1593 disces
1373 1573 1425 1593 non
1451 1566 1498 1593 tibi
1513 1574 1573 1594 cum
1596 1566 1704 1594 homine
1720 1567 1824 1601 vulgari

1033 1613 1133 1640 bellum
1145 1620 1215 1640 esse.
1243 1613 1278 1640 Et
1290 1620 1353 1640 usus
1364 1619 1459 1648 magno
1473 1612 1616 1640 verborum
1630 1613 1714 1645 fastu,
1730 1620 1826 1647 prope-

1034 1658 1120 1691 rabat,
1132 1663 1347 1693 armaturamque
1357 1666 1431 1685 suam
1441 1665 1549 1686 omnem
1563 1658 1697 1690 movebat,
1709 1666 1741 1686 ac
1752 1666 1827 1686 arma

1034 1705 1183 1732 exserebat.
1209 1704 1242 1731 Et
1263 1705 1320 1739 ipse
1338 1704 1445 1739 quidem
1462 1712 1597 1731 artnorum
1613 1705 1708 1732 virtute
1728 1704 1824 1736 fidens,

1034 1758 1148 1785 pugnam
1169 1750 1245 1777 inivit
1260 1759 1266 1777 :
1284 1750 1365 1777 David
1378 1755 1467 1777 autem
1483 1749 1535 1777 fide
1545 1771 1552 1781 ,
1572 1757 1741 1784 supernoque
1755 1757 1825 1784 pra:-

1034 1795 1102 1823 sidio
1123 1795 1250 1822 munitus.
1276 1795 1308 1822 Et
1322 1795 1395 1829 prius
1412 1795 1500 1822 verbis
1512 1795 1668 1830 alienigena:
1683 1794 1825 1822 elationem

1034 1845 1063 1869 et
1076 1842 1245 1876 supercilium
1259 1841 1412 1875 deeutiens,
1428 1846 1456 1868 ut
1470 1841 1536 1868 dixit
1550 1841 1584 1869 ad
1599 1848 1660 1868 eum
1677 1849 1683 1868 :
1698 1841 1737 1867 'l‘u
1751 1842 1826 1868 venis

1033 1887 1067 1916 ad
1086 1895 1129 1915 me
1141 1887 1167 1914 in
1181 1887 1262 1914 armis
1276 1891 1303 1914 et
1320 1887 1423 1920 lancea,
1447 1891 1473 1914 et
1487 1893 1530 1914 tua
1544 1887 1640 1914 virtute
1653 1887 1783 1914 victurum
1799 1892 1823 1915 tu

1034 1937 1120 1969 putas,
1139 1941 1189 1969 ego
1202 1938 1289 1960 autem
1303 1934 1328 1960 in
1345 1933 1452 1960 nomine
1463 1933 1567 1960 Domini
1584 1933 1629 1960 Dei
1641 1941 1647 1959 :
1660 1937 1688 1959 ut
1700 1932 1766 1965 inec,
1782 1933 1824 1959 in-

1034 1987 1112 2014 quam
1125 2001 1132 2012 ,
1147 1979 1229 2012 dixit,
1245 1983 1351 2013 sumpto
1362 1986 1393 2006 ex
1413 1986 1475 2013 pera
1496 1978 1622 2013 pastorali
1640 1978 1713 2005 silice
1725 1999 1732 2011 ,
1747 1978 1829 2013 quasi

1034 2033 1128 2054 revera
1149 2033 1243 2053 canem
1265 2026 1378 2060 aliquem
1401 2033 1507 2060 gregem
1531 2024 1697 2051 invadentem
1720 2024 1828 2051 abactu-

1034 2080 1080 2100 rus
1092 2093 1099 2105 ,
1116 2072 1194 2100 funda
1208 2073 1339 2108 jaculatus
1352 2077 1392 2099 est
1402 2093 1408 2104 ,
1422 2072 1565 2106 statimque
1577 2071 1602 2098 in
1617 2071 1704 2098 fronte
1719 2078 1827 2105 percus-

1036 2126 1096 2146 sum
1113 2118 1287 2153 alienigenam
1300 2118 1396 2152 dcjecit
1411 2126 1418 2145 :
1433 2121 1460 2145 et
1475 2117 1630 2144 festinanter
1642 2116 1738 2144 educto
1752 2116 1821 2143 illius

1035 2164 1123 2200 gladio
1133 2168 1212 2198 caput
1227 2163 1285 2198 ejus
1297 2163 1459 2197 amputavit,
1473 2167 1499 2189 et
1513 2162 1568 2197 regi
1580 2162 1676 2194 attulit,
1695 2161 1827 2195 finemque

1038 2209 1108 2236 bello
1123 2209 1257 2244 imposuit.
1281 2210 1367 2243 Atque
1382 2209 1451 2235 illius
1465 2215 1545 2242 opera
1558 2213 1584 2235 et
1598 2215 1645 2234 rex
1660 2207 1771 2234 salutem
1788 2207 1827 2234 in-

1036 2255 1127 2286 venit,
1145 2259 1171 2282 et
1186 2254 1273 2281 omnis
1293 2254 1363 2281 illius
1382 2253 1514 2281 exercitus
1533 2253 1684 2288 respiravit.
1711 2253 1834 2280 Vidisses

1033 2306 1101 2328 tunc
1128 2300 1276 2335 inopinatas
1302 2299 1525 2334 admirabilesque
1550 2306 1613 2332 res,
1641 2303 1770 2326 armatum
1796 2299 1835 2325 ab-

1039 2348 1133 2375 inermi
1146 2348 1288 2383 dejectum,
1302 2348 1394 2381 reique
1409 2347 1531 2374 militaris
1546 2346 1659 2381 peritum
1671 2346 1705 2373 ab
1719 2353 1752 2372 eo
1766 2353 1827 2379 pru-

1038 2399 1148 2422 stratum
1162 2414 1169 2427 ,
1193 2394 1236 2429 qui
1251 2397 1348 2428 pnetcr
1362 2393 1520 2427 pastoralem
1535 2397 1619 2419 artem
1641 2391 1705 2418 nihil
1718 2391 1835 2418 sciebat.

1038 2441 1143 2475 Quare,
1165 2445 1192 2468 ct
1207 2441 1241 2468 ob
1259 2447 1338 2475 quam
1358 2439 1487 2467 causam?
1510 2438 1576 2472 Quia
1596 2438 1639 2465 hic
1659 2437 1766 2473 quidem
1779 2438 1829 2465 ha-

1039 2487 1098 2514 buit
1115 2494 1256 2521 supernam
1281 2486 1392 2521 gratiam
1414 2493 1443 2513 se
1465 2485 1655 2520 adjuvantcm:
1675 2485 1718 2512 ille
1741 2488 1835 2511 autem.

1039 2540 1069 2560 ea
1080 2539 1184 2564 carens,
1199 2531 1223 2558 in
1236 2531 1314 2565 hujus
1326 2539 1419 2557 manus
1434 2531 1514 2557 venit.
1529 2530 1587 2557 Jam
1601 2530 1660 2557 vide
1675 2529 1716 2556 hic
1727 2550 1735 2561 ,
1749 2538 1834 2565 quam

1039 2577 1151 2605 absurda
1163 2581 1287 2612 operatus
1302 2578 1336 2603 sit
1349 2575 1455 2603 invidia:
1469 2576 1588 2603 morbus.
1603 2576 1744 2609 Postquam
1758 2575 1835 2603 enim

1039 2630 1089 2651 rex
1104 2622 1169 2650 vidit
1187 2622 1287 2656 justum
1310 2621 1380 2648 hunc
1394 2622 1465 2648 tanta
1483 2621 1566 2656 gloria
1586 2620 1726 2652 celebrari,
1742 2625 1769 2648 et
1784 2621 1832 2648 tri-

1041 2669 1180 2704 pudiantcs
1192 2668 1307 2695 clamare
1323 2675 1330 2694 :
1352 2666 1415 2693 Vicit
1429 2666 1494 2694 Sail
1511 2667 1537 2693 in
1552 2666 1671 2699 millibus,
1687 2665 1769 2693 David
1781 2675 1830 2693 au-

1042 2720 1091 2742 tem
1111 2715 1137 2741 in
1159 2713 1244 2740 decem
1266 2711 1377 2739 millibus
1400 2710 1438 2748 (1.
1459 2711 1524 2746 Reg.
1545 2711 1589 2739 I8.
1603 2711 1630 2746 7)
1646 2720 1652 2737 :
1668 2719 1721 2739 non
1743 2711 1834 2739 ferens

1040 2768 1116 2795 aequo
1130 2759 1220 2787 animo
1232 2766 1291 2793 qua:
1305 2758 1338 2785 de
1357 2757 1407 2785 hoc
1419 2757 1574 2785 dicebantur
1585 2756 1717 2793 (quamvis
1736 2765 1831 2786 secun-

1039 2807 1103 2835 dum
1120 2806 1249 2833 rationem
1268 2804 1366 2839 justam
1381 2804 1406 2831 ei
1424 2804 1509 2839 magis
1523 2803 1669 2831 tribuerant
1683 2811 1762 2840 quam
1777 2803 1830 2831 Da<

1042 2854 1117 2892 vid),
1134 2853 1218 2882 victus
1230 2850 1328 2880 invidia
1341 2849 1504 2879 benefactori
1526 2851 1624 2879 malum
1646 2850 1784 2886 rependit;
1805 2853 1839 2877 et»
