2044 3131
248 133 298 160 427

245 196 324 224 quem
338 187 477 222 oportebat
491 189 520 214 ut
536 185 694 213 salvatorem
709 190 736 213 et
746 185 942 213 benefactorent
956 191 1038 219 agno-

603 130 632 157 S.
652 129 791 158 JOANNIS
808 126 1043 156 CIIRYSOSTOMI
1064 127 1219 156 ARCIIIEP.
1241 129 1504 158 CONSTANTINOP.

1825 135 1875 162 1°28

1091 183 1170 217 bilis,
1194 185 1235 212 lia:
1254 191 1351 213 nostra:
1374 187 1497 215 maxima:
1520 188 1655 216 facultates
1675 196 1746 224 :per
1767 189 1833 217 hanc
1853 197 1877 217 ct

245 241 330 266 scere,
340 232 705 268 euminterﬁcerequzerebat.
716 231 878 267 Oingenlem
890 231 1036 258 insaniant!
1062 238 1078 262 ἢ
1092 228 1194 261 lsmnel,
1207 231 1328 264 quamvis
1340 231 1494 260 adolescens
1506 254 1513 264 .
1527 238 1554 261 et
1564 234 1589 260 in
1603 234 1744 262 solitudine
1755 256 1762 265 ,
1775 243 1877 262 rerum-

245 290 261 307 υ
274 281 390 316 stuporis
411 278 636 314 magnitudinem!
663 279 729 305 Eum
751 278 794 313 qui
812 277 893 304 vitam
913 277 964 304 sibi
981 285 1038 304 ser-

247 332 321 354 varat
332 348 339 358 ,
353 331 380 354 et
392 333 498 353 omnem
516 332 594 353 suum
609 324 755 352 exercitum
767 324 801 351 ab
815 323 970 358 alienigena:
982 322 1037 350 Go-

247 373 313 399 liath
324 372 413 399 furore
427 371 594 403 liberaverat,
608 375 638 398 ut
650 370 751 397 hostem
764 374 915 404 suspectum
931 369 1034 401 habuit,

249 423 273 445 et
298 419 438 446 immemor
462 416 604 448 bcneIicii,
629 416 663 443 ab
687 415 827 443 aifectione
854 414 1013 441 vincebatur

246 464 293 491 sed
311 468 400 491 mente
423 471 470 490 sua
485 463 674 490 obtenebratus
687 462 721 488 ab
741 461 839 488 invidia
851 481 857 493 ,
875 460 984 494 perinde
996 464 1037 486 at-

246 516 298 543 que
319 508 352 536 ab
366 508 495 536 ebrietate
508 508 620 542 quadam
633 528 641 541 ,
664 507 860 535 benefactorem
883 510 913 533 ut
932 505 1037 533 hostem

245 554 395 589 spectabat.

282 600 309 627 Δ.
324 598 431 626 Invidia:
444 599 546 626 morbus
553 598 709 626 describitur.
731 597 837 625 Moralis
855 599 994 625 exhortatio
1004 598 1038 625 ad

249 645 397 681 fugiendum
414 644 545 671 invidiam.
566 643 673 671 Dazmon
689 644 784 670 homini
803 644 937 679 subjectus.
951 657 986 664 —-
999 643 1037 671 Ita

246 691 317 717 enim
337 697 366 717 se
384 689 482 717 habere
503 689 570 716 solet
591 689 668 723 hujus
683 688 832 716 all‘ectionis
845 689 944 716 malitia
960 698 966 715 :
983 690 1036 724 pri-

248 744 320 763 mum
331 736 477 772 corrumpit
486 744 546 764 eum
559 743 574 762 a
587 743 639 770 quo
651 740 800 770 generatur.
816 735 846 762 Et
861 735 1036 770 quemadmo-

245 781 308 809 dum
330 783 427 809 vermis
449 782 524 817 quia
545 782 616 816 ligno
636 781 808 816 producitur,
830 781 929 816 lignum
952 782 1037 816 primo

245 827 377 854 consumit
396 834 404 854 ξ
427 827 460 854 ita
481 832 508 854 ct
531 826 628 854 invidia
652 827 723 853 illam
744 827 828 860 primo
848 827 964 853 animam
977 834 1037 853 cor-

245 872 370 907 runtpita
383 880 434 907 qua
454 877 514 899 nata
533 876 592 904 est,
615 876 642 899 et
653 873 678 899 ei
691 872 732 899 cui
750 872 884 900 invidetur
898 872 974 906 plane
993 873 1036 899 di-

244 925 321 946 versa
334 925 412 953 quam
421 917 477 945 vult
486 917 573 945 alteri.
586 917 624 945 Ne
635 918 713 953 igitur
724 918 826 952 respice
837 917 868 945 ad
879 918 1036 952 principium

245 972 337 992 eorum
362 964 458 1000 quibus
479 964 628 997 invidetur,
653 964 699 992 sed
721 964 754 992 ad
775 963 854 992 ﬁnem
869 964 990 998 respice,
1010 968 1037 992 et

245 1010 363 1042 attende,
380 1010 440 1045 quia
455 1010 554 1037 malitia
566 1010 738 1037 invidentium
750 1031 758 1043 ,
772 1017 818 1037 eos
828 1010 922 1045 quibus
937 1010 1037 1038 invidet

245 1055 372 1083 clariores
391 1055 481 1082 efﬁcit.
509 1055 574 1082 Nam
591 1056 607 1082 ii
628 1055 724 1090 quibus
747 1055 880 1083 invidetur
901 1055 1035 1083 subsidia-

245 1101 312 1127 rium
331 1100 430 1128 habent
450 1100 495 1128 Dei
512 1101 637 1128 auxilium
650 1122 658 1134 ,
679 1105 706 1128 et
724 1101 806 1136 gratia
829 1101 952 1128 fruuntur
968 1111 974 1128 :
991 1102 1036 1136 qui

244 1151 332 1174 autem
355 1147 471 1180 invidet,
487 1148 570 1182 gratia
583 1147 722 1182 spoliatur,
743 1151 771 1174 et
787 1147 863 1174 facile
875 1148 990 1175 vincitur
1001 1147 1035 1174 ab

244 1193 386 1219 omnibus:
403 1198 428 1220 et
441 1197 518 1220 antea
534 1201 548 1220 a
564 1194 620 1220 suis
632 1193 786 1225 atl'cctihus,
801 1201 881 1228 quam
897 1194 930 1221 ab
944 1198 1034 1221 exter-

244 1237 286 1264 nis
300 1237 420 1264 hostibus
442 1237 597 1270 infestatus,
622 1237 696 1272 quasi
711 1239 876 1266 consumitttr
887 1259 894 1272 ,
912 1244 940 1266 et
960 1239 1036 1274 quasi

244 1283 354 1309 occultis
368 1282 482 1309 maxillis
495 1283 654 1314 devoratur,
672 1288 699 1310 et
712 1283 884 1318 absumptus,
902 1288 931 1310 ut
945 1285 979 1311 ita
993 1285 1035 1311 di-

244 1335 321 1360 cam,
345 1328 534 1362 submcrgitur.
558 1328 623 1360 Qum.
643 1335 702 1354 cum
726 1328 801 1355 nobis
821 1334 956 1363 comperta
971 1329 1034 1362 sint,

244 1372 366 1404 obsecro,
381 1372 511 1408 fugiamus
524 1373 609 1400 morbi
624 1373 702 1407 hujus
713 1373 849 1406 damnum,
862 1379 888 1401 et
900 1375 960 1401 totis
973 1375 1037 1402 viri-

245 1417 295 1445 bus
308 1417 341 1445 ab
350 1418 489 1446 animabus
504 1418 601 1445 nostris
616 1418 794 1446 elitninemus.
808 1419 1034 1447 PerniciosiSsiina

244 1463 315 1490 enim
328 1468 369 1491 est
384 1464 502 1491 omnium
517 1464 687 1491 aﬂ'ectionum
701 1484 708 1496 ,
736 1470 909 1500 nostramque
922 1466 1035 1494 salutem

243 1509 390 1544 corrumpit
400 1529 406 1540 ,
421 1513 513 1544 utpote
527 1509 624 1537 diaboli
639 1510 783 1537 inventum.
799 1510 940 1545 Propterea
954 1516 981 1538 et
991 1519 1034 1538 sa-

244 1555 319 1589 piens
337 1555 444 1589 quidam
467 1555 571 1582 dicebat
592 1564 599 1583 :
620 1554 720 1581 Invidia
743 1560 826 1582 autent
850 1556 944 1583 diaboli
969 1566 1035 1584 mors

245 1600 345 1627 intravit
364 1601 390 1627 in
409 1601 530 1627 mundum
550 1601 628 1636 (Sap.
641 1601 667 1628 2.
683 1602 739 1634 24).
763 1601 831 1634 Quid
851 1608 910 1634 est,
934 1602 1035 1630 Invidia

245 1647 339 1673 diaboli
351 1655 417 1673 mors
431 1647 532 1673 intravit
545 1647 570 1673 in
580 1647 699 1673 mundum
709 1648 721 1674 ?
732 1647 798 1674 Nam
815 1653 953 1682 postquam
967 1650 1035 1676 mala

246 1692 302 1718 lucc
316 1692 400 1719 bestia
418 1692 530 1726 prinmm
552 1692 686 1719 hominem
699 1693 763 1719 vidit
778 1693 954 1721 immortalctn
966 1715 973 1726 ,
990 1703 1036 1728 per

245 1744 319 1764 suam
346 1737 534 1771 malignitatem
554 1737 587 1764 ad
608 1739 844 1772 transgressionem
860 1740 975 1767 mandati
996 1741 1036 1767 itt-

245 1784 336 1816 duxit,
354 1791 400 1818 per
414 1791 492 1818 quam
505 1783 566 1810 fecit
583 1788 612 1810 ut
627 1784 705 1810 morti
721 1784 796 1812 ﬁeret
809 1785 947 1813 obnoxius.
965 1786 1035 1813 Invi-

245 1828 287 1856 dia
307 1828 384 1863 igitur
404 1828 587 1863 deceptionem
608 1833 716 1864 operata
731 1834 789 1862 cst,
804 1829 925 1864 deceptio
941 1830 1035 1858 inobe-

244 1874 389 1905 dientiam,
418 1873 596 1901 iuobedientia
623 1879 747 1901 mortem.
778 1875 921 1910 Propterea
946 1875 1033 1904 dicit:

245 1920 346 1947 Invidia
356 1925 439 1947 autent
454 1920 547 1946 diaboli
557 1929 624 1948 mors
637 1921 740 1947 intravit
753 1921 779 1948 in
794 1922 924 1948 mundum.
941 1922 1034 1950 \‘idisli

245 1972 371 2002 quantum
394 1967 542 1994 affectionis
563 1966 642 2000 hujus
659 1967 809 1994 .damnum?
835 1967 1035 1996 ltttmortalitate

246 2013 404 2040 bonoratunt
418 2013 556 2040 mortalem
572 2013 641 2040 fecit.
666 2012 764 2040 Verum
788 2013 910 2040 inimicus
928 2014 1034 2048 quidem

246 2062 343 2086 nostra;
362 2059 472 2091 salutis,
493 2066 540 2086 sua
563 2059 676 2091 invidia,
699 2064 727 2086 ut
751 2061 851 2094 primus
873 2059 967 2092 homo,
990 2061 1035 2096 qui

246 2104 402 2132 immortalis
416 2108 488 2135 erat.
513 2104 546 2131 ad
567 2109 678 2131 mortent
692 2105 913 2133 condemnaretur
925 2107 1013 2134 ell'ecit
1026 2115 1035 2136 :

246 2150 397 2176 misericors
415 2153 503 2176 autem
527 2149 707 2184 sollicitusque
730 2158 780 2185 pro
797 2151 878 2187 nobis
896 2152 1034 2187 Dominus,

247 2202 294 2228 per
310 2199 420 2220 mortem
434 2202 508 2221 suam
528 2194 622 2221 iterum
639 2195 864 2223 immortalitatem
885 2197 964 2223 nobis
982 2198 1036 2224 lar-

245 2239 315 2274 gitus
329 2243 379 2266 est.
395 2238 470 2266 Unde
485 2244 511 2266 et
524 2240 624 2273 majora
636 2248 714 2274 quam
726 2241 864 2268 amisimus
875 2242 1035 2271 invenimus.

243 2285 372 2313 Paradiso
385 2285 463 2320 ejecit
476 2286 519 2313 ille
531 2306 538 2318 ,
553 2285 596 2313 hic
610 2286 635 2312 in
648 2286 742 2313 caelum
759 2286 860 2314 induxit
875 2295 881 2314 :
894 2287 938 2316 ille
950 2294 1036 2318 morte

245 2332 417 2360 condemnari
439 2340 487 2360 nos
501 2333 619 2365 curavit,
647 2333 689 2360 hic
712 2333 934 2362 immortalitatem
959 2337 1036 2364 nobis

246 2377 356 2413 largitus
365 2383 407 2406 est
422 2387 428 2405 :
445 2379 488 2405 ille
502 2379 616 2417 paradisi
625 2378 726 2406 deliciis
737 2379 860 2413 privavit,
873 2380 916 2408 hic
925 2390 1034 2417 regnum

245 2424 372 2450 (“telorum
397 2423 472 2450 nobis
498 2415 664 2458 prmparavit.
682 2423 776 2451 Vidisti
790 2425 915 2453 solertem
931 2415 1034 2455 Domini

245 2469 283 2495 tui
309 2469 487 2504 sapientiam?
516 2473 542 2495 et
562 2469 695 2503 quomodo
717 2477 748 2496 ea
764 2478 822 2505 qua:
842 2479 888 2506 per
910 2472 1035 2501 invidiam

244 2515 341 2542 diaboli
355 2521 447 2542 contra
461 2516 572 2552 salutem
587 2520 703 2542 nostram
727 2516 795 2544 facta
815 2522 892 2550 sunt,
919 2518 943 2545 in
957 2523 1036 2553 caput

245 2561 316 2588 illius
329 2561 479 2588 convertit?
502 2561 558 2588 Non
572 2561 641 2588 enim
658 2563 743 2589 solum
766 2571 814 2590 nos
835 2563 980 2598 majoribus
992 2565 1034 2592 di-

243 2613 340 2642 gnatus
349 2613 399 2639 est,
420 2607 467 2634 sed
484 2612 509 2635 et
523 2608 594 2634 illutn
611 2609 695 2643 ipsum
712 2608 788 2636 nobis
804 2610 917 2643 subjecit
930 2610 1032 2645 dicens,

245 2653 311 2680 Ecce
322 2653 381 2680 dedi
401 2655 467 2680 vobis
485 2659 629 2689 potestatem
642 2654 759 2681 calcandi
772 2663 847 2689 super
864 2662 990 2690 serpentes
1010 2662 1033 2684 et

242 2700 387 2734 scorpiones
401 2699 474 2733 (Luc.
491 2700 532 2727 10.
551 2700 606 2736 l9).
621 2700 734 2727 Proinde
743 2700 799 2727 haec
812 2701 900 2728 omnia
915 2703 1033 2737 cogitan-

244 2750 303 2777 tes,
323 2750 350 2772 et
362 2746 488 2773 invidiam
506 2753 538 2772 ex
551 2746 690 2773 animabus
709 2747 806 2773 nostris
827 2746 990 2782 cil'ugemus,
1005 2753 1034 2776 et

243 2791 396 2819 studeamus
411 2796 439 2818 ut
450 2791 565 2818 divinam
580 2791 657 2818 nobis
676 2791 887 2819 benevolentiam
905 2793 1030 2821 concilie-

243 2845 315 2866 mus.
332 2838 393 2866 Haec
402 2838 472 2866 enim
483 2843 574 2866 nostra
588 2841 721 2866 armatura
728 2837 823 2874 solida,
834 2844 862 2868 et
871 2839 1030 2877 inexpugna-

1089 281 1142 308 que
1151 275 1269 302 omnium
1282 275 1367 311 inopia
1379 285 1487 305 versans
1498 298 1505 310 ,
1519 279 1608 306 statim
1618 280 1703 306 crevit
1713 299 1720 312 ,
1738 285 1765 307 et
1776 281 1801 307 in
1812 289 1860 314 gen
1868 297 1877 302 -

1091 323 1145 346 tem
1164 328 1287 355 magnam
1299 322 1382 350 Iactus
1395 327 1436 351 est
1451 333 1458 353 :
1473 324 1533 359 quia
1551 325 1596 352 20.
1612 324 1679 352 Deus
1693 331 1745 352 erat
1755 347 1763 358 ,
1782 326 1874 361 inquit.

1089 373 1146 391 eum
1159 374 1245 400 puero.
1270 367 1337 395 Hinc
1354 369 1428 396 enim
1450 373 1520 396 totus
1542 377 1631 397 sermo
1652 375 1742 398 noster
1753 379 1878 406 egressus

1090 415 1141 438 est.
1157 411 1337 446 Despiciamus
1348 413 1425 448 igitur
1435 434 1442 446 ,
1458 422 1520 446 oro,
1533 417 1683 450 przesentia.
1696 417 1880 446 desideremus

1090 456 1178 485 futura
1193 466 1200 485 :
1213 459 1325 493 gratiam
1340 461 1386 487 Dei
1399 462 1521 488 omnibus
1535 462 1706 497 pra-feramus
1717 483 1724 497 ,
1740 468 1766 491 ct
1780 472 1827 498 per
1842 465 1880 491 vi-

1092 508 1145 531 tam
1165 505 1292 539 optimam
1312 507 1423 534 multam
1438 507 1562 535 ﬁduciam
1575 508 1651 536 nobis
1665 514 1743 536 antea
1762 518 1878 545 reporta-

1090 557 1149 577 mus
1165 560 1172 578 :
1189 555 1217 578 ut
1230 557 1257 578 et
1274 557 1433 586 prmsentcm
1444 554 1524 581 vitam
1539 555 1604 581 citra
1619 563 1763 583 maerorem
1779 557 1878 583 transi-

1089 602 1181 629 gamtts
1191 616 1198 628 ,
1214 600 1241 623 et
1259 595 1347 623 futura
1360 597 1429 624 bona
1440 605 1634 633 consequamur
1644 619 1651 631 ,
1667 600 1749 634 gratia
1764 605 1792 627 et
1806 600 1881 627 heni-

1089 641 1188 675 gnitate
1210 641 1314 669 Domini
1336 643 1418 670 nostri
1437 643 1499 670 Jesu
1520 643 1637 677 Christi,
1659 645 1701 671 cui
1717 652 1777 672 eum
1799 645 1878 672 Patre

1090 686 1167 713 simul
1181 691 1208 714 et
1221 687 1319 721 Spiritu
1331 692 1424 716 sancto
1439 689 1473 716 sit
1491 689 1571 723 gloria
1581 710 1589 721 ,
1607 690 1747 723 imperium
1759 711 1765 721 ,
1781 690 1877 723 honor,

1089 739 1160 759 nunc
1172 736 1199 759 et
1212 739 1327 767 semper,
1339 734 1400 761 etin
1414 734 1511 762 szecula
1526 735 1694 762 saeculorum.
1709 736 1806 763 Amen.

1352 801 1489 830 IIOSIILIA
1510 802 1612 831 XLVII.

1089 853 1124 880 Et
1138 854 1232 889 factum
1245 859 1280 883 est
1302 861 1358 891 post
1369 857 1442 884 verba
1458 858 1510 885 han:
1520 879 1527 891 ,
1541 858 1611 886 Deus
1624 861 1734 888 tentabat
1747 861 1875 888 Abraham

1379 903 1464 939 (Gen.
1477 904 1522 931 22.
1536 906 1583 939 t.)

1124 957 1150 983 1.
1167 957 1262 992 Ingens
1283 958 1384 986 lucrum
1397 981 1404 993 ,
1425 961 1583 996 grandisque
1598 962 1737 991 thesaurus
1749 964 1774 991 in
1790 965 1878 992 verbis

1088 1009 1147 1037 quae
1160 1002 1239 1030 hodie
1250 1004 1331 1037 lecta,
1348 1007 1452 1033 tametsi
1468 1014 1549 1040 pauca
1562 1008 1615 1035 sint
1625 1029 1632 1040 ,
1646 1008 1740 1036 latent.
1756 1009 1794 1036 Eo
1805 1010 1876 1037 enim

1088 1048 1168 1076 modo
1180 1057 1210 1076 se
1220 1049 1318 1077 habent
1331 1051 1418 1079 divina
1433 1052 1548 1088 eloquia,
1558 1058 1588 1080 ut
1597 1054 1694 1082 multas
1705 1055 1811 1082 divitias
1823 1063 1875 1083 non

1088 1094 1114 1121 in
1131 1095 1297 1123 multitudine
1310 1098 1462 1132 verborum,
1478 1099 1524 1126 sed
1540 1100 1565 1126 in
1581 1100 1708 1128 brevitate
1722 1109 1874 1130 sermonum

1087 1140 1250 1168 contineant.
1267 1143 1321 1177 Age
1334 1142 1412 1177 igitur
1423 1145 1592 1179 exploremus
1603 1153 1634 1173 ea
1647 1154 1707 1181 qua;
1721 1147 1792 1174 dicta
1804 1153 1875 1180 sunt,

1087 1191 1114 1213 et
1126 1186 1259 1217 hodiernae
1271 1188 1391 1216 lectionis
1403 1190 1453 1216 vim
1465 1190 1605 1225 diligenter
1618 1191 1794 1219 addiscamus.
1810 1193 1875 1220 Nam

1087 1232 1126 1258 sic
1141 1232 1236 1259 iterum
1250 1233 1363 1261 sciemus
1377 1242 1405 1262 et
1419 1235 1574 1269 patriarcha:
1588 1237 1722 1270 copiosam
1735 1238 1875 1271 virtutetn,

1088 1282 1113 1305 et
1128 1278 1173 1305 Dei
1184 1279 1355 1306 excellentem
1369 1281 1547 1308 clementiam.
1559 1283 1584 1309 l.
1606 1281 1639 1309 Et
1659 1283 1753 1317 factum
1768 1289 1819 1316 est,
1836 1283 1877 1310 in-

1087 1324 1153 1358 quit,
1169 1329 1224 1359 posl
1237 1325 1310 1352 verba
1321 1326 1382 1359 lim,
1397 1325 1466 1354 Deus
1477 1328 1586 1354 tcntabat
1595 1329 1720 1355 Abraham
1735 1329 1809 1364 (Cap.
1819 1329 1875 1364 22).

1087 1369 1154 1401 Quid
1169 1370 1218 1396 sibi
1233 1370 1324 1397 volunt
1342 1371 1398 1398 haec
1412 1372 1490 1399 verba
1500 1394 1507 1406 ,
1524 1372 1558 1399 Et
1572 1373 1667 1408 factum
1685 1379 1720 1401 est
1730 1378 1789 1408 post
1800 1375 1877 1402 verba

1087 1413 1150 1447 lucc,
1164 1415 1272 1441 tenlabat
1289 1415 1355 1442 Deus
1370 1415 1518 1444 Abraham?
1531 1417 1686 1452 Considera,
1697 1419 1818 1452 obsecro,
1835 1420 1878 1446 di-

1086 1459 1174 1487 vinum
1189 1460 1362 1495 Scripturam,
1377 1463 1509 1496 quomodo
1523 1463 1598 1490 nobis
1609 1463 1674 1497 justi
1688 1464 1809 1491 virtutem
1822 1465 1875 1499 jam

1088 1505 1151 1532 velit
1162 1505 1296 1540 detegere.
1310 1507 1342 1533 Et
1356 1507 1416 1541 quia
1430 1512 1567 1535 narratura
1582 1512 1632 1540 est,
1647 1509 1781 1543 quomodo
1792 1509 1876 1536 Abra-

1087 1551 1149 1578 ham
1164 1560 1179 1579 a
1195 1552 1249 1579 Deo
1264 1557 1379 1580 tentatus
1393 1554 1441 1586 sit,
1459 1554 1530 1588 prius
1546 1554 1600 1581 vult
1614 1559 1642 1581 ut
1661 1554 1794 1582 discamus
1809 1559 1877 1582 tem-

1088 1605 1153 1632 pus,
1168 1605 1220 1631 quo
1236 1597 1292 1624 haec
1309 1598 1465 1632 patriarcha:
1486 1604 1616 1633 prtecepta
1636 1604 1717 1632 sunt,
1733 1605 1759 1626 et
1771 1600 1877 1634 quando

1084 1643 1175 1676 jussus
1188 1648 1228 1670 est
1243 1643 1339 1671 offerre
1353 1644 1470 1671 lsaaenm
1481 1665 1489 1678 ,
1503 1651 1532 1671 ut
1546 1645 1616 1672 scias
1629 1653 1749 1680 magnam
1765 1646 1878 1680 patriar-

1087 1689 1143 1716 cha:
1154 1689 1339 1723 obedienliam,
1352 1695 1380 1717 et
1389 1691 1522 1725 quomodo
1534 1691 1579 1718 Dei
1588 1691 1669 1725 jussis
1680 1691 1744 1718 nihil
1755 1691 1878 1726 pra-ferri

1087 1742 1180 1769 passus
1194 1735 1237 1762 sit.
1250 1735 1317 1768 Quid
1333 1735 1411 1770 igitur
1422 1740 1472 1768 est,
1484 1735 1591 1762 Factum
1599 1741 1634 1763 est
1647 1742 1728 1763 autem
1739 1741 1794 1771 post
1805 1737 1879 1763 verba

1087 1779 1139 1806 hwc
1148 1780 1160 1806 .9
1170 1780 1298 1812 Quoniam
1311 1785 1447 1815 postquam
1459 1787 1534 1808 natus
1545 1786 1585 1808 est
1598 1781 1679 1814 Isaac,
1694 1781 1800 1816 quando
1812 1782 1879 1809 vidit

1087 1826 1166 1853 Sarra
1190 1826 1327 1853 lsmaelem
1347 1827 1424 1853 simul
1439 1827 1539 1853 versari
1555 1834 1615 1854 cum
1629 1826 1703 1854 Isaac
1715 1848 1721 1860 ,
1737 1828 1807 1854 sicut
1820 1827 1877 1854 heri

1086 1872 1162 1899 vobis
1177 1872 1292 1899 diximus
1304 1893 1310 1905 ,
1331 1873 1382 1900 hoc
1403 1881 1473 1908 aigre
1492 1874 1580 1901 ferens
1591 1895 1599 1906 ,
1613 1873 1717 1901 dicebat
1739 1874 1854 1901 Abrahae
1869 1882 1877 1900 :

1086 1917 1160 1952 Ejice
1173 1919 1291 1946 ancillam
1304 1924 1327 1946 et
1337 1920 1420 1954 ﬁlium
1433 1921 1487 1955 ejus
1502 1928 1511 1947 .‘
1524 1928 1573 1946 non
1587 1920 1653 1946 enim
1663 1920 1711 1946 erit
1724 1920 1795 1946 heres
1810 1920 1879 1953 ﬁlius

1086 1964 1187 1991 ancillae
1197 1973 1254 1991 cum
1267 1966 1320 1999 filio
1335 1973 1390 1992 meo
1403 1967 1412 2000 (
1426 1965 1490 1993 Gen.
1505 1965 1550 1992 2|.
1562 1965 1622 2000 ID);
1639 1973 1754 2000 cumque
1767 1965 1819 1992 hoc
1833 1973 1879 2000 pa-

1088 2010 1210 2037 triarcha:
1227 2010 1322 2038 durum
1338 2011 1471 2038 videretur
1481 2031 1489 2042 ,
1503 2011 1595 2038 volens
1611 2018 1672 2038 eum
1694 2011 1762 2038 Deus
1779 2018 1878 2038 conso-

1088 2056 1147 2090 lari,
1161 2057 1198 2084 ait
1212 2066 1218 2084 :
1234 2057 1303 2084 Audi
1317 2057 1423 2085 Sarram
1440 2065 1549 2085 uxorem
1566 2062 1648 2091 tuam,
1663 2062 1690 2085 et
1703 2057 1745 2085 fac
1757 2058 1829 2093 quod
1844 2059 1878 2085 ab

1087 2111 1118 2131 ea
1133 2103 1233 2130 dictutn
1248 2108 1289 2130 est
1305 2112 1313 2130 :
1329 2111 1414 2138 neque
1427 2103 1547 2130 videatur
1561 2104 1606 2130 tibi
1620 2103 1713 2130 durum
1728 2124 1735 2135 ,
1749 2103 1819 2138 quod
1835 2103 1878 2130 di-

1087 2153 1158 2176 ctutn
1172 2153 1213 2176 est
1223 2148 1257 2176 de
1271 2156 1353 2183 puero
1365 2154 1392 2176 et
1404 2149 1437 2175 de
1450 2149 1555 2176 ancilla.
1570 2149 1603 2175 In
1614 2148 1690 2176 Isaac
1701 2149 1767 2176 enim
1779 2149 1878 2175 vocabi-

1088 2199 1128 2222 tur
1143 2194 1185 2221 tibi
1199 2203 1281 2222 semen
1296 2196 1304 2231 (
1318 2194 1358 2222 Ib.
1375 2203 1399 2222 υ.
1415 2195 1450 2222 12
1460 2197 1480 2230 ),
1496 2201 1523 2223 et
1536 2195 1610 2222 illum
1622 2203 1727 2230 quoque
1742 2195 1836 2222 faciam
1851 2195 1876 2222 in

1087 2245 1191 2276 gentem
1205 2247 1325 2275 magnam
1338 2260 1345 2273 ,
1361 2241 1421 2274 quia
1435 2248 1526 2268 semen
1541 2246 1615 2268 tuutn
1628 2245 1677 2268 est.
1694 2240 1727 2267 Et
1739 2240 1826 2267 omnis
1841 2240 1878 2268 illi

1087 2293 1102 2312 a
1118 2286 1172 2314 Deo
1190 2286 1257 2314 facta
1276 2287 1418 2322 promissio
1431 2295 1463 2315 eo
1479 2287 1617 2320 tendebat,
1639 2292 1667 2315 ut
1688 2287 1743 2314 nati
1756 2294 1790 2314 ex
1806 2287 1878 2314 Isaac

1087 2332 1113 2360 in
1128 2340 1251 2368 magnum
1269 2334 1394 2369 populum
1416 2338 1633 2369 propagarentur.
1649 2332 1713 2360 Cum
1730 2340 1793 2368 ergo
1807 2333 1876 2360 bona

1088 2379 1238 2414 hujusmodi
1253 2386 1301 2413 spe
1315 2380 1430 2407 aleretur
1442 2380 1538 2413 justus,
1552 2383 1612 2414 post
1624 2383 1710 2406 tantas
1720 2383 1745 2406 et
1756 2384 1808 2405 tam
1823 2379 1876 2406 fre-

1087 2430 1198 2459 quentes
1210 2433 1342 2452 mrumnas
1356 2430 1384 2453 et
1398 2426 1566 2457 tentationes,
1578 2432 1668 2452 earum
1682 2429 1788 2459 accepta
1803 2432 1876 2452 mer-

1086 2470 1161 2503 cede,
1175 2475 1202 2498 et
1216 2471 1241 2497 in
1257 2476 1312 2498 tuto
1326 2470 1432 2498 demum
1445 2470 1597 2503 collocatus,
1613 2478 1667 2505 pra:
1677 2470 1760 2497 oculis
1775 2470 1876 2497 habens

1086 2516 1136 2543 sibi
1152 2523 1336 2544 successurum
1353 2516 1489 2549 heredem,
1503 2523 1596 2543 secure
1608 2516 1717 2550 agebat,
1734 2516 1875 2542 maximam

1086 2562 1147 2590 inde
1158 2562 1305 2597 percipiens
1317 2563 1536 2590 consolationem.
1552 2561 1651 2589 Verum
1664 2562 1708 2597 qui
1720 2562 1876 2589 abscondita

1085 2609 1205 2637 cordium
1221 2609 1312 2640 novit,
1327 2609 1418 2636 volens
1433 2608 1509 2636 nobis
1520 2607 1584 2642 justi
1599 2607 1677 2643 hujus
1691 2609 1815 2635 virtutem
1829 2608 1875 2635 de-

1087 2660 1194 2691 tegere,
1209 2660 1237 2683 et
1256 2663 1380 2691 magnum
1395 2663 1513 2683 amorem
1526 2663 1605 2690 quem
1618 2662 1679 2689 erga
1699 2662 1729 2681 se
1748 2654 1855 2689 gerebat
1867 2675 1874 2685 .

1085 2707 1144 2736 post
1165 2705 1203 2729 tot
1225 2702 1414 2736 promissiones
1435 2706 1461 2729 et
1483 2701 1551 2728 hanc
1574 2708 1678 2735 quoque
1699 2708 1758 2735 qua:
1782 2707 1877 2727 recens

1084 2747 1152 2775 facta
1164 2754 1232 2782 erat,
1246 2754 1272 2776 et
1282 2748 1358 2783 cujus
1371 2747 1525 2776 memoriam
1539 2748 1625 2776 adhuc
1640 2749 1742 2775 ﬁrmam
1759 2748 1874 2778 tenebat,

1083 2802 1143 2822 cum
1157 2795 1207 2830 jam
1222 2795 1388 2823 adolesceret
1401 2795 1482 2827 Isaac,
1501 2800 1528 2822 et
1543 2795 1568 2822 in
1584 2795 1641 2829 ipso
1654 2795 1740 2822 mutis
1754 2794 1820 2821 ﬂere
1834 2801 1876 2820 es-

1085 2845 1135 2875 set,
1146 2846 1330 2877 cresceretque
1340 2846 1423 2876 patns
1435 2848 1497 2877 erga
1510 2840 1585 2870 illum
1597 2839 1714 2875 dilectio,
1727 2845 1787 2876 post
1797 2839 1875 2867 verba
