2044 3131
176 137 227 164 427

175 195 258 230 γέτην
277 195 331 226 τοῖς
346 195 473 226 ἐναντίοις
487 194 581 221 λοιπὸν
595 194 732 230 ἠμείϐετο.
753 197 799 222 καὶ
815 195 843 221 ὃν
857 194 940 230 ἐχρῆν
956 202 1006 219 σω-

173 238 249 273 τῆρα
270 238 317 265 καὶ
341 238 488 273 εὐεργέτην
502 238 710 273 ἐπιγράφεσθαι,
729 239 822 265 τοῦτον
841 238 943 264 ἀνελεῖν
961 238 1007 262 επ-

174 282 321 318 εχείρει.Ὢ
336 282 432 317 μανίας
446 281 595 317 ὐπερῦολήί
616 282 638 308 ὣ
659 282 851 317 παραπληξίας
866 281 1005 310 ὲπίτασιςί

175 324 228 352 Τὸν
238 325 286 360 τὴν
298 324 370 360 ζωὴν
382 324 455 360 αὐτῴ
468 326 660 360 χαρισάμενον,
675 325 720 352 καὶ
735 326 822 352 πάντα
838 325 882 351 τὸν
895 323 1007 359 στρατὸν

174 369 258 395 αὐτοῦ
274 368 493 403 ἐλευθερώσαντα
506 370 553 404 τῆς
567 368 613 395 τοῦ
627 369 773 403 ἀλλοφύλου
789 369 895 403 μανίας,
913 366 1003 394 τοῦτον

174 412 214 444 ὡς
229 411 355 447 πολέμιον
369 412 461 438 λονπὸν
476 413 613 448 ὑφωρᾶτο,
633 412 688 438 καί
703 412 762 439 οὐδὲ
786 411 894 443 ἔναυλος
909 408 974 437 οὐσα
988 410 1005 444 ἡ

174 455 317 491 εὐεργεσία
338 456 506 490 περιεγίνετο
523 456 569 482 τοῦ
587 456 697 487 πάθους,
718 455 930 490 ἀλλὰ,καθάπερ
954 454 1005 480 ὑπὸ

177 498 264 534 μέθης
276 499 358 530 τινὸς,
369 499 422 525 ὑπὸ
438 499 484 525 τοῦ
501 499 597 533 φθόνου
614 499 758 531 σκοτωθεὶς
771 499 815 526 τὸν
827 499 876 534 τῆς
888 498 1005 529 διανοίας

173 541 313 577 λογισμὸν,
331 542 376 569 τὸν
392 543 538 579 εὐεργέτην
550 543 587 576 ὡς
602 543 728 578 πολέμιον
742 542 825 578 ὲώρα.

209 584 240 613 ε’,
259 586 383 612 Τοιοῦτον
408 586 462 622 γὰρ
476 588 492 622 ἡ
509 587 591 613 κακία
607 587 653 614 τοῦ
671 587 773 618 πάθους
785 586 879 613 τούτου
892 593 900 603 ⁸
931 585 1004 621 αὐτῷ

174 629 305 665 πρότερον
328 630 486 665 λυμαίνεται
503 630 541 664 τῷ
559 630 637 657 τοῦτο
655 631 784 657 τίκτοντι.
807 631 863 657 Καὶ
879 629 1005 665 καθάπερ

175 671 282 706 σκώληξ
293 672 345 700 ὑπὸ
354 673 400 700 τοῦ
417 673 495 705 ξύλου
507 674 660 709 τικτόμενος
670 674 735 700 αὐτὸ
746 674 876 709 πρότερον
887 673 916 699 τὸ
928 673 1003 705 ξύλον

173 716 365 743 καταναλίσκει
374 725 381 732 ν
400 717 471 744 οὕτω
484 718 530 744 καὶ
543 718 558 744 6
571 718 665 752 φθόνος
681 718 788 754 ἐκείνην
804 717 935 752 πρότερον
948 717 1003 743 δια-

173 757 278 793 φθείρει
294 759 342 794 τὴν
361 760 493 786 τεκοῦσαν
515 761 594 788 αὐτὸν
617 761 715 798 ψυχὴν,
730 763 777 788 καὶ
801 762 832 787 τὸ
850 761 969 788 ἐναντίον
985 761 1001 795 ἡ

175 801 299 836 βούλεται
311 803 355 830 τὸν
373 804 552 839 φθονούμενον
568 804 710 840 διατίθησι.
730 804 804 840 [472]
817 805 862 840 Μὴ
883 804 937 840 γάρ
958 813 1002 839 μοι

170 845 207 871 τὰ
224 847 353 882 προοίμια
368 848 463 875 σκόπει
473 848 519 875 ἐπὶ
534 848 586 875 τῶν
600 849 799 884 φθονουμένων,
815 849 882 875 ἀλλὰ
893 848 960 884 πρὸς
971 849 1002 875 τὸ

170 889 250 920 τέλος
261 890 359 925 ἀφόρα,
378 891 424 918 καὶ
444 892 527 918 ἐννόει
543 892 583 918 ὅτι
597 892 665 927 αὐτὴ
680 893 696 927 ἡ
710 893 792 919 κακία
807 892 861 919 τῶν
875 892 1002 926 φθονούν-

171 942 227 960 των
242 935 281 966 είς
298 935 408 970 μείζονα
428 937 603 971 περιφάνειαν
627 937 687 970 άγει
711 937 773 968 τοὺς
796 935 1000 970 φθονουμένους.

174 977 207 1003 Οί
223 977 272 1012 μὲν
288 977 340 1013 γὰρ
358 979 460 1006 καὶτὸν
471 979 536 1006 Θεὸν
551 979 706 1013 ἐφέλκονται
720 981 760 1011 είς
776 980 942 1015 συμμαχίαν,
954 980 1001 1007 καὶ

171 1020 223 1055 τῆς
242 1021 343 1048 ἄνωθεν
364 1023 528 1050 ἀπολαύουσι
553 1024 654 1059 ῥοπῆς·
675 1025 690 1050 6
712 1024 740 1050 δὲ
763 1023 864 1058 ταύτης
888 1024 999 1059 ἕρημος,

173 1065 256 1092 πᾶσιν
274 1066 477 1102 εὐεπιχείρητος
492 1067 606 1102 γίνεται,
620 1068 667 1094 καὶ
683 1068 734 1103 πρὸ
746 1068 799 1095 τῶν
813 1068 910 1100 ἔξωθεν
923 1069 1002 1095 πολε-

172 1108 244 1143 μίων
264 1110 309 1136 ὑπ’
324 1111 405 1137 αὐτοῦ
423 1111 470 1137 τοῦ
490 1111 590 1142 πάθους
614 1111 838 1146 πολιορκούμενος
861 1112 1000 1146 μονονουχὶ

172 1153 458 1188 καταναλίσκεται,καὶ
475 1153 567 1190 ὥσπερ
582 1153 688 1189 ἀδήλοις
701 1154 808 1188 γνάθοις
823 1154 999 1189 κατεσθιόμε-

170 1203 225 1227 νος,
239 1195 309 1222 οὓτω
324 1196 703 1232 δαπανώμενος,ὐπο6ρύχιος,
721 1197 757 1229 ὠς
775 1198 871 1228 εἰπεῖν,
885 1198 997 1232 γίνεται.

171 1239 261 1276 ”οπερ
284 1238 380 1271 εἰδότες
407 1240 561 1275 φεύγωμεν,
587 1240 752 1275 παρακαλῶ,
777 1240 826 1275 τὴν
844 1240 933 1276 λύμην
950 1242 998 1268 τοῦ

171 1284 284 1316 πάθους,
297 1285 341 1311 καὶ
353 1283 425 1321 πάσῃ
435 1284 548 1320 δυνάμει
562 1283 724 1319 ἐξορίζωμεν
740 1283 818 1310 τοῦτο
833 1285 881 1319 τῆς
895 1284 999 1314 ἑαυτῶν

169 1326 270 1362 ψυχῆς.
283 1328 395 1355 Πάντων
406 1329 460 1364 γάρ
474 1329 528 1355 τῶν
546 1328 636 1356 παθῶν
649 1327 728 1355 τοῦτο
743 1329 883 1364 ὀλεθριώτε
889 1338 943 1365 ρον,
953 1331 999 1357 καὶ

169 1371 238 1406 αὐτῇ
256 1371 332 1406 ἡμῶν
347 1372 379 1407 τῇ
393 1381 463 1407 σωτη
469 1372 512 1408 ρίᾳ.
531 1372 725 1408 λυμαινόμενον
737 1382 743 1388 ·
754 1373 801 1399 τοῦ
814 1372 869 1408 γὰρ
881 1373 999 1409 πονηροῦ

168 1414 289 1441 διαϐόλου
300 1415 372 1441 ἐστὶν
383 1415 500 1451 εὓρημα.
517 1416 555 1442 Δι’
566 1416 579 1442 6
587 1416 634 1443 καί
646 1425 687 1448 τις
698 1417 778 1451 σοφὸς
788 1417 864 1451 ἔλεγε
873 1426 880 1433 ’
899 1418 1000 1449 Φθόνῳ

169 1457 226 1493 [δὲ]
249 1458 388 1485 διαϐόλου
413 1459 538 1492 θάνατος
566 1459 708 1494 εἰσῆλθεν
735 1461 778 1491 εις
800 1460 853 1486 τὸν
873 1460 997 1494 κόσμον.

167 1502 202 1528 Τί
219 1503 275 1528 ἐστι
287 1510 293 1516 ·
313 1503 413 1534 Φθόνῳ
433 1502 466 1528 δὲ
489 1503 629 1530 διαϐόλου
645 1503 767 1536 θάνατος
792 1503 933 1537 εἰσῆλθεν
956 1505 1000 1536 εἰς

167 1546 223 1572 u‘r
234 1547 348 1580 κόσμον
356 1554 366 1577 ;
386 1546 494 1582 Ἐπειδὴ
512 1547 565 1582 γὰρ
579 1545 632 1573 εἶδε
645 1547 675 1573 τὸ
687 1547 803 1582 πονηρὸν
819 1547 896 1573 τοῦτο
907 1547 999 1582 θηρίον

167 1589 300 1616 ἀθάνατον
313 1591 457 1625 γενόμενον
472 1590 517 1617 τὸν
532 1590 752 1626 πρωτόπλαστον,
771 1590 814 1616 διὰ
831 1590 880 1625 τῆς
897 1590 1000 1623 οἰκείας

168 1634 301 1669 πονηρίας
321 1634 360 1665 εἰς
377 1633 425 1668 τὴν
448 1634 497 1669 τῆς
519 1634 628 1669 ἐντολῆς
652 1635 793 1670 παρακοὴν
808 1635 887 1661 αὐτὸν
902 1635 998 1670 ἧγαγε,

167 1677 216 1703 καὶ
230 1677 263 1703 δι’
277 1676 382 1711 ἐκείνης
397 1676 443 1702 τοῦ
462 1676 574 1703 θανάτου
588 1677 636 1712 τὴν
649 1678 782 1712 τιμωρίαν
797 1678 998 1713 παρεσκεύασεν

167 1721 250 1748 αὑτὸν
266 1720 516 1747 ἐπισπάσασθαι,’0
533 1720 627 1754 φθόνος
643 1721 730 1748 τοίνυν
748 1721 797 1756 τὴν
817 1722 923 1756 ἀπάτην
945 1723 999 1757 είρ-

166 1764 306 1799 γάσατο,ἡ
319 1765 409 1799 ἀπάτη
425 1763 474 1799 τὴν
487 1764 663 1799 παρακοὴν,ὴ
680 1765 804 1800 παρακοὴ
815 1765 860 1791 τὸν
875 1765 997 1793 θάνατον.

166 1808 217 1834 Διὰ
228 1807 305 1833 τοῦτό
318 1815 384 1841 φησι
394 1815 400 1821 ·
417 1807 517 1840 Φθόνῳ
529 1806 584 1842 [δὲ]
601 1807 741 1833 διαϐόλου
756 1807 882 1840 θάνατος
896 1807 999 1842 εἰσῆλ-

167 1853 220 1879 θεν
242 1853 284 1883 εις
299 1851 353 1878 τὸν
368 1851 492 1885 κόσμον.
510 1849 587 1882 Εἶδες
609 1851 678 1887 πόση
693 1851 739 1877 τοῦ
756 1851 857 1883 πάθους
873 1853 888 1886 ἡ
906 1852 997 1888 λύμης

166 1895 219 1921 Τδν
236 1894 368 1930 ἀθανασία
382 1893 530 1929 τιμηθέντα
547 1893 653 1929 θανάτῳ
668 1894 826 1921 ὑποκεῖσθαι
839 1895 997 1930 πεποίηκεν.

173 1939 243 1965 Ἀλλ’
255 1940 269 1965 6
287 1939 334 1973 μὲν
352 1938 447 1973 ὲχθρὺς
459 1939 506 1973 τῆς
521 1938 657 1974 ἡμετέρας
681 1938 826 1974 σωτηρίας,
839 1940 884 1966 τὸν
900 1939 998 1966 οἰκεῖον

167 1982 263 2017 φθόνον
279 1983 401 2017 κινήσας,
416 1982 479 2008 ὅντα
493 1982 626 2009 ἀθάνατον
647 1982 692 2008 τὸν
716 1983 924 2018 πρωτόπλαστον
950 1983 998 2010 θα-

166 2028 240 2061 νάτῳ
253 2026 483 2061 καταδικασθῆναι
498 2027 647 2062 πεποίηκεν
658 2035 664 2040 ·
673 2027 686 2052 ὁ
699 2026 726 2053 δὲ
741 2027 865 2061 κηδεμὼν
878 2027 924 2053 καὶ
940 2027 999 2062 φιλ·

167 2071 309 2106 άνθρωπος
321 2070 458 2105 Δεσπότης
483 2070 527 2097 διὰ
542 2071 587 2097 τοῦ
607 2070 723 2097 θανάτου
743 2070 789 2097 τοῦ
802 2070 902 2097 οίκείου
918 2071 998 2097 πάλιν

166 2115 218 2149 τὴν
233 2114 381 2141 ἀθανασίαν
396 2115 461 2149 ἡμῖν
481 2114 636 2148 ἐχαρίσατο,
651 2115 698 2140 καὶ
714 2113 824 2149 μείζονα
840 2110 876 2141 ὧν
890 2114 998 2141 ἀπωλέ-

167 2167 253 2194 σαμεν
276 2158 406 2194 εὐραμεν.
425 2158 590 2193 Παραδείσου
617 2159 721 2189 ἐκεῖνος
745 2157 872 2193 ἐξήγαγε,
888 2159 935 2184 καὶ
960 2158 998 2190 είς

165 2202 212 2228 τὺν
238 2201 350 2237 οὐρανὸν
375 2198 452 2233 οὗτος
476 2201 616 2236 ἀνήγαγε·
640 2201 746 2236 θανάτῳ
769 2201 998 2237 καταδικασθῆναι

166 2246 269 2276 ἐκεῖνος
289 2245 432 2280 πεποίηκε,
445 2245 492 2270 καὶ
510 2244 559 2279 τὴν
572 2244 720 2271 ἀθανασίαν
740 2245 804 2280 ἡμῖν
818 2241 895 2276 οὗτος
908 2245 1000 2281 ἐχαρί-

166 2298 247 2315 σατο·
263 2289 313 2323 τῆς
331 2289 359 2315 ἐν
376 2288 530 2323 παραδείσῳ
551 2288 655 2323 τρυφῆς
677 2289 862 2323 ἀπεστέρησεν
885 2289 996 2321 ἐκεῖνος,

166 2333 213 2360 καὶ
227 2333 363 2368 βασιλείαν
380 2333 445 2367 ἡμῖν
460 2332 580 2368 οὐρανῶν
595 2332 754 2367 εὐτρέπισεν
765 2330 850 2364 οὗτος.
865 2330 940 2364 Εἶδες
951 2332 997 2359 τοῦ

165 2377 301 2403 Δεσπότου
323 2385 369 2402 σου
388 2376 419 2402 τὸ
441 2377 603 2411 εὐμήχανον,
627 2376 674 2402 καὶ
696 2376 769 2407 ὅπως
790 2375 825 2402 τὰ
850 2375 924 2411 παρά
949 2375 998 2410 τῆς

166 2420 314 2455 βασκανίας
327 2420 395 2446 ὅπλα
407 2419 453 2446 τοῦ
469 2420 590 2446 διαϐόλου
608 2419 678 2446 κατά
697 2419 745 2453 τῆς
761 2419 895 2455 ἡμετέρας
913 2428 999 2453 σωτη-

166 2464 227 2499 ρίας
243 2463 423 2498 γεγενημένα,
439 2463 530 2489 ἐκεῖνα
552 2462 622 2489 αὐτά
645 2462 821 2497 περιέτρεψεν
836 2463 874 2493 είς
888 2462 936 2497 τὴν
951 2462 999 2488 αὺ-

164 2507 212 2533 τοῦ
234 2506 372 2541 κεφαλήνς
396 2507 432 2532 υὺ
455 2507 534 2541 μόνον
557 2506 611 2542 γὰρ
627 2507 699 2541 ἡμᾶς
723 2505 852 2541 μειζόνων
873 2505 997 2540 ἠξίωσεν,

164 2548 233 2575 ἀλλά
247 2550 295 2575 καὶ
309 2550 412 2575 ἐκεῖνον
425 2550 490 2584 ἡμῖν
507 2550 662 2584 ὑποχείριον
677 2549 786 2580 ἔδωκεν,
800 2548 883 2575 εἰπών
894 2558 900 2564 ·
926 2549 998 2576 Ἰδοὺ

165 2592 280 2619 δέδωκα
309 2592 381 2627 ὑμῖν
402 2592 547 2624 ἐξουσίαν
572 2592 676 2619 πατεῖν
699 2591 799 2618 ἐπάνω
822 2592 918 2626 ὄφεων
948 2592 998 2619 καὶ

164 2636 329 2669 σκορπίων.
347 2635 438 2662 Ταῦτα
466 2636 555 2663 τοίνυν
579 2636 685 2662 ἅπαντα
708 2635 876 2670 λογιζόμενοι
893 2637 998 2663 καὶτὸν

165 2679 264 2714 φθόνον
284 2679 335 2713 τῆς
356 2679 460 2706 ἑαυτῶν
474 2679 562 2714 ψυχῆς
581 2679 754 2714 ἐξορίζωμεν,
770 2679 816 2705 καὶ
831 2679 880 2715 τὴν
894 2679 999 2707 εὔνοιαν

164 2723 215 2757 τὴν
239 2722 315 2758 παρὰ
337 2723 385 2750 τοῦ
409 2723 475 2749 Θεοῦ
500 2723 687 2757 ἐπισπώμεοα.
704 2723 789 2749 Τοῦτο
807 2723 860 2758 γὰρ
877 2724 954 2759 ἡμῶν
969 2724 1000 2750 τὸ

163 2766 246 2793 ὅπλον
266 2766 296 2793 τὸ
316 2767 536 2800 ἀκαταγώνιστον
549 2774 555 2780 ·
574 2768 652 2792 τοῦτο
667 2766 744 2801 ήμῶν
761 2768 777 2802 ἡ
792 2767 905 2803 μεγίστη
921 2775 999 2802 περι-

164 2811 251 2837 ουσία.
270 2810 320 2837 Διὰ
334 2810 414 2837 τοῦτο
428 2811 474 2837 καὶ
487 2812 501 2837 6
519 2810 640 2845 Ἱσμαὴλ,
658 2811 744 2837 καίτοι
759 2810 818 2842 νέος
834 2811 881 2837 καὶ
893 2813 921 2837 ὲν
935 2812 993 2846 ἐρη-

165 2855 216 2889 μίᾳ
232 2853 270 2880 ὣν
282 2854 329 2880 καὶ
344 2853 428 2890 πολλῇ
444 2855 556 2890 ἀπορίᾳ,
572 2854 667 2890 ἁθρόον
683 2855 797 2889 ηὐξήθη,
813 2856 860 2881 καὶ
871 2855 910 2886 είς
921 2855 996 2887 ἔθνος

166 2898 239 2932 μέγα
261 2897 411 2923 ἐπέδωκεν·
434 2897 526 2932 ἐπειδὴ
547 2898 577 2924 '0
600 2899 671 2931 Θεὸς
692 2897 740 2933 ἦν,
760 2899 835 2934 φησὶ,
847 2899 921 2931 μετὰ
941 2899 995 2926 τοῦ

166 2941 298 2968 παιδίου.
306 2940 446 2968 Ἐντεῦθεν
460 2941 512 2976 γὰρ
527 2942 592 2974 ἡμῖν
614 2942 629 2968 6
649 2941 726 2975 λόγος
741 2942 810 2974 ἄπας
824 2942 991 2976 ἐξεκυλίσθη.

722 137 754 165 IN
773 137 850 165 CAP.
874 135 945 164 XXII
965 133 1088 162 GENES.
1110 135 1226 163 IIOMIL
1247 136 1349 165 XLVII.

1836 138 1886 165 £98

1065 193 1249 230 ”Υπερίδωμεν
1269 193 1326 226 οὖν,
1342 195 1502 230 παρακαλῶ,
1519 195 1573 222 τῶν
1597 195 1747 231 παρόντων,
1764 196 1886 230 ποθήσω-

1059 246 1108 272 μεν
1124 239 1157 264 τὰ
1173 239 1314 273 μέλλοντα,
1331 239 1380 273 τὴν
1397 238 1501 265 εὐνοιαν
1515 239 1565 274 τὴν
1579 239 1654 274 παρὰ
1670 239 1716 266 τοῦ
1734 238 1799 265 Θεοῦ
1818 240 1885 266 πάν-

1057 290 1111 308 των
1129 282 1316 317 προτιμῶμεν,
1331 282 1377 308 καὶ
1393 282 1436 308 διὰ
1446 283 1494 316 τῆς
1507 282 1619 317 ἀρίστης
1631 283 1765 314 πολιτείας
1781 283 1886 314 ἑαυτοῖς

1055 326 1156 359 πολλὴν
1169 325 1387 361 προαποθώμεθα
1400 326 1448 360 τὴν
1464 326 1629 360 παρρησίαν,
1644 327 1685 351 ἵνα
1697 326 1744 352 καὶ
1755 326 1800 352 τὸν
1814 335 1884 361 παρα

1054 367 1119 393 όντα
1133 368 1189 402 βίον
1208 368 1318 400 ἀλύπως
1332 367 1453 395 διανύσαι
1469 367 1635 403 δυνηθῶμεν,
1651 368 1762 394 καὶτῶν
1776 369 1884 404 μελλόν-

1055 419 1108 437 των
1133 410 1242 445 ἀγαθῶν
1265 411 1446 446 ἐπιτύχωμεν,
1465 411 1555 446 χάριτι
1572 411 1620 437 καὶ¹
1637 411 1822 446 φιλανθρωπίᾳ
1835 411 1882 438 τοῦ

1057 453 1131 490 [475]
1150 455 1251 490 Κυρίου
1265 455 1344 490 ἡμῶν
1373 454 1459 489 Ἰησοῦ
1476 453 1604 490 Χριστοῦ,
1632 454 1690 489 μεθ’
1703 451 1732 480 οὗ
1746 454 1784 489 τῷ
1799 453 1883 488 [Ia-rp!

1055 497 1112 533 ἅμα
1122 498 1160 533 τῷ
1172 499 1240 534 ἁγίῳ
1251 499 1388 533 Πνεύματι
1400 499 1473 530 δόξα,
1490 498 1598 534 κράτος,
1612 497 1689 533 τιμὴ,
1704 498 1751 524 νῦν
1767 497 1813 524 καὶ
1828 497 1881 530 ἀεὶ,

1032 576 1040 585 ἱ
1054 540 1101 566 καὶ
1116 541 1156 572 είς
1171 542 1232 573 τοὺς
1246 542 1347 573 αἰῶνας
1362 542 1416 568 τῶν
1427 541 1540 568 αἰώνων.
1550 542 1643 578 Ἀμήν.

1363 586 1483 612 ΟΜΙΛΙΑ
1502 587 1567 612 MZ'.

1053 628 1107 654 Καὶ
1119 627 1237 662 ἐγένετο
1248 633 1322 663 μετὰ
1333 629 1368 656 τὰ
1376 629 1495 664 ῥήματα
1506 628 1638 661 ταῦτα,’ό
1649 629 1719 661 Θεὸς
1733 628 1880 662 ἐπείραζει

1365 665 1417 691 τὸν
1437 663 1568 698 Ἀϐραάμ.

1088 709 1121 732 α’.
1140 706 1210 732 Πολύ
1225 707 1278 734 τῶν
1292 708 1408 742 σήμερον
1422 708 1487 742 ἡμῖν
1499 707 1721 741 ἀναγνωσθέντων
1733 707 1762 733 τὺ
1776 707 1879 742 κέρδος,

1053 749 1100 775 καὶ
1117 750 1217 783 ἄφατος
1231 752 1244 777 6
1264 751 1398 787 θησαυρὸς
1415 753 1429 778 6
1444 753 1499 782 τοῖς
1518 751 1628 786 βραχέσι
1645 751 1748 782 τούτοις
1762 752 1881 786 ῥήμασιν

1053 793 1283 829 ἐγκεκρυμμένος.
1300 794 1415 821 Τοιαῦτα
1428 794 1481 830 γὰρ
1496 795 1528 821 τὰ
1543 794 1601 821 θεῖα
1617 794 1710 828 λόγια·
1726 794 1775 820 οὐκ
1793 795 1821 820 ὲν
1843 794 1881 829 τῷ

1053 837 1148 872 πλήθει
1173 838 1227 864 τῶν
1249 838 1387 873 ῥημάτων,
1409 839 1464 864 ἀλλ’
1478 839 1507 864 ἐν
1526 840 1558 873 τῇ
1576 838 1706 873 συντομία
1721 838 1774 864 τῶν
1795 838 1881 872 λόγων

1052 879 1135 906 πολὺν
1147 881 1355 916 ὲναποκείμενον
1362 882 1418 917 ἔχει
1427 881 1473 908 τὸν
1484 881 1605 908 πλοῦτον.
1615 881 1682 916 Φέρε
1694 880 1750 913 οὖν,
1762 881 1881 908 ἀναπτύ-

1052 923 1140 958 ξωμεν
1163 924 1196 951 τὰ
1223 925 1365 960 εἰρημένα,
1389 926 1436 951 καὶ
1459 925 1660 960 καταμάθωμεν
1683 925 1804 961 ἀκριϐῶς
1825 925 1880 952 τῶν

1052 967 1170 1003 σήμερον
1190 968 1414 1003 ἀναγνωσθέντων
1429 969 1476 1004 τὴν
1492 969 1613 1003 δύναμιν.
1631 968 1709 995 Οὕτω
1725 969 1778 1004 γὰρ
1799 969 1879 996 πάλιν

1051 1011 1180 1045 είσόμεθα
1196 1012 1244 1038 καὶ
1259 1011 1305 1038 τοῦ
1321 1012 1489 1048 πατριάρχου
1512 1012 1561 1047 τὴν
1585 1011 1684 1047 πολλὴν
1710 1011 1819 1047 ἀρετὴν,
1833 1012 1880 1038 καὶ

1050 1054 1095 1080 τοῦ
1109 1054 1175 1081 Θεοῦ
1189 1055 1237 1090 τὴν
1251 1056 1470 1091 ὐπερὸάλλουσαν
1485 1055 1696 1090 φιλανθρωπίαν.
1711 1055 1765 1081 Καὶ
1780 1055 1878 1090 ἐγένε-

1050 1106 1093 1125 το.
1107 1099 1183 1132 φησὶ,
1195 1099 1270 1133 μετὰ
1282 1099 1317 1126 τὰ
1323 1099 1443 1133 ῥήματα
1456 1099 1557 1131 ταῦτα,
1568 1101 1583 1126 ό
1599 1099 1669 1132 Θεὸς
1683 1098 1812 1132 ἑπείραζε
1826 1099 1879 1126 τὸν

1055 1141 1186 1176 Ἀϐραάμ.
1204 1142 1236 1168 Τί
1252 1142 1375 1176 βούλεται
1393 1143 1470 1169 ταυτὶ
1486 1142 1520 1169 τὰ
1541 1143 1649 1177 ῥήματα
1660 1164 1666 1172 ,
1685 1143 1738 1169 Καὶ
1761 1141 1878 1176 ἐγένετο

1046 1184 1121 1218 μετὰ
1135 1185 1171 1212 τὰ
1178 1185 1296 1219 ῥήματα
1305 1185 1407 1217 ταῦτα,
1419 1188 1434 1212 ό
1446 1185 1518 1218 Θεὸς
1527 1185 1657 1220 ἐπείραζεν
1671 1185 1722 1212 τὸν
1739 1185 1874 1219 Ὰϐραάμ;

1050 1227 1148 1255 Σκόπει
1165 1237 1209 1263 μοι
1223 1229 1271 1264 τὴν
1285 1229 1360 1256 θείαν
1382 1228 1501 1264 Γραφὴν,
1515 1229 1571 1260 πῶς
1582 1228 1704 1255 ἐντεῦθεν
1723 1229 1772 1264 ἤδη
1786 1229 1878 1263 βούλε-

1049 1279 1092 1298 ται
1109 1271 1261 1306 ἐκκαλύψαι
1274 1273 1338 1306 ἡμῖν
1353 1272 1398 1298 τοῦ
1414 1271 1516 1298 δικαίου
1528 1272 1577 1306 τὴν
1597 1272 1706 1307 ἀρετήν.
1721 1272 1774 1298 Καὶ
1785 1272 1877 1308 ἐπειδὴ

1051 1315 1140 1350 μέλλει
1154 1315 1305 1350 διηγεῖσθαι
1319 1315 1368 1350 τὴν
1381 1317 1476 1350 πεῖραν
1489 1315 1538 1350 τὴν
1549 1315 1623 1351 παρά
1637 1315 1682 1342 τοῦ
1695 1315 1761 1341 Θεοῦ
1779 1316 1878 1350 ἐπαγο-

1051 1359 1134 1394 μένην
1149 1359 1188 1394 τῷ
1207 1358 1341 1393 Ἀϐραὰμ,
1354 1359 1485 1394 πρότερον
1499 1360 1569 1394 ἡμᾶς
1584 1358 1708 1394 βούλεται
1719 1359 1764 1386 τὸν
1783 1360 1878 1395 καιρὸν

1048 1403 1162 1435 διδάξαι,
1187 1402 1247 1428 καθ’
1259 1403 1288 1428 6v
1311 1402 1396 1429 ταῦτα
1411 1403 1425 1428 6
1441 1403 1613 1437 πατριάρχης
1634 1403 1805 1434 ἐπετάττετο,
1831 1403 1878 1430 καὶ

1049 1447 1114 1472 πότε
1138 1447 1183 1472 τὸν
1201 1446 1292 1472 Ἰσαὰκ
1314 1447 1466 1480 ἀνενεγκεῖν
1489 1445 1637 1478 ἐκελεύετο,
1654 1446 1696 1472 ἵνα
1720 1446 1808 1482 μάθῃς
1830 1446 1878 1482 τὴν

1050 1489 1148 1525 πολλὴν
1161 1489 1207 1516 τοῦ
1222 1490 1390 1525 πατριάρχου
1406 1489 1537 1524 ὑπακοὴν,
1553 1490 1599 1516 καὶ
1614 1490 1686 1520 ὅπως
1697 1489 1750 1516 τῶν
1764 1489 1803 1524 τῷ
1819 1490 1877 1525 Θεῷ

1048 1533 1196 1560 δοκούντων
1217 1533 1291 1559 οὐδὲν
1302 1534 1438 1568 προτιμᾷν
1449 1533 1585 1568 ἠνέσχετο.
1599 1533 1631 1558 Τί
1646 1531 1691 1559 οὖν
1710 1534 1794 1565 ἐστιν,
1803 1533 1879 1569 Ἐτέ-

1048 1585 1115 1603 rato
1133 1576 1166 1603 δὲ
1177 1576 1253 1611 μετὰ
1275 1578 1310 1603 τὰ
1329 1576 1448 1610 ,ῥήματα
1472 1576 1583 1608 mira;
1604 1576 1710 1612 Ἐπειδὴ
1733 1576 1786 1612 γὰρ
1810 1577 1879 1613 μετά

1048 1622 1095 1647 τὸν
1120 1621 1168 1648 τοῦ
1189 1621 1281 1648 Ἰσαὰκ
1305 1621 1401 1652 τόκον,
1418 1621 1500 1656 ¹ἡνίκα
1522 1621 1652 1648 ἐθεάσατο
1677 1622 1694 1656 ἡ
1720 1622 1812 1658 Σάρρα
1833 1622 1878 1649 τὸν

1055 1665 1166 1700 Ἰσμαὴλ
1185 1666 1467 1700 συναναστρεφόμενον
1485 1665 1523 1700 τῷ
1543 1665 1634 1692 Ἰσαὰκ
1645 1685 1652 1697 ,
1673 1665 1798 1701 καθάπερ
1816 1665 1878 1700 χθὲς

1049 1710 1118 1745 πρὸς
1150 1710 1218 1743 ὑμᾶς
1248 1709 1431 1743 διελέχθημεν,
1451 1708 1636 1743 δυσχεράνασα
1662 1709 1729 1743 πρὺς
1757 1709 1834 1735 τοῦτο
1861 1711 1877 1744 ὴ

1048 1753 1141 1788 Σάρρα
1160 1752 1234 1786 ἔλεγε
1254 1752 1320 1786 πρὸς
1339 1752 1383 1777 τὸν
1401 1751 1542 1786 ¹Α6ραάμυ
1559 1752 1688 1778 Ἔκϐαλε
1707 1751 1763 1785 τὴν
1782 1752 1878 1778 παιδί-

1049 1803 1131 1830 σκην
1146 1796 1194 1822 καὶ
1210 1795 1263 1821 τὸν
1279 1796 1318 1821 ι,νίιῖ
1324 1804 1342 1821 ν
1360 1794 1470 1828 αὐτῆς·
1485 1796 1521 1821 οὐ
1535 1795 1590 1829 γὰρ
1602 1794 1645 1829 μὴ
1662 1796 1876 1830 κληρονομήσῃ

1049 1841 1065 1866 ὀ
1084 1839 1149 1872 υίὸς
1167 1839 1221 1873 τῆς
1241 1839 1401 1871 παιδίσκης
1426 1839 1501 1873 μετὰ
1525 1838 1578 1865 τοῦ
1603 1838 1669 1865 υἱοῦ
1693 1847 1769 1872 μου·
1790 1839 1876 1874 ἐφάνη

1048 1884 1076 1910 δὲ
1102 1883 1180 1910 τοῦτο
1207 1883 1322 1918 σκληρὸν
1341 1882 1380 1917 τῷ
1399 1882 1570 1918 πατριάρχῃ,
1591 1882 1749 1917 βουλόμενος
1773 1884 1787 1908 6
1812 1883 1877 1915 Θεὸς

1049 1926 1292 1963 παραμυθήσασθαι
1311 1927 1356 1953 τὸν
1375 1926 1486 1958 δίκαιον,
1506 1925 1602 1961 φησίν·
1620 1925 1786 1952 Ὑπάκουσον
1805 1927 1876 1962 Σάρ-

1050 1972 1100 2006 ρας
1118 1971 1170 2006 τῆς
1187 1970 1313 2004 γυναικός
1335 1978 1392 2001 σου,
1407 1970 1452 1995 καὶ
1467 1969 1538 1995 ποίει
1551 1969 1580 1995 τὸ
1595 1969 1658 2004 παρ’
1668 1969 1753 2004 αὐτῆς
1767 1969 1877 2004 λεχθέν·

1049 2015 1095 2041 καὶ
1115 2015 1151 2050 μὴ
1172 2013 1288 2049 σκληρόν
1298 2022 1339 2040 σοι
1355 2012 1492 2048 φαινέσθω
1509 2012 1540 2038 τὺ
1557 2013 1621 2048 περὶ
1639 2012 1686 2039 τοῦ
1707 2013 1811 2040 παιδίου
1831 2013 1879 2040 καὶ

1048 2059 1098 2093 τῆς
1120 2058 1274 2094 παιδίσκης.
1294 2058 1344 2084 Ἐν
1362 2056 1417 2092 γὰρ
1436 2055 1475 2089 τῷ
1493 2056 1596 2083 Ἰσαὰκ
1621 2056 1804 2091 κληθήσεται
1828 2064 1878 2084 σοι

1048 2103 1176 2137 σπέρμα,
1195 2103 1242 2129 καὶ
1260 2102 1353 2128 τοῦτον
1372 2101 1400 2128 δὲ
1420 2101 1523 2136 ποιήσω
1542 2101 1581 2132 είς
1600 2100 1674 2132 ἔθνος
1694 2101 1773 2136 μέγα,
1785 2100 1877 2136 ἐπειδὴ

1050 2147 1159 2183 σπέρμα
1178 2147 1223 2173 σόν
1242 2147 1308 2172 ἐστι.
1332 2145 1386 2172 Καὶ
1406 2146 1479 2171 πᾶσα
1497 2145 1514 2180 ἡ
1534 2144 1678 2179 ὑπόσχεσις
1696 2144 1770 2179 αὐτῷ
1795 2145 1842 2171 καὶ
1860 2145 1877 2180 ἡ

1049 2190 1126 2226 παρὰ
1143 2189 1190 2216 τοῦ
1209 2189 1276 2216 Θεοῦ
1295 2189 1444 2223 ἐπαγγελία
1455 2187 1522 2223 αὕτη
1537 2186 1581 2223 ἦν,
1592 2187 1663 2214 ὥστε
1677 2188 1716 2220 είς
1731 2188 1798 2215 πολύ
1811 2188 1878 2223 πλῆ-

1049 2234 1094 2266 θος
1109 2233 1276 2260 ἐκτείνεσθαι
1291 2233 1353 2264 τοὺς
1370 2233 1402 2258 ἐκ
1418 2232 1463 2258 τοῦ
1479 2232 1569 2258 Ἰσαὰκ
1587 2232 1729 2266 τεχθέντας
1737 2232 1761 2258 ιι.
1771 2231 1877 2267 Ἐπειδὴ

1048 2277 1159 2309 ταύταις
1177 2278 1237 2308 ταῖς
1256 2276 1345 2303 ἐλπίσι
1363 2275 1529 2310 τρεφόμενος
1548 2276 1561 2302 6
1579 2275 1681 2307 δίκαιος
1698 2275 1818 2307 διετέλει,
1831 2276 1878 2302 καὶ

1048 2321 1085 2352 ὡς
1103 2320 1157 2346 τῶν
1175 2319 1308 2346 τοσούτων
1335 2318 1383 2345 καὶ
1406 2318 1563 2354 ἐπαλλήλων
1581 2317 1696 2352 θλίψεων
1715 2319 1762 2345 καὶ
1781 2327 1876 2354 πειρα-

1049 2363 1126 2399 σμῶν
1144 2363 1193 2395 τὰς
1213 2362 1329 2398 ἀμοιϐὰς
1347 2362 1539 2397 κομισάμενος,
1561 2361 1607 2388 καὶ
1626 2363 1655 2387 ἐν
1673 2361 1805 2396 ἀσφαλείᾳ
1823 2361 1877 2387 λοι-

1048 2408 1098 2435 πὺν
1123 2407 1261 2442 γεγονὼς,
1285 2406 1332 2433 καὶ
1360 2406 1430 2441 όρῶν
1455 2405 1484 2431 ἐν
1508 2405 1656 2440 ὀφθαλμοῖς
1680 2404 1725 2430 τὸν
1750 2404 1878 2439 μέλλοντα

1048 2450 1217 2486 διαδέχεσθαι
1238 2449 1320 2476 αὐτοῦ
1341 2449 1386 2475 τὺν
1408 2448 1517 2484 κλῆρον,
1538 2447 1608 2474 οὓτω
1633 2447 1700 2482 μετὰ
1715 2447 1805 2479 ἀδείας
1816 2448 1878 2474 καθ-

1049 2495 1182 2530 ειστήκει,
1200 2493 1330 2528 μεγίστην
1344 2491 1465 2519 ἐντεῦθεν
1485 2491 1660 2526 παραμυθίαν
1678 2491 1875 2526 καρπούμενος.

1055 2538 1124 2564 Ἀλλ’
1144 2538 1158 2563 6
1170 2536 1204 2563 τὰ
1221 2536 1363 2572 ἀπόρρητα
1381 2535 1431 2569 τῆς
1444 2535 1561 2565 διανοίας
1580 2535 1770 2569 ἐπιστάμενος,
1785 2535 1877 2569 βουλό-

1053 2589 1132 2617 μενος
1146 2581 1212 2615 ἡμῖν
1229 2578 1380 2613 ἐκκαλύψαι
1397 2578 1444 2604 τοῦ
1461 2578 1564 2604 δικαίου
1584 2578 1632 2613 τὴν
1652 2578 1761 2613 ἀρετὴν,
1777 2578 1877 2606 καὶτὸν

1049 2625 1132 2651 πολὺν
1147 2623 1237 2654 πόθον,
1248 2623 1277 2649 ὃν
1287 2623 1350 2657 περὶ
1362 2622 1441 2648 αὐτὸν
1450 2621 1630 2653 ἐπεδείκνυτο,
1642 2621 1709 2656 μετὰ
1721 2622 1769 2652 τὰς
1781 2621 1877 2648 τοσαύ-

1048 2678 1094 2700 τας
1107 2668 1205 2702 ὐποσχέ
1210 2676 1275 2699 σεις,
1292 2667 1338 2693 καὶ
1354 2666 1453 2700 ταύτην
1459 2665 1507 2700 τὴν
1519 2666 1674 2701 πρόσφατον
1681 2666 1875 2701 γεγενημένην,

1050 2713 1097 2740 καὶ
1117 2710 1150 2747 ἧς
1176 2712 1225 2746 τὴν
1251 2711 1361 2746 μνήμην
1386 2709 1495 2736 ἔναυλον
1514 2707 1585 2744 εἶχεν
1607 2709 1691 2745 [4ῗ4],
1715 2711 1759 2736 ὅτε
1784 2710 1876 2736 λοιπὸν

1082 2791 1230 2822 ⁸Ἐπείραζι,
1240 2788 1389 2818 leniabal,sic
1399 2789 1471 2822 etiam
1485 2787 1544 2812 infra
1556 2788 1580 2822 In
1592 2788 1661 2818 Mona,
1672 2789 1696 2812 in
1712 2788 1776 2822 εἰη-νη
1787 2794 1810 2811 ιη
1819 2794 1873 2822 ,θεη-

1050 2818 1278 2852 ῐιὶθιιείιιιοόῐηιιίιιυ
1289 2827 1357 2849 mss.,
1374 2823 1411 2852 ιιι.
1421 2819 1488 2842 nulla
1501 2819 1574 2849 possit
1591 2825 1646 2852 θξςιξ
1666 2819 1747 2852 πιςιιι-Ιὶ
1758 2818 1873 2852 διιεριεὶε),

1052 2848 1196 2882 cerlulhque
1207 2851 1239 2874 sit.
1252 2849 1663 2882 ilalegisseChrxsoglomumhAlin
1675 2848 1875 2873 (ιόίιίοιιὶἰιυετῶν

1052 2883 1085 2909 0'
1095 2879 1186 2913 lcgilhr
1197 2879 1496 2913 Emipaaaflentavilﬁog.
1509 2880 1580 2903 Alex.
1595 2881 1707 2913 ἐπείραζε.
1753 2909 1756 2913 _
1772 2909 1776 2913 ι

1081 2915 1096 2934 δ
1108 2911 1379 2942 Αθόόίινιὶῐηυςτεχθέντας
1391 2917 1404 2936 e
1418 2911 1490 2936 CoisI.
1506 2914 1531 2935 cl
1544 2917 1618 2942 marg‘
1633 2911 1702 2936 Smil,
1717 2911 1757 2940 qui
1771 2911 1794 2932 in
1805 2911 1875 2932 toxlu

1048 2945 1206 2976 τικτομένους,
1219 2943 1259 2967 καὶ
1269 2943 1370 2970 ταύταις.
