2044 3131
151 127 204 155 429

150 184 336 220 promissionis
355 187 382 211 et
397 189 534 218 postquam
548 182 614 211 dixit
630 192 636 210 :
653 183 686 210 In
699 184 744 210 illo
758 183 885 210 vocabitur
897 183 941 210 tibi

148 237 234 256 semen
246 249 253 261 ,
275 234 302 256 et
323 229 367 256 ille
385 228 435 256 erit
456 235 594 256 successor
607 232 686 256 tuus:
703 228 765 256 Post
776 229 850 255 verba
866 229 918 255 lucc

148 276 261 303 tentabat
272 274 340 301 Deus
354 275 491 301 Abraham.
505 274 573 308 Quid
586 278 637 308 est,
651 274 860 302 Tentabat?i\'on
871 283 943 310 quon

149 322 207 356 ipse
221 322 368 356 ignoraret,
387 321 532 348 tentatione
545 320 617 348 illum
632 321 769 355 probavit,
782 321 829 348 sed
843 325 872 348 ut
884 326 911 348 et
924 321 940 348 ii

151 367 194 401 qui
207 371 269 394 tunc
279 371 364 398 erant,
375 371 402 393 et
411 365 455 400 qui
466 366 500 393 ab
508 374 540 393 eo
552 370 670 400 tempore
682 374 764 401 usque
776 366 809 393 ad
824 373 941 401 praesens

150 413 232 441 futuri
253 417 334 446 sunt,
356 412 426 440 istud
446 413 531 447 ipsum
555 412 712 447 patriarcha:
734 412 894 440 desiderium
915 416 942 440 et

148 459 327 486 obedientiam
351 459 376 486 in
395 459 534 493 prmceptis
549 458 688 485 dominicis
702 466 756 492 pra:
770 465 799 485 se
814 457 884 486 ferre
898 457 940 485 di-

122 516 132 522 -
149 510 237 532 scant.
254 504 287 532 Et
302 505 376 538 dixit,
389 505 489 539 inquit,
505 505 539 531 ad
549 513 626 532 eum:
641 505 769 531 Abraham
780 525 787 537 ,
803 505 939 532 Abraham.

149 551 183 578 At
204 551 247 578 ille
267 551 330 578 dixit
343 559 353 578 :
368 551 434 578 Ecce
448 559 502 586 ego.
520 550 587 585 Quid
600 551 650 579 sibi
664 552 720 578 vult
734 551 806 579 verbi
820 551 940 586 duplica-

149 597 189 624 tio
199 597 211 624 7
226 597 326 632 Magna:
337 597 529 624 benevolentia:
539 605 601 632 erga
615 597 790 632 patriarcbam
802 605 943 632 argumen-

150 648 207 670 tum
222 648 272 676 est,
288 647 315 670 et
327 643 491 671 monstrabat
503 643 527 670 ei
542 644 680 671 vocatione
692 643 759 678 ipsa,
776 650 805 670 se
817 650 941 678 magnum

149 689 248 724 aliquid
261 693 454 724 prmcepturum
468 696 537 716 esse.
550 688 584 716 Ut
598 689 676 724 igitur
689 689 761 715 illum
773 688 942 716 attentiorcm

149 734 285 767 redderet,
300 735 464 762 vocationem
479 734 629 769 geminahat
639 755 646 768 ,
662 739 688 762 et
702 734 767 761 dixit
782 743 788 760 :
803 733 940 765 Abraham,

149 779 288 806 Abraham.
303 779 354 806 Ille
363 784 446 807 autem
458 780 521 807 dixit
533 788 543 807 :
558 780 624 807 Ecce
642 789 697 815 ego.
708 780 735 808 2.
747 780 780 806 Et
793 780 855 807 dixit
868 789 874 806 :
891 779 941 806 Ac-

150 825 208 860 cipe
217 825 298 859 ﬁlium
309 830 379 852 tuum
394 825 522 858 dilectum,
533 833 606 860 quem
616 825 736 856 dilexisti,
749 825 834 858 Isaac,
845 830 868 851 ct
881 825 943 852 vade

149 870 178 896 in
194 874 285 897 terram
302 870 425 897 excelsam
435 891 442 902 ,
458 875 481 897 et
493 870 557 904 o/Ter
570 879 625 898 eum
640 871 666 898 in
680 871 853 898 holowustum
867 879 943 906 super

150 923 230 941 animi
245 916 384 949 montium,
404 924 477 950 quem
496 916 540 943 tibi
562 916 658 943 dixero.
678 916 800 951 Magnum
817 916 942 951 praecepti

149 959 266 994 pondus,
282 964 309 987 et
323 968 365 987 res
380 960 525 988 humanam
539 961 729 988 transcendens
743 965 876 988 naturam.
893 961 942 988 Ac-

150 1005 206 1040 cipe
221 1006 301 1040 ﬁliuni
312 1010 381 1033 tuum
396 1007 532 1039 dilectum,
546 1016 618 1043 quem
631 1007 742 1034 dilexisti
753 1028 760 1040 ,
774 1007 857 1035 Isaac.
876 1007 942 1036 Vide

151 1051 286 1084 quomodo
306 1059 353 1085 per
368 1052 446 1079 verba
467 1052 516 1080 ista
537 1052 664 1087 majorem
680 1061 771 1087 rogum
786 1053 941 1085 succendit,

150 1100 179 1123 et
193 1095 326 1123 fornacem
339 1097 446 1129 amoris,
461 1105 514 1132 quo
526 1097 612 1131 justus
627 1098 652 1124 in
668 1097 739 1124 Isaac
752 1097 862 1125 allectus
873 1103 941 1132 erat,

150 1141 209 1168 veh-
221 1142 335 1169 mentius
343 1143 452 1169 excitat.
461 1143 553 1177 Accipe
562 1143 644 1177 ﬁlium
652 1148 722 1169 tuum
734 1143 860 1175 dilectum,
870 1151 943 1178 quem

150 1186 272 1221 dilexisti,
288 1187 372 1215 Isaac.
389 1188 600 1223 Unumquodque
612 1189 722 1216 verbum
737 1197 783 1223 per
795 1196 824 1216 se
837 1189 943 1216 suffice-

150 1237 194 1260 ret
203 1233 235 1260 ad
247 1233 414 1261 sauciandam
426 1234 540 1261 animam
549 1234 623 1269 justi.
635 1234 692 1262 Non
704 1234 774 1262 enim
785 1235 943 1270 simpliciter

150 1278 228 1311 dixit,
242 1278 318 1306 Isaac
328 1300 335 1312 ,
349 1279 395 1307 sed
414 1279 525 1313 addidit,
540 1280 637 1307 Filium
650 1285 720 1307 tuum
733 1301 740 1314 ,
753 1289 830 1316 quem
847 1286 943 1316 praeter

150 1331 258 1351 omnem
269 1325 492 1359 exspectationem
504 1326 653 1360 suscepisti,
663 1326 724 1353 etin
736 1327 792 1361 ipsa
804 1330 943 1354 senectute

151 1369 251 1397 habere
261 1370 379 1404 potuisti,
395 1370 528 1403 Dilectum,
543 1371 747 1399 desiderabilem
763 1376 847 1405 tuum,
863 1379 942 1406 quem

150 1419 205 1443 tam
227 1416 368 1443 immodice
387 1416 492 1452 diligis,
509 1416 628 1444 lsaacum
640 1438 647 1450 ,
664 1425 742 1452 quem
757 1425 940 1445 successurum

150 1461 199 1489 tibi
213 1466 362 1496 exspectas,
374 1469 406 1489 ex
419 1469 471 1497 quo
484 1467 510 1490 et
524 1470 615 1490 semen
628 1466 701 1490 tuum
714 1462 941 1497 multiplicandum

151 1507 260 1542 promisi
272 1528 278 1538 .
293 1511 322 1534 et
335 1507 362 1534 in
378 1511 478 1534 tantum
497 1508 725 1542 multiplicandum
740 1529 747 1541 ,
763 1512 792 1535 ut
805 1508 940 1535 stellarum

149 1554 311 1582 multitudini
326 1559 353 1582 et
371 1563 460 1583 arente
478 1564 537 1590 qua:
549 1556 622 1591 juxta
643 1556 704 1583 litus
719 1556 800 1583 maris
813 1559 855 1583 est
869 1555 942 1582 adae-

149 1604 255 1634 quetur.
268 1599 342 1627 Illum
360 1601 444 1635 ipsum
458 1601 559 1637 Accipe,
570 1607 593 1628 et
604 1601 665 1628 vade
673 1601 699 1628 in
707 1606 798 1628 terram
807 1601 941 1633 ercelsam.

148 1651 172 1673 et
187 1646 252 1680 oﬂ‘er
268 1655 325 1674 eum
337 1648 371 1674 ibi
385 1648 412 1674 in
429 1648 601 1674 holocaustum
615 1656 691 1683 super
707 1656 783 1674 unum
799 1647 919 1674 montium
933 1668 941 1681 ,

148 1701 221 1727 quem
236 1694 281 1720 tibi
293 1694 385 1721 dicam.
401 1694 531 1722 Admirari
547 1694 618 1721 subit
630 1693 763 1729 quomodo
780 1694 837 1720 haec
855 1694 940 1729 ju.-tus

147 1739 257 1766 auribus
271 1739 339 1766 ferre
352 1739 476 1774 potuerit.
489 1740 564 1767 Illum
579 1740 650 1767 enim
664 1740 760 1774 ipsum,
776 1739 871 1774 inquit,
885 1743 940 1766 tam

115 1801 118 1803 -
148 1785 353 1813 desiderabilem
375 1786 421 1813 tibi
434 1806 441 1818 ,
460 1785 527 1813 olIcr
541 1786 607 1813 mihi
622 1786 647 1813 in
663 1786 845 1813 holocaustum
859 1792 941 1820 super

148 1839 232 1865 unum
246 1832 386 1859 montium.
401 1832 468 1866 Quid
484 1833 563 1867 igitur
573 1832 679 1866 justus?
693 1832 749 1859 Non
766 1831 885 1859 turbatus
899 1835 941 1858 cst

148 1877 248 1910 animo,
265 1885 318 1904 non
332 1878 456 1905 confusus
469 1883 510 1905 cst
520 1883 619 1911 mente,
635 1885 688 1904 non
703 1877 813 1904 consilio
827 1877 938 1904 destitu-

148 1927 192 1949 tus
203 1923 288 1950 estad
302 1928 354 1950 tam
368 1923 526 1958 stupendum
543 1927 713 1958 pra-ceptum,
729 1931 781 1950 non
795 1923 938 1957 cogitabat,

147 1975 202 1994 non
223 1969 427 1996 ratiocinabatur
444 1977 535 1997 secum
551 1979 557 1997 :
571 1969 639 2002 Quid
662 1970 712 1996 hoc
732 1969 851 2003 est?qu
875 1969 939 1996 mihi

148 2019 246 2048 pra-ter
267 2022 371 2042 ornncm
394 2015 617 2049 exspectationem
640 2015 738 2049 prolem
758 2015 867 2049 largitus
880 2019 937 2047 est,

148 2060 193 2094 qui
208 2066 315 2095 propter
329 2062 519 2096 benignitatem
533 2069 607 2089 suam
619 2066 767 2089 emortuam
780 2062 867 2089 Sarrae
882 2061 938 2088 vul-

148 2113 208 2132 vam
223 2107 387 2141 generatioui
403 2107 522 2134 idoneam
537 2107 613 2140 fecit,
629 2115 698 2134 nunc
712 2112 849 2142 postquam
863 2107 939 2134 abla~

147 2157 234 2179 elatus
249 2158 290 2180 cst
303 2153 372 2180 filius
384 2159 411 2180 et
425 2154 524 2186 crevit,
540 2158 567 2181 et
580 2154 605 2180 in
621 2153 686 2180 flere
700 2153 784 2180 a'tatis
798 2158 853 2186 est,
868 2153 938 2181 hunc

147 2197 233 2224 occidi
248 2201 275 2225 et
295 2198 320 2225 in
337 2199 519 2226 holocaustum
540 2199 628 2226 offerri
643 2199 761 2234 prmcipit
776 2208 782 2226 :
799 2199 843 2234 qui
860 2200 938 2234 paulo

146 2249 225 2270 antea
239 2243 313 2274 dixit.
329 2243 362 2270 In
375 2245 430 2279 ipso
445 2245 571 2271 vocabitur
584 2244 627 2271 tibi
642 2253 735 2277 semen,
750 2252 819 2272 nunc
832 2250 938 2272 contra-

146 2289 185 2316 ria
201 2289 327 2324 praetipit.
352 2290 384 2316 Et
408 2290 542 2324 quomodo
558 2290 745 2325 implebuutur,
768 2299 826 2325 quas
849 2291 884 2318 ab
905 2298 938 2318 eo

145 2340 208 2362 sunt
221 2336 350 2370 promissa
360 2337 371 2363 ?
380 2336 437 2369 Quo
450 2342 525 2371 pacto
540 2337 610 2364 enim
626 2337 680 2364 fieri
694 2341 792 2372 potest,
806 2342 833 2364 ut
848 2337 937 2365 radice

148 2388 253 2409 exsecta
277 2382 343 2409 rami
362 2382 515 2417 pullulent,
537 2383 578 2410 vel
598 2384 698 2410 succisa
721 2384 817 2411 arbore
837 2384 937 2411 fructus

147 2429 303 2463 proveniant
316 2449 323 2462 ,
338 2430 377 2456 vel
399 2429 471 2456 fonte
485 2429 602 2457 arefacto
617 2429 687 2456 fluvii
703 2431 848 2457 scaturiant
861 2430 872 2457 ?
887 2430 935 2457 Se-

148 2476 261 2502 cundum
277 2476 391 2504 hominis
401 2477 529 2504 rationem
541 2477 601 2504 talia
615 2477 670 2504 fieri
683 2484 734 2504 non
747 2482 787 2504 est
801 2477 935 2512 possibile;

145 2521 201 2548 lico
215 2527 303 2548 autem
315 2522 419 2549 volente
434 2522 489 2549 ﬁeri
504 2528 614 2557 possunt
624 2523 723 2549 omnia.

180 2567 207 2593 2.
222 2566 354 2593 Caeterum
366 2567 459 2593 horum
475 2567 539 2594 nihil
551 2567 675 2602 cogitarit
686 2568 872 2602 secumjustus
882 2568 935 2601 ille,

144 2612 191 2639 scd
200 2613 269 2640 sicut
279 2617 369 2648 gratus
381 2612 503 2644 famulus,
511 2615 608 2641 omissa
617 2614 688 2642 omni
698 2614 802 2643 ratione
811 2615 935 2648 humana,

145 2666 226 2685 unam
241 2663 342 2686 tantum
358 2667 414 2686 rem
428 2659 545 2692 curabat,
559 2665 586 2686 ut
601 2660 730 2695 imperata
745 2668 825 2695 opere
840 2652 935 2695 imple-

144 2708 186 2731 ret
200 2713 207 2731 :
221 2708 249 2731 et
270 2704 345 2739 quasi
364 2704 448 2732 factus
469 2705 502 2732 ab
522 2705 635 2732 humana
656 2710 749 2733 natura
772 2706 875 2733 alienus
887 2726 896 2737 ,
910 2710 937 2733 et

145 2749 356 2784 postponendam
372 2749 472 2776 ducens
485 2749 580 2776 divinis
595 2751 733 2785 prmceptis
752 2758 856 2778 onmem
873 2750 936 2778 affe-

145 2795 262 2822 ctionem
278 2799 305 2821 et
318 2794 485 2822 dilectionem
499 2815 506 2826 .
520 2794 552 2821 ad
567 2794 698 2830 implenda
714 2796 759 2823 Dei
773 2796 846 2830 jussa
860 2796 935 2823 festi-

144 2841 228 2868 navit.
241 2841 267 2867 5.
285 2839 317 2866 Et
331 2849 387 2867 cum
402 2840 567 2874 surrexisset,
585 2841 686 2876 inquit,
699 2841 826 2869 Abraham
843 2850 932 2876 mane,

680 127 712 155 IN
729 126 805 154 CAP.
826 127 906 157 XX".
924 129 1045 159 GENES.
1068 130 1180 160 HOMIL.
1202 133 1306 162 XLVII.

1731 148 1782 175 [‘50

994 186 1082 212 strauit
1095 187 1192 215 asinam
1210 197 1290 216 suam.
1309 189 1409 228 Accepit
1422 199 1504 223 autem
1525 206 1608 226 secum
1621 200 1687 227 (luas
1698 209 1785 228 seruos

995 236 1019 258 ιι
1038 231 1111 259 Isaac
1131 234 1212 268 ﬁlium
1226 244 1299 263 suum
1315 246 1324 265 :
1341 243 1364 265 et
1382 241 1466 268 scissis
1484 243 1558 278 lignis
1571 245 1597 271 iu
1610 245 1783 274 holocaustum

1063 280 1227 328 surrexisset,
1240 285 1366 319 profectus
1378 290 1424 318 est,
1438 292 1461 314 et
1473 289 1538 315 venit
1550 290 1575 316 in
1594 291 1676 318 locum
1685 313 1692 325 ,
1709 302 1783 328 quem

995 323 1059 350 dixit
1077 325 1107 371 ei?
1116 324 1184 353 Deus
1195 347 1202 359 ,
1219 327 1260 354 die
1274 331 1355 357 tertio.
1368 330 1435 359 Vide
1448 333 1606 362 clementem
1619 323 1757 365 Dominum
1774 359 1781 371 ,

995 370 1128 403 quomodo
1149 375 1176 398 et
1195 372 1335 401 intervallo
1357 375 1408 403 loci
1425 377 1488 411 justi
1510 379 1630 412 probavit
1645 382 1780 409 virtutem.

994 414 1084 449 Cogita
1097 421 1185 444 autem
1198 418 1260 453 quid
1273 420 1410 454 probabile
1421 422 1456 449 sit
1471 424 1557 451 triduo
1571 425 1615 452 illo
1626 427 1783 454 sustinuisse

992 458 1093 493 justum
1109 461 1117 476 ί
1132 468 1221 489 secum
1241 469 1406 498 reputantem
1423 467 1473 494 sibi
1489 475 1647 504 przcceptum
1661 478 1721 498 esse
1733 492 1739 503 ,
1756 476 1784 498 ut

993 504 1048 532 suis
1060 507 1180 535 manibus
1189 512 1241 535 tam
1252 509 1375 538 dilectum
1388 512 1470 540 filium
1481 513 1622 547 occideret,
1634 523 1719 550 neque
1727 524 1783 543 rem

995 551 1042 578 ulli
1057 555 1266 582 communicaret
1280 561 1306 583 et
1325 556 1479 592 detegeret;
1498 564 1524 586 ct
1538 560 1695 596 obstupesce
1708 562 1780 596 pium

994 598 1199 634 religiosumque
1223 609 1254 629 ac
1275 603 1430 637 prudentem
1453 606 1534 640 ipsius
1560 607 1688 634 animum.
1717 608 1783 642 Quia

995 645 1065 671 enim
1081 645 1181 673 sciebat
1195 648 1402 682 magnitudinem
1418 652 1551 686 prmcepti,
1561 654 1659 680 nemini
1675 661 1783 688 prorsus

996 689 1046 717 hoc
1058 692 1231 731 significavit,
1247 702 1331 729 neque
1345 697 1447 730 pueris,
1462 705 1550 733 nequc
1564 699 1614 733 ipsi
1630 699 1703 727 lsaac
1715 709 1722 727 :
1736 700 1782 727 sed

995 736 1067 764 solus
1081 745 1171 765 secum
1186 747 1298 773 agonem
1315 741 1387 768 illum
1403 742 1552 770 decertabat
1567 765 1574 776 ,
1589 749 1616 771 et
1630 745 1703 779 quasi
1719 745 1783 772 ada-

995 788 1052 808 mas
1071 782 1176 816 quidam
1197 785 1321 812 manebat
1340 786 1469 820 invictus,
1491 788 1572 815 robur
1594 790 1782 823 cogitationum

995 830 1097 854 tantum
1110 828 1237 856 exhibens
1248 850 1254 862 ,
1269 835 1294 857 et
1309 838 1361 863 non
1375 832 1453 859 multa
1468 838 1600 865 causatus,
1616 842 1711 869 magno
1723 842 1782 862 cum

995 872 1127 900 desiderio
1142 874 1340 909 obtemperabat
1353 878 1426 903 nutui
1438 877 1535 905 divino.
1552 879 1583 905 Et
1597 884 1735 914 postquam
1749 880 1782 907 ad

994 918 1081 946 locum
1103 920 1176 947 illum
1198 923 1335 955 pervenit,
1348 923 1375 950 4.
1392 923 1504 950 Sublatis
1516 945 1523 955 ,
1538 924 1640 960 inquit,
1657 925 1784 952 Abraham

995 967 1075 993 oculis
1088 967 1141 993 suis
1153 967 1214 994 vidit
1228 967 1310 994 locum
1325 977 1340 995 a
1358 969 1447 1004 longe,
1463 970 1489 997 5.
1505 975 1527 997 et
1543 970 1606 997 dixit
1626 971 1702 998 seruis
1714 972 1785 998 suis:

995 1013 1087 1040 Sedete
1103 1014 1144 1040 hic
1162 1022 1218 1041 cum
1236 1016 1317 1042 asina.
1333 1015 1399 1043 Vide
1410 1021 1437 1043 ct
1452 1016 1495 1044 hic
1507 1016 1570 1051 justi
1584 1024 1706 1052 magnam
1721 1025 1783 1052 prn-

995 1058 1111 1086 dentiam
1125 1067 1131 1085 :
1145 1059 1224 1087 etiam
1240 1060 1324 1087 servis
1336 1061 1391 1088 vult
1405 1069 1464 1089 esse
1479 1062 1600 1090 occultus
1611 1083 1619 1095 ,
1634 1070 1681 1096 per
1695 1063 1783 1090 omnia

995 1103 1133 1131 declarans
1146 1112 1173 1132 se
1184 1113 1244 1132 cum
1259 1106 1369 1133 ferventi
1381 1106 1517 1134 alacritate
1526 1111 1553 1134 et
1567 1107 1667 1135 intento
1678 1107 1782 1135 deside-

994 1150 1035 1176 rio
1045 1150 1156 1184 implere
1166 1151 1233 1178 velle
1243 1151 1313 1183 quod
1324 1152 1378 1178 Deo
1388 1152 1557 1186 probabatur.
1569 1152 1635 1179 Nam
1647 1153 1707 1188 quia
1718 1153 1785 1179 scie-

995 1195 1040 1222 bat
1054 1203 1149 1222 novum
1165 1200 1192 1222 et
1207 1196 1352 1223 inauditum
1368 1203 1427 1224 esse
1445 1197 1470 1224 id
1485 1197 1554 1232 quod
1566 1197 1600 1224 ab
1614 1197 1671 1231 ipso
1684 1197 1785 1223 facien-

995 1241 1057 1268 dum
1068 1246 1135 1274 erat,
1146 1249 1232 1276 neque
1242 1242 1276 1269 ab
1286 1242 1339 1269 ullo
1348 1249 1471 1277 umquam
1485 1242 1537 1269 tale
1546 1242 1671 1277 quiddam
1686 1242 1783 1269 factum]

995 1287 1077 1315 fuisse
1091 1293 1168 1315 antea
1180 1310 1187 1320 ,
1201 1296 1258 1315 rem
1272 1289 1358 1316 servis
1372 1289 1497 1316 occultat.
1513 1289 1544 1316 Et
1557 1288 1658 1316 relictis
1672 1289 1711 1315 eis
1722 1295 1783 1315 cum

995 1333 1079 1366 asina,
1097 1334 1181 1368 inquit
1196 1343 1202 1361 :
1216 1334 1243 1361 5.
1259 1333 1309 1360 llic
1318 1338 1459 1369 exspectate
1469 1342 1477 1361 :
1487 1342 1532 1369 ego
1542 1334 1609 1361 enim
1623 1338 1646 1360 et
1657 1341 1718 1368 puer
1727 1341 1784 1359 am~

995 1378 1137 1406 bulabimus
1152 1387 1227 1413 usque
1238 1379 1309 1413 illuc,
1320 1383 1344 1406 et
1355 1387 1413 1406 cum
1425 1379 1623 1410 adoraverimus,
1635 1384 1784 1405 revertemur

996 1426 1029 1453 ad
1043 1434 1096 1452 eos.
1113 1425 1241 1460 ignorans
1255 1425 1369 1453 futurum
1385 1433 1444 1453 esse
1459 1425 1483 1452 id
1500 1425 1570 1459 quod
1590 1425 1695 1452 dicebat
1709 1445 1715 1456 ,
1736 1423 1784 1450 sed

997 1471 1167 1506 prophetavit
1180 1471 1285 1505 quidem
1299 1491 1305 1502 ,
1322 1471 1446 1506 ignorans
1459 1475 1545 1497 tamen
1562 1469 1691 1496 fortassis.
1707 1469 1784 1496 Dico-

996 1516 1040 1543 bat
1054 1520 1141 1542 autem
1158 1515 1215 1542 haec
1227 1515 1310 1542 servis
1322 1535 1330 1547 ,
1346 1515 1413 1542 forte
1428 1519 1457 1542 ut
1471 1515 1618 1549 imponeret
1630 1514 1669 1541 eis
1680 1533 1688 1546 ,
1702 1519 1728 1541 ct
1743 1513 1783 1540 fa-

995 1566 1068 1589 ceret
1083 1565 1111 1589 ut
1131 1561 1165 1588 ibi
1186 1564 1325 1588 manentes
1339 1568 1391 1588 non
1405 1565 1579 1594 sequerentur
1593 1568 1601 1586 :
1615 1566 1646 1586 ac
1658 1559 1784 1593 deinceps

996 1614 1055 1633 cum
1070 1613 1152 1641 puero
1164 1610 1222 1633 erat
1236 1604 1394 1639 patriarcha.
1406 1605 1432 1632 6.
1445 1604 1546 1639 Accepit
1559 1609 1641 1630 autent
1656 1603 1783 1630 Abraham

995 1652 1065 1687 ligna
1080 1651 1229 1683 holocausti,
1245 1655 1267 1677 et
1280 1651 1399 1684 imposuit
1413 1649 1487 1676 Isaac
1501 1649 1555 1683 ﬁlio
1569 1657 1625 1676 sua.
1642 1649 1708 1675 Tulit
1720 1656 1783 1683 quo-

994 1705 1042 1732 que
1053 1697 1079 1723 in
1090 1697 1205 1723 manibus
1216 1696 1296 1729 ignem
1311 1699 1334 1721 et
1346 1694 1468 1728 gladium,
1480 1698 1502 1720 et
1514 1697 1675 1727 perrexerunt
1687 1693 1736 1719 duo
1746 1693 1783 1719 illi

995 1744 1079 1771 sintut.
1095 1743 1117 1770 Ο
1131 1742 1226 1768 animat
1241 1740 1419 1768 fortitudinem
1433 1741 1439 1766 l
1456 1748 1471 1766 ο
1485 1739 1592 1773 spiritus
1604 1739 1779 1765 soliditatem!

995 1790 1028 1817 Et
1041 1789 1169 1824 imposuit,
1183 1787 1278 1822 inquit,
1290 1787 1443 1822 Isaacligna
1453 1787 1593 1813 holocausti
1603 1793 1612 1812 :
1626 1786 1681 1820 ipse
1694 1789 1782 1811 autem

993 1835 1109 1870 gladium
1130 1838 1157 1860 et
1176 1834 1263 1867 ignem
1281 1832 1399 1867 accepit,
1420 1837 1446 1859 et
1465 1831 1571 1858 iverunt
1590 1830 1669 1857 ambo
1690 1829 1781 1857 simul.

993 1880 1119 1915 Qualibus
1134 1879 1217 1907 oculis
1234 1879 1370 1913 spectabat
1385 1885 1493 1912 puerum
1514 1878 1582 1911 ligna
1604 1876 1756 1903 offerentem
1773 1896 1782 1909 ,

993 1933 1074 1960 super
1086 1932 1146 1960 qua:
1159 1932 1212 1951 non
1225 1924 1308 1951 multo
1324 1928 1383 1958 post
1398 1923 1469 1950 illum
1484 1922 1666 1950 inunolaturus
1676 1922 1687 1937 ¹
1702 1927 1758 1949 erat
1770 1921 1783 1948 2

993 1970 1126 2006 quomodo
1146 1977 1239 1997 manus
1260 1969 1329 1996 ferre
1350 1969 1435 2004 potuit
1455 1968 1541 2003 ignem
1555 1972 1581 1997 et
1597 1967 1735 2002 gladium?
1750 1966 1783 1994 Et

993 2024 1087 2044 manus
1102 2016 1207 2051 quidem
1221 2015 1324 2042 ferebat
1336 2015 1421 2049 ignem
1437 2013 1601 2045 seusibilem,
1614 2012 1682 2047 ignis
1693 2016 1782 2039 autem

992 2062 1103 2089 interior
1116 2060 1277 2089 accendebat
1295 2060 1377 2094 ipsius
1393 2063 1507 2085 ntenlem
1520 2078 1526 2089 ,
1541 2061 1568 2083 et
1588 2057 1717 2084 rationem
1732 2056 1780 2083 ab-

992 2108 1121 2140 sumebat,
1136 2106 1365 2142 persuadebatquc
1376 2110 1403 2132 ut
1415 2112 1506 2131 amore
1519 2105 1544 2130 in
1559 2103 1640 2131 Deum
1652 2103 1780 2133 vinceret.

992 2159 1019 2182 ct
1035 2154 1101 2180 hanc
1115 2152 1301 2187 cogitationem
1317 2150 1484 2181 inunittebat,
1497 2157 1568 2181 curm,
1582 2148 1624 2183 qui
1636 2148 1689 2183 jam
1701 2155 1780 2181 supra

991 2200 1132 2227 humanam
1140 2204 1260 2226 naturam
1267 2206 1295 2225 se
1304 2198 1401 2225 fecerat
1408 2204 1467 2224 csse
1476 2201 1586 2230 patrem,
1599 2196 1693 2222 iterum
1704 2201 1782 2228 posse

991 2251 1017 2274 et
1032 2253 1101 2273 nunc
1115 2253 1174 2280 qum
1183 2245 1324 2271 humanam
1337 2242 1565 2277 transgrediuntur
1576 2241 1704 2268 rationem
1717 2247 1781 2273 ope-

991 2292 1054 2319 rari.
1066 2291 1197 2318 Cmtcrum
1210 2289 1280 2321 ride,
1289 2289 1410 2320 obsecro,
1420 2287 1544 2321 deinceps
1555 2291 1615 2313 ante
1628 2286 1780 2314 Sensibilem

992 2339 1065 2365 illum
1088 2337 1193 2372 ignem,
1216 2335 1366 2363 incendium
1389 2335 1520 2361 internum
1534 2354 1540 2364 ,
1564 2332 1633 2368 quod
1655 2332 1779 2366 paulatim

991 2381 1198 2414 exardescebat,
1211 2384 1238 2408 et
1250 2380 1314 2415 justi
1329 2383 1442 2407 utentem
1459 2378 1648 2405 inﬂammabat.
1667 2377 1692 2402 'i.
1710 2375 1779 2401 Dixit

990 2435 1084 2461 autent,
1098 2429 1191 2462 inquit,
1207 2427 1282 2453 Isaac
1292 2426 1325 2452 ad
1335 2425 1463 2452 Abraham
1475 2428 1569 2458 patrem
1583 2429 1677 2458 suum;
1691 2420 1777 2446 l’ater.

990 2474 1144 2503 Sufﬁcicltat
1169 2473 1219 2500 hoc
1241 2471 1349 2498 verbum
1375 2470 1407 2496 ad
1434 2467 1587 2496 lancinanda
1610 2467 1673 2500 justi
1701 2465 1778 2500 hujus

989 2521 1101 2548 viscera.
1118 2519 1167 2546 Ille
1181 2523 1264 2544 autem
1284 2517 1347 2543 dixit
1363 2523 1371 2541 :
1388 2514 1456 2546 Quid
1469 2518 1514 2545 est,
1531 2513 1591 2547 ﬁli?
1612 2513 1716 2539 Patrem
1733 2519 1779 2537 ro-

989 2575 1045 2600 cas,
1056 2565 1133 2601 paulo
1143 2569 1202 2600 post
1214 2563 1326 2590 futurum
1336 2561 1429 2588 orbum
1442 2568 1449 2586 :
1464 2564 1489 2586 et
1502 2566 1551 2593 ego
1567 2557 1648 2585 filium
1661 2556 1781 2592 appello.

989 2612 1033 2648 qui
1048 2619 1101 2638 non
1117 2610 1199 2637 multo
1213 2611 1270 2643 post
1282 2614 1361 2640 super
1374 2606 1456 2632 altare
1470 2610 1627 2631 ascensurus
1641 2607 1697 2634 est,
1713 2601 1779 2628 meis

988 2656 1148 2686 occidendus
1161 2654 1291 2682 manibus.
1307 2651 1404 2679 Deinde
1418 2657 1482 2684 puer
1497 2649 1580 2684 inquit
1595 2657 1601 2674 :
1620 2648 1683 2675 Ecce
1695 2648 1778 2681 ignem

988 2703 1083 2732 affers.
1100 2707 1124 2729 et
1139 2709 1187 2735 ego
1206 2700 1290 2734 ligna:
1305 2697 1347 2724 ubi
1367 2702 1408 2724 est
1426 2695 1511 2723 hostia
1532 2693 1714 2721 immolanda?
1731 2693 1776 2720 L'bi

1019 2785 1029 2799 ε
1047 2781 1155 2815 savtl._e_t
1164 2778 1261 2815 quidam
1276 2781 1331 2802 Mss.
1353 2782 1362 2815 _:
1383 2774 1465 2806 rogita
1475 2774 1539 2799 enim
1553 2777 1642 2806 quanta
1653 2779 1779 2805 perpessus

988 2814 1017 2840 sit
1025 2813 1105 2844 justus
1117 2810 1156 2835 ille
1168 2810 1231 2834 intra
1242 2812 1290 2843 tros
1305 2811 1392 2844 noctes.
1450 2843 1456 2844 7
1484 2835 1488 2841 .

1020 2835 1035 2860 ἶ
1047 2835 1154 2873 Quinque
1168 2845 1230 2869 διες..
1242 2839 1403 2871 ὶηψθδίίιινιιδ,
1417 2843 1467 2868 pro,
1481 2835 1655 2861 ίηῑῗῖῐιὶίῐίιίιϊηδο
