2044 3131
181 161 235 191 ιδδ

181 218 237 250 vit;
251 216 294 245 hic
308 217 429 245 homines
444 216 477 244 ab
495 223 586 244 errore
600 217 730 251 liberavit,
747 221 773 244 et
787 217 820 245 ad
833 218 971 244 veritatem

183 263 305 296 reduxit;
323 263 367 290 hie
389 268 485 290 terram
500 263 594 290 caelum
615 263 695 296 fecit,
710 271 763 291 non
783 264 974 291 elementorum

181 308 321 336 immutata
342 313 446 342 natura,
470 309 517 336 sed
530 310 733 337 conversatione
746 310 844 338 caelesti
858 310 974 338 homini-

181 353 234 380 bus
247 361 326 388 super
341 358 440 381 terram
455 354 612 390 degentibus
625 355 715 383 allata.
731 356 782 384 Per
796 356 867 383 hunc
885 355 973 383 omnis

182 399 333 426 dmmonnm
349 400 437 427 cultus
450 401 552 428 solutus
565 406 624 434 est;
641 410 688 437 per
698 402 768 430 hunc
782 402 879 430 factum
894 407 976 430 estut

181 453 236 472 non
251 445 396 473 adorentur
408 446 510 480 lapides
523 451 549 474 ct
573 447 642 482 ligna
656 448 690 475 ab
703 448 873 476 hominibus:
888 453 914 476 et
929 449 974 484 qui

183 491 287 517 ratione
302 491 474 525 pra-ditisunt
487 498 548 520 ante
563 493 726 521 insensibilia
748 502 800 521 non
813 494 954 529 procidunt
964 514 972 528 ,

181 535 230 563 sed
237 536 324 563 omnis
331 536 485 569 abiiterror.
502 543 529 565 et
538 539 657 566 veritatis
666 539 712 566 lux
719 539 812 566 orbem
822 539 972 567 illustravit.

217 580 244 608 4.
263 580 358 609 Vidisti
371 582 490 610 veritatis
503 584 703 612 excellentiam?
727 584 815 611 vidisti
829 585 892 619 quid
914 592 975 611 um-

181 625 228 653 bra
241 646 249 659 ,
265 626 328 661 quid
341 628 460 655 veritas?
479 629 522 656 ιι.
548 629 581 656 Et
592 630 702 663 vocavit,
718 630 822 665 inquit,
846 630 974 657 Abraham

181 679 272 698 nomen
287 672 336 699 loci
356 673 425 700 illius
436 693 444 707 ,
461 673 586 702 Dominus
599 675 660 701 uidit
673 683 682 702 :
694 680 720 702 ut
740 676 825 702 dicant
836 676 928 709 hodie,
946 677 973 703 in

180 721 266 743 monte
286 716 408 745 Dominus
420 719 486 746 uisus
508 725 553 747 est.
569 720 709 756 Vidcjusti
730 722 880 756 religiosam
896 730 972 750 men-

181 768 234 789 tem
245 783 253 796 ,
268 764 403 798 quomodo
417 765 512 800 ubique
526 773 558 793 ex
574 766 605 793 iis
619 774 677 801 qua:
692 767 841 794 acciderant
855 768 973 803 appella-

178 808 268 836 tiones
288 809 352 836 locis
367 810 488 845 imponit.
503 811 688 840 Visitalionem
700 814 771 841 enim
782 821 798 841 a
810 814 865 841 Deo
875 813 971 842 factam

179 854 273 882 volens
296 856 371 890 quasi
393 855 419 883 in
442 856 566 884 columna
581 865 651 885 aerea
675 859 825 894 insculpere
843 860 902 887 loco
924 868 973 895 per

178 900 403 935 appellationem,
431 901 532 929 Vocavit
558 911 648 931 nomen
674 904 737 938 loci,
754 905 877 932 Dominus
899 906 971 933 vidit.

177 945 333 973 Sul'ﬁciebat
345 946 450 982 quidem
465 948 537 982 justo
549 956 598 983 pro
612 949 721 984 prmmio
731 970 738 983 ,
752 950 822 984 quod
841 951 915 978 vivus
929 959 969 978 re.

177 991 249 1018 diret
274 992 405 1025 lsaac,et
418 993 488 1028 quod
516 995 626 1022 meritus
653 1000 725 1023 esset
751 995 824 1023 illam
843 997 971 1024 eximiam

177 1037 285 1065 laudem
296 1058 303 1070 ,
326 1047 423 1074 nempe
436 1040 506 1075 quod
519 1040 582 1068 dicit
594 1049 601 1068 :
617 1040 693 1068 Nunc
709 1043 812 1078 cognovi
823 1043 889 1078 quod
900 1044 971 1070 times

179 1081 261 1109 Deum
276 1089 303 1110 tu
318 1091 328 1110 :
340 1089 520 1113 verumtamen
535 1086 558 1114 is
568 1086 613 1121 qui
628 1087 706 1114 donis
715 1093 820 1116 certare
833 1089 904 1123 cupit
917 1110 924 1122 ,
944 1094 970 1116 et

177 1128 315 1157 beneﬁciis
327 1137 434 1165 semper
451 1132 532 1160 vincit
544 1138 661 1161 mentem
684 1138 801 1162 nostram
812 1155 820 1169 ,
831 1135 894 1169 justi
910 1136 969 1162 ani-

177 1182 251 1201 mum
277 1176 358 1203 variis
379 1182 493 1205 exornat
515 1179 651 1213 prmmiis,
677 1184 705 1207 et
717 1179 801 1214 inquit
818 1181 912 1208 iterum
936 1181 969 1208 ad

177 1219 252 1246 illum
264 1228 271 1246 ε
287 1221 328 1248 l5.
341 1220 374 1247 Et
387 1223 481 1249 vocavit
494 1224 598 1258 angelus
608 1224 712 1251 Domini
722 1225 849 1252 Abraham
861 1226 969 1253 secundo

163 1266 210 1295 ,tle
224 1267 295 1300 mlo,
309 1266 395 1294 dt‘eens
409 1276 419 1295 .'
432 1268 475 1296 16.
489 1268 541 1296 Per
554 1271 725 1306 memetipaum
735 1272 817 1305 iuravi
824 1292 832 1305 ,
847 1272 906 1299 dicit
917 1272 969 1299 Do-

177 1313 270 1345 minus,
285 1322 313 1340 eo
333 1314 400 1349 quod
414 1315 494 1350 fecisti
521 1316 621 1342 uerbum
639 1317 702 1350 hoc,
729 1323 751 1344 et
766 1326 816 1345 non
836 1319 969 1353 pepercisti

176 1359 232 1392 filio
256 1364 298 1386 tuo
311 1360 401 1387 dilecto
427 1366 529 1396 propter
542 1370 599 1395 me,
617 1363 661 1390 I7.
691 1365 801 1399 profecto
822 1365 968 1393 benedicens

174 1404 321 1432 bent-dicam
335 1411 358 1432 te
367 1425 375 1438 ,
387 1411 410 1433 et
425 1407 596 1443 multiplicans
612 1410 784 1444 multiplicabo
798 1419 881 1438 semen
897 1417 967 1439 tuum

173 1449 242 1475 sicut
261 1451 346 1478 stellas
359 1451 431 1484 cteli,
447 1456 470 1478 et
484 1453 547 1479 sicut
574 1462 675 1481 orenam
698 1463 755 1490 qute
778 1461 813 1483 est
833 1457 859 1483 in
886 1457 968 1484 littore

177 1494 254 1520 muris
266 1503 275 1525 ;
287 1501 310 1520 et
322 1495 458 1523 hereditate
471 1498 606 1531 possidebit
618 1507 700 1526 semen
714 1504 785 1527 tuum
797 1501 907 1529 civitates
919 1502 966 1529 Ita—

174 1540 262 1572 stium,
283 1540 326 1568 18.
342 1546 365 1567 et
376 1541 401 1568 in
421 1543 515 1570 semine
531 1547 573 1570 tuo
587 1543 763 1572 benedicentur
777 1555 863 1574 omnes
881 1551 966 1582 gentes

174 1590 257 1618 terrm,
271 1594 300 1613 eo
314 1588 382 1622 quod
395 1589 489 1616 audisti
503 1597 586 1617 vocem
603 1599 693 1618 meam.
708 1592 774 1627 Quia
785 1614 793 1626 ,
803 1593 897 1628 inquit,
914 1595 964 1621 im-

172 1632 280 1665 plevisti
301 1638 462 1670 praeceptum
484 1644 573 1664 meum
583 1658 591 1670 ,
605 1642 632 1665 et
646 1641 716 1665 tuam
730 1639 907 1667 obedientiam
920 1649 966 1675 per

172 1678 264 1705 omnia
287 1679 444 1714 declarasti,
460 1686 599 1716 propterea
613 1683 673 1710 audi
688 1693 695 1710 :
717 1683 769 1711 Per
792 1686 965 1721 memetipsum

172 1722 258 1753 iuravi
267 1744 274 1756 ,
298 1724 358 1751 dicit
373 1725 504 1754 Dominus.
521 1727 587 1755 Vide
603 1729 736 1763 quomodo
757 1731 783 1757 in
799 1739 922 1760 sermone
935 1740 965 1761 se

171 1768 294 1797 demittat
314 1771 442 1799 Dominus
457 1781 464 1799 :
487 1772 538 1800 Per
551 1775 722 1810 memetipsum
732 1796 738 1808 ,
754 1775 853 1811 inquit,
870 1778 962 1813 iuravi,

172 1819 202 1841 ut
215 1815 332 1844 conﬁdas
356 1819 465 1846 omnino
491 1824 618 1848 eventura
642 1821 688 1848 tibi
712 1830 771 1857 qua:
795 1831 811 1850 a
836 1831 878 1851 me
893 1824 963 1853 dicta

170 1866 247 1888 sunt.
263 1862 482 1898 Quandoquidem
504 1866 577 1893 enim
598 1874 658 1894 cum
681 1867 801 1896 homines
825 1870 963 1904 promissis

168 1905 320 1941 juramenta
335 1907 449 1942 addunt,
465 1914 527 1937 tunc
535 1910 697 1939 stabiliorem
705 1913 834 1947 accipiunt
850 1915 962 1949 promis-

169 1953 276 1979 sionem
299 1953 316 1980 ii
330 1954 424 1988 quibus
440 1955 604 1990 promittitur
617 1965 624 1983 :
640 1963 782 1992 eaproptcr
794 1963 821 1986 et
835 1959 961 1988 Dominus

171 1997 287 2025 lmmana
310 2007 373 2027 usus
395 2002 586 2030 consuetudine
600 2003 685 2038 inquit
700 2013 706 2031 :
723 2003 773 2031 Pcr
789 2006 961 2041 memetipsum

169 2041 272 2075 iuravi,
297 2053 325 2071 eo
351 2045 420 2079 quod
438 2046 515 2080 fecisti
530 2050 631 2074 uerbum
645 2049 711 2082 ltoc,
725 2053 747 2076 et
762 2058 812 2077 non
828 2052 961 2086 pepercisti

165 2090 224 2124 [ilia
235 2096 278 2117 tuo
288 2091 377 2119 dilecto
393 2099 494 2128 propter
513 2103 561 2122 me.
581 2095 725 2123 Considera
736 2117 744 2129 ,
759 2097 887 2132 obsecro,
902 2099 958 2126 cle-

166 2137 297 2164 mentiam
326 2138 442 2166 Domini.
466 2139 526 2167 Non
552 2142 696 2176 perpereisti
718 2143 772 2177 ﬁlio
796 2148 838 2170 tuo
866 2145 956 2173 dilecto

168 2187 273 2216 propter
284 2190 332 2209 me.
343 2184 467 2211 Attamen
479 2185 566 2213 vivum
577 2187 664 2221 ipsum
678 2188 789 2216 reducit.
803 2189 862 2217 Non
876 2197 958 2222 even-

167 2233 226 2255 tum
239 2229 380 2263 rcspicias,
401 2230 511 2264 dilecte,
541 2232 586 2259 sed
609 2233 772 2262 voluntatem
795 2239 822 2262 et
840 2240 958 2264 mentem

166 2273 256 2304 disce,
283 2281 334 2308 qua
353 2275 412 2303 sine
435 2276 489 2303 ullo
511 2277 648 2304 ratiocinio
672 2279 795 2307 mandata
820 2281 955 2316 implebat.

166 2320 302 2352 Quantum
317 2321 387 2347 enim
404 2321 437 2348 ad
453 2322 615 2350 voluntatem
639 2325 748 2358 attinet,
773 2331 957 2354 cruentaverat

166 2365 289 2392 dextram
302 2366 460 2400 patriarcha,
477 2372 505 2394 et
519 2375 565 2402 per
576 2369 708 2397 cervicem
722 2371 796 2404 pueri
812 2371 958 2400 immiserat

163 2409 294 2443 gladium,
309 2410 508 2446 perfectumque
520 2413 652 2440 obtulerat
661 2415 820 2443 sacriﬁcium
837 2425 842 2442 ε
857 2417 956 2445 idcirco

167 2455 306 2488 Dominus,
323 2457 398 2491 quasi
411 2458 540 2486 sacrilicio
550 2467 579 2486 re
591 2460 648 2494 ipsa
663 2467 857 2495 consummato,
867 2463 957 2491 laudat

163 2500 266 2535 justum
277 2523 285 2535 ,
299 2507 326 2529 et
338 2503 420 2530 dicit:
438 2503 497 2531 Non
514 2507 644 2541 pepercisti
655 2507 708 2541 ﬁlio
730 2513 772 2535 tuo
786 2509 878 2537 dilecto
895 2520 956 2546 pro-

165 2551 221 2581 pler
251 2556 299 2573 me.
313 2547 352 2575 Tu
373 2549 480 2583 quidem
504 2558 554 2577 non
576 2552 713 2585 pepercisti
737 2558 846 2588 propter
866 2563 956 2583 meum

165 2592 338 2624 mandatum;
354 2600 404 2627 ego
417 2599 504 2621 autem
517 2597 622 2630 peperci
633 2603 738 2632 propter
749 2603 820 2626 tuam
830 2599 956 2628 obedien-

165 2638 239 2664 tiam.
256 2638 367 2672 Propter
378 2638 446 2666 hanc
458 2644 529 2667 tuam
541 2641 719 2671 obedientiam
732 2648 757 2671 te
770 2652 954 2679 remunerans,

163 2682 317 2710 Benedicam
337 2688 375 2717 te,
403 2690 426 2712 et
453 2686 623 2720 multiplicans
637 2687 808 2723 multiplicabo
832 2695 865 2717 te.
892 2691 955 2719 Vide

165 2729 330 2756 (‘Illtlltlalam
343 2730 553 2758 benedictionem
571 2741 578 2759 :
591 2733 641 2760 hoc
653 2738 713 2760 est:
728 2735 849 2770 Amplius
864 2737 954 2764 multi-

166 2776 273 2810 plicabo
290 2784 379 2804 semen
395 2782 479 2805 tuum.
497 2778 544 2805 llic
568 2779 638 2806 enim
653 2781 697 2814 qui
722 2789 768 2815 per
791 2783 953 2811 voluntatem

164 2825 238 2848 tuam
253 2822 358 2849 occisus
369 2827 419 2855 est,
434 2823 459 2850 in
476 2828 575 2851 tantam
595 2825 786 2854 multitudinem
803 2830 955 2864 propagabit

165 2875 259 2894 semen
284 2872 356 2894 tuum
369 2890 375 2900 ,
390 2873 417 2896 ut
436 2869 519 2896 stellis
534 2874 558 2896 et
575 2877 662 2897 arcnrc
687 2871 877 2907 adchuandum
901 2877 934 2903 sit
948 2899 954 2910 ,

671 160 703 188 IN
722 160 798 188 CAP.
821 158 911 186 XXIII.
933 156 1056 186 GENES.
1077 157 1189 186 IIOMII..
1211 157 1326 186 XLVIII.

1766 155 1819 184 (Il

1030 215 1066 242 Et
1080 224 1165 243 omnes
1178 221 1262 251 gentes
1287 217 1313 243 in
1325 215 1417 243 sentiae
1431 219 1474 242 tuo
1487 213 1676 243 benedicendzc
1701 214 1768 247 sint,
1790 222 1819 240 eo

1029 261 1096 296 quod
1110 262 1203 288 audisti
1214 270 1298 288 vacem
1322 270 1410 289 meam.
1437 261 1498 288 llaec
1520 261 1627 294 omnia,
1655 260 1756 297 inquit,
1773 260 1820 287 tibi

1029 308 1055 334 in
1069 307 1225 335 obedientiie
1233 311 1313 334 tantm
1326 307 1476 335 mercedem
1492 307 1614 334 aderunt.

1064 353 1172 381 Mortalis
1186 353 1379 381 exliortatio.—
1393 353 1497 388 Ergone
1520 353 1632 387 plurima
1653 353 1730 380 nobis
1749 352 1817 379 bona

1028 399 1055 426 id
1070 399 1209 432 coaciliat,
1235 399 1307 434 quod
1325 399 1465 426 obcdimus
1484 399 1538 426 Deo
1552 402 1578 425 ct
1601 398 1741 433 praeceptis
1761 399 1818 431 ejus

1028 445 1258 480 obtemperamns,
1286 450 1313 472 et
1337 444 1405 472 sicut
1429 444 1577 479 patriarcha
1600 444 1660 476 ille,
1686 444 1818 470 curiosius

1028 498 1080 518 non
1103 491 1276 525 inquirimus,
1293 498 1374 525 quare
1400 490 1460 517 talia
1478 490 1511 517 ab
1527 497 1560 518 eo
1584 489 1712 523 imperata
1737 489 1790 515 sint
1808 497 1816 515 :

1026 536 1073 563 sed
1095 540 1123 563 ut
1137 537 1203 572 grati
1218 536 1287 563 servi
1309 536 1448 570 implenius
1470 535 1593 562 mandata
1606 555 1613 567 ,
1633 535 1817 568 rationemque

1026 590 1118 610 eorum
1139 583 1314 618 relinquimus
1337 582 1466 609 Domino?
1486 582 1514 609 Si
1535 582 1615 616 igitur
1634 580 1672 608 sic
1691 580 1815 607 docueri-

1025 637 1086 657 mus
1115 630 1309 664 nosmetipsos,
1335 629 1481 664 poterimus
1497 633 1524 656 et
1545 627 1665 655 eamdem
1689 626 1815 654 obedien-

1026 675 1088 702 tiam
1100 674 1236 708 exhibere,
1248 682 1325 710 quam
1337 674 1423 709 justus
1437 674 1480 701 ille
1490 695 1497 705 ,
1513 673 1673 707 easdemque
1687 671 1815 706 consequi

1025 728 1146 748 coronas.
1158 721 1296 755 Quomodo
1306 725 1394 748 autem
1408 720 1580 748 obcdicmus?
1590 720 1617 746 Si
1629 719 1750 746 mandata
1757 718 1814 752 ejus

1024 774 1106 801 opere
1126 767 1369 801 adimpleverimus.
1386 766 1445 793 Non
1459 766 1525 793 enim
1545 765 1689 797 auditores,
1710 764 1812 799 inquit,

1024 812 1086 847 legis
1099 812 1316 847 justi/imbuatur,
1337 812 1381 839 sed
1400 814 1507 847 factores
1522 810 1610 846 (Rom.
1632 810 1659 837 2.
1675 809 1729 845 1'5).
1747 809 1813 843 Qua:

1023 859 1094 886 enim
1109 859 1208 886 utilitas
1217 880 1224 891 ,
1236 859 1258 886 si
1272 858 1390 894 quotidie
1400 858 1549 890 audiamus,
1563 861 1590 884 et
1599 864 1680 892 opera
1692 856 1812 891 ncgiiga-

1024 904 1098 931 mus?
1114 904 1175 931 Ideo
1188 912 1245 936 oro,
1260 909 1289 931 ut
1302 903 1334 930 ad
1348 903 1448 938 agenda
1457 910 1535 938 opera
1549 902 1618 930 bona
1639 901 1811 932 festinemus;

1024 958 1110 985 neque
1124 950 1193 977 enim
1204 950 1282 977 aliter
1294 950 1406 977 salutem
1416 949 1541 983 consequi
1557 955 1697 983 possumus
1712 956 1718 973 :
1736 951 1764 973 ut
1785 951 1813 974 ct

1023 1000 1130 1031 peccata
1146 1000 1235 1023 uestra
1258 995 1414 1028 abluamus,
1434 1000 1461 1022 et
1482 994 1624 1022 clementia
1648 994 1753 1020 Domini
1768 993 1811 1020 di-

1022 1042 1065 1076 gni
1082 1042 1235 1074 habeantur,
1250 1042 1333 1076 gratia
1346 1045 1371 1068 et
1385 1040 1599 1068 miserationibus
1607 1039 1712 1067 Domini
1728 1044 1810 1066 nostri

1021 1088 1083 1115 Jesu
1105 1087 1219 1120 Christi,
1246 1095 1306 1114 cum
1326 1094 1378 1121 quo
1404 1086 1474 1114 Patri
1499 1091 1525 1113 et
1539 1090 1631 1113 sancto
1654 1085 1811 1120 viviﬁcoque

1022 1133 1132 1168 Spiritui
1147 1133 1183 1160 sit
1195 1132 1276 1167 gloria
1290 1154 1297 1166 ,
1311 1140 1382 1160 nunc
1392 1137 1419 1160 et
1432 1139 1547 1167 seraper,
1563 1137 1590 1159 ct
1602 1132 1630 1159 in
1643 1131 1741 1159 sa‘eula
1756 1138 1808 1159 sm-

1023 1179 1152 1205 culorum.
1169 1178 1263 1205 Amen.

1274 1212 1412 1240 HOMILIA
1437 1212 1553 1240 XLVIII.

1023 1259 1214 1295 Responderunt
1231 1264 1313 1286 autem
1328 1258 1374 1293 ﬁlii
1387 1258 1448 1286 Chet
1465 1259 1498 1284 ad
1517 1258 1643 1285 Abra/mm
1656 1278 1662 1290 ,
1685 1263 1709 1285 et
1730 1258 1808 1285 diros

1055 1313 1134 1334 runt:
1150 1306 1203 1333 Rex
1216 1315 1231 1333 a
1249 1306 1304 1333 Deo
1321 1314 1347 1333 es
1363 1310 1389 1333 tu
1411 1307 1437 1332 in
1450 1305 1530 1338 nobis,
1545 1306 1570 1332 in
1587 1305 1670 1332 electis
1685 1305 1807 1340 sepulcris

1055 1356 1146 1382 nostris
1160 1354 1236 1389 sepeli
1251 1358 1376 1380 mortuum
1390 1358 1459 1380 tuum
1472 1352 1547 1388 (Gen.
1562 1352 1607 1379 25.
1624 1352 1650 1379 5.
1666 1351 1706 1387 6).

1055 1412 1082 1438 l.
1100 1411 1208 1438 Vidistis
1223 1410 1279 1438 heri
1290 1430 1297 1444 ,
1309 1410 1416 1444 dilecti,
1432 1408 1589 1445 patriarchas
1605 1408 1783 1436 fortitudinem
1797 1417 1806 1435 :

1019 1457 1122 1484 vidistis
1141 1457 1256 1483 animam
1284 1455 1422 1483 adamante
1448 1454 1617 1487 solidiorem,
1649 1454 1803 1489 quomodo,

1018 1506 1144 1537 quantum
1159 1501 1184 1528 in
1201 1501 1258 1536 ipso
1265 1506 1331 1533 erat,
1347 1501 1382 1528 ob
1397 1508 1518 1535 magnam
1532 1500 1559 1527 in
1570 1499 1652 1527 Deum
1666 1500 1806 1527 caritatem

1018 1547 1142 1574 sacerdos
1158 1546 1203 1573 ﬁlii
1218 1546 1302 1573 factus
1315 1550 1356 1573 est
1366 1567 1374 1578 ,
1392 1549 1420 1573 et
1434 1545 1570 1581 proposito
1582 1544 1689 1580 quidem
1709 1552 1806 1571 cruen-

1018 1594 1082 1620 tavit
1094 1593 1224 1624 dextram,
1235 1592 1448 1627 sacriﬁciumque
1462 1592 1558 1620 obtulit
1568 1600 1574 1618 :
1586 1599 1633 1626 per
1645 1590 1805 1618 ineﬁ‘abilem

1016 1642 1103 1665 autem
1120 1637 1329 1665 miscricordiam
1350 1638 1397 1665 Dei
1409 1638 1483 1664 salvo
1504 1642 1531 1664 et
1548 1645 1613 1664 sano
1628 1636 1682 1664 ﬁlio
1700 1644 1748 1665 suo
1761 1644 1806 1664 rc-

1016 1688 1094 1718 cepto
1113 1683 1208 1716 rediit,
1225 1687 1252 1710 et
1274 1687 1382 1718 propter
1401 1683 1563 1710 voluntatem
1582 1682 1741 1717 praedicatus
1763 1687 1805 1709 est

1015 1737 1166 1764 coronaque
1188 1729 1285 1764 fulgida
1311 1728 1464 1761 redimitus,
1486 1732 1514 1756 et
1537 1735 1669 1757 summum
1690 1735 1803 1762 agonem

1015 1775 1126 1802 certavit
1135 1796 1142 1807 ,
1154 1782 1184 1802 ac
1202 1783 1250 1809 per
1264 1774 1353 1801 omnia
1371 1775 1493 1809 pietatem
1507 1774 1602 1801 mentis
1615 1780 1671 1801 sua:
1682 1773 1803 1800 declam-

1014 1822 1061 1848 vit.
1076 1821 1218 1849 Videamus
1234 1825 1260 1848 et
1271 1821 1351 1848 hodie
1365 1825 1488 1856 quantam
1498 1821 1585 1855 justus
1595 1820 1639 1847 ille
1654 1819 1698 1846 ﬁlii
1711 1821 1803 1847 curam

1014 1868 1144 1895 habuerit.
1165 1867 1230 1894 Nam
1242 1873 1380 1902 postquam
1392 1875 1406 1894 a
1421 1867 1551 1894 sacriﬁcio
1571 1866 1616 1894 illo
1631 1874 1700 1893 novo
1714 1871 1740 1894 et
1753 1865 1802 1893 ad-

1015 1914 1127 1941 mirabili
1141 1913 1236 1944 rediit,
1252 1914 1355 1948 excepit
1368 1921 1428 1940 eum
1453 1913 1539 1940 Sarrae
1558 1913 1643 1939 luctus
1658 1921 1664 1938 :
1680 1919 1740 1938 cum
1755 1919 1802 1938 au-

1013 1963 1065 1986 tem
1076 1959 1195 1993 petiissct
1206 1966 1220 1984 a
1230 1958 1289 1986 ﬁliis
1296 1958 1363 1985 Chet
1374 1965 1451 1994 posse
1467 1957 1567 1984 sionem
1577 1957 1702 1991 sepulcri,
1712 1961 1801 1990 empto

1012 2005 1071 2033 loco
1082 2025 1089 2038 ,
1104 2005 1227 2039 deposuit
1250 2010 1392 2038 mortuam,
1408 2009 1435 2032 ct
1454 2004 1504 2031 hoc
1522 2004 1680 2038 principium
1696 2010 1802 2038 posscs-

1011 2050 1094 2078 sionis
1129 2050 1208 2077 habet
1236 2049 1383 2084 patriarcha
1415 2049 1507 2076 mortis
1533 2049 1620 2076 Sarra:
1647 2049 1798 2076 occasione.

1010 2096 1160 2123 Monstrans
1172 2096 1242 2123 enim
1256 2095 1331 2122 nobis
1340 2095 1473 2129 Scriptura
1488 2095 1575 2122 divina
1586 2094 1650 2129 justi
1663 2094 1798 2127 virtutem,

1010 2148 1124 2176 eumque
1138 2141 1206 2168 sicut
1227 2141 1396 2176 peregrinum
1417 2145 1444 2168 et
1459 2140 1587 2167 advenam
1604 2144 1659 2167 toto
1681 2144 1800 2174 tempore

1009 2188 1091 2216 fuisse
1100 2209 1107 2221 ,
1119 2188 1170 2215 hoc
1183 2195 1289 2223 quoque
1302 2187 1460 2223 signiﬁcavit
1470 2208 1478 2221 ,
1495 2192 1524 2214 ut
1534 2187 1667 2215 discamus
1680 2195 1741 2214 eum
1753 2189 1799 2222 qui

1010 2238 1083 2260 tanto
1096 2241 1213 2267 superno
1236 2233 1360 2268 praesidio
1374 2233 1521 2266 fruebatur.
1532 2237 1561 2261 et
1573 2233 1612 2260 sic
1635 2233 1745 2261 illustris
1758 2232 1799 2259 l'a-

1008 2283 1066 2306 ctus
1084 2285 1162 2314 atque
1184 2279 1210 2306 in
1237 2283 1335 2306 tantam
1361 2277 1557 2306 multitudinem
1585 2277 1697 2305 diﬁ'usus
1721 2281 1798 2309 erat,

1009 2326 1144 2360 proprium
1156 2324 1306 2359 sepulcrum
1320 2332 1372 2351 non
1382 2324 1532 2359 possedisse
1541 2344 1549 2357 ,
1561 2324 1629 2351 sicut
1642 2331 1711 2351 nunc
1722 2323 1798 2351 multi

1009 2371 1108 2398 faciunt
1118 2392 1125 2404 ,
1139 2379 1216 2406 agros
1228 2376 1256 2398 et
1269 2370 1362 2403 villas,
1384 2370 1565 2404 inﬁnitamque
1579 2369 1657 2396 aliam
1672 2368 1797 2395 substan-

1009 2418 1072 2444 tiam
1094 2417 1231 2452 possidere
1245 2417 1391 2444 studentes.
1405 2416 1492 2443 Multis
1511 2417 1581 2444 enim
1602 2416 1682 2443 animi
1698 2416 1797 2442 divitiis

1008 2463 1153 2495 fruebatur.
1169 2467 1197 2490 et
1214 2463 1248 2490 de
1272 2463 1331 2490 aliis
1344 2470 1396 2489 non
1420 2466 1478 2490 erat
1492 2462 1595 2489 anxius.
1622 2461 1738 2489 Audiant
1751 2462 1797 2496 qui

1007 2514 1118 2544 repente
1141 2514 1168 2536 et
1183 2509 1207 2536 in
1223 2516 1276 2536 uno
1293 2508 1420 2543 temporis
1435 2512 1569 2535 momento
1583 2507 1701 2537 omnium
1726 2507 1795 2534 bona

1007 2555 1169 2585 corradunt,
1189 2558 1217 2581 et
1241 2554 1354 2588 ubique,
1374 2558 1404 2580 ut
1428 2554 1465 2580 ita
1488 2553 1591 2585 dicam,
1607 2552 1726 2580 avaritiae
1741 2559 1796 2580 sua:

1007 2601 1249 2635 concupiscentiam
1279 2599 1444 2631 extendunt,
1472 2599 1660 2633 imitenturquo
1682 2598 1795 2633 patriar-

1007 2647 1084 2675 cham
1098 2667 1106 2680 ,
1122 2647 1167 2681 qui
1180 2654 1213 2674 ne
1225 2646 1330 2680 quidem
1356 2645 1447 2672 habuit
1469 2645 1555 2673 locum
1583 2645 1608 2672 in
1631 2652 1684 2680 quo
1707 2645 1793 2673 Sarra!

1007 2693 1150 2720 collocaret
1163 2692 1304 2726 reliquias,
1320 2691 1367 2718 sed
1391 2696 1452 2721 tunc
1475 2691 1608 2726 primum,
1633 2690 1739 2725 quando
1762 2691 1794 2719 ab

1008 2739 1064 2773 ipsa
1075 2739 1233 2765 necessitate
1246 2737 1398 2772 compulsus
1411 2742 1467 2769 est,
1488 2738 1553 2764 emit
1572 2744 1663 2772 agrum
1678 2742 1706 2764 et
1730 2745 1788 2772 spe-

1008 2785 1112 2812 luncam
1125 2792 1139 2810 a
1153 2784 1212 2814 ﬁliis
1226 2784 1302 2811 Chet.
1316 2783 1380 2810 Nam
1395 2783 1465 2818 quod
1479 2783 1631 2818 spectabilis
1640 2787 1713 2812 esset
1722 2783 1792 2818 apud

1007 2830 1183 2861 Cbananmns,
1213 2829 1272 2855 atnli
1297 2829 1364 2855 ﬁlios
1386 2829 1453 2856 Chet
1478 2829 1510 2856 ad
1537 2837 1598 2858 eum
1612 2830 1748 2862 dicentes,
1763 2830 1791 2856 6.

1009 2876 1063 2903 Rea:
1077 2878 1092 2902 it
1107 2875 1158 2901 Dro
1173 2883 1198 2901 rs
1212 2880 1236 2902 tu
1252 2875 1276 2901 in
1303 2874 1387 2908 nobis,
1404 2875 1428 2900 in
1443 2875 1526 2902 elertis
1554 2877 1677 2911 sepulcris
1693 2879 1791 2906 nostri!
