  <div class='ocr_page' id='page_1' title='image "/cluster/home/n/w/nwhite01/storage/ocr_20150623/53-54/njp.32101077772638/446.png"; bbox 0 0 2044 3131; ppageno 0'>
   <div class='ocr_carea' id='block_1_1' title="bbox 170 141 220 169">
    <p class='ocr_par' dir='ltr' id='par_1_1' title="bbox 170 141 220 169">
     <span class='ocr_line' id='line_1_1' title="bbox 170 141 220 169; baseline 0.02 -1"><span class='ocrx_word' id='word_1_1' title='bbox 170 141 220 169; x_wconf 65' lang='grc'><strong>637</strong></span> 
     </span>
    </p>
   </div>
   <div class='ocr_carea' id='block_1_2' title="bbox 168 190 961 230">
    <p class='ocr_par' dir='ltr' id='par_1_2' title="bbox 168 190 961 230">
     <span class='ocr_line' id='line_1_2' title="bbox 168 190 961 230; baseline -0.011 -5"><span class='ocrx_word' id='word_1_2' title='bbox 168 207 228 225; x_wconf 65' lang='grc' dir='ltr'><strong>ιιι-ιη</strong></span> <span class='ocrx_word' id='word_1_3' title='bbox 248 204 329 224; x_wconf 74' lang='lat' dir='ltr'><strong>mcum</strong></span> <span class='ocrx_word' id='word_1_4' title='bbox 341 216 350 230; x_wconf 91' lang='lat'><strong>,</strong></span> <span class='ocrx_word' id='word_1_5' title='bbox 371 200 394 223; x_wconf 83' lang='lat' dir='ltr'><strong>et</strong></span> <span class='ocrx_word' id='word_1_6' title='bbox 410 195 469 222; x_wconf 78' lang='lat' dir='ltr'><strong>inde</strong></span> <span class='ocrx_word' id='word_1_7' title='bbox 483 194 590 230; x_wconf 75' lang='lat' dir='ltr'><strong>accipies</strong></span> <span class='ocrx_word' id='word_1_8' title='bbox 602 201 704 221; x_wconf 71' lang='lat' dir='ltr'><strong>uxorem</strong></span> <span class='ocrx_word' id='word_1_9' title='bbox 729 193 783 227; x_wconf 86' lang='lat' dir='ltr'><strong>[ilio</strong></span> <span class='ocrx_word' id='word_1_10' title='bbox 801 199 854 219; x_wconf 83' lang='lat' dir='ltr'><strong>meo</strong></span> <span class='ocrx_word' id='word_1_11' title='bbox 878 190 961 218; x_wconf 78' lang='lat' dir='ltr'><strong>Isaac.</strong></span> 
     </span>
    </p>
   </div>
   <div class='ocr_carea' id='block_1_3' title="bbox 169 236 966 276">
    <p class='ocr_par' dir='ltr' id='par_1_3' title="bbox 169 236 966 276">
     <span class='ocr_line' id='line_1_3' title="bbox 169 236 966 276; baseline -0.011 -5"><span class='ocrx_word' id='word_1_12' title='bbox 169 242 267 271; x_wconf 87' lang='lat' dir='ltr'><strong>Vidisti</strong></span> <span class='ocrx_word' id='word_1_13' title='bbox 280 241 433 270; x_wconf 87' lang='lat' dir='ltr'><strong>mandatum</strong></span> <span class='ocrx_word' id='word_1_14' title='bbox 447 240 617 276; x_wconf 70' lang='lat' dir='ltr'><strong>patriarcha&#39;,</strong></span> <span class='ocrx_word' id='word_1_15' title='bbox 630 238 700 274; x_wconf 90' lang='lat' dir='ltr'><strong>quod</strong></span> <span class='ocrx_word' id='word_1_16' title='bbox 713 238 811 265; x_wconf 86' lang='lat' dir='ltr'><strong>famqu</strong></span> <span class='ocrx_word' id='word_1_17' title='bbox 823 236 916 264; x_wconf 83' lang='lat' dir='ltr'><strong>dedit?</strong></span> <span class='ocrx_word' id='word_1_18' title='bbox 931 237 966 263; x_wconf 81' lang='lat' dir='ltr'><strong>At</strong></span> 
     </span>
    </p>
   </div>
   <div class='ocr_carea' id='block_1_4' title="bbox 171 284 964 324">
    <p class='ocr_par' dir='ltr' id='par_1_4' title="bbox 171 284 964 324">
     <span class='ocr_line' id='line_1_4' title="bbox 171 284 964 324; baseline -0.009 -8"><span class='ocrx_word' id='word_1_19' title='bbox 171 298 206 316; x_wconf 87' lang='lat' dir='ltr'><strong>tte</strong></span> <span class='ocrx_word' id='word_1_20' title='bbox 229 288 407 324; x_wconf 86' lang='lat' dir='ltr'><strong>perfunctorie</strong></span> <span class='ocrx_word' id='word_1_21' title='bbox 422 291 564 322; x_wconf 68' lang='lat' dir='ltr'><strong>praetereas</strong></span> <span class='ocrx_word' id='word_1_22' title='bbox 578 286 664 318; x_wconf 90' lang='lat' dir='ltr'><strong>dicta,</strong></span> <span class='ocrx_word' id='word_1_23' title='bbox 685 284 732 312; x_wconf 88' lang='lat' dir='ltr'><strong>sed</strong></span> <span class='ocrx_word' id='word_1_24' title='bbox 750 284 834 317; x_wconf 61' lang='lat' dir='ltr'><strong>cogita</strong></span> <span class='ocrx_word' id='word_1_25' title='bbox 849 287 964 310; x_wconf 90' lang='lat' dir='ltr'><strong>mentem</strong></span> 
     </span>
    </p>
   </div>
   <div class='ocr_carea' id='block_1_5' title="bbox 168 330 965 370">
    <p class='ocr_par' dir='ltr' id='par_1_5' title="bbox 168 330 965 370">
     <span class='ocr_line' id='line_1_5' title="bbox 168 330 965 370; baseline -0.009 -8"><span class='ocrx_word' id='word_1_26' title='bbox 168 341 197 362; x_wconf 79' lang='lat' dir='ltr'><strong>ct</strong></span> <span class='ocrx_word' id='word_1_27' title='bbox 213 334 377 370; x_wconf 90' lang='lat' dir='ltr'><strong>propositum</strong></span> <span class='ocrx_word' id='word_1_28' title='bbox 388 333 469 368; x_wconf 81' lang='lat' dir='ltr'><strong>justi,</strong></span> <span class='ocrx_word' id='word_1_29' title='bbox 485 336 512 360; x_wconf 87' lang='lat' dir='ltr'><strong>et</strong></span> <span class='ocrx_word' id='word_1_30' title='bbox 525 331 633 359; x_wconf 84' lang='lat' dir='ltr'><strong>attende</strong></span> <span class='ocrx_word' id='word_1_31' title='bbox 647 330 781 366; x_wconf 52' lang='lat' dir='ltr'><strong>quomoda</strong></span> <span class='ocrx_word' id='word_1_32' title='bbox 796 334 899 356; x_wconf 87' lang='lat' dir='ltr'><strong>veteres</strong></span> <span class='ocrx_word' id='word_1_33' title='bbox 911 335 965 355; x_wconf 90' lang='lat' dir='ltr'><strong>non</strong></span> 
     </span>
    </p>
   </div>
   <div class='ocr_carea' id='block_1_6' title="bbox 170 375 965 415">
    <p class='ocr_par' dir='ltr' id='par_1_6' title="bbox 170 375 965 415">
     <span class='ocr_line' id='line_1_6' title="bbox 170 375 965 415; baseline -0.006 -9"><span class='ocrx_word' id='word_1_34' title='bbox 170 382 328 415; x_wconf 70' lang='lat' dir='ltr'><strong>qnazrebant</strong></span> <span class='ocrx_word' id='word_1_35' title='bbox 347 379 521 407; x_wconf 85' lang='lat' dir='ltr'><strong>substantiam</strong></span> <span class='ocrx_word' id='word_1_36' title='bbox 543 377 671 410; x_wconf 88' lang='lat' dir='ltr'><strong>multam,</strong></span> <span class='ocrx_word' id='word_1_37' title='bbox 696 384 749 403; x_wconf 65' lang='lat' dir='ltr'><strong>not.</strong></span> <span class='ocrx_word' id='word_1_38' title='bbox 767 375 890 407; x_wconf 82' lang='lat' dir='ltr'><strong>divitias,</strong></span> <span class='ocrx_word' id='word_1_39' title='bbox 911 380 965 401; x_wconf 76' lang='lat' dir='ltr'><strong>nm</strong></span> 
     </span>
    </p>
   </div>
   <div class='ocr_carea' id='block_1_7' title="bbox 169 422 964 458">
    <p class='ocr_par' dir='ltr' id='par_1_7' title="bbox 169 422 964 458">
     <span class='ocr_line' id='line_1_7' title="bbox 169 422 964 458; baseline -0.009 -5"><span class='ocrx_word' id='word_1_40' title='bbox 169 433 273 458; x_wconf 83' lang='lat' dir='ltr'><strong>servos,</strong></span> <span class='ocrx_word' id='word_1_41' title='bbox 290 433 342 452; x_wconf 85' lang='lat' dir='ltr'><strong>non</strong></span> <span class='ocrx_word' id='word_1_42' title='bbox 357 429 395 452; x_wconf 86' lang='lat' dir='ltr'><strong>tot</strong></span> <span class='ocrx_word' id='word_1_43' title='bbox 408 429 435 452; x_wconf 94' lang='lat' dir='ltr'><strong>cl</strong></span> <span class='ocrx_word' id='word_1_44' title='bbox 448 428 486 452; x_wconf 91' lang='lat' dir='ltr'><strong>tot</strong></span> <span class='ocrx_word' id='word_1_45' title='bbox 496 423 589 458; x_wconf 78' lang='lat' dir='ltr'><strong>jugera</strong></span> <span class='ocrx_word' id='word_1_46' title='bbox 604 422 670 457; x_wconf 82' lang='lat' dir='ltr'><strong>agri,</strong></span> <span class='ocrx_word' id='word_1_47' title='bbox 685 429 736 448; x_wconf 89' lang='lat' dir='ltr'><strong>non</strong></span> <span class='ocrx_word' id='word_1_48' title='bbox 749 426 867 448; x_wconf 76' lang='lat' dir='ltr'><strong>externa:</strong></span> <span class='ocrx_word' id='word_1_49' title='bbox 881 427 964 447; x_wconf 87' lang='lat' dir='ltr'><strong>venu-</strong></span> 
     </span>
    </p>
   </div>
   <div class='ocr_carea' id='block_1_8' title="bbox 171 467 963 503">
    <p class='ocr_par' dir='ltr' id='par_1_8' title="bbox 171 467 963 503">
     <span class='ocr_line' id='line_1_8' title="bbox 171 467 963 503; baseline -0.011 -3"><span class='ocrx_word' id='word_1_50' title='bbox 171 472 247 500; x_wconf 80' lang='lat' dir='ltr'><strong>statis</strong></span> <span class='ocrx_word' id='word_1_51' title='bbox 262 471 374 499; x_wconf 82' lang='lat' dir='ltr'><strong>fortnam</strong></span> <span class='ocrx_word' id='word_1_52' title='bbox 384 491 390 501; x_wconf 88' lang='lat'><strong>.</strong></span> <span class='ocrx_word' id='word_1_53' title='bbox 406 470 454 497; x_wconf 84' lang='lat' dir='ltr'><strong>sed</strong></span> <span class='ocrx_word' id='word_1_54' title='bbox 472 469 568 496; x_wconf 70' lang='lat' dir='ltr'><strong>animm</strong></span> <span class='ocrx_word' id='word_1_55' title='bbox 584 467 806 503; x_wconf 76' lang='lat' dir='ltr'><strong>pulchritudinem</strong></span> <span class='ocrx_word' id='word_1_56' title='bbox 822 471 849 493; x_wconf 92' lang='lat' dir='ltr'><strong>et</strong></span> <span class='ocrx_word' id='word_1_57' title='bbox 860 473 963 492; x_wconf 84' lang='lat' dir='ltr'><strong>uterum</strong></span> 
     </span>
    </p>
   </div>
   <div class='ocr_carea' id='block_1_9' title="bbox 171 512 963 551">
    <p class='ocr_par' dir='ltr' id='par_1_9' title="bbox 171 512 963 551">
     <span class='ocr_line' id='line_1_9' title="bbox 171 512 963 551; baseline -0.011 -6"><span class='ocrx_word' id='word_1_58' title='bbox 171 518 347 545; x_wconf 80' lang='lat' dir='ltr'><strong>nobilitatem.</strong></span> <span class='ocrx_word' id='word_1_59' title='bbox 371 516 436 544; x_wconf 87' lang='lat' dir='ltr'><strong>Nam</strong></span> <span class='ocrx_word' id='word_1_60' title='bbox 452 515 577 551; x_wconf 89' lang='lat' dir='ltr'><strong>quoniam</strong></span> <span class='ocrx_word' id='word_1_61' title='bbox 591 514 696 541; x_wconf 90' lang='lat' dir='ltr'><strong>videbat</strong></span> <span class='ocrx_word' id='word_1_62' title='bbox 713 512 855 547; x_wconf 85' lang='lat' dir='ltr'><strong>nequitiam</strong></span> <span class='ocrx_word' id='word_1_63' title='bbox 871 518 963 538; x_wconf 89' lang='lat' dir='ltr'><strong>eorum</strong></span> 
     </span>
    </p>
   </div>
   <div class='ocr_carea' id='block_1_10' title="bbox 168 556 963 598">
    <p class='ocr_par' dir='ltr' id='par_1_10' title="bbox 168 556 963 598">
     <span class='ocr_line' id='line_1_10' title="bbox 168 556 963 598; baseline -0.013 -7"><span class='ocrx_word' id='word_1_64' title='bbox 168 564 256 598; x_wconf 79' lang='lat' dir='ltr'><strong>quiin</strong></span> <span class='ocrx_word' id='word_1_65' title='bbox 270 563 421 590; x_wconf 85' lang='lat' dir='ltr'><strong>Chanamea</strong></span> <span class='ocrx_word' id='word_1_66' title='bbox 437 560 600 593; x_wconf 83' lang='lat' dir='ltr'><strong>habitabant,</strong></span> <span class='ocrx_word' id='word_1_67' title='bbox 622 559 709 586; x_wconf 83' lang='lat' dir='ltr'><strong>sciens</strong></span> <span class='ocrx_word' id='word_1_68' title='bbox 724 563 851 593; x_wconf 88' lang='lat' dir='ltr'><strong>quantum</strong></span> <span class='ocrx_word' id='word_1_69' title='bbox 865 556 963 583; x_wconf 92' lang='lat' dir='ltr'><strong>benum</strong></span> 
     </span>
    </p>
   </div>
   <div class='ocr_carea' id='block_1_11' title="bbox 169 603 962 645">
    <p class='ocr_par' dir='ltr' id='par_1_11' title="bbox 169 603 962 645">
     <span class='ocr_line' id='line_1_11' title="bbox 169 603 962 645; baseline -0.013 -8"><span class='ocrx_word' id='word_1_70' title='bbox 169 611 204 637; x_wconf 89' lang='lat' dir='ltr'><strong>sit</strong></span> <span class='ocrx_word' id='word_1_71' title='bbox 217 609 356 645; x_wconf 78' lang='lat' dir='ltr'><strong>cunjngem</strong></span> <span class='ocrx_word' id='word_1_72' title='bbox 374 608 472 635; x_wconf 75' lang='lat' dir='ltr'><strong>habere</strong></span> <span class='ocrx_word' id='word_1_73' title='bbox 488 606 580 634; x_wconf 90' lang='lat' dir='ltr'><strong>iisdem</strong></span> <span class='ocrx_word' id='word_1_74' title='bbox 595 605 714 632; x_wconf 90' lang='lat' dir='ltr'><strong>moribus</strong></span> <span class='ocrx_word' id='word_1_75' title='bbox 725 603 876 639; x_wconf 63' lang='lat' dir='ltr'><strong>praeditam.</strong></span> <span class='ocrx_word' id='word_1_76' title='bbox 891 609 962 636; x_wconf 78' lang='lat' dir='ltr'><strong>pra:-</strong></span> 
     </span>
    </p>
   </div>
   <div class='ocr_carea' id='block_1_12' title="bbox 168 651 963 691">
    <p class='ocr_par' dir='ltr' id='par_1_12' title="bbox 168 651 963 691">
     <span class='ocr_line' id='line_1_12' title="bbox 168 651 963 691; baseline -0.013 -8"><span class='ocrx_word' id='word_1_77' title='bbox 168 657 234 691; x_wconf 84' lang='lat' dir='ltr'><strong>cipit</strong></span> <span class='ocrx_word' id='word_1_78' title='bbox 249 662 337 687; x_wconf 90' lang='lat' dir='ltr'><strong>servo,</strong></span> <span class='ocrx_word' id='word_1_79' title='bbox 352 659 379 681; x_wconf 85' lang='lat' dir='ltr'><strong>et</strong></span> <span class='ocrx_word' id='word_1_80' title='bbox 391 654 570 688; x_wconf 85' lang='lat' dir='ltr'><strong>juramentum</strong></span> <span class='ocrx_word' id='word_1_81' title='bbox 584 651 702 682; x_wconf 81' lang='lat' dir='ltr'><strong>adhibet,</strong></span> <span class='ocrx_word' id='word_1_82' title='bbox 719 654 745 676; x_wconf 90' lang='lat' dir='ltr'><strong>ut</strong></span> <span class='ocrx_word' id='word_1_83' title='bbox 759 657 792 676; x_wconf 81' lang='lat' dir='ltr'><strong>ex</strong></span> <span class='ocrx_word' id='word_1_84' title='bbox 805 656 852 675; x_wconf 90' lang='lat' dir='ltr'><strong>sua</strong></span> <span class='ocrx_word' id='word_1_85' title='bbox 866 655 963 682; x_wconf 78' lang='lat' dir='ltr'><strong>cogua~</strong></span> 
     </span>
    </p>
   </div>
   <div class='ocr_carea' id='block_1_13' title="bbox 169 693 961 732">
    <p class='ocr_par' dir='ltr' id='par_1_13' title="bbox 169 693 961 732">
     <span class='ocr_line' id='line_1_13' title="bbox 169 693 961 732; baseline -0.013 -3"><span class='ocrx_word' id='word_1_86' title='bbox 169 702 243 729; x_wconf 84' lang='lat' dir='ltr'><strong>tione</strong></span> <span class='ocrx_word' id='word_1_87' title='bbox 257 708 367 728; x_wconf 86' lang='lat' dir='ltr'><strong>uxorem</strong></span> <span class='ocrx_word' id='word_1_88' title='bbox 385 699 472 726; x_wconf 83' lang='lat' dir='ltr'><strong>lsaaco</strong></span> <span class='ocrx_word' id='word_1_89' title='bbox 486 698 599 725; x_wconf 81' lang='lat' dir='ltr'><strong>adducat</strong></span> <span class='ocrx_word' id='word_1_90' title='bbox 617 706 623 724; x_wconf 91' lang='lat'>:</span> <span class='ocrx_word' id='word_1_91' title='bbox 639 704 724 732; x_wconf 88' lang='lat' dir='ltr'><strong>neque</strong></span> <span class='ocrx_word' id='word_1_92' title='bbox 739 694 906 722; x_wconf 77' lang='lat' dir='ltr'><strong>intervallum</strong></span> <span class='ocrx_word' id='word_1_93' title='bbox 922 693 961 719; x_wconf 87' lang='lat' dir='ltr'><strong>lo-</strong></span> 
     </span>
    </p>
   </div>
   <div class='ocr_carea' id='block_1_14' title="bbox 167 739 962 780">
    <p class='ocr_par' dir='ltr' id='par_1_14' title="bbox 167 739 962 780">
     <span class='ocr_line' id='line_1_14' title="bbox 167 739 962 780; baseline -0.011 -5"><span class='ocrx_word' id='word_1_94' title='bbox 167 756 261 775; x_wconf 89' lang='lat' dir='ltr'><strong>corutn</strong></span> <span class='ocrx_word' id='word_1_95' title='bbox 275 768 282 780; x_wconf 85' lang='lat'><strong>,</strong></span> <span class='ocrx_word' id='word_1_96' title='bbox 303 755 389 779; x_wconf 85' lang='lat' dir='ltr'><strong>neque</strong></span> <span class='ocrx_word' id='word_1_97' title='bbox 407 746 466 772; x_wconf 76' lang='lat' dir='ltr'><strong>alia:</strong></span> <span class='ocrx_word' id='word_1_98' title='bbox 480 744 647 772; x_wconf 85' lang='lat' dir='ltr'><strong>difﬁcultates</strong></span> <span class='ocrx_word' id='word_1_99' title='bbox 658 749 766 778; x_wconf 77' lang='lat' dir='ltr'><strong>segnem</strong></span> <span class='ocrx_word' id='word_1_100' title='bbox 786 749 847 769; x_wconf 90' lang='lat' dir='ltr'><strong>eum</strong></span> <span class='ocrx_word' id='word_1_101' title='bbox 870 741 895 767; x_wconf 90' lang='lat' dir='ltr'><strong>in</strong></span> <span class='ocrx_word' id='word_1_102' title='bbox 922 739 962 766; x_wconf 89' lang='lat' dir='ltr'><strong>his</strong></span> 
     </span>
    </p>
   </div>
   <div class='ocr_carea' id='block_1_15' title="bbox 167 790 960 822">
    <p class='ocr_par' dir='ltr' id='par_1_15' title="bbox 167 790 960 822">
     <span class='ocr_line' id='line_1_15' title="bbox 167 790 960 822; baseline -0.01 -2"><span class='ocrx_word' id='word_1_103' title='bbox 167 794 284 822; x_wconf 87' lang='lat' dir='ltr'><strong>reddunt</strong></span> <span class='ocrx_word' id='word_1_104' title='bbox 298 802 304 820; x_wconf 86' lang='lat'>:</span> <span class='ocrx_word' id='word_1_105' title='bbox 319 793 366 820; x_wconf 88' lang='lat' dir='ltr'><strong>sed</strong></span> <span class='ocrx_word' id='word_1_106' title='bbox 381 792 471 819; x_wconf 83' lang='lat' dir='ltr'><strong>sciens</strong></span> <span class='ocrx_word' id='word_1_107' title='bbox 482 791 520 818; x_wconf 86' lang='lat' dir='ltr'><strong>rei</strong></span> <span class='ocrx_word' id='word_1_108' title='bbox 536 790 732 821; x_wconf 70' lang='lat' dir='ltr'><strong>necessitatem,</strong></span> <span class='ocrx_word' id='word_1_109' title='bbox 749 795 855 815; x_wconf 88' lang='lat' dir='ltr'><strong>omnem</strong></span> <span class='ocrx_word' id='word_1_110' title='bbox 869 794 960 814; x_wconf 86' lang='lat' dir='ltr'><strong>curam</strong></span> 
     </span>
    </p>
   </div>
   <div class='ocr_carea' id='block_1_16' title="bbox 169 833 961 870">
    <p class='ocr_par' dir='ltr' id='par_1_16' title="bbox 169 833 961 870">
     <span class='ocr_line' id='line_1_16' title="bbox 169 833 961 870; baseline -0.01 -4"><span class='ocrx_word' id='word_1_111' title='bbox 169 844 197 866; x_wconf 91' lang='lat' dir='ltr'><strong>et</strong></span> <span class='ocrx_word' id='word_1_112' title='bbox 219 839 333 867; x_wconf 88' lang='lat' dir='ltr'><strong>stadium</strong></span> <span class='ocrx_word' id='word_1_113' title='bbox 349 838 471 870; x_wconf 86' lang='lat' dir='ltr'><strong>adhibet,</strong></span> <span class='ocrx_word' id='word_1_114' title='bbox 488 845 519 864; x_wconf 80' lang='lat' dir='ltr'><strong>ac</strong></span> <span class='ocrx_word' id='word_1_115' title='bbox 534 837 613 864; x_wconf 91' lang='lat' dir='ltr'><strong>mittit</strong></span> <span class='ocrx_word' id='word_1_116' title='bbox 627 835 812 863; x_wconf 81' lang='lat' dir='ltr'><strong>domesticum.</strong></span> <span class='ocrx_word' id='word_1_117' title='bbox 829 833 961 861; x_wconf 60' lang='lat' dir='ltr'><strong>Caeterum</strong></span> 
     </span>
    </p>
   </div>
   <div class='ocr_carea' id='block_1_17' title="bbox 168 878 982 920">
    <p class='ocr_par' dir='ltr' id='par_1_17' title="bbox 168 878 982 920">
     <span class='ocr_line' id='line_1_17' title="bbox 168 878 982 920; baseline -0.01 -8"><span class='ocrx_word' id='word_1_118' title='bbox 168 884 317 920; x_wconf 78' lang='lat' dir='ltr'><strong>patriarcha</strong></span> <span class='ocrx_word' id='word_1_119' title='bbox 330 884 453 910; x_wconf 84' lang='lat' dir='ltr'><strong>virtutem</strong></span> <span class='ocrx_word' id='word_1_120' title='bbox 468 887 569 910; x_wconf 87' lang='lat' dir='ltr'><strong>tantatn</strong></span> <span class='ocrx_word' id='word_1_121' title='bbox 581 881 661 908; x_wconf 88' lang='lat' dir='ltr'><strong>attinti</strong></span> <span class='ocrx_word' id='word_1_122' title='bbox 674 887 805 915; x_wconf 69' lang='lat' dir='ltr'><strong>quwrens,</strong></span> <span class='ocrx_word' id='word_1_123' title='bbox 822 884 848 906; x_wconf 92' lang='lat' dir='ltr'><strong>et</strong></span> <span class='ocrx_word' id='word_1_124' title='bbox 861 878 959 905; x_wconf 83' lang='lat' dir='ltr'><strong>abhor-</strong></span> <span class='ocrx_word' id='word_1_125' title='bbox 980 884 982 887; x_wconf 94' lang='lat'>&#39;</span> 
     </span>
    </p>
   </div>
   <div class='ocr_carea' id='block_1_18' title="bbox 167 925 961 962">
    <p class='ocr_par' dir='ltr' id='par_1_18' title="bbox 167 925 961 962">
     <span class='ocr_line' id='line_1_18' title="bbox 167 925 961 962; baseline -0.01 -5"><span class='ocrx_word' id='word_1_126' title='bbox 167 938 231 958; x_wconf 84' lang='lat' dir='ltr'><strong>rens</strong></span> <span class='ocrx_word' id='word_1_127' title='bbox 241 938 255 957; x_wconf 90' lang='lat' dir='ltr'><strong>a</strong></span> <span class='ocrx_word' id='word_1_128' title='bbox 267 929 411 956; x_wconf 88' lang='lat' dir='ltr'><strong>vicinorum</strong></span> <span class='ocrx_word' id='word_1_129' title='bbox 423 929 535 959; x_wconf 90' lang='lat' dir='ltr'><strong>malitia,</strong></span> <span class='ocrx_word' id='word_1_130' title='bbox 548 928 582 954; x_wconf 86' lang='lat' dir='ltr'><strong>ita</strong></span> <span class='ocrx_word' id='word_1_131' title='bbox 596 927 702 962; x_wconf 87' lang='lat' dir='ltr'><strong>quidem</strong></span> <span class='ocrx_word' id='word_1_132' title='bbox 717 933 744 952; x_wconf 84' lang='lat' dir='ltr'><strong>se</strong></span> <span class='ocrx_word' id='word_1_133' title='bbox 754 925 837 960; x_wconf 78' lang='lat' dir='ltr'><strong>getit;</strong></span> <span class='ocrx_word' id='word_1_134' title='bbox 850 929 878 951; x_wconf 88' lang='lat' dir='ltr'><strong>at</strong></span> <span class='ocrx_word' id='word_1_135' title='bbox 891 931 961 950; x_wconf 91' lang='lat' dir='ltr'><strong>nunc</strong></span> 
     </span>
    </p>
   </div>
   <div class='ocr_carea' id='block_1_19' title="bbox 164 970 959 1010">
    <p class='ocr_par' dir='ltr' id='par_1_19' title="bbox 164 970 959 1010">
     <span class='ocr_line' id='line_1_19' title="bbox 164 970 959 1010; baseline -0.011 -6"><span class='ocrx_word' id='word_1_136' title='bbox 164 983 261 1004; x_wconf 88' lang='lat' dir='ltr'><strong>omnes</strong></span> <span class='ocrx_word' id='word_1_137' title='bbox 276 975 427 1010; x_wconf 88' lang='lat' dir='ltr'><strong>hujusmodi</strong></span> <span class='ocrx_word' id='word_1_138' title='bbox 441 974 620 1001; x_wconf 87' lang='lat' dir='ltr'><strong>conditionem</strong></span> <span class='ocrx_word' id='word_1_139' title='bbox 633 980 666 1000; x_wconf 87' lang='lat' dir='ltr'><strong>ue</strong></span> <span class='ocrx_word' id='word_1_140' title='bbox 677 972 823 1007; x_wconf 82' lang='lat' dir='ltr'><strong>cogitarent</strong></span> <span class='ocrx_word' id='word_1_141' title='bbox 833 970 940 1006; x_wconf 84' lang='lat' dir='ltr'><strong>quidem</strong></span> <span class='ocrx_word' id='word_1_142' title='bbox 950 978 959 996; x_wconf 84' lang='lat'>;</span> 
     </span>
    </p>
   </div>
   <div class='ocr_carea' id='block_1_20' title="bbox 166 1017 960 1054">
    <p class='ocr_par' dir='ltr' id='par_1_20' title="bbox 166 1017 960 1054">
     <span class='ocr_line' id='line_1_20' title="bbox 166 1017 960 1054; baseline -0.008 -5"><span class='ocrx_word' id='word_1_143' title='bbox 166 1029 229 1049; x_wconf 72' lang='lat' dir='ltr'><strong>nam</strong></span> <span class='ocrx_word' id='word_1_144' title='bbox 245 1022 295 1049; x_wconf 88' lang='lat' dir='ltr'><strong>etsi</strong></span> <span class='ocrx_word' id='word_1_145' title='bbox 312 1022 381 1048; x_wconf 76' lang='lat' dir='ltr'><strong>vitiis</strong></span> <span class='ocrx_word' id='word_1_146' title='bbox 396 1021 542 1048; x_wconf 83' lang='lat' dir='ltr'><strong>innumeris</strong></span> <span class='ocrx_word' id='word_1_147' title='bbox 555 1020 631 1054; x_wconf 81' lang='lat' dir='ltr'><strong>plena</strong></span> <span class='ocrx_word' id='word_1_148' title='bbox 645 1019 689 1050; x_wconf 89' lang='lat' dir='ltr'><strong>sit,</strong></span> <span class='ocrx_word' id='word_1_149' title='bbox 705 1019 756 1045; x_wconf 89' lang='lat' dir='ltr'><strong>hoc</strong></span> <span class='ocrx_word' id='word_1_150' title='bbox 770 1018 855 1045; x_wconf 88' lang='lat' dir='ltr'><strong>SOIlltll</strong></span> <span class='ocrx_word' id='word_1_151' title='bbox 871 1017 960 1052; x_wconf 85' lang='lat' dir='ltr'><strong>inqui-</strong></span> 
     </span>
    </p>
   </div>
   <div class='ocr_carea' id='block_1_21' title="bbox 164 1063 961 1102">
    <p class='ocr_par' dir='ltr' id='par_1_21' title="bbox 164 1063 961 1102">
     <span class='ocr_line' id='line_1_21' title="bbox 164 1063 961 1102; baseline -0.006 -8"><span class='ocrx_word' id='word_1_152' title='bbox 164 1072 238 1100; x_wconf 83' lang='lat' dir='ltr'><strong>runt,</strong></span> <span class='ocrx_word' id='word_1_153' title='bbox 253 1072 378 1102; x_wconf 89' lang='lat' dir='ltr'><strong>quatttatn</strong></span> <span class='ocrx_word' id='word_1_154' title='bbox 397 1066 514 1093; x_wconf 83' lang='lat' dir='ltr'><strong>abundet</strong></span> <span class='ocrx_word' id='word_1_155' title='bbox 528 1065 665 1100; x_wconf 84' lang='lat' dir='ltr'><strong>pecuniis;</strong></span> <span class='ocrx_word' id='word_1_156' title='bbox 691 1069 787 1091; x_wconf 64' lang='lat' dir='ltr'><strong>eat-tera</strong></span> <span class='ocrx_word' id='word_1_157' title='bbox 805 1063 894 1090; x_wconf 83' lang='lat' dir='ltr'><strong>omnia</strong></span> <span class='ocrx_word' id='word_1_158' title='bbox 914 1070 961 1097; x_wconf 91' lang='lat' dir='ltr'><strong>po-</strong></span> 
     </span>
    </p>
   </div>
   <div class='ocr_carea' id='block_1_22' title="bbox 164 1111 959 1145">
    <p class='ocr_par' dir='ltr' id='par_1_22' title="bbox 164 1111 959 1145">
     <span class='ocr_line' id='line_1_22' title="bbox 164 1111 959 1145; baseline -0.005 -5"><span class='ocrx_word' id='word_1_159' title='bbox 164 1115 278 1141; x_wconf 88' lang='lat' dir='ltr'><strong>steriore</strong></span> <span class='ocrx_word' id='word_1_160' title='bbox 293 1114 351 1140; x_wconf 90' lang='lat' dir='ltr'><strong>loco</strong></span> <span class='ocrx_word' id='word_1_161' title='bbox 366 1113 474 1145; x_wconf 83' lang='lat' dir='ltr'><strong>habent,</strong></span> <span class='ocrx_word' id='word_1_162' title='bbox 492 1112 640 1139; x_wconf 86' lang='lat' dir='ltr'><strong>nescientes</strong></span> <span class='ocrx_word' id='word_1_163' title='bbox 650 1119 690 1145; x_wconf 83' lang='lat' dir='ltr'><strong>se,</strong></span> <span class='ocrx_word' id='word_1_164' title='bbox 706 1111 727 1138; x_wconf 93' lang='lat' dir='ltr'><strong>si</strong></span> <span class='ocrx_word' id='word_1_165' title='bbox 744 1118 820 1138; x_wconf 90' lang='lat' dir='ltr'><strong>mens</strong></span> <span class='ocrx_word' id='word_1_166' title='bbox 833 1117 959 1145; x_wconf 85' lang='lat' dir='ltr'><strong>perversa</strong></span> 
     </span>
    </p>
   </div>
   <div class='ocr_carea' id='block_1_23' title="bbox 163 1157 958 1191">
    <p class='ocr_par' dir='ltr' id='par_1_23' title="bbox 163 1157 958 1191">
     <span class='ocr_line' id='line_1_23' title="bbox 163 1157 958 1191; baseline -0.005 -5"><span class='ocrx_word' id='word_1_167' title='bbox 163 1160 217 1191; x_wconf 84' lang='lat' dir='ltr'><strong>sit,</strong></span> <span class='ocrx_word' id='word_1_168' title='bbox 233 1159 294 1186; x_wconf 88' lang='lat' dir='ltr'><strong>licet</strong></span> <span class='ocrx_word' id='word_1_169' title='bbox 307 1159 443 1186; x_wconf 78' lang='lat' dir='ltr'><strong>immensa:</strong></span> <span class='ocrx_word' id='word_1_170' title='bbox 457 1157 567 1184; x_wconf 80' lang='lat' dir='ltr'><strong>afﬂuant</strong></span> <span class='ocrx_word' id='word_1_171' title='bbox 579 1157 677 1184; x_wconf 67' lang='lat' dir='ltr'><strong>divitia:</strong></span> <span class='ocrx_word' id='word_1_172' title='bbox 688 1178 694 1188; x_wconf 91' lang='lat'><strong>,</strong></span> <span class='ocrx_word' id='word_1_173' title='bbox 711 1157 764 1183; x_wconf 77' lang='lat' dir='ltr'><strong>cito</strong></span> <span class='ocrx_word' id='word_1_174' title='bbox 775 1157 800 1183; x_wconf 84' lang='lat' dir='ltr'><strong>iit</strong></span> <span class='ocrx_word' id='word_1_175' title='bbox 811 1161 958 1183; x_wconf 80' lang='lat' dir='ltr'><strong>extremam</strong></span> 
     </span>
    </p>
   </div>
   <div class='ocr_carea' id='block_1_24' title="bbox 165 1202 959 1239">
    <p class='ocr_par' dir='ltr' id='par_1_24' title="bbox 165 1202 959 1239">
     <span class='ocr_line' id='line_1_24' title="bbox 165 1202 959 1239; baseline -0.005 -8"><span class='ocrx_word' id='word_1_176' title='bbox 165 1210 294 1232; x_wconf 79' lang='lat' dir='ltr'><strong>venturos</strong></span> <span class='ocrx_word' id='word_1_177' title='bbox 309 1204 424 1239; x_wconf 79' lang='lat' dir='ltr'><strong>inopiam</strong></span> <span class='ocrx_word' id='word_1_178' title='bbox 439 1212 445 1231; x_wconf 85' lang='lat'><strong>:</strong></span> <span class='ocrx_word' id='word_1_179' title='bbox 459 1209 486 1230; x_wconf 86' lang='lat' dir='ltr'><strong>et</strong></span> <span class='ocrx_word' id='word_1_180' title='bbox 498 1203 563 1230; x_wconf 89' lang='lat' dir='ltr'><strong>nihil</strong></span> <span class='ocrx_word' id='word_1_181' title='bbox 578 1202 729 1237; x_wconf 86' lang='lat' dir='ltr'><strong>profuturas</strong></span> <span class='ocrx_word' id='word_1_182' title='bbox 740 1209 815 1236; x_wconf 85' lang='lat' dir='ltr'><strong>opes,</strong></span> <span class='ocrx_word' id='word_1_183' title='bbox 829 1209 889 1229; x_wconf 82' lang='lat' dir='ltr'><strong>cunt</strong></span> <span class='ocrx_word' id='word_1_184' title='bbox 905 1208 959 1227; x_wconf 79' lang='lat' dir='ltr'><strong>non</strong></span> 
     </span>
    </p>
   </div>
   <div class='ocr_carea' id='block_1_25' title="bbox 163 1249 835 1285">
    <p class='ocr_par' dir='ltr' id='par_1_25' title="bbox 163 1249 835 1285">
     <span class='ocr_line' id='line_1_25' title="bbox 163 1249 835 1285; baseline -0.007 -6"><span class='ocrx_word' id='word_1_185' title='bbox 163 1252 200 1280; x_wconf 81' lang='lat' dir='ltr'><strong>sit</strong></span> <span class='ocrx_word' id='word_1_186' title='bbox 212 1252 247 1279; x_wconf 92' lang='lat' dir='ltr'><strong>ibi</strong></span> <span class='ocrx_word' id='word_1_187' title='bbox 263 1258 338 1278; x_wconf 88' lang='lat' dir='ltr'><strong>utens</strong></span> <span class='ocrx_word' id='word_1_188' title='bbox 350 1258 409 1285; x_wconf 69' lang='lat' dir='ltr'><strong>qua:</strong></span> <span class='ocrx_word' id='word_1_189' title='bbox 425 1250 493 1277; x_wconf 85' lang='lat' dir='ltr'><strong>bene</strong></span> <span class='ocrx_word' id='word_1_190' title='bbox 504 1249 562 1276; x_wconf 89' lang='lat' dir='ltr'><strong>illas</strong></span> <span class='ocrx_word' id='word_1_191' title='bbox 576 1249 731 1284; x_wconf 82' lang='lat' dir='ltr'><strong>dispensare</strong></span> <span class='ocrx_word' id='word_1_192' title='bbox 745 1257 779 1283; x_wconf 85' lang='lat' dir='ltr'><strong>qu</strong></span> <span class='ocrx_word' id='word_1_193' title='bbox 797 1253 835 1275; x_wconf 89' lang='lat' dir='ltr'><strong>at.</strong></span> 
     </span>
    </p>
   </div>
   <div class='ocr_carea' id='block_1_26' title="bbox 201 1294 958 1331">
    <p class='ocr_par' dir='ltr' id='par_1_26' title="bbox 201 1294 958 1331">
     <span class='ocr_line' id='line_1_26' title="bbox 201 1294 958 1331; baseline -0.007 -6"><span class='ocrx_word' id='word_1_194' title='bbox 201 1299 228 1325; x_wconf 76' lang='lat'><strong>3.</strong></span> <span class='ocrx_word' id='word_1_195' title='bbox 245 1298 338 1325; x_wconf 68' lang='lat' dir='ltr'><strong>Verum</strong></span> <span class='ocrx_word' id='word_1_196' title='bbox 360 1296 508 1331; x_wconf 86' lang='lat' dir='ltr'><strong>patriarcha</strong></span> <span class='ocrx_word' id='word_1_197' title='bbox 522 1303 602 1323; x_wconf 86' lang='lat' dir='ltr'><strong>servo</strong></span> <span class='ocrx_word' id='word_1_198' title='bbox 621 1299 778 1322; x_wconf 83' lang='lat' dir='ltr'><strong>accuratum</strong></span> <span class='ocrx_word' id='word_1_199' title='bbox 788 1294 864 1321; x_wconf 89' lang='lat' dir='ltr'><strong>dedit</strong></span> <span class='ocrx_word' id='word_1_200' title='bbox 879 1302 958 1321; x_wconf 90' lang='lat' dir='ltr'><strong>man-</strong></span> 
     </span>
    </p>
   </div>
   <div class='ocr_carea' id='block_1_27' title="bbox 163 1340 959 1377">
    <p class='ocr_par' dir='ltr' id='par_1_27' title="bbox 163 1340 959 1377">
     <span class='ocr_line' id='line_1_27' title="bbox 163 1340 959 1377; baseline -0.005 -7"><span class='ocrx_word' id='word_1_201' title='bbox 163 1343 255 1370; x_wconf 88' lang='lat' dir='ltr'><strong>datunt</strong></span> <span class='ocrx_word' id='word_1_202' title='bbox 269 1364 276 1375; x_wconf 88' lang='lat'><strong>,</strong></span> <span class='ocrx_word' id='word_1_203' title='bbox 291 1342 486 1377; x_wconf 87' lang='lat' dir='ltr'><strong>etjaramentis</strong></span> <span class='ocrx_word' id='word_1_204' title='bbox 506 1349 567 1368; x_wconf 85' lang='lat' dir='ltr'><strong>eum</strong></span> <span class='ocrx_word' id='word_1_205' title='bbox 580 1341 731 1368; x_wconf 67' lang='lat' dir='ltr'><strong>adstrinxit.</strong></span> <span class='ocrx_word' id='word_1_206' title='bbox 749 1340 892 1367; x_wconf 79' lang='lat' dir='ltr'><strong>Videamus</strong></span> <span class='ocrx_word' id='word_1_207' title='bbox 912 1347 959 1366; x_wconf 90' lang='lat' dir='ltr'><strong>au-</strong></span> 
     </span>
    </p>
   </div>
   <div class='ocr_carea' id='block_1_28' title="bbox 165 1385 959 1422">
    <p class='ocr_par' dir='ltr' id='par_1_28' title="bbox 165 1385 959 1422">
     <span class='ocr_line' id='line_1_28' title="bbox 165 1385 959 1422; baseline -0.005 -6"><span class='ocrx_word' id='word_1_208' title='bbox 165 1394 221 1417; x_wconf 88' lang='lat' dir='ltr'><strong>tem</strong></span> <span class='ocrx_word' id='word_1_209' title='bbox 244 1396 314 1416; x_wconf 88' lang='lat' dir='ltr'><strong>nunc</strong></span> <span class='ocrx_word' id='word_1_210' title='bbox 329 1392 356 1415; x_wconf 90' lang='lat' dir='ltr'><strong>ct</strong></span> <span class='ocrx_word' id='word_1_211' title='bbox 370 1387 438 1414; x_wconf 87' lang='lat' dir='ltr'><strong>servi</strong></span> <span class='ocrx_word' id='word_1_212' title='bbox 454 1387 626 1422; x_wconf 83' lang='lat' dir='ltr'><strong>probitatem,</strong></span> <span class='ocrx_word' id='word_1_213' title='bbox 643 1386 777 1421; x_wconf 82' lang='lat' dir='ltr'><strong>quomodo</strong></span> <span class='ocrx_word' id='word_1_214' title='bbox 797 1385 854 1412; x_wconf 87' lang='lat' dir='ltr'><strong>lteri</strong></span> <span class='ocrx_word' id='word_1_215' title='bbox 875 1385 959 1420; x_wconf 78' lang='lat' dir='ltr'><strong>pieta-</strong></span> 
     </span>
    </p>
   </div>
   <div class='ocr_carea' id='block_1_29' title="bbox 163 1431 957 1467">
    <p class='ocr_par' dir='ltr' id='par_1_29' title="bbox 163 1431 957 1467">
     <span class='ocr_line' id='line_1_29' title="bbox 163 1431 957 1467; baseline -0.006 -5"><span class='ocrx_word' id='word_1_216' title='bbox 163 1440 218 1462; x_wconf 81' lang='lat' dir='ltr'><strong>tetu</strong></span> <span class='ocrx_word' id='word_1_217' title='bbox 233 1434 348 1461; x_wconf 86' lang='lat' dir='ltr'><strong>imitatus</strong></span> <span class='ocrx_word' id='word_1_218' title='bbox 357 1434 399 1460; x_wconf 69' lang='lat' dir='ltr'><strong>sit.</strong></span> <span class='ocrx_word' id='word_1_219' title='bbox 412 1433 476 1460; x_wconf 82' lang='lat' dir='ltr'><strong>Nam</strong></span> <span class='ocrx_word' id='word_1_220' title='bbox 493 1437 630 1467; x_wconf 80' lang='lat' dir='ltr'><strong>postquam</strong></span> <span class='ocrx_word' id='word_1_221' title='bbox 644 1432 710 1458; x_wconf 88' lang='lat' dir='ltr'><strong>vidit</strong></span> <span class='ocrx_word' id='word_1_222' title='bbox 720 1435 772 1458; x_wconf 86' lang='lat' dir='ltr'><strong>tam</strong></span> <span class='ocrx_word' id='word_1_223' title='bbox 783 1431 957 1465; x_wconf 89' lang='lat' dir='ltr'><strong>scriojnstum</strong></span> 
     </span>
    </p>
   </div>
   <div class='ocr_carea' id='block_1_30' title="bbox 163 1477 959 1514">
    <p class='ocr_par' dir='ltr' id='par_1_30' title="bbox 163 1477 959 1514">
     <span class='ocr_line' id='line_1_30' title="bbox 163 1477 959 1514; baseline -0.006 -7"><span class='ocrx_word' id='word_1_224' title='bbox 163 1480 215 1507; x_wconf 84' lang='lat' dir='ltr'><strong>sibi</strong></span> <span class='ocrx_word' id='word_1_225' title='bbox 243 1479 403 1514; x_wconf 68' lang='lat' dir='ltr'><strong>praccipere,</strong></span> <span class='ocrx_word' id='word_1_226' title='bbox 426 1478 492 1505; x_wconf 83' lang='lat' dir='ltr'><strong>dicit</strong></span> <span class='ocrx_word' id='word_1_227' title='bbox 510 1478 534 1505; x_wconf 91' lang='lat' dir='ltr'><strong>ei</strong></span> <span class='ocrx_word' id='word_1_228' title='bbox 553 1478 598 1505; x_wconf 88' lang='lat'><strong>:5.</strong></span> <span class='ocrx_word' id='word_1_229' title='bbox 614 1477 644 1505; x_wconf 88' lang='lat' dir='ltr'><strong>Si</strong></span> <span class='ocrx_word' id='word_1_230' title='bbox 665 1485 716 1504; x_wconf 86' lang='lat' dir='ltr'><strong>non</strong></span> <span class='ocrx_word' id='word_1_231' title='bbox 741 1477 847 1504; x_wconf 81' lang='lat' dir='ltr'><strong>voluerit</strong></span> <span class='ocrx_word' id='word_1_232' title='bbox 869 1477 959 1503; x_wconf 82' lang='lat' dir='ltr'><strong>mulier</strong></span> 
     </span>
    </p>
   </div>
   <div class='ocr_carea' id='block_1_31' title="bbox 163 1523 957 1559">
    <p class='ocr_par' dir='ltr' id='par_1_31' title="bbox 163 1523 957 1559">
     <span class='ocr_line' id='line_1_31' title="bbox 163 1523 957 1559; baseline -0.003 -7"><span class='ocrx_word' id='word_1_233' title='bbox 163 1526 248 1553; x_wconf 65' lang='lat' dir='ltr'><strong>antire</strong></span> <span class='ocrx_word' id='word_1_234' title='bbox 259 1533 354 1552; x_wconf 78' lang='lat' dir='ltr'><strong>merum</strong></span> <span class='ocrx_word' id='word_1_235' title='bbox 365 1545 372 1557; x_wconf 93' lang='lat'><strong>,</strong></span> <span class='ocrx_word' id='word_1_236' title='bbox 387 1525 424 1552; x_wconf 72' lang='lat' dir='ltr'><strong>eis</strong></span> <span class='ocrx_word' id='word_1_237' title='bbox 436 1524 518 1559; x_wconf 81' lang='lat' dir='ltr'><strong>ﬁliuni</strong></span> <span class='ocrx_word' id='word_1_238' title='bbox 535 1529 605 1550; x_wconf 83' lang='lat' dir='ltr'><strong>tuum</strong></span> <span class='ocrx_word' id='word_1_239' title='bbox 618 1524 643 1551; x_wconf 85' lang='lat' dir='ltr'><strong>in</strong></span> <span class='ocrx_word' id='word_1_240' title='bbox 661 1528 753 1551; x_wconf 82' lang='lat' dir='ltr'><strong>(errant</strong></span> <span class='ocrx_word' id='word_1_241' title='bbox 763 1544 771 1556; x_wconf 94' lang='lat'><strong>,</strong></span> <span class='ocrx_word' id='word_1_242' title='bbox 785 1523 851 1550; x_wconf 84' lang='lat' dir='ltr'><strong>unde</strong></span> <span class='ocrx_word' id='word_1_243' title='bbox 869 1523 957 1556; x_wconf 71' lang='lat' dir='ltr'><strong>existi,</strong></span> 
     </span>
    </p>
   </div>
   <div class='ocr_carea' id='block_1_32' title="bbox 162 1568 957 1605">
    <p class='ocr_par' dir='ltr' id='par_1_32' title="bbox 162 1568 957 1605">
     <span class='ocr_line' id='line_1_32' title="bbox 162 1568 957 1605; baseline -0.004 -7"><span class='ocrx_word' id='word_1_244' title='bbox 162 1571 302 1598; x_wconf 79' lang='lat' dir='ltr'><strong>inducant?</strong></span> <span class='ocrx_word' id='word_1_245' title='bbox 315 1570 349 1598; x_wconf 86' lang='lat' dir='ltr'><strong>Ut</strong></span> <span class='ocrx_word' id='word_1_246' title='bbox 362 1578 396 1597; x_wconf 86' lang='lat' dir='ltr'><strong>tte</strong></span> <span class='ocrx_word' id='word_1_247' title='bbox 406 1590 412 1602; x_wconf 87' lang='grc'><em>,</em></span> <span class='ocrx_word' id='word_1_248' title='bbox 432 1570 532 1605; x_wconf 84' lang='lat' dir='ltr'><strong>inquit,</strong></span> <span class='ocrx_word' id='word_1_249' title='bbox 549 1569 571 1596; x_wconf 90' lang='lat' dir='ltr'><strong>si</strong></span> <span class='ocrx_word' id='word_1_250' title='bbox 585 1569 728 1596; x_wconf 88' lang='lat' dir='ltr'><strong>difﬁcultas</strong></span> <span class='ocrx_word' id='word_1_251' title='bbox 738 1568 824 1603; x_wconf 85' lang='lat' dir='ltr'><strong>aliqua</strong></span> <span class='ocrx_word' id='word_1_252' title='bbox 842 1568 957 1601; x_wconf 82' lang='lat' dir='ltr'><strong>incidat,</strong></span> 
     </span>
    </p>
   </div>
   <div class='ocr_carea' id='block_1_33' title="bbox 161 1614 958 1651">
    <p class='ocr_par' dir='ltr' id='par_1_33' title="bbox 161 1614 958 1651">
     <span class='ocr_line' id='line_1_33' title="bbox 161 1614 958 1651; baseline -0.005 -7"><span class='ocrx_word' id='word_1_253' title='bbox 161 1616 350 1651; x_wconf 68' lang='lat' dir='ltr'><strong>transgrediar</strong></span> <span class='ocrx_word' id='word_1_254' title='bbox 361 1616 484 1643; x_wconf 88' lang='lat' dir='ltr'><strong>ntandata</strong></span> <span class='ocrx_word' id='word_1_255' title='bbox 507 1619 571 1642; x_wconf 86' lang='lat' dir='ltr'><strong>tua:</strong></span> <span class='ocrx_word' id='word_1_256' title='bbox 588 1622 652 1650; x_wconf 81' lang='lat' dir='ltr'><strong>rogo</strong></span> <span class='ocrx_word' id='word_1_257' title='bbox 663 1635 670 1646; x_wconf 89' lang='lat'><strong>,</strong></span> <span class='ocrx_word' id='word_1_258' title='bbox 685 1614 747 1650; x_wconf 89' lang='lat' dir='ltr'><strong>quid</strong></span> <span class='ocrx_word' id='word_1_259' title='bbox 770 1614 903 1649; x_wconf 87' lang='lat' dir='ltr'><strong>oportebit</strong></span> <span class='ocrx_word' id='word_1_260' title='bbox 916 1621 958 1641; x_wconf 87' lang='lat' dir='ltr'><strong>me</strong></span> 
     </span>
    </p>
   </div>
   <div class='ocr_carea' id='block_1_34' title="bbox 161 1659 960 1695">
    <p class='ocr_par' dir='ltr' id='par_1_34' title="bbox 161 1659 960 1695">
     <span class='ocr_line' id='line_1_34' title="bbox 161 1659 960 1695; baseline -0.005 -6"><span class='ocrx_word' id='word_1_261' title='bbox 161 1662 307 1689; x_wconf 84' lang='lat' dir='ltr'><strong>observare</strong></span> <span class='ocrx_word' id='word_1_262' title='bbox 317 1681 325 1692; x_wconf 91' lang='lat'><strong>,</strong></span> <span class='ocrx_word' id='word_1_263' title='bbox 339 1665 366 1688; x_wconf 94' lang='lat' dir='ltr'><strong>et</strong></span> <span class='ocrx_word' id='word_1_264' title='bbox 377 1669 446 1688; x_wconf 88' lang='lat' dir='ltr'><strong>nunc</strong></span> <span class='ocrx_word' id='word_1_265' title='bbox 463 1660 548 1695; x_wconf 86' lang='lat' dir='ltr'><strong>placet</strong></span> <span class='ocrx_word' id='word_1_266' title='bbox 562 1660 608 1687; x_wconf 86' lang='lat' dir='ltr'><strong>tibi</strong></span> <span class='ocrx_word' id='word_1_267' title='bbox 620 1665 647 1687; x_wconf 93' lang='lat' dir='ltr'><strong>ut</strong></span> <span class='ocrx_word' id='word_1_268' title='bbox 659 1659 721 1687; x_wconf 93' lang='lat' dir='ltr'><strong>illuc</strong></span> <span class='ocrx_word' id='word_1_269' title='bbox 736 1659 814 1686; x_wconf 84' lang='lat' dir='ltr'><strong>abeat</strong></span> <span class='ocrx_word' id='word_1_270' title='bbox 826 1659 898 1686; x_wconf 86' lang='lat' dir='ltr'><strong>Isaac</strong></span> <span class='ocrx_word' id='word_1_271' title='bbox 910 1681 917 1690; x_wconf 81' lang='lat'><strong>,</strong></span> <span class='ocrx_word' id='word_1_272' title='bbox 932 1663 960 1686; x_wconf 94' lang='lat' dir='ltr'><strong>ct</strong></span> 
     </span>
    </p>
   </div>
   <div class='ocr_carea' id='block_1_35' title="bbox 163 1702 956 1742">
    <p class='ocr_par' dir='ltr' id='par_1_35' title="bbox 163 1702 956 1742">
     <span class='ocr_line' id='line_1_35' title="bbox 163 1702 956 1742; baseline -0.005 -7"><span class='ocrx_word' id='word_1_273' title='bbox 163 1712 270 1742; x_wconf 83' lang='lat' dir='ltr'><strong>accepta</strong></span> <span class='ocrx_word' id='word_1_274' title='bbox 283 1714 381 1742; x_wconf 75' lang='lat' dir='ltr'><strong>sponsa</strong></span> <span class='ocrx_word' id='word_1_275' title='bbox 394 1707 485 1733; x_wconf 79' lang='lat' dir='ltr'><strong>redeat</strong></span> <span class='ocrx_word' id='word_1_276' title='bbox 497 1727 504 1739; x_wconf 91' lang='lat'><strong>,</strong></span> <span class='ocrx_word' id='word_1_277' title='bbox 516 1702 538 1733; x_wconf 71' lang='lat' dir='ltr'><strong>Si</strong></span> <span class='ocrx_word' id='word_1_278' title='bbox 553 1714 605 1733; x_wconf 91' lang='lat' dir='ltr'><strong>non</strong></span> <span class='ocrx_word' id='word_1_279' title='bbox 621 1706 743 1738; x_wconf 88' lang='lat' dir='ltr'><strong>voluerit,</strong></span> <span class='ocrx_word' id='word_1_280' title='bbox 759 1710 790 1732; x_wconf 87' lang='lat' dir='ltr'><strong>ut</strong></span> <span class='ocrx_word' id='word_1_281' title='bbox 805 1705 956 1738; x_wconf 87' lang='lat' dir='ltr'><strong>mandasti,</strong></span> 
     </span>
    </p>
   </div>
   <div class='ocr_carea' id='block_1_36' title="bbox 162 1751 958 1788">
    <p class='ocr_par' dir='ltr' id='par_1_36' title="bbox 162 1751 958 1788">
     <span class='ocr_line' id='line_1_36' title="bbox 162 1751 958 1788; baseline 0 -8"><span class='ocrx_word' id='word_1_282' title='bbox 162 1753 256 1781; x_wconf 74' lang='lat' dir='ltr'><strong>venire</strong></span> <span class='ocrx_word' id='word_1_283' title='bbox 277 1753 398 1781; x_wconf 87' lang='lat' dir='ltr'><strong>mecum?</strong></span> <span class='ocrx_word' id='word_1_284' title='bbox 415 1752 483 1786; x_wconf 84' lang='lat' dir='ltr'><strong>Quid</strong></span> <span class='ocrx_word' id='word_1_285' title='bbox 508 1752 587 1788; x_wconf 87' lang='lat' dir='ltr'><strong>igitur</strong></span> <span class='ocrx_word' id='word_1_286' title='bbox 607 1752 714 1787; x_wconf 79' lang='lat' dir='ltr'><strong>justas?</strong></span> <span class='ocrx_word' id='word_1_287' title='bbox 728 1752 845 1787; x_wconf 81' lang='lat' dir='ltr'><strong>Denegat</strong></span> <span class='ocrx_word' id='word_1_288' title='bbox 866 1751 917 1779; x_wconf 88' lang='lat' dir='ltr'><strong>hoc</strong></span> <span class='ocrx_word' id='word_1_289' title='bbox 932 1757 958 1780; x_wconf 90' lang='lat' dir='ltr'><strong>et</strong></span> 
     </span>
    </p>
   </div>
   <div class='ocr_carea' id='block_1_37' title="bbox 162 1797 957 1832">
    <p class='ocr_par' dir='ltr' id='par_1_37' title="bbox 162 1797 957 1832">
     <span class='ocr_line' id='line_1_37' title="bbox 162 1797 957 1832; baseline -0.001 -6"><span class='ocrx_word' id='word_1_290' title='bbox 162 1799 228 1826; x_wconf 88' lang='lat' dir='ltr'><strong>dicit</strong></span> <span class='ocrx_word' id='word_1_291' title='bbox 241 1808 248 1825; x_wconf 89' lang='lat'>:</span> <span class='ocrx_word' id='word_1_292' title='bbox 261 1799 277 1826; x_wconf 88' lang='lat'><strong>6</strong></span> <span class='ocrx_word' id='word_1_293' title='bbox 289 1798 395 1825; x_wconf 83' lang='lat' dir='ltr'><strong>Attende</strong></span> <span class='ocrx_word' id='word_1_294' title='bbox 409 1797 465 1830; x_wconf 87' lang='lat' dir='ltr'><strong>tibi;</strong></span> <span class='ocrx_word' id='word_1_295' title='bbox 480 1806 511 1825; x_wconf 83' lang='lat' dir='ltr'><strong>ne</strong></span> <span class='ocrx_word' id='word_1_296' title='bbox 522 1799 615 1824; x_wconf 85' lang='lat' dir='ltr'><strong>educas</strong></span> <span class='ocrx_word' id='word_1_297' title='bbox 626 1798 708 1832; x_wconf 83' lang='lat' dir='ltr'><strong>ﬁlium</strong></span> <span class='ocrx_word' id='word_1_298' title='bbox 721 1806 803 1824; x_wconf 87' lang='lat' dir='ltr'><strong>meum</strong></span> <span class='ocrx_word' id='word_1_299' title='bbox 817 1798 887 1825; x_wconf 86' lang='lat' dir='ltr'><strong>illuc.</strong></span> <span class='ocrx_word' id='word_1_300' title='bbox 899 1797 957 1825; x_wconf 81' lang='lat' dir='ltr'><strong>Non</strong></span> 
     </span>
    </p>
   </div>
   <div class='ocr_carea' id='block_1_38' title="bbox 162 1844 955 1879">
    <p class='ocr_par' dir='ltr' id='par_1_38' title="bbox 162 1844 955 1879">
     <span class='ocr_line' id='line_1_38' title="bbox 162 1844 955 1879; baseline -0.003 -7"><span class='ocrx_word' id='word_1_301' title='bbox 162 1846 216 1872; x_wconf 88' lang='lat' dir='ltr'><strong>erit</strong></span> <span class='ocrx_word' id='word_1_302' title='bbox 229 1845 274 1872; x_wconf 89' lang='lat' dir='ltr'><strong>tibi</strong></span> <span class='ocrx_word' id='word_1_303' title='bbox 286 1845 336 1872; x_wconf 87' lang='lat' dir='ltr'><strong>hac</strong></span> <span class='ocrx_word' id='word_1_304' title='bbox 347 1853 376 1872; x_wconf 88' lang='lat' dir='ltr'><strong>re</strong></span> <span class='ocrx_word' id='word_1_305' title='bbox 387 1852 465 1879; x_wconf 91' lang='lat' dir='ltr'><strong>opus.</strong></span> <span class='ocrx_word' id='word_1_306' title='bbox 473 1844 522 1877; x_wconf 89' lang='lat' dir='ltr'><strong>Qui</strong></span> <span class='ocrx_word' id='word_1_307' title='bbox 537 1844 609 1871; x_wconf 87' lang='lat' dir='ltr'><strong>ettint</strong></span> <span class='ocrx_word' id='word_1_308' title='bbox 622 1844 685 1871; x_wconf 93' lang='lat' dir='ltr'><strong>mihi</strong></span> <span class='ocrx_word' id='word_1_309' title='bbox 698 1844 748 1871; x_wconf 89' lang='lat' dir='ltr'><strong>hoc</strong></span> <span class='ocrx_word' id='word_1_310' title='bbox 762 1844 894 1879; x_wconf 89' lang='lat' dir='ltr'><strong>pollicitus</strong></span> <span class='ocrx_word' id='word_1_311' title='bbox 905 1849 955 1877; x_wconf 71' lang='lat' dir='ltr'><strong>est,</strong></span> 
     </span>
    </p>
   </div>
   <div class='ocr_carea' id='block_1_39' title="bbox 161 1889 957 1926">
    <p class='ocr_par' dir='ltr' id='par_1_39' title="bbox 161 1889 957 1926">
     <span class='ocr_line' id='line_1_39' title="bbox 161 1889 957 1926; baseline -0.001 -8"><span class='ocrx_word' id='word_1_312' title='bbox 161 1895 193 1918; x_wconf 71' lang='lat' dir='ltr'><strong>et</strong></span> <span class='ocrx_word' id='word_1_313' title='bbox 214 1891 335 1926; x_wconf 88' lang='lat' dir='ltr'><strong>promisit</strong></span> <span class='ocrx_word' id='word_1_314' title='bbox 352 1898 444 1918; x_wconf 90' lang='lat' dir='ltr'><strong>semen</strong></span> <span class='ocrx_word' id='word_1_315' title='bbox 467 1889 525 1925; x_wconf 84' lang='lat' dir='ltr'><strong>ejus</strong></span> <span class='ocrx_word' id='word_1_316' title='bbox 547 1890 581 1916; x_wconf 87' lang='lat' dir='ltr'><strong>ita</strong></span> <span class='ocrx_word' id='word_1_317' title='bbox 608 1890 851 1924; x_wconf 68' lang='lat' dir='ltr'><strong>multiplicandam,</strong></span> <span class='ocrx_word' id='word_1_318' title='bbox 877 1890 957 1917; x_wconf 87' lang='lat' dir='ltr'><strong>etiam</strong></span> 
     </span>
    </p>
   </div>
   <div class='ocr_carea' id='block_1_40' title="bbox 162 1935 958 1970">
    <p class='ocr_par' dir='ltr' id='par_1_40' title="bbox 162 1935 958 1970">
     <span class='ocr_line' id='line_1_40' title="bbox 162 1935 958 1970; baseline -0.003 -6"><span class='ocrx_word' id='word_1_319' title='bbox 162 1937 268 1964; x_wconf 89' lang='lat' dir='ltr'><strong>curabit</strong></span> <span class='ocrx_word' id='word_1_320' title='bbox 293 1936 343 1963; x_wconf 88' lang='lat' dir='ltr'><strong>ltoc</strong></span> <span class='ocrx_word' id='word_1_321' title='bbox 356 1941 382 1962; x_wconf 89' lang='lat' dir='ltr'><strong>ut</strong></span> <span class='ocrx_word' id='word_1_322' title='bbox 399 1943 525 1970; x_wconf 87' lang='lat' dir='ltr'><strong>prospere</strong></span> <span class='ocrx_word' id='word_1_323' title='bbox 544 1935 679 1963; x_wconf 80' lang='lat' dir='ltr'><strong>succedat.</strong></span> <span class='ocrx_word' id='word_1_324' title='bbox 697 1935 737 1962; x_wconf 85' lang='lat' dir='ltr'><strong>Ne</strong></span> <span class='ocrx_word' id='word_1_325' title='bbox 757 1935 836 1970; x_wconf 75' lang='lat' dir='ltr'><strong>igitur</strong></span> <span class='ocrx_word' id='word_1_326' title='bbox 847 1935 958 1962; x_wconf 81' lang='lat' dir='ltr'><strong>abducas</strong></span> 
     </span>
    </p>
   </div>
   <div class='ocr_carea' id='block_1_41' title="bbox 162 1980 958 2016">
    <p class='ocr_par' dir='ltr' id='par_1_41' title="bbox 162 1980 958 2016">
     <span class='ocr_line' id='line_1_41' title="bbox 162 1980 958 2016; baseline -0.001 -7"><span class='ocrx_word' id='word_1_327' title='bbox 162 1982 226 2009; x_wconf 77' lang='lat' dir='ltr'><strong>illuc</strong></span> <span class='ocrx_word' id='word_1_328' title='bbox 249 1982 331 2016; x_wconf 83' lang='lat' dir='ltr'><strong>ﬁlium</strong></span> <span class='ocrx_word' id='word_1_329' title='bbox 357 1990 448 2009; x_wconf 81' lang='lat' dir='ltr'><strong>nteant.</strong></span> <span class='ocrx_word' id='word_1_330' title='bbox 467 1982 494 2008; x_wconf 89' lang='lat'><strong>7.</strong></span> <span class='ocrx_word' id='word_1_331' title='bbox 520 1980 646 2008; x_wconf 79' lang='lat' dir='ltr'><strong>Dominus</strong></span> <span class='ocrx_word' id='word_1_332' title='bbox 672 1981 741 2008; x_wconf 81' lang='lat' dir='ltr'><strong>Deus</strong></span> <span class='ocrx_word' id='word_1_333' title='bbox 765 1982 821 2008; x_wconf 75' lang='lat' dir='ltr'><strong>mli</strong></span> <span class='ocrx_word' id='word_1_334' title='bbox 843 1986 867 2009; x_wconf 81' lang='lat' dir='ltr'><strong>et</strong></span> <span class='ocrx_word' id='word_1_335' title='bbox 889 1981 958 2009; x_wconf 75' lang='lat' dir='ltr'><strong>Deus</strong></span> 
     </span>
    </p>
   </div>
   <div class='ocr_carea' id='block_1_42' title="bbox 163 2026 956 2062">
    <p class='ocr_par' dir='ltr' id='par_1_42' title="bbox 163 2026 956 2062">
     <span class='ocr_line' id='line_1_42' title="bbox 163 2026 956 2062; baseline -0.001 -7"><span class='ocrx_word' id='word_1_336' title='bbox 163 2033 248 2055; x_wconf 72' lang='lat' dir='ltr'><strong>teme.</strong></span> <span class='ocrx_word' id='word_1_337' title='bbox 274 2027 340 2054; x_wconf 87' lang='lat' dir='ltr'><strong>Vide</strong></span> <span class='ocrx_word' id='word_1_338' title='bbox 367 2026 501 2061; x_wconf 90' lang='lat' dir='ltr'><strong>quomodo</strong></span> <span class='ocrx_word' id='word_1_339' title='bbox 524 2027 648 2061; x_wconf 82' lang='lat' dir='ltr'><strong>superius</strong></span> <span class='ocrx_word' id='word_1_340' title='bbox 673 2034 780 2054; x_wconf 88' lang='lat' dir='ltr'><strong>servam</strong></span> <span class='ocrx_word' id='word_1_341' title='bbox 806 2026 933 2062; x_wconf 85' lang='lat' dir='ltr'><strong>adjurans</strong></span> <span class='ocrx_word' id='word_1_342' title='bbox 948 2048 956 2060; x_wconf 89' lang='lat'><strong>,</strong></span> 
     </span>
    </p>
   </div>
   <div class='ocr_carea' id='block_1_43' title="bbox 164 2072 958 2108">
    <p class='ocr_par' dir='ltr' id='par_1_43' title="bbox 164 2072 958 2108">
     <span class='ocr_line' id='line_1_43' title="bbox 164 2072 958 2108; baseline -0.001 -8"><span class='ocrx_word' id='word_1_343' title='bbox 164 2073 252 2108; x_wconf 87' lang='lat' dir='ltr'><strong>ipsum</strong></span> <span class='ocrx_word' id='word_1_344' title='bbox 266 2073 301 2100; x_wconf 91' lang='lat' dir='ltr'><strong>de</strong></span> <span class='ocrx_word' id='word_1_345' title='bbox 311 2072 430 2100; x_wconf 87' lang='lat' dir='ltr'><strong>omniunt</strong></span> <span class='ocrx_word' id='word_1_346' title='bbox 441 2072 586 2099; x_wconf 81' lang='lat' dir='ltr'><strong>Conditore</strong></span> <span class='ocrx_word' id='word_1_347' title='bbox 599 2072 713 2098; x_wconf 88' lang='lat' dir='ltr'><strong>instituit</strong></span> <span class='ocrx_word' id='word_1_348' title='bbox 728 2080 735 2098; x_wconf 90' lang='lat'><strong>:</strong></span> <span class='ocrx_word' id='word_1_349' title='bbox 747 2076 774 2099; x_wconf 88' lang='lat' dir='ltr'><strong>et</strong></span> <span class='ocrx_word' id='word_1_350' title='bbox 783 2079 857 2099; x_wconf 78' lang='lat' dir='ltr'><strong>nunc.</strong></span> <span class='ocrx_word' id='word_1_351' title='bbox 866 2079 958 2104; x_wconf 83' lang='lat' dir='ltr'><strong>preca-</strong></span> 
     </span>
    </p>
   </div>
   <div class='ocr_carea' id='block_1_44' title="bbox 164 2116 956 2152">
    <p class='ocr_par' dir='ltr' id='par_1_44' title="bbox 164 2116 956 2152">
     <span class='ocr_line' id='line_1_44' title="bbox 164 2116 956 2152; baseline -0.003 -7"><span class='ocrx_word' id='word_1_352' title='bbox 164 2124 239 2145; x_wconf 68' lang='lat' dir='ltr'><strong>turus</strong></span> <span class='ocrx_word' id='word_1_353' title='bbox 254 2119 365 2150; x_wconf 88' lang='lat' dir='ltr'><strong>iterutn,</strong></span> <span class='ocrx_word' id='word_1_354' title='bbox 381 2117 474 2145; x_wconf 78' lang='lat' dir='ltr'><strong>cadent</strong></span> <span class='ocrx_word' id='word_1_355' title='bbox 489 2117 572 2144; x_wconf 83' lang='lat' dir='ltr'><strong>verba</strong></span> <span class='ocrx_word' id='word_1_356' title='bbox 593 2117 658 2144; x_wconf 83' lang='lat' dir='ltr'><strong>dicit</strong></span> <span class='ocrx_word' id='word_1_357' title='bbox 672 2125 680 2144; x_wconf 85' lang='lat'><strong>;</strong></span> <span class='ocrx_word' id='word_1_358' title='bbox 692 2124 739 2152; x_wconf 87' lang='lat' dir='ltr'><strong>per</strong></span> <span class='ocrx_word' id='word_1_359' title='bbox 749 2116 838 2144; x_wconf 91' lang='lat' dir='ltr'><strong>omnia</strong></span> <span class='ocrx_word' id='word_1_360' title='bbox 850 2124 956 2144; x_wconf 85' lang='lat' dir='ltr'><strong>servant</strong></span> 
     </span>
    </p>
   </div>
   <div class='ocr_carea' id='block_1_45' title="bbox 163 2162 959 2197">
    <p class='ocr_par' dir='ltr' id='par_1_45' title="bbox 163 2162 959 2197">
     <span class='ocr_line' id='line_1_45' title="bbox 163 2162 959 2197; baseline -0.001 -6"><span class='ocrx_word' id='word_1_361' title='bbox 163 2164 280 2195; x_wconf 73' lang='lat' dir='ltr'><strong>docens,</strong></span> <span class='ocrx_word' id='word_1_362' title='bbox 304 2168 333 2190; x_wconf 89' lang='lat' dir='ltr'><strong>ut</strong></span> <span class='ocrx_word' id='word_1_363' title='bbox 356 2163 450 2190; x_wconf 86' lang='lat' dir='ltr'><strong>fiducia</strong></span> <span class='ocrx_word' id='word_1_364' title='bbox 475 2163 500 2190; x_wconf 89' lang='lat' dir='ltr'><strong>in</strong></span> <span class='ocrx_word' id='word_1_365' title='bbox 523 2170 584 2190; x_wconf 87' lang='lat' dir='ltr'><strong>eum</strong></span> <span class='ocrx_word' id='word_1_366' title='bbox 609 2163 700 2196; x_wconf 86' lang='lat' dir='ltr'><strong>plenus</strong></span> <span class='ocrx_word' id='word_1_367' title='bbox 719 2162 770 2190; x_wconf 88' lang='lat' dir='ltr'><strong>iter</strong></span> <span class='ocrx_word' id='word_1_368' title='bbox 790 2163 916 2197; x_wconf 84' lang='lat' dir='ltr'><strong>arripiat,</strong></span> <span class='ocrx_word' id='word_1_369' title='bbox 932 2167 959 2190; x_wconf 91' lang='lat' dir='ltr'><strong>et</strong></span> 
     </span>
    </p>
   </div>
   <div class='ocr_carea' id='block_1_46' title="bbox 163 2207 957 2243">
    <p class='ocr_par' dir='ltr' id='par_1_46' title="bbox 163 2207 957 2243">
     <span class='ocr_line' id='line_1_46' title="bbox 163 2207 957 2243; baseline -0.001 -7"><span class='ocrx_word' id='word_1_370' title='bbox 163 2209 199 2236; x_wconf 81' lang='lat' dir='ltr'><strong>de</strong></span> <span class='ocrx_word' id='word_1_371' title='bbox 222 2209 293 2236; x_wconf 90' lang='lat' dir='ltr'><strong>bono</strong></span> <span class='ocrx_word' id='word_1_372' title='bbox 316 2209 354 2235; x_wconf 85' lang='lat' dir='ltr'><strong>rei</strong></span> <span class='ocrx_word' id='word_1_373' title='bbox 385 2209 457 2236; x_wconf 75' lang='lat' dir='ltr'><strong>exitu</strong></span> <span class='ocrx_word' id='word_1_374' title='bbox 481 2208 550 2235; x_wconf 85' lang='lat' dir='ltr'><strong>bene</strong></span> <span class='ocrx_word' id='word_1_375' title='bbox 569 2212 668 2243; x_wconf 82' lang='lat' dir='ltr'><strong>speret.</strong></span> <span class='ocrx_word' id='word_1_376' title='bbox 692 2207 774 2235; x_wconf 89' lang='lat' dir='ltr'><strong>Docet</strong></span> <span class='ocrx_word' id='word_1_377' title='bbox 796 2208 867 2235; x_wconf 88' lang='lat' dir='ltr'><strong>enim</strong></span> <span class='ocrx_word' id='word_1_378' title='bbox 897 2216 957 2235; x_wconf 87' lang='lat' dir='ltr'><strong>eam</strong></span> 
     </span>
    </p>
   </div>
   <div class='ocr_carea' id='block_1_47' title="bbox 164 2254 957 2290">
    <p class='ocr_par' dir='ltr' id='par_1_47' title="bbox 164 2254 957 2290">
     <span class='ocr_line' id='line_1_47' title="bbox 164 2254 957 2290; baseline 0.001 -9"><span class='ocrx_word' id='word_1_379' title='bbox 164 2260 292 2290; x_wconf 80' lang='lat' dir='ltr'><strong>quantam</strong></span> <span class='ocrx_word' id='word_1_380' title='bbox 305 2255 368 2282; x_wconf 87' lang='lat' dir='ltr'><strong>olittt</strong></span> <span class='ocrx_word' id='word_1_381' title='bbox 381 2254 416 2281; x_wconf 93' lang='lat' dir='ltr'><strong>ab</strong></span> <span class='ocrx_word' id='word_1_382' title='bbox 429 2255 505 2282; x_wconf 89' lang='lat' dir='ltr'><strong>initio</strong></span> <span class='ocrx_word' id='word_1_383' title='bbox 519 2254 731 2282; x_wconf 85' lang='lat' dir='ltr'><strong>benevolentiam</strong></span> <span class='ocrx_word' id='word_1_384' title='bbox 743 2254 789 2281; x_wconf 80' lang='lat' dir='ltr'><strong>Dei</strong></span> <span class='ocrx_word' id='word_1_385' title='bbox 804 2254 935 2282; x_wconf 84' lang='lat' dir='ltr'><strong>invenerit</strong></span> <span class='ocrx_word' id='word_1_386' title='bbox 949 2276 957 2288; x_wconf 91' lang='lat'><strong>,</strong></span> 
     </span>
    </p>
   </div>
   <div class='ocr_carea' id='block_1_48' title="bbox 162 2301 959 2337">
    <p class='ocr_par' dir='ltr' id='par_1_48' title="bbox 162 2301 959 2337">
     <span class='ocr_line' id='line_1_48' title="bbox 162 2301 959 2337; baseline 0.001 -9"><span class='ocrx_word' id='word_1_387' title='bbox 162 2307 191 2329; x_wconf 87' lang='lat' dir='ltr'><strong>et</strong></span> <span class='ocrx_word' id='word_1_388' title='bbox 203 2309 264 2328; x_wconf 90' lang='lat' dir='ltr'><strong>eum</strong></span> <span class='ocrx_word' id='word_1_389' title='bbox 280 2301 324 2336; x_wconf 88' lang='lat' dir='ltr'><strong>qtti</strong></span> <span class='ocrx_word' id='word_1_390' title='bbox 339 2309 354 2328; x_wconf 95' lang='lat' dir='ltr'><strong>a</strong></span> <span class='ocrx_word' id='word_1_391' title='bbox 365 2301 446 2328; x_wconf 91' lang='lat' dir='ltr'><strong>domo</strong></span> <span class='ocrx_word' id='word_1_392' title='bbox 457 2305 565 2336; x_wconf 86' lang='lat' dir='ltr'><strong>paterna</strong></span> <span class='ocrx_word' id='word_1_393' title='bbox 576 2308 605 2328; x_wconf 89' lang='lat' dir='ltr'><strong>se</strong></span> <span class='ocrx_word' id='word_1_394' title='bbox 615 2301 774 2334; x_wconf 83' lang='lat' dir='ltr'><strong>evocaverit,</strong></span> <span class='ocrx_word' id='word_1_395' title='bbox 790 2306 815 2328; x_wconf 90' lang='lat' dir='ltr'><strong>et</strong></span> <span class='ocrx_word' id='word_1_396' title='bbox 830 2309 913 2337; x_wconf 90' lang='lat' dir='ltr'><strong>usque</strong></span> <span class='ocrx_word' id='word_1_397' title='bbox 925 2302 959 2329; x_wconf 90' lang='lat' dir='ltr'><strong>ad</strong></span> 
     </span>
    </p>
   </div>
   <div class='ocr_carea' id='block_1_49' title="bbox 165 2347 957 2383">
    <p class='ocr_par' dir='ltr' id='par_1_49' title="bbox 165 2347 957 2383">
     <span class='ocr_line' id='line_1_49' title="bbox 165 2347 957 2383; baseline 0.003 -9"><span class='ocrx_word' id='word_1_398' title='bbox 165 2348 218 2375; x_wconf 86' lang='lat' dir='ltr'><strong>hoc</strong></span> <span class='ocrx_word' id='word_1_399' title='bbox 240 2353 344 2382; x_wconf 83' lang='lat' dir='ltr'><strong>tempus</strong></span> <span class='ocrx_word' id='word_1_400' title='bbox 365 2348 400 2374; x_wconf 90' lang='lat' dir='ltr'><strong>ita</strong></span> <span class='ocrx_word' id='word_1_401' title='bbox 419 2347 605 2382; x_wconf 78' lang='lat' dir='ltr'><strong>gubernaverit</strong></span> <span class='ocrx_word' id='word_1_402' title='bbox 616 2367 624 2380; x_wconf 83' lang='lat'><strong>.</strong></span> <span class='ocrx_word' id='word_1_403' title='bbox 639 2347 746 2383; x_wconf 82' lang='lat' dir='ltr'><strong>jamque</strong></span> <span class='ocrx_word' id='word_1_404' title='bbox 761 2349 786 2375; x_wconf 88' lang='lat' dir='ltr'><strong>Ill</strong></span> <span class='ocrx_word' id='word_1_405' title='bbox 801 2353 852 2376; x_wconf 88' lang='lat' dir='ltr'><strong>tam</strong></span> <span class='ocrx_word' id='word_1_406' title='bbox 862 2356 957 2383; x_wconf 87' lang='lat' dir='ltr'><strong>prove-</strong></span> 
     </span>
    </p>
   </div>
   <div class='ocr_carea' id='block_1_50' title="bbox 163 2392 958 2429">
    <p class='ocr_par' dir='ltr' id='par_1_50' title="bbox 163 2392 958 2429">
     <span class='ocr_line' id='line_1_50' title="bbox 163 2392 958 2429; baseline 0.004 -10"><span class='ocrx_word' id='word_1_407' title='bbox 163 2398 207 2420; x_wconf 82' lang='lat' dir='ltr'><strong>cta</strong></span> <span class='ocrx_word' id='word_1_408' title='bbox 231 2398 338 2420; x_wconf 89' lang='lat' dir='ltr'><strong>senecta</strong></span> <span class='ocrx_word' id='word_1_409' title='bbox 358 2392 431 2420; x_wconf 86' lang='lat' dir='ltr'><strong>Isaac</strong></span> <span class='ocrx_word' id='word_1_410' title='bbox 446 2393 568 2425; x_wconf 87' lang='lat' dir='ltr'><strong>dederit,</strong></span> <span class='ocrx_word' id='word_1_411' title='bbox 586 2401 712 2428; x_wconf 87' lang='lat' dir='ltr'><strong>prospera</strong></span> <span class='ocrx_word' id='word_1_412' title='bbox 732 2394 812 2420; x_wconf 88' lang='lat' dir='ltr'><strong>etiam</strong></span> <span class='ocrx_word' id='word_1_413' title='bbox 828 2402 887 2429; x_wconf 78' lang='lat' dir='ltr'><strong>qua:</strong></span> <span class='ocrx_word' id='word_1_414' title='bbox 909 2394 958 2422; x_wconf 82' lang='lat' dir='ltr'><strong>ad—</strong></span> 
     </span>
    </p>
   </div>
   <div class='ocr_carea' id='block_1_51' title="bbox 164 2439 960 2473">
    <p class='ocr_par' dir='ltr' id='par_1_51' title="bbox 164 2439 960 2473">
     <span class='ocr_line' id='line_1_51' title="bbox 164 2439 960 2473; baseline 0.003 -6"><span class='ocrx_word' id='word_1_415' title='bbox 164 2441 217 2467; x_wconf 88' lang='lat' dir='ltr'><strong>ltuc</strong></span> <span class='ocrx_word' id='word_1_416' title='bbox 243 2440 397 2473; x_wconf 85' lang='lat' dir='ltr'><strong>restabant,</strong></span> <span class='ocrx_word' id='word_1_417' title='bbox 419 2439 548 2467; x_wconf 87' lang='lat' dir='ltr'><strong>facturum</strong></span> <span class='ocrx_word' id='word_1_418' title='bbox 569 2448 640 2468; x_wconf 89' lang='lat' dir='ltr'><strong>esse.</strong></span> <span class='ocrx_word' id='word_1_419' title='bbox 664 2439 788 2468; x_wconf 75' lang='lat' dir='ltr'><strong>Dominus</strong></span> <span class='ocrx_word' id='word_1_420' title='bbox 810 2440 897 2473; x_wconf 79' lang='lat' dir='ltr'><strong>Deus,</strong></span> <span class='ocrx_word' id='word_1_421' title='bbox 920 2442 960 2469; x_wconf 89' lang='lat' dir='ltr'><strong>in-</strong></span> 
     </span>
    </p>
   </div>
   <div class='ocr_carea' id='block_1_52' title="bbox 163 2484 959 2522">
    <p class='ocr_par' dir='ltr' id='par_1_52' title="bbox 163 2484 959 2522">
     <span class='ocr_line' id='line_1_52' title="bbox 163 2484 959 2522; baseline 0.006 -11"><span class='ocrx_word' id='word_1_422' title='bbox 163 2485 232 2520; x_wconf 82' lang='lat' dir='ltr'><strong>quit,</strong></span> <span class='ocrx_word' id='word_1_423' title='bbox 246 2484 301 2513; x_wconf 79' lang='lat' dir='ltr'><strong>cwli</strong></span> <span class='ocrx_word' id='word_1_424' title='bbox 309 2490 331 2513; x_wconf 88' lang='lat' dir='ltr'><strong>ct</strong></span> <span class='ocrx_word' id='word_1_425' title='bbox 345 2491 426 2518; x_wconf 68' lang='lat' dir='ltr'><strong>terrm,</strong></span> <span class='ocrx_word' id='word_1_426' title='bbox 434 2485 478 2522; x_wconf 80' lang='lat' dir='ltr'><strong>qui</strong></span> <span class='ocrx_word' id='word_1_427' title='bbox 487 2486 622 2521; x_wconf 73' lang='lat' dir='ltr'><strong>assumpsit</strong></span> <span class='ocrx_word' id='word_1_428' title='bbox 633 2495 672 2512; x_wconf 81' lang='lat' dir='ltr'><strong>me</strong></span> <span class='ocrx_word' id='word_1_429' title='bbox 680 2487 711 2513; x_wconf 82' lang='lat' dir='ltr'><strong>dc</strong></span> <span class='ocrx_word' id='word_1_430' title='bbox 719 2487 793 2513; x_wconf 84' lang='lat' dir='ltr'><strong>domo</strong></span> <span class='ocrx_word' id='word_1_431' title='bbox 808 2489 887 2521; x_wconf 79' lang='lat' dir='ltr'><strong>patris</strong></span> <span class='ocrx_word' id='word_1_432' title='bbox 900 2488 959 2520; x_wconf 74' lang='lat' dir='ltr'><strong>mei,</strong></span> 
     </span>
    </p>
   </div>
   <div class='ocr_carea' id='block_1_53' title="bbox 163 2531 958 2568">
    <p class='ocr_par' dir='ltr' id='par_1_53' title="bbox 163 2531 958 2568">
     <span class='ocr_line' id='line_1_53' title="bbox 163 2531 958 2568; baseline 0.003 -10"><span class='ocrx_word' id='word_1_433' title='bbox 163 2536 188 2558; x_wconf 82' lang='lat' dir='ltr'><strong>et</strong></span> <span class='ocrx_word' id='word_1_434' title='bbox 203 2531 235 2558; x_wconf 80' lang='lat' dir='ltr'><strong>de</strong></span> <span class='ocrx_word' id='word_1_435' title='bbox 248 2536 314 2558; x_wconf 81' lang='lat' dir='ltr'><strong>terra</strong></span> <span class='ocrx_word' id='word_1_436' title='bbox 331 2532 358 2558; x_wconf 87' lang='lat' dir='ltr'><strong>in</strong></span> <span class='ocrx_word' id='word_1_437' title='bbox 372 2540 421 2563; x_wconf 81' lang='lat' dir='ltr'><strong>qua</strong></span> <span class='ocrx_word' id='word_1_438' title='bbox 436 2538 510 2559; x_wconf 86' lang='lat' dir='ltr'><strong>natus</strong></span> <span class='ocrx_word' id='word_1_439' title='bbox 522 2541 579 2560; x_wconf 81' lang='lat' dir='ltr'><strong>sum</strong></span> <span class='ocrx_word' id='word_1_440' title='bbox 591 2553 598 2565; x_wconf 90' lang='lat'><strong>,</strong></span> <span class='ocrx_word' id='word_1_441' title='bbox 617 2533 660 2559; x_wconf 83' lang='lat' dir='ltr'><strong>ille</strong></span> <span class='ocrx_word' id='word_1_442' title='bbox 674 2533 728 2568; x_wconf 81' lang='lat' dir='ltr'><strong>ipse</strong></span> <span class='ocrx_word' id='word_1_443' title='bbox 739 2533 781 2567; x_wconf 85' lang='lat' dir='ltr'><strong>qui</strong></span> <span class='ocrx_word' id='word_1_444' title='bbox 792 2533 910 2567; x_wconf 73' lang='lat' dir='ltr'><strong>loquutus</strong></span> <span class='ocrx_word' id='word_1_445' title='bbox 923 2538 958 2561; x_wconf 71' lang='lat' dir='ltr'><strong>est</strong></span> 
     </span>
    </p>
   </div>
   <div class='ocr_carea' id='block_1_54' title="bbox 163 2576 959 2606">
    <p class='ocr_par' dir='ltr' id='par_1_54' title="bbox 163 2576 959 2606">
     <span class='ocr_line' id='line_1_54' title="bbox 163 2576 959 2606; baseline 0.005 -4"><span class='ocrx_word' id='word_1_446' title='bbox 163 2577 228 2603; x_wconf 68' lang='lat' dir='ltr'><strong>mihi</strong></span> <span class='ocrx_word' id='word_1_447' title='bbox 242 2577 327 2604; x_wconf 70' lang='lat' dir='ltr'><strong>dicens</strong></span> <span class='ocrx_word' id='word_1_448' title='bbox 341 2585 351 2604; x_wconf 82' lang='lat'><strong>.&#39;</strong></span> <span class='ocrx_word' id='word_1_449' title='bbox 365 2576 422 2604; x_wconf 78' lang='lat' dir='ltr'><strong>Tibi</strong></span> <span class='ocrx_word' id='word_1_450' title='bbox 437 2577 500 2604; x_wconf 84' lang='lat' dir='ltr'><strong>dabo</strong></span> <span class='ocrx_word' id='word_1_451' title='bbox 513 2583 606 2604; x_wconf 84' lang='lat' dir='ltr'><strong>terram</strong></span> <span class='ocrx_word' id='word_1_452' title='bbox 621 2578 686 2605; x_wconf 85' lang='lat' dir='ltr'><strong>hanc</strong></span> <span class='ocrx_word' id='word_1_453' title='bbox 697 2583 721 2605; x_wconf 85' lang='lat' dir='ltr'><strong>et</strong></span> <span class='ocrx_word' id='word_1_454' title='bbox 732 2578 821 2605; x_wconf 74' lang='lat' dir='ltr'><strong>ceruini</strong></span> <span class='ocrx_word' id='word_1_455' title='bbox 835 2583 877 2605; x_wconf 88' lang='lat' dir='ltr'><strong>tuo</strong></span> <span class='ocrx_word' id='word_1_456' title='bbox 890 2586 900 2605; x_wconf 88' lang='lat'><em>:</em></span> <span class='ocrx_word' id='word_1_457' title='bbox 914 2579 959 2606; x_wconf 82' lang='lat' dir='ltr'><strong>ille</strong></span> 
     </span>
    </p>
   </div>
   <div class='ocr_carea' id='block_1_55' title="bbox 164 2623 958 2660">
    <p class='ocr_par' dir='ltr' id='par_1_55' title="bbox 164 2623 958 2660">
     <span class='ocr_line' id='line_1_55' title="bbox 164 2623 958 2660; baseline 0.004 -11"><span class='ocrx_word' id='word_1_458' title='bbox 164 2623 209 2657; x_wconf 88' lang='lat' dir='ltr'><strong>qui</strong></span> <span class='ocrx_word' id='word_1_459' title='bbox 234 2627 333 2650; x_wconf 88' lang='lat' dir='ltr'><strong>tantam</strong></span> <span class='ocrx_word' id='word_1_460' title='bbox 353 2631 415 2658; x_wconf 82' lang='lat' dir='ltr'><strong>erga</strong></span> <span class='ocrx_word' id='word_1_461' title='bbox 442 2631 485 2651; x_wconf 88' lang='lat' dir='ltr'><strong>me</strong></span> <span class='ocrx_word' id='word_1_462' title='bbox 503 2624 648 2651; x_wconf 89' lang='lat' dir='ltr'><strong>declaravit</strong></span> <span class='ocrx_word' id='word_1_463' title='bbox 664 2624 854 2660; x_wconf 79' lang='lat' dir='ltr'><strong>benignitatem</strong></span> <span class='ocrx_word' id='word_1_464' title='bbox 867 2630 893 2652; x_wconf 90' lang='lat' dir='ltr'><strong>et</strong></span> <span class='ocrx_word' id='word_1_465' title='bbox 908 2633 958 2652; x_wconf 86' lang='lat' dir='ltr'><strong>cu-</strong></span> 
     </span>
    </p>
   </div>
   <div class='ocr_carea' id='block_1_56' title="bbox 164 2670 959 2705">
    <p class='ocr_par' dir='ltr' id='par_1_56' title="bbox 164 2670 959 2705">
     <span class='ocr_line' id='line_1_56' title="bbox 164 2670 959 2705; baseline 0.001 -9"><span class='ocrx_word' id='word_1_466' title='bbox 164 2677 222 2696; x_wconf 84' lang='lat' dir='ltr'><strong>ram</strong></span> <span class='ocrx_word' id='word_1_467' title='bbox 235 2690 243 2702; x_wconf 89' lang='lat'><strong>,</strong></span> <span class='ocrx_word' id='word_1_468' title='bbox 259 2670 314 2703; x_wconf 80' lang='lat' dir='ltr'><strong>ipse</strong></span> <span class='ocrx_word' id='word_1_469' title='bbox 338 2670 418 2696; x_wconf 73' lang='lat' dir='ltr'><strong>mittet</strong></span> <span class='ocrx_word' id='word_1_470' title='bbox 433 2673 549 2705; x_wconf 77' lang='lat' dir='ltr'><strong>angelum</strong></span> <span class='ocrx_word' id='word_1_471' title='bbox 569 2678 642 2697; x_wconf 78' lang='lat' dir='ltr'><strong>suum</strong></span> <span class='ocrx_word' id='word_1_472' title='bbox 653 2675 712 2697; x_wconf 73' lang='lat' dir='ltr'><strong>ante</strong></span> <span class='ocrx_word' id='word_1_473' title='bbox 733 2675 770 2704; x_wconf 83' lang='lat' dir='ltr'><strong>te,</strong></span> <span class='ocrx_word' id='word_1_474' title='bbox 782 2675 806 2698; x_wconf 83' lang='lat' dir='ltr'><strong>et</strong></span> <span class='ocrx_word' id='word_1_475' title='bbox 820 2671 879 2697; x_wconf 81' lang='lat' dir='ltr'><strong>inde</strong></span> <span class='ocrx_word' id='word_1_476' title='bbox 890 2671 959 2697; x_wconf 77' lang='lat' dir='ltr'><strong>acci—</strong></span> 
     </span>
    </p>
   </div>
   <div class='ocr_carea' id='block_1_57' title="bbox 166 2715 958 2751">
    <p class='ocr_par' dir='ltr' id='par_1_57' title="bbox 166 2715 958 2751">
     <span class='ocr_line' id='line_1_57' title="bbox 166 2715 958 2751; baseline 0.004 -10"><span class='ocrx_word' id='word_1_477' title='bbox 166 2715 221 2749; x_wconf 74' lang='lat' dir='ltr'><strong>pies</strong></span> <span class='ocrx_word' id='word_1_478' title='bbox 235 2716 289 2749; x_wconf 82' lang='lat' dir='ltr'><strong>ﬁlio</strong></span> <span class='ocrx_word' id='word_1_479' title='bbox 305 2724 359 2742; x_wconf 89' lang='lat' dir='ltr'><strong>meo</strong></span> <span class='ocrx_word' id='word_1_480' title='bbox 376 2724 490 2742; x_wconf 69' lang='lat' dir='ltr'><strong>uxorem.</strong></span> <span class='ocrx_word' id='word_1_481' title='bbox 506 2716 666 2750; x_wconf 86' lang='lat' dir='ltr'><strong>Conﬁdens,</strong></span> <span class='ocrx_word' id='word_1_482' title='bbox 681 2717 775 2751; x_wconf 79' lang='lat' dir='ltr'><strong>inquit,</strong></span> <span class='ocrx_word' id='word_1_483' title='bbox 790 2717 832 2743; x_wconf 89' lang='lat' dir='ltr'><strong>abi</strong></span> <span class='ocrx_word' id='word_1_484' title='bbox 847 2726 855 2744; x_wconf 85' lang='lat'><strong>:</strong></span> <span class='ocrx_word' id='word_1_485' title='bbox 869 2721 958 2744; x_wconf 88' lang='lat' dir='ltr'><strong>certus</strong></span> 
     </span>
    </p>
   </div>
   <div class='ocr_carea' id='block_1_58' title="bbox 164 2761 959 2797">
    <p class='ocr_par' dir='ltr' id='par_1_58' title="bbox 164 2761 959 2797">
     <span class='ocr_line' id='line_1_58' title="bbox 164 2761 959 2797; baseline 0.004 -9"><span class='ocrx_word' id='word_1_486' title='bbox 164 2761 235 2788; x_wconf 82' lang='lat' dir='ltr'><strong>enim</strong></span> <span class='ocrx_word' id='word_1_487' title='bbox 260 2769 319 2788; x_wconf 90' lang='lat' dir='ltr'><strong>sum</strong></span> <span class='ocrx_word' id='word_1_488' title='bbox 343 2769 403 2789; x_wconf 88' lang='lat' dir='ltr'><strong>eum</strong></span> <span class='ocrx_word' id='word_1_489' title='bbox 429 2762 472 2797; x_wconf 88' lang='lat' dir='ltr'><strong>qtti</strong></span> <span class='ocrx_word' id='word_1_490' title='bbox 500 2762 579 2789; x_wconf 86' lang='lat' dir='ltr'><strong>tantis</strong></span> <span class='ocrx_word' id='word_1_491' title='bbox 600 2770 642 2789; x_wconf 85' lang='lat' dir='ltr'><strong>me</strong></span> <span class='ocrx_word' id='word_1_492' title='bbox 676 2762 811 2790; x_wconf 79' lang='lat' dir='ltr'><strong>beneﬁciis</strong></span> <span class='ocrx_word' id='word_1_493' title='bbox 832 2763 959 2792; x_wconf 90' lang='lat' dir='ltr'><strong>hactenus</strong></span> 
     </span>
    </p>
   </div>
   <div class='ocr_carea' id='block_1_59' title="bbox 165 2808 960 2842">
    <p class='ocr_par' dir='ltr' id='par_1_59' title="bbox 165 2808 960 2842">
     <span class='ocr_line' id='line_1_59' title="bbox 165 2808 960 2842; baseline 0.005 -9"><span class='ocrx_word' id='word_1_494' title='bbox 165 2811 344 2842; x_wconf 79' lang='lat' dir='ltr'><strong>proscquutus</strong></span> <span class='ocrx_word' id='word_1_495' title='bbox 357 2812 413 2841; x_wconf 88' lang='lat' dir='ltr'><strong>est,</strong></span> <span class='ocrx_word' id='word_1_496' title='bbox 430 2808 563 2842; x_wconf 89' lang='lat' dir='ltr'><strong>prioribus</strong></span> <span class='ocrx_word' id='word_1_497' title='bbox 576 2809 654 2835; x_wconf 91' lang='lat' dir='ltr'><strong>etiam</strong></span> <span class='ocrx_word' id='word_1_498' title='bbox 676 2809 740 2836; x_wconf 88' lang='lat' dir='ltr'><strong>illttd</strong></span> <span class='ocrx_word' id='word_1_499' title='bbox 755 2809 918 2842; x_wconf 85' lang='lat' dir='ltr'><strong>additurum,</strong></span> <span class='ocrx_word' id='word_1_500' title='bbox 933 2814 960 2838; x_wconf 89' lang='lat' dir='ltr'><strong>ct</strong></span> 
     </span>
    </p>
   </div>
   <div class='ocr_carea' id='block_1_60' title="bbox 165 2854 955 2891">
    <p class='ocr_par' dir='ltr' id='par_1_60' title="bbox 165 2854 955 2891">
     <span class='ocr_line' id='line_1_60' title="bbox 165 2854 955 2891; baseline 0.004 -11"><span class='ocrx_word' id='word_1_501' title='bbox 165 2854 311 2882; x_wconf 74' lang='lat' dir='ltr'><strong>missurum</strong></span> <span class='ocrx_word' id='word_1_502' title='bbox 322 2855 444 2890; x_wconf 76' lang='lat' dir='ltr'><strong>angelum</strong></span> <span class='ocrx_word' id='word_1_503' title='bbox 461 2863 538 2883; x_wconf 89' lang='lat' dir='ltr'><strong>suum</strong></span> <span class='ocrx_word' id='word_1_504' title='bbox 551 2859 612 2883; x_wconf 83' lang='lat' dir='ltr'><strong>ante</strong></span> <span class='ocrx_word' id='word_1_505' title='bbox 627 2860 661 2883; x_wconf 89' lang='lat' dir='ltr'><strong>te.</strong></span> <span class='ocrx_word' id='word_1_506' title='bbox 677 2855 735 2890; x_wconf 89' lang='lat' dir='ltr'><strong>Ipse</strong></span> <span class='ocrx_word' id='word_1_507' title='bbox 746 2875 754 2890; x_wconf 83' lang='lat'><strong>,</strong></span> <span class='ocrx_word' id='word_1_508' title='bbox 769 2856 872 2891; x_wconf 88' lang='lat' dir='ltr'><strong>inquit,</strong></span> <span class='ocrx_word' id='word_1_509' title='bbox 887 2856 955 2883; x_wconf 85' lang='lat' dir='ltr'><strong>viam</strong></span> 
     </span>
    </p>
   </div>
   <div class='ocr_carea' id='block_1_61' title="bbox 663 133 1319 166">
    <p class='ocr_par' dir='ltr' id='par_1_61' title="bbox 663 133 1319 166">
     <span class='ocr_line' id='line_1_61' title="bbox 663 133 1319 166; baseline -0.005 -1"><span class='ocrx_word' id='word_1_510' title='bbox 663 136 695 166; x_wconf 73' lang='lat' dir='ltr'><strong>IN</strong></span> <span class='ocrx_word' id='word_1_511' title='bbox 714 135 788 164; x_wconf 58' lang='lat' dir='ltr'><strong>CAP.</strong></span> <span class='ocrx_word' id='word_1_512' title='bbox 811 134 903 162; x_wconf 70' lang='lat' dir='ltr'><strong>XXIV.</strong></span> <span class='ocrx_word' id='word_1_513' title='bbox 924 133 1045 161; x_wconf 74' lang='lat' dir='ltr'><strong>GENES.</strong></span> <span class='ocrx_word' id='word_1_514' title='bbox 1068 133 1184 162; x_wconf 73' lang='lat' dir='ltr'><strong>IIOMIL.</strong></span> <span class='ocrx_word' id='word_1_515' title='bbox 1206 134 1319 163; x_wconf 75' lang='lat' dir='ltr'><strong>XLVIII.</strong></span> 
     </span>
    </p>
   </div>
   <div class='ocr_carea' id='block_1_62' title="bbox 1763 145 1814 173">
    <p class='ocr_par' dir='ltr' id='par_1_62' title="bbox 1763 145 1814 173">
     <span class='ocr_line' id='line_1_62' title="bbox 1763 145 1814 173; baseline 0.02 -1"><span class='ocrx_word' id='word_1_516' title='bbox 1763 145 1814 173; x_wconf 71' lang='lat'><strong>‘58</strong></span> 
     </span>
    </p>
   </div>
   <div class='ocr_carea' id='block_1_63' title="bbox 1023 190 1810 232">
    <p class='ocr_par' dir='ltr' id='par_1_63' title="bbox 1023 190 1810 232">
     <span class='ocr_line' id='line_1_63' title="bbox 1023 190 1810 232; baseline 0.017 -16"><span class='ocrx_word' id='word_1_517' title='bbox 1023 190 1068 216; x_wconf 93' lang='lat' dir='ltr'><strong>tibi</strong></span> <span class='ocrx_word' id='word_1_518' title='bbox 1094 191 1254 225; x_wconf 67' lang='lat' dir='ltr'><strong>pra&#39;parabit</strong></span> <span class='ocrx_word' id='word_1_519' title='bbox 1276 192 1302 219; x_wconf 89' lang='lat' dir='ltr'><strong>in</strong></span> <span class='ocrx_word' id='word_1_520' title='bbox 1317 192 1455 226; x_wconf 83' lang='lat' dir='ltr'><strong>omnibus,</strong></span> <span class='ocrx_word' id='word_1_521' title='bbox 1472 202 1636 232; x_wconf 70' lang='lat' dir='ltr'><strong>uxoremque</strong></span> <span class='ocrx_word' id='word_1_522' title='bbox 1652 198 1698 227; x_wconf 89' lang='lat' dir='ltr'><strong>tibi</strong></span> <span class='ocrx_word' id='word_1_523' title='bbox 1721 207 1810 229; x_wconf 86' lang='lat' dir='ltr'><strong>notam</strong></span> 
     </span>
    </p>
   </div>
   <div class='ocr_carea' id='block_1_64' title="bbox 1019 233 1809 281">
    <p class='ocr_par' dir='ltr' id='par_1_64' title="bbox 1019 233 1809 281">
     <span class='ocr_line' id='line_1_64' title="bbox 1019 233 1809 281; baseline 0.015 -20"><span class='ocrx_word' id='word_1_524' title='bbox 1019 233 1109 281; x_wconf 81' lang='lat' dir='ltr'><strong>faciet,</strong></span> <span class='ocrx_word' id='word_1_525' title='bbox 1126 239 1154 281; x_wconf 85' lang='lat' dir='ltr'><strong>ut</strong></span> <span class='ocrx_word' id='word_1_526' title='bbox 1169 241 1277 271; x_wconf 89' lang='lat' dir='ltr'><strong>accepta</strong></span> <span class='ocrx_word' id='word_1_527' title='bbox 1292 244 1323 264; x_wconf 88' lang='lat' dir='ltr'><strong>ca</strong></span> <span class='ocrx_word' id='word_1_528' title='bbox 1337 237 1388 264; x_wconf 92' lang='lat' dir='ltr'><strong>huc</strong></span> <span class='ocrx_word' id='word_1_529' title='bbox 1402 239 1505 267; x_wconf 85' lang='lat' dir='ltr'><strong>redeas.</strong></span> <span class='ocrx_word' id='word_1_530' title='bbox 1524 241 1600 274; x_wconf 79' lang='lat' dir='ltr'><strong>Quod</strong></span> <span class='ocrx_word' id='word_1_531' title='bbox 1616 243 1638 270; x_wconf 91' lang='lat' dir='ltr'><strong>si</strong></span> <span class='ocrx_word' id='word_1_532' title='bbox 1653 246 1788 281; x_wconf 79' lang='lat' dir='ltr'><strong>otmtingat</strong></span> <span class='ocrx_word' id='word_1_533' title='bbox 1801 267 1809 279; x_wconf 90' lang='lat'><strong>,</strong></span> 
     </span>
    </p>
   </div>
   <div class='ocr_carea' id='block_1_65' title="bbox 1020 280 1811 322">
    <p class='ocr_par' dir='ltr' id='par_1_65' title="bbox 1020 280 1811 322">
     <span class='ocr_line' id='line_1_65' title="bbox 1020 280 1811 322; baseline 0.018 -16"><span class='ocrx_word' id='word_1_534' title='bbox 1020 280 1090 315; x_wconf 88' lang='lat' dir='ltr'><strong>quod</strong></span> <span class='ocrx_word' id='word_1_535' title='bbox 1112 280 1201 313; x_wconf 90' lang='lat' dir='ltr'><strong>absit,</strong></span> <span class='ocrx_word' id='word_1_536' title='bbox 1216 286 1244 308; x_wconf 84' lang='lat' dir='ltr'><strong>ut</strong></span> <span class='ocrx_word' id='word_1_537' title='bbox 1269 282 1414 310; x_wconf 83' lang='lat' dir='ltr'><strong>relactetur</strong></span> <span class='ocrx_word' id='word_1_538' title='bbox 1430 292 1496 312; x_wconf 82' lang='lat' dir='ltr'><strong>uxor</strong></span> <span class='ocrx_word' id='word_1_539' title='bbox 1512 287 1602 314; x_wconf 87' lang='lat' dir='ltr'><strong>venire</strong></span> <span class='ocrx_word' id='word_1_540' title='bbox 1621 288 1687 322; x_wconf 87' lang='lat' dir='ltr'><strong>hnc,</strong></span> <span class='ocrx_word' id='word_1_541' title='bbox 1708 280 1811 320; x_wconf 81' lang='lat' dir='ltr'><strong>alienus</strong></span> 
     </span>
    </p>
   </div>
   <div class='ocr_carea' id='block_1_66' title="bbox 1018 326 1810 370">
    <p class='ocr_par' dir='ltr' id='par_1_66' title="bbox 1018 326 1810 370">
     <span class='ocr_line' id='line_1_66' title="bbox 1018 326 1810 370; baseline 0.018 -18"><span class='ocrx_word' id='word_1_542' title='bbox 1018 327 1071 353; x_wconf 81' lang='lat' dir='ltr'><strong>eris</strong></span> <span class='ocrx_word' id='word_1_543' title='bbox 1082 334 1096 353; x_wconf 91' lang='lat' dir='ltr'><strong>a</strong></span> <span class='ocrx_word' id='word_1_544' title='bbox 1111 326 1298 356; x_wconf 83' lang='lat' dir='ltr'><strong>maledictione</strong></span> <span class='ocrx_word' id='word_1_545' title='bbox 1306 329 1460 364; x_wconf 88' lang='lat' dir='ltr'><strong>jaramenti.</strong></span> <span class='ocrx_word' id='word_1_546' title='bbox 1473 331 1499 358; x_wconf 92' lang='lat'><strong>8.</strong></span> <span class='ocrx_word' id='word_1_547' title='bbox 1510 331 1621 360; x_wconf 84' lang='lat' dir='ltr'><strong>Tantum</strong></span> <span class='ocrx_word' id='word_1_548' title='bbox 1634 336 1715 370; x_wconf 82' lang='lat' dir='ltr'><strong>ﬁlium</strong></span> <span class='ocrx_word' id='word_1_549' title='bbox 1729 346 1810 366; x_wconf 62' lang='lat' dir='ltr'><strong>nicum</strong></span> 
     </span>
    </p>
   </div>
   <div class='ocr_carea' id='block_1_67' title="bbox 1018 372 1809 418">
    <p class='ocr_par' dir='ltr' id='par_1_67' title="bbox 1018 372 1809 418">
     <span class='ocr_line' id='line_1_67' title="bbox 1018 372 1809 418; baseline 0.018 -20"><span class='ocrx_word' id='word_1_550' title='bbox 1018 375 1078 418; x_wconf 70' lang='lat' dir='ltr'><strong>tttuc</strong></span> <span class='ocrx_word' id='word_1_551' title='bbox 1097 380 1129 399; x_wconf 87' lang='lat' dir='ltr'><strong>ne</strong></span> <span class='ocrx_word' id='word_1_552' title='bbox 1140 372 1258 400; x_wconf 79' lang='lat' dir='ltr'><strong>abducas.</strong></span> <span class='ocrx_word' id='word_1_553' title='bbox 1271 374 1378 402; x_wconf 89' lang='lat' dir='ltr'><strong>Nullum</strong></span> <span class='ocrx_word' id='word_1_554' title='bbox 1389 376 1459 403; x_wconf 82' lang='lat' dir='ltr'><strong>enim</strong></span> <span class='ocrx_word' id='word_1_555' title='bbox 1477 377 1543 404; x_wconf 88' lang='lat' dir='ltr'><strong>ntihi</strong></span> <span class='ocrx_word' id='word_1_556' title='bbox 1554 378 1662 408; x_wconf 89' lang='lat' dir='ltr'><strong>dubium</strong></span> <span class='ocrx_word' id='word_1_557' title='bbox 1674 387 1729 415; x_wconf 87' lang='lat' dir='ltr'><strong>est,</strong></span> <span class='ocrx_word' id='word_1_558' title='bbox 1746 385 1809 418; x_wconf 88' lang='lat' dir='ltr'><strong>quin</strong></span> 
     </span>
    </p>
   </div>
   <div class='ocr_carea' id='block_1_68' title="bbox 1019 417 1808 462">
    <p class='ocr_par' dir='ltr' id='par_1_68' title="bbox 1019 417 1808 462">
     <span class='ocr_line' id='line_1_68' title="bbox 1019 417 1808 462; baseline 0.016 -18"><span class='ocrx_word' id='word_1_559' title='bbox 1019 417 1147 446; x_wconf 88' lang='lat' dir='ltr'><strong>Dominus</strong></span> <span class='ocrx_word' id='word_1_560' title='bbox 1157 419 1271 447; x_wconf 85' lang='lat' dir='ltr'><strong>secunda</strong></span> <span class='ocrx_word' id='word_1_561' title='bbox 1281 420 1325 448; x_wconf 86' lang='lat' dir='ltr'><strong>tibi</strong></span> <span class='ocrx_word' id='word_1_562' title='bbox 1336 421 1519 451; x_wconf 84' lang='lat' dir='ltr'><strong>faciatomuia.</strong></span> <span class='ocrx_word' id='word_1_563' title='bbox 1530 417 1808 462; x_wconf 82' lang='lat' dir='ltr'><strong>Declaransquanttnn</strong></span> 
     </span>
    </p>
   </div>
   <div class='ocr_carea' id='block_1_69' title="bbox 1017 463 1810 505">
    <p class='ocr_par' dir='ltr' id='par_1_69' title="bbox 1017 463 1810 505">
     <span class='ocr_line' id='line_1_69' title="bbox 1017 463 1810 505; baseline 0.018 -16"><span class='ocrx_word' id='word_1_564' title='bbox 1017 463 1114 491; x_wconf 74' lang='lat' dir='ltr'><strong>divinze</strong></span> <span class='ocrx_word' id='word_1_565' title='bbox 1139 466 1264 499; x_wconf 71' lang='lat' dir='ltr'><strong>potentia:</strong></span> <span class='ocrx_word' id='word_1_566' title='bbox 1290 466 1368 500; x_wconf 84' lang='lat' dir='ltr'><strong>ﬁdat,</strong></span> <span class='ocrx_word' id='word_1_567' title='bbox 1386 468 1508 502; x_wconf 87' lang='lat' dir='ltr'><strong>prohibet</strong></span> <span class='ocrx_word' id='word_1_568' title='bbox 1528 477 1652 505; x_wconf 84' lang='lat' dir='ltr'><strong>servant,</strong></span> <span class='ocrx_word' id='word_1_569' title='bbox 1669 481 1703 501; x_wconf 91' lang='lat' dir='ltr'><strong>ne</strong></span> <span class='ocrx_word' id='word_1_570' title='bbox 1726 475 1810 503; x_wconf 89' lang='lat' dir='ltr'><strong>lilium</strong></span> 
     </span>
    </p>
   </div>
   <div class='ocr_carea' id='block_1_70' title="bbox 1017 507 1808 554">
    <p class='ocr_par' dir='ltr' id='par_1_70' title="bbox 1017 507 1808 554">
     <span class='ocr_line' id='line_1_70' title="bbox 1017 507 1808 554; baseline 0.016 -19"><span class='ocrx_word' id='word_1_571' title='bbox 1017 507 1063 535; x_wconf 91' lang='lat' dir='ltr'><strong>illo</strong></span> <span class='ocrx_word' id='word_1_572' title='bbox 1076 509 1192 537; x_wconf 87' lang='lat' dir='ltr'><strong>inducat.</strong></span> <span class='ocrx_word' id='word_1_573' title='bbox 1205 511 1312 544; x_wconf 85' lang='lat' dir='ltr'><strong>Postea,</strong></span> <span class='ocrx_word' id='word_1_574' title='bbox 1327 520 1387 540; x_wconf 91' lang='lat' dir='ltr'><strong>cum</strong></span> <span class='ocrx_word' id='word_1_575' title='bbox 1402 513 1544 549; x_wconf 78' lang='lat' dir='ltr'><strong>diligenter</strong></span> <span class='ocrx_word' id='word_1_576' title='bbox 1558 518 1710 546; x_wconf 89' lang='lat' dir='ltr'><strong>mandasset</strong></span> <span class='ocrx_word' id='word_1_577' title='bbox 1719 528 1808 554; x_wconf 85' lang='lat' dir='ltr'><strong>servo,</strong></span> 
     </span>
    </p>
   </div>
   <div class='ocr_carea' id='block_1_71' title="bbox 1017 558 1812 595">
    <p class='ocr_par' dir='ltr' id='par_1_71' title="bbox 1017 558 1812 595">
     <span class='ocr_line' id='line_1_71' title="bbox 1017 558 1812 595; baseline 0.016 -13"><span class='ocrx_word' id='word_1_578' title='bbox 1017 562 1134 591; x_wconf 87' lang='lat' dir='ltr'><strong>curaque</strong></span> <span class='ocrx_word' id='word_1_579' title='bbox 1161 565 1222 585; x_wconf 85' lang='lat' dir='ltr'><strong>eum</strong></span> <span class='ocrx_word' id='word_1_580' title='bbox 1243 558 1402 592; x_wconf 82' lang='lat' dir='ltr'><strong>liberasset;</strong></span> <span class='ocrx_word' id='word_1_581' title='bbox 1417 561 1561 589; x_wconf 88' lang='lat' dir='ltr'><strong>verebatur</strong></span> <span class='ocrx_word' id='word_1_582' title='bbox 1583 564 1655 591; x_wconf 92' lang='lat' dir='ltr'><strong>enim</strong></span> <span class='ocrx_word' id='word_1_583' title='bbox 1670 573 1764 594; x_wconf 81' lang='lat' dir='ltr'><strong>servus</strong></span> <span class='ocrx_word' id='word_1_584' title='bbox 1778 575 1812 595; x_wconf 81' lang='lat' dir='ltr'><strong>ne</strong></span> 
     </span>
    </p>
   </div>
   <div class='ocr_carea' id='block_1_72' title="bbox 1017 602 1810 643">
    <p class='ocr_par' dir='ltr' id='par_1_72' title="bbox 1017 602 1810 643">
     <span class='ocr_line' id='line_1_72' title="bbox 1017 602 1810 643; baseline 0.014 -15"><span class='ocrx_word' id='word_1_585' title='bbox 1017 602 1143 630; x_wconf 88' lang='lat' dir='ltr'><strong>mandato</strong></span> <span class='ocrx_word' id='word_1_586' title='bbox 1157 611 1209 630; x_wconf 90' lang='lat' dir='ltr'><strong>non</strong></span> <span class='ocrx_word' id='word_1_587' title='bbox 1231 604 1339 639; x_wconf 87' lang='lat' dir='ltr'><strong>impleto</strong></span> <span class='ocrx_word' id='word_1_588' title='bbox 1351 607 1459 640; x_wconf 88' lang='lat' dir='ltr'><strong>pcrjurii</strong></span> <span class='ocrx_word' id='word_1_589' title='bbox 1474 615 1536 635; x_wconf 87' lang='lat' dir='ltr'><strong>reus</strong></span> <span class='ocrx_word' id='word_1_590' title='bbox 1556 608 1650 636; x_wconf 85' lang='lat' dir='ltr'><strong>ﬁeret:</strong></span> <span class='ocrx_word' id='word_1_591' title='bbox 1667 610 1694 638; x_wconf 89' lang='lat'><strong>9.</strong></span> <span class='ocrx_word' id='word_1_592' title='bbox 1709 611 1810 643; x_wconf 81' lang='lat' dir='ltr'><strong>Posito,</strong></span> 
     </span>
    </p>
   </div>
   <div class='ocr_carea' id='block_1_73' title="bbox 1016 647 1809 691">
    <p class='ocr_par' dir='ltr' id='par_1_73' title="bbox 1016 647 1809 691">
     <span class='ocr_line' id='line_1_73' title="bbox 1016 647 1809 691; baseline 0.014 -17"><span class='ocrx_word' id='word_1_593' title='bbox 1016 647 1118 682; x_wconf 83' lang='lat' dir='ltr'><strong>inquit,</strong></span> <span class='ocrx_word' id='word_1_594' title='bbox 1133 657 1210 676; x_wconf 84' lang='lat' dir='ltr'><strong>manu</strong></span> <span class='ocrx_word' id='word_1_595' title='bbox 1224 658 1270 677; x_wconf 85' lang='lat' dir='ltr'><strong>sua</strong></span> <span class='ocrx_word' id='word_1_596' title='bbox 1292 651 1377 678; x_wconf 86' lang='lat' dir='ltr'><strong>subter</strong></span> <span class='ocrx_word' id='word_1_597' title='bbox 1398 653 1487 688; x_wconf 71' lang='lat' dir='ltr'><strong>(amur,</strong></span> <span class='ocrx_word' id='word_1_598' title='bbox 1499 654 1596 688; x_wconf 81' lang='lat' dir='ltr'><strong>juravit</strong></span> <span class='ocrx_word' id='word_1_599' title='bbox 1611 655 1633 682; x_wconf 81' lang='lat' dir='ltr'><strong>ei</strong></span> <span class='ocrx_word' id='word_1_600' title='bbox 1645 664 1720 691; x_wconf 72' lang='lat' dir='ltr'><strong>super</strong></span> <span class='ocrx_word' id='word_1_601' title='bbox 1735 658 1809 684; x_wconf 71' lang='lat' dir='ltr'><strong>verba</strong></span> 
     </span>
    </p>
   </div>
   <div class='ocr_carea' id='block_1_74' title="bbox 1017 694 1806 732">
    <p class='ocr_par' dir='ltr' id='par_1_74' title="bbox 1017 694 1806 732">
     <span class='ocr_line' id='line_1_74' title="bbox 1017 694 1806 732; baseline 0.016 -12"><span class='ocrx_word' id='word_1_602' title='bbox 1017 694 1075 728; x_wconf 80' lang='lat' dir='ltr'><strong>hor,</strong></span> <span class='ocrx_word' id='word_1_603' title='bbox 1091 696 1161 730; x_wconf 91' lang='lat' dir='ltr'><strong>quod</strong></span> <span class='ocrx_word' id='word_1_604' title='bbox 1178 697 1261 725; x_wconf 82' lang='lat' dir='ltr'><strong>tiliam</strong></span> <span class='ocrx_word' id='word_1_605' title='bbox 1273 705 1348 725; x_wconf 89' lang='lat' dir='ltr'><strong>suum</strong></span> <span class='ocrx_word' id='word_1_606' title='bbox 1360 699 1422 728; x_wconf 91' lang='lat' dir='ltr'><strong>illuc</strong></span> <span class='ocrx_word' id='word_1_607' title='bbox 1433 708 1485 728; x_wconf 89' lang='lat' dir='ltr'><strong>tton</strong></span> <span class='ocrx_word' id='word_1_608' title='bbox 1500 701 1645 730; x_wconf 84' lang='lat' dir='ltr'><strong>abduceret</strong></span> <span class='ocrx_word' id='word_1_609' title='bbox 1659 703 1743 732; x_wconf 89' lang='lat' dir='ltr'><strong>Isaac.</strong></span> <span class='ocrx_word' id='word_1_610' title='bbox 1760 705 1806 732; x_wconf 91' lang='lat' dir='ltr'><strong>Vi-</strong></span> 
     </span>
    </p>
   </div>
   <div class='ocr_carea' id='block_1_75' title="bbox 1016 739 1808 786">
    <p class='ocr_par' dir='ltr' id='par_1_75' title="bbox 1016 739 1808 786">
     <span class='ocr_line' id='line_1_75' title="bbox 1016 739 1808 786; baseline 0.016 -20"><span class='ocrx_word' id='word_1_611' title='bbox 1016 739 1077 767; x_wconf 75' lang='lat' dir='ltr'><strong>dIsII</strong></span> <span class='ocrx_word' id='word_1_612' title='bbox 1093 742 1228 776; x_wconf 87' lang='lat' dir='ltr'><strong>quonme</strong></span> <span class='ocrx_word' id='word_1_613' title='bbox 1242 743 1275 771; x_wconf 86' lang='lat' dir='ltr'><strong>ab</strong></span> <span class='ocrx_word' id='word_1_614' title='bbox 1288 744 1363 771; x_wconf 91' lang='lat' dir='ltr'><strong>initio</strong></span> <span class='ocrx_word' id='word_1_615' title='bbox 1373 753 1466 773; x_wconf 89' lang='lat' dir='ltr'><strong>scrvus</strong></span> <span class='ocrx_word' id='word_1_616' title='bbox 1487 746 1641 776; x_wconf 74' lang='lat' dir='ltr'><strong>indicaverit</strong></span> <span class='ocrx_word' id='word_1_617' title='bbox 1655 757 1730 777; x_wconf 89' lang='lat' dir='ltr'><strong>suam</strong></span> <span class='ocrx_word' id='word_1_618' title='bbox 1745 759 1808 786; x_wconf 74' lang='lat' dir='ltr'><strong>erga</strong></span> 
     </span>
    </p>
   </div>
   <div class='ocr_carea' id='block_1_76' title="bbox 1016 785 1806 831">
    <p class='ocr_par' dir='ltr' id='par_1_76' title="bbox 1016 785 1806 831">
     <span class='ocr_line' id='line_1_76' title="bbox 1016 785 1806 831; baseline 0.015 -19"><span class='ocrx_word' id='word_1_619' title='bbox 1016 785 1154 814; x_wconf 89' lang='lat' dir='ltr'><strong>dominum</strong></span> <span class='ocrx_word' id='word_1_620' title='bbox 1165 788 1393 817; x_wconf 87' lang='lat' dir='ltr'><strong>benevolentiam?</strong></span> <span class='ocrx_word' id='word_1_621' title='bbox 1408 791 1473 819; x_wconf 82' lang='lat' dir='ltr'><strong>Vide</strong></span> <span class='ocrx_word' id='word_1_622' title='bbox 1483 800 1553 820; x_wconf 90' lang='lat' dir='ltr'><strong>nunc</strong></span> <span class='ocrx_word' id='word_1_623' title='bbox 1568 795 1702 828; x_wconf 91' lang='lat' dir='ltr'><strong>quomodo</strong></span> <span class='ocrx_word' id='word_1_624' title='bbox 1715 803 1746 823; x_wconf 85' lang='lat' dir='ltr'><strong>ea</strong></span> <span class='ocrx_word' id='word_1_625' title='bbox 1762 785 1806 831; x_wconf 83' lang='lat' dir='ltr'><strong>pa-</strong></span> 
     </span>
    </p>
   </div>
   <div class='ocr_carea' id='block_1_77' title="bbox 1016 832 1810 870">
    <p class='ocr_par' dir='ltr' id='par_1_77' title="bbox 1016 832 1810 870">
     <span class='ocr_line' id='line_1_77' title="bbox 1016 832 1810 870; baseline 0.013 -12"><span class='ocrx_word' id='word_1_626' title='bbox 1016 832 1139 860; x_wconf 74' lang='lat' dir='ltr'><strong>triarcha:</strong></span> <span class='ocrx_word' id='word_1_627' title='bbox 1151 833 1271 862; x_wconf 89' lang='lat' dir='ltr'><strong>doctrina</strong></span> <span class='ocrx_word' id='word_1_628' title='bbox 1296 836 1391 863; x_wconf 89' lang='lat' dir='ltr'><strong>melior</strong></span> <span class='ocrx_word' id='word_1_629' title='bbox 1401 838 1533 870; x_wconf 89' lang='lat' dir='ltr'><strong>evaserit,</strong></span> <span class='ocrx_word' id='word_1_630' title='bbox 1549 843 1576 866; x_wconf 89' lang='lat' dir='ltr'><strong>et</strong></span> <span class='ocrx_word' id='word_1_631' title='bbox 1591 839 1707 867; x_wconf 89' lang='lat' dir='ltr'><strong>imitatus</strong></span> <span class='ocrx_word' id='word_1_632' title='bbox 1727 840 1810 868; x_wconf 74' lang='lat' dir='ltr'><strong>fuerit.</strong></span> 
     </span>
    </p>
   </div>
   <div class='ocr_carea' id='block_1_78' title="bbox 1012 877 1809 921">
    <p class='ocr_par' dir='ltr' id='par_1_78' title="bbox 1012 877 1809 921">
     <span class='ocr_line' id='line_1_78' title="bbox 1012 877 1809 921; baseline 0.013 -17"><span class='ocrx_word' id='word_1_633' title='bbox 1012 877 1076 912; x_wconf 86' lang='lat' dir='ltr'><strong>justi</strong></span> <span class='ocrx_word' id='word_1_634' title='bbox 1094 879 1217 913; x_wconf 88' lang='lat' dir='ltr'><strong>pictatetn</strong></span> <span class='ocrx_word' id='word_1_635' title='bbox 1242 885 1322 916; x_wconf 86' lang='lat' dir='ltr'><strong>atque</strong></span> <span class='ocrx_word' id='word_1_636' title='bbox 1344 882 1508 917; x_wconf 65' lang='lat' dir='ltr'><strong>religionem.</strong></span> <span class='ocrx_word' id='word_1_637' title='bbox 1527 885 1568 911; x_wconf 89' lang='lat' dir='ltr'><strong>I0.</strong></span> <span class='ocrx_word' id='word_1_638' title='bbox 1592 886 1708 921; x_wconf 78' lang='lat' dir='ltr'><strong>Acceptis</strong></span> <span class='ocrx_word' id='word_1_639' title='bbox 1720 887 1785 914; x_wconf 83' lang='lat' dir='ltr'><strong>enim</strong></span> <span class='ocrx_word' id='word_1_640' title='bbox 1798 908 1809 919; x_wconf 84' lang='lat'><strong>,</strong></span> 
     </span>
    </p>
   </div>
   <div class='ocr_carea' id='block_1_79' title="bbox 1015 924 1808 965">
    <p class='ocr_par' dir='ltr' id='par_1_79' title="bbox 1015 924 1808 965">
     <span class='ocr_line' id='line_1_79' title="bbox 1015 924 1808 965; baseline 0.013 -15"><span class='ocrx_word' id='word_1_641' title='bbox 1015 924 1109 958; x_wconf 90' lang='lat' dir='ltr'><strong>inquit,</strong></span> <span class='ocrx_word' id='word_1_642' title='bbox 1121 933 1207 952; x_wconf 84' lang='lat' dir='ltr'><strong>seruus</strong></span> <span class='ocrx_word' id='word_1_643' title='bbox 1217 925 1300 953; x_wconf 84' lang='lat' dir='ltr'><strong>decem</strong></span> <span class='ocrx_word' id='word_1_644' title='bbox 1321 928 1424 954; x_wconf 76' lang='lat' dir='ltr'><strong>canalis</strong></span> <span class='ocrx_word' id='word_1_645' title='bbox 1434 949 1441 961; x_wconf 93' lang='lat'><strong>,</strong></span> <span class='ocrx_word' id='word_1_646' title='bbox 1458 933 1481 955; x_wconf 88' lang='lat' dir='ltr'><strong>et</strong></span> <span class='ocrx_word' id='word_1_647' title='bbox 1496 929 1528 956; x_wconf 82' lang='lat' dir='ltr'><strong>de</strong></span> <span class='ocrx_word' id='word_1_648' title='bbox 1539 930 1653 958; x_wconf 79' lang='lat' dir='ltr'><strong>omnibus</strong></span> <span class='ocrx_word' id='word_1_649' title='bbox 1665 932 1735 959; x_wconf 74' lang='lat' dir='ltr'><strong>bonis</strong></span> <span class='ocrx_word' id='word_1_650' title='bbox 1751 941 1808 965; x_wconf 70' lang='lat' dir='ltr'><strong>quae</strong></span> 
     </span>
    </p>
   </div>
   <div class='ocr_carea' id='block_1_80' title="bbox 1014 970 1808 1014">
    <p class='ocr_par' dir='ltr' id='par_1_80' title="bbox 1014 970 1808 1014">
     <span class='ocr_line' id='line_1_80' title="bbox 1014 970 1808 1014; baseline 0.013 -18"><span class='ocrx_word' id='word_1_651' title='bbox 1014 970 1110 997; x_wconf 86' lang='lat' dir='ltr'><strong>domini</strong></span> <span class='ocrx_word' id='word_1_652' title='bbox 1122 972 1162 998; x_wconf 80' lang='lat' dir='ltr'><strong>sui</strong></span> <span class='ocrx_word' id='word_1_653' title='bbox 1174 977 1246 999; x_wconf 83' lang='lat' dir='ltr'><strong>erant</strong></span> <span class='ocrx_word' id='word_1_654' title='bbox 1258 993 1265 1005; x_wconf 92' lang='lat'><strong>,</strong></span> <span class='ocrx_word' id='word_1_655' title='bbox 1288 975 1397 1001; x_wconf 74' lang='lat' dir='ltr'><strong>surrexit</strong></span> <span class='ocrx_word' id='word_1_656' title='bbox 1410 979 1434 1001; x_wconf 88' lang='lat' dir='ltr'><strong>ct</strong></span> <span class='ocrx_word' id='word_1_657' title='bbox 1455 975 1581 1010; x_wconf 73' lang='lat' dir='ltr'><strong>profectus</strong></span> <span class='ocrx_word' id='word_1_658' title='bbox 1594 982 1630 1004; x_wconf 85' lang='lat' dir='ltr'><strong>est</strong></span> <span class='ocrx_word' id='word_1_659' title='bbox 1649 978 1674 1004; x_wconf 85' lang='lat' dir='ltr'><strong>in</strong></span> <span class='ocrx_word' id='word_1_660' title='bbox 1689 978 1808 1014; x_wconf 70' lang='lat' dir='ltr'><strong>Mesopo-</strong></span> 
     </span>
    </p>
   </div>
   <div class='ocr_carea' id='block_1_81' title="bbox 1014 1017 1808 1052">
    <p class='ocr_par' dir='ltr' id='par_1_81' title="bbox 1014 1017 1808 1052">
     <span class='ocr_line' id='line_1_81' title="bbox 1014 1017 1808 1052; baseline 0.009 -10"><span class='ocrx_word' id='word_1_661' title='bbox 1014 1017 1119 1044; x_wconf 85' lang='lat' dir='ltr'><strong>tamiam</strong></span> <span class='ocrx_word' id='word_1_662' title='bbox 1130 1018 1156 1045; x_wconf 84' lang='lat' dir='ltr'><strong>in</strong></span> <span class='ocrx_word' id='word_1_663' title='bbox 1175 1019 1302 1046; x_wconf 84' lang='lat' dir='ltr'><strong>civitatem</strong></span> <span class='ocrx_word' id='word_1_664' title='bbox 1316 1019 1431 1052; x_wconf 71' lang='lat' dir='ltr'><strong>Narhor,</strong></span> <span class='ocrx_word' id='word_1_665' title='bbox 1448 1021 1490 1048; x_wconf 91' lang='lat' dir='ltr'><strong>II.</strong></span> <span class='ocrx_word' id='word_1_666' title='bbox 1507 1026 1529 1048; x_wconf 84' lang='lat' dir='ltr'><strong>et</strong></span> <span class='ocrx_word' id='word_1_667' title='bbox 1543 1024 1686 1051; x_wconf 76' lang='lat' dir='ltr'><strong>recumbere</strong></span> <span class='ocrx_word' id='word_1_668' title='bbox 1694 1024 1808 1051; x_wconf 83' lang='lat' dir='ltr'><strong>camelos</strong></span> 
     </span>
    </p>
   </div>
   <div class='ocr_carea' id='block_1_82' title="bbox 1013 1064 1806 1105">
    <p class='ocr_par' dir='ltr' id='par_1_82' title="bbox 1013 1064 1806 1105">
     <span class='ocr_line' id='line_1_82' title="bbox 1013 1064 1806 1105; baseline 0.01 -16"><span class='ocrx_word' id='word_1_669' title='bbox 1013 1064 1071 1099; x_wconf 84' lang='lat' dir='ltr'><strong>fecit</strong></span> <span class='ocrx_word' id='word_1_670' title='bbox 1087 1069 1158 1091; x_wconf 68' lang='lat' dir='ltr'><strong>castra</strong></span> <span class='ocrx_word' id='word_1_671' title='bbox 1170 1065 1294 1092; x_wconf 66' lang='lat' dir='ltr'><strong>civitatna</strong></span> <span class='ocrx_word' id='word_1_672' title='bbox 1301 1067 1379 1101; x_wconf 75' lang='lat' dir='ltr'><strong>juxta</strong></span> <span class='ocrx_word' id='word_1_673' title='bbox 1387 1072 1489 1101; x_wconf 76' lang='lat' dir='ltr'><strong>puteum</strong></span> <span class='ocrx_word' id='word_1_674' title='bbox 1500 1076 1573 1103; x_wconf 80' lang='lat' dir='ltr'><strong>aquw</strong></span> <span class='ocrx_word' id='word_1_675' title='bbox 1584 1070 1680 1104; x_wconf 80' lang='lat' dir='ltr'><strong>vesperi</strong></span> <span class='ocrx_word' id='word_1_676' title='bbox 1687 1091 1694 1104; x_wconf 84' lang='lat'><strong>,</strong></span> <span class='ocrx_word' id='word_1_677' title='bbox 1705 1071 1806 1105; x_wconf 83' lang='lat' dir='ltr'><strong>quando</strong></span> 
     </span>
    </p>
   </div>
   <div class='ocr_carea' id='block_1_83' title="bbox 1013 1110 1806 1146">
    <p class='ocr_par' dir='ltr' id='par_1_83' title="bbox 1013 1110 1806 1146">
     <span class='ocr_line' id='line_1_83' title="bbox 1013 1110 1806 1146; baseline 0.009 -10"><span class='ocrx_word' id='word_1_678' title='bbox 1013 1110 1174 1144; x_wconf 76' lang='lat' dir='ltr'><strong>egrediuntur</strong></span> <span class='ocrx_word' id='word_1_679' title='bbox 1192 1116 1331 1146; x_wconf 73' lang='lat' dir='ltr'><strong>aquatum.</strong></span> <span class='ocrx_word' id='word_1_680' title='bbox 1369 1113 1411 1140; x_wconf 72' lang='lat' dir='ltr'><strong>I2.</strong></span> <span class='ocrx_word' id='word_1_681' title='bbox 1435 1112 1468 1140; x_wconf 84' lang='lat' dir='ltr'><strong>Et</strong></span> <span class='ocrx_word' id='word_1_682' title='bbox 1490 1114 1574 1142; x_wconf 69' lang='lat' dir='ltr'><strong>dixit:</strong></span> <span class='ocrx_word' id='word_1_683' title='bbox 1603 1115 1712 1143; x_wconf 76' lang='lat' dir='ltr'><strong>Domina</strong></span> <span class='ocrx_word' id='word_1_684' title='bbox 1737 1116 1806 1143; x_wconf 76' lang='lat' dir='ltr'><strong>Deus</strong></span> 
     </span>
    </p>
   </div>
   <div class='ocr_carea' id='block_1_84' title="bbox 1013 1154 1806 1194">
    <p class='ocr_par' dir='ltr' id='par_1_84' title="bbox 1013 1154 1806 1194">
     <span class='ocr_line' id='line_1_84' title="bbox 1013 1154 1806 1194; baseline 0.013 -14"><span class='ocrx_word' id='word_1_685' title='bbox 1013 1154 1108 1182; x_wconf 86' lang='lat' dir='ltr'><strong>domini</strong></span> <span class='ocrx_word' id='word_1_686' title='bbox 1120 1156 1167 1182; x_wconf 77' lang='lat' dir='ltr'><strong>mei</strong></span> <span class='ocrx_word' id='word_1_687' title='bbox 1186 1156 1323 1184; x_wconf 81' lang='lat' dir='ltr'><strong>Abraham.</strong></span> <span class='ocrx_word' id='word_1_688' title='bbox 1347 1157 1414 1185; x_wconf 82' lang='lat' dir='ltr'><strong>Vide</strong></span> <span class='ocrx_word' id='word_1_689' title='bbox 1437 1161 1507 1186; x_wconf 87' lang='lat' dir='ltr'><strong>servi</strong></span> <span class='ocrx_word' id='word_1_690' title='bbox 1529 1160 1700 1194; x_wconf 75' lang='lat' dir='ltr'><strong>probitatem.</strong></span> <span class='ocrx_word' id='word_1_691' title='bbox 1727 1162 1806 1190; x_wconf 74' lang='lat' dir='ltr'><strong>Orbis</strong></span> 
     </span>
    </p>
   </div>
   <div class='ocr_carea' id='block_1_85' title="bbox 1013 1200 1806 1239">
    <p class='ocr_par' dir='ltr' id='par_1_85' title="bbox 1013 1200 1806 1239">
     <span class='ocr_line' id='line_1_85' title="bbox 1013 1200 1806 1239; baseline 0.009 -12"><span class='ocrx_word' id='word_1_692' title='bbox 1013 1200 1154 1228; x_wconf 87' lang='lat' dir='ltr'><strong>Dominum</strong></span> <span class='ocrx_word' id='word_1_693' title='bbox 1170 1209 1185 1228; x_wconf 90' lang='lat' dir='ltr'><strong>a</strong></span> <span class='ocrx_word' id='word_1_694' title='bbox 1206 1202 1357 1236; x_wconf 81' lang='lat' dir='ltr'><strong>patriarcha</strong></span> <span class='ocrx_word' id='word_1_695' title='bbox 1381 1204 1500 1231; x_wconf 91' lang='lat' dir='ltr'><strong>nominat</strong></span> <span class='ocrx_word' id='word_1_696' title='bbox 1514 1213 1520 1231; x_wconf 94' lang='lat'>:</span> <span class='ocrx_word' id='word_1_697' title='bbox 1537 1205 1645 1233; x_wconf 77' lang='lat' dir='ltr'><strong>Domine</strong></span> <span class='ocrx_word' id='word_1_698' title='bbox 1659 1207 1728 1234; x_wconf 87' lang='lat' dir='ltr'><strong>ettint</strong></span> <span class='ocrx_word' id='word_1_699' title='bbox 1740 1228 1747 1239; x_wconf 94' lang='lat'><strong>,</strong></span> <span class='ocrx_word' id='word_1_700' title='bbox 1764 1207 1806 1234; x_wconf 85' lang='lat' dir='ltr'><strong>itt-</strong></span> 
     </span>
    </p>
   </div>
   <div class='ocr_carea' id='block_1_86' title="bbox 1012 1246 1813 1286">
    <p class='ocr_par' dir='ltr' id='par_1_86' title="bbox 1012 1246 1813 1286">
     <span class='ocr_line' id='line_1_86' title="bbox 1012 1246 1813 1286; baseline 0.007 -13"><span class='ocrx_word' id='word_1_701' title='bbox 1012 1247 1079 1281; x_wconf 71' lang='lat' dir='ltr'><strong>quit,</strong></span> <span class='ocrx_word' id='word_1_702' title='bbox 1095 1246 1162 1273; x_wconf 80' lang='lat' dir='ltr'><strong>Deus</strong></span> <span class='ocrx_word' id='word_1_703' title='bbox 1177 1248 1273 1274; x_wconf 84' lang='lat' dir='ltr'><strong>domini</strong></span> <span class='ocrx_word' id='word_1_704' title='bbox 1288 1249 1335 1275; x_wconf 75' lang='lat' dir='ltr'><strong>mei</strong></span> <span class='ocrx_word' id='word_1_705' title='bbox 1361 1248 1488 1276; x_wconf 75' lang='lat' dir='ltr'><strong>Abraham</strong></span> <span class='ocrx_word' id='word_1_706' title='bbox 1501 1270 1508 1282; x_wconf 86' lang='lat'><strong>,</strong></span> <span class='ocrx_word' id='word_1_707' title='bbox 1528 1250 1573 1286; x_wconf 87' lang='lat' dir='ltr'><strong>qui</strong></span> <span class='ocrx_word' id='word_1_708' title='bbox 1595 1255 1666 1278; x_wconf 81' lang='lat' dir='ltr'><strong>tanta</strong></span> <span class='ocrx_word' id='word_1_709' title='bbox 1689 1252 1714 1278; x_wconf 91' lang='lat' dir='ltr'><strong>in</strong></span> <span class='ocrx_word' id='word_1_710' title='bbox 1731 1252 1813 1280; x_wconf 76' lang='lat' dir='ltr'><strong>illum</strong></span> 
     </span>
    </p>
   </div>
   <div class='ocr_carea' id='block_1_87' title="bbox 1013 1294 1815 1330">
    <p class='ocr_par' dir='ltr' id='par_1_87' title="bbox 1013 1294 1815 1330">
     <span class='ocr_line' id='line_1_87' title="bbox 1013 1294 1815 1330; baseline 0.007 -10"><span class='ocrx_word' id='word_1_711' title='bbox 1013 1294 1140 1321; x_wconf 88' lang='lat' dir='ltr'><strong>beneﬁcia</strong></span> <span class='ocrx_word' id='word_1_712' title='bbox 1154 1294 1302 1322; x_wconf 85' lang='lat' dir='ltr'><strong>contulisti.</strong></span> <span class='ocrx_word' id='word_1_713' title='bbox 1318 1295 1350 1322; x_wconf 81' lang='lat' dir='ltr'><strong>Et</strong></span> <span class='ocrx_word' id='word_1_714' title='bbox 1363 1295 1426 1330; x_wconf 93' lang='lat' dir='ltr'><strong>quid</strong></span> <span class='ocrx_word' id='word_1_715' title='bbox 1439 1296 1543 1324; x_wconf 87' lang='lat' dir='ltr'><strong>miraris</strong></span> <span class='ocrx_word' id='word_1_716' title='bbox 1556 1297 1578 1324; x_wconf 91' lang='lat' dir='ltr'><strong>si</strong></span> <span class='ocrx_word' id='word_1_717' title='bbox 1594 1305 1687 1325; x_wconf 84' lang='lat' dir='ltr'><strong>servus</strong></span> <span class='ocrx_word' id='word_1_718' title='bbox 1697 1305 1758 1326; x_wconf 89' lang='lat' dir='ltr'><strong>cura</strong></span> <span class='ocrx_word' id='word_1_719' title='bbox 1770 1298 1815 1326; x_wconf 87' lang='lat' dir='ltr'><strong>ila-</strong></span> 
     </span>
    </p>
   </div>
   <div class='ocr_carea' id='block_1_88' title="bbox 1012 1340 1808 1376">
    <p class='ocr_par' dir='ltr' id='par_1_88' title="bbox 1012 1340 1808 1376">
     <span class='ocr_line' id='line_1_88' title="bbox 1012 1340 1808 1376; baseline 0.008 -10"><span class='ocrx_word' id='word_1_720' title='bbox 1012 1345 1089 1367; x_wconf 89' lang='lat' dir='ltr'><strong>vocat</strong></span> <span class='ocrx_word' id='word_1_721' title='bbox 1102 1340 1184 1367; x_wconf 87' lang='lat' dir='ltr'><strong>Deum</strong></span> <span class='ocrx_word' id='word_1_722' title='bbox 1198 1340 1345 1368; x_wconf 83' lang='lat' dir='ltr'><strong>Abraham?</strong></span> <span class='ocrx_word' id='word_1_723' title='bbox 1360 1341 1417 1376; x_wconf 89' lang='lat' dir='ltr'><strong>Ipse</strong></span> <span class='ocrx_word' id='word_1_724' title='bbox 1430 1343 1548 1370; x_wconf 89' lang='lat' dir='ltr'><strong>omnium</strong></span> <span class='ocrx_word' id='word_1_725' title='bbox 1564 1343 1634 1371; x_wconf 85' lang='lat' dir='ltr'><strong>Deus</strong></span> <span class='ocrx_word' id='word_1_726' title='bbox 1655 1348 1808 1373; x_wconf 84' lang='lat' dir='ltr'><strong>monstrans</strong></span> 
     </span>
    </p>
   </div>
   <div class='ocr_carea' id='block_1_89' title="bbox 1013 1386 1806 1425">
    <p class='ocr_par' dir='ltr' id='par_1_89' title="bbox 1013 1386 1806 1425">
     <span class='ocr_line' id='line_1_89' title="bbox 1013 1386 1806 1425; baseline 0.005 -12"><span class='ocrx_word' id='word_1_727' title='bbox 1013 1386 1148 1421; x_wconf 87' lang='lat' dir='ltr'><strong>quomodo</strong></span> <span class='ocrx_word' id='word_1_728' title='bbox 1166 1386 1300 1422; x_wconf 90' lang='lat' dir='ltr'><strong>justorum</strong></span> <span class='ocrx_word' id='word_1_729' title='bbox 1316 1387 1441 1415; x_wconf 91' lang='lat' dir='ltr'><strong>virtutem</strong></span> <span class='ocrx_word' id='word_1_730' title='bbox 1465 1388 1552 1423; x_wconf 78' lang='lat' dir='ltr'><strong>magni</strong></span> <span class='ocrx_word' id='word_1_731' title='bbox 1578 1388 1675 1423; x_wconf 89' lang='lat' dir='ltr'><strong>faciat,</strong></span> <span class='ocrx_word' id='word_1_732' title='bbox 1704 1390 1806 1425; x_wconf 88' lang='lat' dir='ltr'><strong>inquit,</strong></span> 
     </span>
    </p>
   </div>
   <div class='ocr_carea' id='block_1_90' title="bbox 1013 1431 1808 1467">
    <p class='ocr_par' dir='ltr' id='par_1_90' title="bbox 1013 1431 1808 1467">
     <span class='ocr_line' id='line_1_90' title="bbox 1013 1431 1808 1467; baseline 0.005 -8"><span class='ocrx_word' id='word_1_733' title='bbox 1013 1432 1069 1467; x_wconf 78' lang='lat' dir='ltr'><strong>Ego</strong></span> <span class='ocrx_word' id='word_1_734' title='bbox 1094 1441 1149 1459; x_wconf 85' lang='lat' dir='ltr'><strong>sum</strong></span> <span class='ocrx_word' id='word_1_735' title='bbox 1163 1431 1233 1460; x_wconf 82' lang='lat' dir='ltr'><strong>Deus</strong></span> <span class='ocrx_word' id='word_1_736' title='bbox 1247 1432 1375 1460; x_wconf 75' lang='lat' dir='ltr'><strong>Abraham</strong></span> <span class='ocrx_word' id='word_1_737' title='bbox 1390 1439 1414 1461; x_wconf 89' lang='lat' dir='ltr'><strong>et</strong></span> <span class='ocrx_word' id='word_1_738' title='bbox 1429 1433 1498 1461; x_wconf 83' lang='lat' dir='ltr'><strong>Deus</strong></span> <span class='ocrx_word' id='word_1_739' title='bbox 1517 1433 1593 1462; x_wconf 78' lang='lat' dir='ltr'><strong>Isaac</strong></span> <span class='ocrx_word' id='word_1_740' title='bbox 1602 1440 1626 1462; x_wconf 85' lang='lat' dir='ltr'><strong>ct</strong></span> <span class='ocrx_word' id='word_1_741' title='bbox 1643 1435 1712 1463; x_wconf 82' lang='lat' dir='ltr'><strong>Deus</strong></span> <span class='ocrx_word' id='word_1_742' title='bbox 1726 1435 1808 1464; x_wconf 72' lang='lat' dir='ltr'><strong>Iacob</strong></span> 
     </span>
    </p>
   </div>
   <div class='ocr_carea' id='block_1_91' title="bbox 1014 1477 1811 1513">
    <p class='ocr_par' dir='ltr' id='par_1_91' title="bbox 1014 1477 1811 1513">
     <span class='ocr_line' id='line_1_91' title="bbox 1014 1477 1811 1513; baseline 0.005 -9"><span class='ocrx_word' id='word_1_743' title='bbox 1014 1477 1111 1513; x_wconf 73' lang='lat' dir='ltr'><strong>(Exod.</strong></span> <span class='ocrx_word' id='word_1_744' title='bbox 1135 1478 1162 1505; x_wconf 77' lang='grc' dir='ltr'><strong>ὅ.</strong></span> <span class='ocrx_word' id='word_1_745' title='bbox 1189 1478 1228 1513; x_wconf 87' lang='grc'><strong>6).</strong></span> <span class='ocrx_word' id='word_1_746' title='bbox 1254 1479 1287 1506; x_wconf 85' lang='lat' dir='ltr'><strong>Et</strong></span> <span class='ocrx_word' id='word_1_747' title='bbox 1302 1479 1367 1506; x_wconf 87' lang='lat' dir='ltr'><strong>dicit</strong></span> <span class='ocrx_word' id='word_1_748' title='bbox 1389 1479 1520 1506; x_wconf 88' lang='lat' dir='ltr'><strong>:Domine</strong></span> <span class='ocrx_word' id='word_1_749' title='bbox 1543 1479 1613 1507; x_wconf 81' lang='lat' dir='ltr'><strong>Deus</strong></span> <span class='ocrx_word' id='word_1_750' title='bbox 1636 1480 1732 1508; x_wconf 80' lang='lat' dir='ltr'><strong>domini</strong></span> <span class='ocrx_word' id='word_1_751' title='bbox 1759 1482 1811 1508; x_wconf 80' lang='lat' dir='ltr'><strong>mei</strong></span> 
     </span>
    </p>
   </div>
   <div class='ocr_carea' id='block_1_92' title="bbox 1011 1524 1807 1562">
    <p class='ocr_par' dir='ltr' id='par_1_92' title="bbox 1011 1524 1807 1562">
     <span class='ocr_line' id='line_1_92' title="bbox 1011 1524 1807 1562; baseline 0.004 -12"><span class='ocrx_word' id='word_1_752' title='bbox 1011 1524 1139 1551; x_wconf 81' lang='lat' dir='ltr'><strong>Abraham</strong></span> <span class='ocrx_word' id='word_1_753' title='bbox 1151 1545 1157 1557; x_wconf 88' lang='lat'><strong>,</strong></span> <span class='ocrx_word' id='word_1_754' title='bbox 1180 1532 1299 1559; x_wconf 75' lang='lat' dir='ltr'><strong>prospere</strong></span> <span class='ocrx_word' id='word_1_755' title='bbox 1313 1524 1394 1560; x_wconf 85' lang='lat' dir='ltr'><strong>dirige</strong></span> <span class='ocrx_word' id='word_1_756' title='bbox 1407 1533 1493 1552; x_wconf 85' lang='lat' dir='ltr'><strong>coram</strong></span> <span class='ocrx_word' id='word_1_757' title='bbox 1508 1533 1546 1553; x_wconf 80' lang='lat' dir='ltr'><strong>me</strong></span> <span class='ocrx_word' id='word_1_758' title='bbox 1557 1525 1631 1553; x_wconf 80' lang='lat' dir='ltr'><strong>hodie</strong></span> <span class='ocrx_word' id='word_1_759' title='bbox 1643 1546 1651 1560; x_wconf 94' lang='lat'><strong>,</strong></span> <span class='ocrx_word' id='word_1_760' title='bbox 1668 1531 1690 1553; x_wconf 84' lang='lat' dir='ltr'><strong>et</strong></span> <span class='ocrx_word' id='word_1_761' title='bbox 1702 1528 1744 1562; x_wconf 81' lang='lat' dir='ltr'><strong>fac</strong></span> <span class='ocrx_word' id='word_1_762' title='bbox 1757 1527 1807 1553; x_wconf 79' lang='lat' dir='ltr'><strong>mi-</strong></span> 
     </span>
    </p>
   </div>
   <div class='ocr_carea' id='block_1_93' title="bbox 1011 1569 1806 1606">
    <p class='ocr_par' dir='ltr' id='par_1_93' title="bbox 1011 1569 1806 1606">
     <span class='ocr_line' id='line_1_93' title="bbox 1011 1569 1806 1606; baseline 0.003 -10"><span class='ocrx_word' id='word_1_763' title='bbox 1011 1569 1240 1596; x_wconf 72' lang='lat' dir='ltr'><strong>srricordiamcum</strong></span> <span class='ocrx_word' id='word_1_764' title='bbox 1253 1570 1354 1596; x_wconf 87' lang='lat' dir='ltr'><strong>domina</strong></span> <span class='ocrx_word' id='word_1_765' title='bbox 1368 1578 1423 1597; x_wconf 89' lang='lat' dir='ltr'><strong>meo</strong></span> <span class='ocrx_word' id='word_1_766' title='bbox 1435 1570 1582 1603; x_wconf 84' lang='lat' dir='ltr'><strong>Abraham;</strong></span> <span class='ocrx_word' id='word_1_767' title='bbox 1593 1571 1668 1606; x_wconf 88' lang='lat' dir='ltr'><strong>quasi</strong></span> <span class='ocrx_word' id='word_1_768' title='bbox 1682 1570 1783 1598; x_wconf 89' lang='lat' dir='ltr'><strong>diceret</strong></span> <span class='ocrx_word' id='word_1_769' title='bbox 1798 1580 1806 1598; x_wconf 82' lang='lat'><strong>:</strong></span> 
     </span>
    </p>
   </div>
   <div class='ocr_carea' id='block_1_94' title="bbox 1012 1615 1808 1652">
    <p class='ocr_par' dir='ltr' id='par_1_94' title="bbox 1012 1615 1808 1652">
     <span class='ocr_line' id='line_1_94' title="bbox 1012 1615 1808 1652; baseline 0.003 -10"><span class='ocrx_word' id='word_1_770' title='bbox 1012 1615 1064 1642; x_wconf 82' lang='lat' dir='ltr'><strong>Fac</strong></span> <span class='ocrx_word' id='word_1_771' title='bbox 1079 1620 1107 1642; x_wconf 91' lang='lat' dir='ltr'><strong>ut</strong></span> <span class='ocrx_word' id='word_1_772' title='bbox 1120 1615 1281 1650; x_wconf 87' lang='lat' dir='ltr'><strong>impleantur</strong></span> <span class='ocrx_word' id='word_1_773' title='bbox 1296 1623 1327 1643; x_wconf 89' lang='lat' dir='ltr'><strong>ca</strong></span> <span class='ocrx_word' id='word_1_774' title='bbox 1342 1623 1401 1651; x_wconf 75' lang='lat' dir='ltr'><strong>qua:</strong></span> <span class='ocrx_word' id='word_1_775' title='bbox 1416 1615 1459 1643; x_wconf 93' lang='lat' dir='ltr'><strong>ille</strong></span> <span class='ocrx_word' id='word_1_776' title='bbox 1470 1616 1536 1649; x_wconf 91' lang='lat' dir='ltr'><strong>vult,</strong></span> <span class='ocrx_word' id='word_1_777' title='bbox 1551 1620 1579 1643; x_wconf 90' lang='lat' dir='ltr'><strong>et</strong></span> <span class='ocrx_word' id='word_1_778' title='bbox 1587 1616 1734 1644; x_wconf 89' lang='lat' dir='ltr'><strong>secundum</strong></span> <span class='ocrx_word' id='word_1_779' title='bbox 1749 1618 1808 1652; x_wconf 84' lang='lat' dir='ltr'><strong>ejus</strong></span> 
     </span>
    </p>
   </div>
   <div class='ocr_carea' id='block_1_95' title="bbox 1011 1661 1807 1697">
    <p class='ocr_par' dir='ltr' id='par_1_95' title="bbox 1011 1661 1807 1697">
     <span class='ocr_line' id='line_1_95' title="bbox 1011 1661 1807 1697; baseline 0.003 -9"><span class='ocrx_word' id='word_1_780' title='bbox 1011 1662 1171 1689; x_wconf 87' lang='lat' dir='ltr'><strong>sententiam</strong></span> <span class='ocrx_word' id='word_1_781' title='bbox 1197 1669 1324 1697; x_wconf 85' lang='lat' dir='ltr'><strong>prospera</strong></span> <span class='ocrx_word' id='word_1_782' title='bbox 1349 1661 1391 1690; x_wconf 93' lang='lat' dir='ltr'><strong>fac</strong></span> <span class='ocrx_word' id='word_1_783' title='bbox 1406 1663 1505 1690; x_wconf 90' lang='lat' dir='ltr'><strong>omnia.</strong></span> <span class='ocrx_word' id='word_1_784' title='bbox 1529 1661 1584 1689; x_wconf 80' lang='lat' dir='ltr'><strong>Fac</strong></span> <span class='ocrx_word' id='word_1_785' title='bbox 1607 1663 1807 1691; x_wconf 80' lang='lat' dir='ltr'><strong>misericordiam</strong></span> 
     </span>
    </p>
   </div>
   <div class='ocr_carea' id='block_1_96' title="bbox 1011 1706 1806 1741">
    <p class='ocr_par' dir='ltr' id='par_1_96' title="bbox 1011 1706 1806 1741">
     <span class='ocr_line' id='line_1_96' title="bbox 1011 1706 1806 1741; baseline 0 -8"><span class='ocrx_word' id='word_1_786' title='bbox 1011 1715 1069 1734; x_wconf 85' lang='lat' dir='ltr'><strong>cum</strong></span> <span class='ocrx_word' id='word_1_787' title='bbox 1090 1707 1195 1735; x_wconf 83' lang='lat' dir='ltr'><strong>domino</strong></span> <span class='ocrx_word' id='word_1_788' title='bbox 1209 1715 1263 1734; x_wconf 87' lang='lat' dir='ltr'><strong>meo</strong></span> <span class='ocrx_word' id='word_1_789' title='bbox 1275 1707 1414 1734; x_wconf 87' lang='lat' dir='ltr'><strong>Abraham.</strong></span> <span class='ocrx_word' id='word_1_790' title='bbox 1435 1706 1504 1741; x_wconf 84' lang='lat' dir='ltr'><strong>Quid</strong></span> <span class='ocrx_word' id='word_1_791' title='bbox 1515 1712 1555 1735; x_wconf 90' lang='lat' dir='ltr'><strong>est</strong></span> <span class='ocrx_word' id='word_1_792' title='bbox 1567 1728 1574 1739; x_wconf 92' lang='lat'><strong>,</strong></span> <span class='ocrx_word' id='word_1_793' title='bbox 1591 1707 1646 1734; x_wconf 85' lang='lat' dir='ltr'><strong>Fac</strong></span> <span class='ocrx_word' id='word_1_794' title='bbox 1660 1707 1806 1735; x_wconf 83' lang='lat' dir='ltr'><strong>misericor-</strong></span> 
     </span>
    </p>
   </div>
   <div class='ocr_carea' id='block_1_97' title="bbox 1012 1752 1803 1788">
    <p class='ocr_par' dir='ltr' id='par_1_97' title="bbox 1012 1752 1803 1788">
     <span class='ocr_line' id='line_1_97' title="bbox 1012 1752 1803 1788; baseline 0.001 -9"><span class='ocrx_word' id='word_1_795' title='bbox 1012 1753 1102 1779; x_wconf 74' lang='lat' dir='ltr'><strong>dium?</strong></span> <span class='ocrx_word' id='word_1_796' title='bbox 1116 1752 1175 1779; x_wconf 86' lang='lat' dir='ltr'><strong>Voti</strong></span> <span class='ocrx_word' id='word_1_797' title='bbox 1191 1757 1345 1787; x_wconf 85' lang='lat' dir='ltr'><strong>compotem</strong></span> <span class='ocrx_word' id='word_1_798' title='bbox 1360 1760 1420 1780; x_wconf 90' lang='lat' dir='ltr'><strong>eum</strong></span> <span class='ocrx_word' id='word_1_799' title='bbox 1443 1752 1495 1780; x_wconf 92' lang='lat' dir='ltr'><strong>fac.</strong></span> <span class='ocrx_word' id='word_1_800' title='bbox 1511 1753 1612 1780; x_wconf 87' lang='lat' dir='ltr'><strong>Deinde</strong></span> <span class='ocrx_word' id='word_1_801' title='bbox 1637 1753 1741 1788; x_wconf 89' lang='lat' dir='ltr'><strong>inquit,</strong></span> <span class='ocrx_word' id='word_1_802' title='bbox 1759 1753 1803 1781; x_wconf 75' lang='lat' dir='ltr'><strong>I5.</strong></span> 
     </span>
    </p>
   </div>
   <div class='ocr_carea' id='block_1_98' title="bbox 1013 1797 1808 1833">
    <p class='ocr_par' dir='ltr' id='par_1_98' title="bbox 1013 1797 1808 1833">
     <span class='ocr_line' id='line_1_98' title="bbox 1013 1797 1808 1833; baseline 0 -9"><span class='ocrx_word' id='word_1_803' title='bbox 1013 1797 1077 1824; x_wconf 80' lang='lat' dir='ltr'><strong>Ecce</strong></span> <span class='ocrx_word' id='word_1_804' title='bbox 1089 1806 1135 1833; x_wconf 84' lang='lat' dir='ltr'><strong>ego</strong></span> <span class='ocrx_word' id='word_1_805' title='bbox 1149 1801 1187 1824; x_wconf 70' lang='lat' dir='ltr'><strong>sto</strong></span> <span class='ocrx_word' id='word_1_806' title='bbox 1212 1802 1315 1832; x_wconf 81' lang='lat' dir='ltr'><strong>propter</strong></span> <span class='ocrx_word' id='word_1_807' title='bbox 1326 1798 1422 1832; x_wconf 76' lang='lat' dir='ltr'><strong>fontem</strong></span> <span class='ocrx_word' id='word_1_808' title='bbox 1445 1806 1516 1832; x_wconf 76' lang='lat' dir='ltr'><strong>aqme</strong></span> <span class='ocrx_word' id='word_1_809' title='bbox 1528 1818 1535 1831; x_wconf 89' lang='lat'><strong>,</strong></span> <span class='ocrx_word' id='word_1_810' title='bbox 1549 1798 1610 1832; x_wconf 69' lang='lat' dir='ltr'><strong>ﬁlim</strong></span> <span class='ocrx_word' id='word_1_811' title='bbox 1629 1803 1712 1824; x_wconf 85' lang='lat' dir='ltr'><strong>autem</strong></span> <span class='ocrx_word' id='word_1_812' title='bbox 1734 1798 1808 1825; x_wconf 84' lang='lat' dir='ltr'><strong>habi-</strong></span> 
     </span>
    </p>
   </div>
   <div class='ocr_carea' id='block_1_99' title="bbox 1011 1843 1807 1878">
    <p class='ocr_par' dir='ltr' id='par_1_99' title="bbox 1011 1843 1807 1878">
     <span class='ocr_line' id='line_1_99' title="bbox 1011 1843 1807 1878; baseline 0 -8"><span class='ocrx_word' id='word_1_813' title='bbox 1011 1844 1119 1871; x_wconf 84' lang='lat' dir='ltr'><strong>tantium</strong></span> <span class='ocrx_word' id='word_1_814' title='bbox 1136 1843 1262 1870; x_wconf 83' lang='lat' dir='ltr'><strong>civitatem</strong></span> <span class='ocrx_word' id='word_1_815' title='bbox 1282 1843 1444 1878; x_wconf 69' lang='lat' dir='ltr'><strong>egrediuntur</strong></span> <span class='ocrx_word' id='word_1_816' title='bbox 1459 1848 1486 1870; x_wconf 89' lang='lat' dir='ltr'><strong>ut</strong></span> <span class='ocrx_word' id='word_1_817' title='bbox 1501 1844 1621 1870; x_wconf 81' lang='lat' dir='ltr'><strong>hauriant</strong></span> <span class='ocrx_word' id='word_1_818' title='bbox 1640 1851 1743 1877; x_wconf 84' lang='lat' dir='ltr'><strong>aquam.</strong></span> <span class='ocrx_word' id='word_1_819' title='bbox 1760 1844 1807 1871; x_wconf 67' lang='lat' dir='ltr'><strong>It.</strong></span> 
     </span>
    </p>
   </div>
   <div class='ocr_carea' id='block_1_100' title="bbox 1012 1889 1805 1925">
    <p class='ocr_par' dir='ltr' id='par_1_100' title="bbox 1012 1889 1805 1925">
     <span class='ocr_line' id='line_1_100' title="bbox 1012 1889 1805 1925; baseline 0 -9"><span class='ocrx_word' id='word_1_820' title='bbox 1012 1890 1046 1916; x_wconf 81' lang='lat' dir='ltr'><strong>Et</strong></span> <span class='ocrx_word' id='word_1_821' title='bbox 1054 1890 1100 1917; x_wconf 85' lang='lat' dir='ltr'><strong>erit</strong></span> <span class='ocrx_word' id='word_1_822' title='bbox 1109 1890 1178 1924; x_wconf 76' lang='lat' dir='ltr'><strong>virgo</strong></span> <span class='ocrx_word' id='word_1_823' title='bbox 1191 1890 1231 1916; x_wconf 82' lang='lat' dir='ltr'><strong>cui</strong></span> <span class='ocrx_word' id='word_1_824' title='bbox 1242 1898 1287 1924; x_wconf 73' lang='lat' dir='ltr'><strong>ego</strong></span> <span class='ocrx_word' id='word_1_825' title='bbox 1299 1889 1387 1916; x_wconf 71' lang='lat' dir='ltr'><strong>dixero</strong></span> <span class='ocrx_word' id='word_1_826' title='bbox 1398 1889 1514 1916; x_wconf 84' lang='lat' dir='ltr'><strong>:lnclina</strong></span> <span class='ocrx_word' id='word_1_827' title='bbox 1523 1889 1640 1925; x_wconf 81' lang='lat' dir='ltr'><strong>ltgdriam</strong></span> <span class='ocrx_word' id='word_1_828' title='bbox 1653 1894 1722 1916; x_wconf 85' lang='lat' dir='ltr'><strong>luant</strong></span> <span class='ocrx_word' id='word_1_829' title='bbox 1735 1889 1805 1916; x_wconf 55' lang='lat' dir='ltr'><strong>utbiv</strong></span> 
     </span>
    </p>
   </div>
   <div class='ocr_carea' id='block_1_101' title="bbox 1011 1934 1805 1970">
    <p class='ocr_par' dir='ltr' id='par_1_101' title="bbox 1011 1934 1805 1970">
     <span class='ocr_line' id='line_1_101' title="bbox 1011 1934 1805 1970; baseline 0 -8"><span class='ocrx_word' id='word_1_830' title='bbox 1011 1935 1078 1969; x_wconf 79' lang='lat' dir='ltr'><strong>bant,</strong></span> <span class='ocrx_word' id='word_1_831' title='bbox 1088 1941 1110 1962; x_wconf 87' lang='lat' dir='ltr'><strong>et</strong></span> <span class='ocrx_word' id='word_1_832' title='bbox 1123 1934 1214 1961; x_wconf 73' lang='lat' dir='ltr'><strong>dixerit</strong></span> <span class='ocrx_word' id='word_1_833' title='bbox 1223 1935 1294 1965; x_wconf 86' lang='lat' dir='ltr'><strong>mihi,</strong></span> <span class='ocrx_word' id='word_1_834' title='bbox 1304 1934 1375 1966; x_wconf 76' lang='lat' dir='ltr'><strong>Bibe,</strong></span> <span class='ocrx_word' id='word_1_835' title='bbox 1389 1939 1412 1961; x_wconf 79' lang='lat' dir='ltr'><strong>st</strong></span> <span class='ocrx_word' id='word_1_836' title='bbox 1421 1934 1529 1962; x_wconf 73' lang='lat' dir='ltr'><strong>camelos</strong></span> <span class='ocrx_word' id='word_1_837' title='bbox 1541 1940 1596 1962; x_wconf 80' lang='lat' dir='ltr'><strong>tuos</strong></span> <span class='ocrx_word' id='word_1_838' title='bbox 1602 1935 1702 1970; x_wconf 87' lang='lat' dir='ltr'><strong>potabo,</strong></span> <span class='ocrx_word' id='word_1_839' title='bbox 1717 1943 1805 1970; x_wconf 82' lang='lat' dir='ltr'><strong>usque-</strong></span> 
     </span>
    </p>
   </div>
   <div class='ocr_carea' id='block_1_102' title="bbox 1011 1980 1807 2017">
    <p class='ocr_par' dir='ltr' id='par_1_102' title="bbox 1011 1980 1807 2017">
     <span class='ocr_line' id='line_1_102' title="bbox 1011 1980 1807 2017; baseline -0.001 -9"><span class='ocrx_word' id='word_1_840' title='bbox 1011 1990 1059 2017; x_wconf 80' lang='lat' dir='ltr'><strong>qua</strong></span> <span class='ocrx_word' id='word_1_841' title='bbox 1068 1981 1149 2009; x_wconf 83' lang='lat' dir='ltr'><strong>bibere</strong></span> <span class='ocrx_word' id='word_1_842' title='bbox 1156 1989 1241 2008; x_wconf 79' lang='lat' dir='ltr'><strong>omnes</strong></span> <span class='ocrx_word' id='word_1_843' title='bbox 1249 1985 1356 2013; x_wconf 84' lang='lat' dir='ltr'><strong>cessent;</strong></span> <span class='ocrx_word' id='word_1_844' title='bbox 1366 1980 1438 2008; x_wconf 81' lang='lat' dir='ltr'><strong>illam</strong></span> <span class='ocrx_word' id='word_1_845' title='bbox 1444 1982 1593 2016; x_wconf 70' lang='lat' dir='ltr'><strong>pratparaui</strong></span> <span class='ocrx_word' id='word_1_846' title='bbox 1603 1989 1681 2016; x_wconf 82' lang='lat' dir='ltr'><strong>puero</strong></span> <span class='ocrx_word' id='word_1_847' title='bbox 1695 1985 1739 2008; x_wconf 86' lang='lat' dir='ltr'><strong>tuo</strong></span> <span class='ocrx_word' id='word_1_848' title='bbox 1749 1980 1807 2007; x_wconf 82' lang='lat' dir='ltr'><strong>Isa-</strong></span> 
     </span>
    </p>
   </div>
   <div class='ocr_carea' id='block_1_103' title="bbox 1011 2028 1807 2064">
    <p class='ocr_par' dir='ltr' id='par_1_103' title="bbox 1011 2028 1807 2064">
     <span class='ocr_line' id='line_1_103' title="bbox 1011 2028 1807 2064; baseline -0.001 -9"><span class='ocrx_word' id='word_1_849' title='bbox 1011 2036 1057 2056; x_wconf 85' lang='lat' dir='ltr'><strong>ac:</strong></span> <span class='ocrx_word' id='word_1_850' title='bbox 1070 2033 1093 2055; x_wconf 84' lang='lat' dir='ltr'><strong>ct</strong></span> <span class='ocrx_word' id='word_1_851' title='bbox 1107 2028 1133 2054; x_wconf 88' lang='lat' dir='ltr'><strong>in</strong></span> <span class='ocrx_word' id='word_1_852' title='bbox 1142 2028 1188 2054; x_wconf 88' lang='lat' dir='ltr'><strong>hoc</strong></span> <span class='ocrx_word' id='word_1_853' title='bbox 1201 2036 1361 2063; x_wconf 78' lang='lat' dir='ltr'><strong>cognoscant,</strong></span> <span class='ocrx_word' id='word_1_854' title='bbox 1373 2028 1440 2063; x_wconf 83' lang='lat' dir='ltr'><strong>quod</strong></span> <span class='ocrx_word' id='word_1_855' title='bbox 1452 2028 1649 2055; x_wconf 79' lang='lat' dir='ltr'><strong>misericordiam</strong></span> <span class='ocrx_word' id='word_1_856' title='bbox 1663 2029 1751 2064; x_wconf 77' lang='lat' dir='ltr'><strong>feceris</strong></span> <span class='ocrx_word' id='word_1_857' title='bbox 1764 2028 1807 2054; x_wconf 78' lang='lat' dir='ltr'><strong>do-</strong></span> 
     </span>
    </p>
   </div>
   <div class='ocr_carea' id='block_1_104' title="bbox 1011 2072 1804 2107">
    <p class='ocr_par' dir='ltr' id='par_1_104' title="bbox 1011 2072 1804 2107">
     <span class='ocr_line' id='line_1_104' title="bbox 1011 2072 1804 2107; baseline -0.001 -7"><span class='ocrx_word' id='word_1_858' title='bbox 1011 2074 1080 2100; x_wconf 87' lang='lat' dir='ltr'><strong>mino</strong></span> <span class='ocrx_word' id='word_1_859' title='bbox 1094 2081 1149 2100; x_wconf 85' lang='lat' dir='ltr'><strong>meo</strong></span> <span class='ocrx_word' id='word_1_860' title='bbox 1160 2072 1297 2099; x_wconf 85' lang='lat' dir='ltr'><strong>Abraham.</strong></span> <span class='ocrx_word' id='word_1_861' title='bbox 1314 2072 1381 2100; x_wconf 83' lang='lat' dir='ltr'><strong>Vide</strong></span> <span class='ocrx_word' id='word_1_862' title='bbox 1395 2072 1464 2100; x_wconf 87' lang='lat' dir='ltr'><strong>servi</strong></span> <span class='ocrx_word' id='word_1_863' title='bbox 1475 2072 1652 2107; x_wconf 89' lang='lat' dir='ltr'><strong>prudentiam.</strong></span> <span class='ocrx_word' id='word_1_864' title='bbox 1663 2072 1730 2100; x_wconf 83' lang='lat' dir='ltr'><strong>Nam</strong></span> <span class='ocrx_word' id='word_1_865' title='bbox 1743 2073 1804 2107; x_wconf 90' lang='lat' dir='ltr'><strong>quia</strong></span> 
     </span>
    </p>
   </div>
   <div class='ocr_carea' id='block_1_105' title="bbox 1012 2117 1805 2153">
    <p class='ocr_par' dir='ltr' id='par_1_105' title="bbox 1012 2117 1805 2153">
     <span class='ocr_line' id='line_1_105' title="bbox 1012 2117 1805 2153; baseline -0.004 -6"><span class='ocrx_word' id='word_1_866' title='bbox 1012 2123 1123 2147; x_wconf 90' lang='lat' dir='ltr'><strong>noverat</strong></span> <span class='ocrx_word' id='word_1_867' title='bbox 1140 2118 1297 2153; x_wconf 78' lang='lat' dir='ltr'><strong>patriarcha:</strong></span> <span class='ocrx_word' id='word_1_868' title='bbox 1320 2117 1543 2152; x_wconf 86' lang='lat' dir='ltr'><strong>hospitalitatem,</strong></span> <span class='ocrx_word' id='word_1_869' title='bbox 1556 2122 1583 2145; x_wconf 85' lang='lat' dir='ltr'><strong>et</strong></span> <span class='ocrx_word' id='word_1_870' title='bbox 1601 2118 1663 2153; x_wconf 89' lang='lat' dir='ltr'><strong>quia</strong></span> <span class='ocrx_word' id='word_1_871' title='bbox 1675 2118 1805 2153; x_wconf 78' lang='lat' dir='ltr'><strong>virginem</strong></span> 
     </span>
    </p>
   </div>
   <div class='ocr_carea' id='block_1_106' title="bbox 1012 2163 1805 2198">
    <p class='ocr_par' dir='ltr' id='par_1_106' title="bbox 1012 2163 1805 2198">
     <span class='ocr_line' id='line_1_106' title="bbox 1012 2163 1805 2198; baseline -0.004 -5"><span class='ocrx_word' id='word_1_872' title='bbox 1012 2166 1074 2193; x_wconf 89' lang='lat' dir='ltr'><strong>inde</strong></span> <span class='ocrx_word' id='word_1_873' title='bbox 1081 2164 1227 2193; x_wconf 84' lang='lat' dir='ltr'><strong>ducendam</strong></span> <span class='ocrx_word' id='word_1_874' title='bbox 1237 2171 1284 2198; x_wconf 87' lang='lat' dir='ltr'><strong>par</strong></span> <span class='ocrx_word' id='word_1_875' title='bbox 1291 2168 1348 2191; x_wconf 85' lang='lat' dir='ltr'><strong>erat</strong></span> <span class='ocrx_word' id='word_1_876' title='bbox 1358 2163 1450 2191; x_wconf 91' lang='lat' dir='ltr'><strong>iisdem</strong></span> <span class='ocrx_word' id='word_1_877' title='bbox 1459 2171 1519 2191; x_wconf 87' lang='lat' dir='ltr'><strong>esse</strong></span> <span class='ocrx_word' id='word_1_878' title='bbox 1528 2163 1664 2198; x_wconf 72' lang='lat' dir='ltr'><strong>praeditam</strong></span> <span class='ocrx_word' id='word_1_879' title='bbox 1676 2163 1805 2196; x_wconf 87' lang='lat' dir='ltr'><strong>moribus,</strong></span> 
     </span>
    </p>
   </div>
   <div class='ocr_carea' id='block_1_107' title="bbox 1012 2209 1806 2247">
    <p class='ocr_par' dir='ltr' id='par_1_107' title="bbox 1012 2209 1806 2247">
     <span class='ocr_line' id='line_1_107' title="bbox 1012 2209 1806 2247; baseline -0.004 -9"><span class='ocrx_word' id='word_1_880' title='bbox 1012 2212 1109 2247; x_wconf 87' lang='lat' dir='ltr'><strong>quibus</strong></span> <span class='ocrx_word' id='word_1_881' title='bbox 1122 2211 1209 2245; x_wconf 87' lang='lat' dir='ltr'><strong>justus</strong></span> <span class='ocrx_word' id='word_1_882' title='bbox 1224 2210 1268 2237; x_wconf 86' lang='lat' dir='ltr'><strong>ille</strong></span> <span class='ocrx_word' id='word_1_883' title='bbox 1285 2219 1292 2237; x_wconf 88' lang='lat'>:</span> <span class='ocrx_word' id='word_1_884' title='bbox 1309 2209 1408 2237; x_wconf 91' lang='lat' dir='ltr'><strong>nullam</strong></span> <span class='ocrx_word' id='word_1_885' title='bbox 1425 2209 1504 2236; x_wconf 91' lang='lat' dir='ltr'><strong>aliam</strong></span> <span class='ocrx_word' id='word_1_886' title='bbox 1522 2209 1705 2244; x_wconf 87' lang='lat' dir='ltr'><strong>conjecturam</strong></span> <span class='ocrx_word' id='word_1_887' title='bbox 1720 2209 1806 2244; x_wconf 88' lang='lat' dir='ltr'><strong>inqui-</strong></span> 
     </span>
    </p>
   </div>
   <div class='ocr_carea' id='block_1_108' title="bbox 1012 2254 1806 2289">
    <p class='ocr_par' dir='ltr' id='par_1_108' title="bbox 1012 2254 1806 2289">
     <span class='ocr_line' id='line_1_108' title="bbox 1012 2254 1806 2289; baseline -0.003 -5"><span class='ocrx_word' id='word_1_888' title='bbox 1012 2258 1061 2288; x_wconf 85' lang='lat' dir='ltr'><strong>rit,</strong></span> <span class='ocrx_word' id='word_1_889' title='bbox 1075 2255 1122 2284; x_wconf 89' lang='lat' dir='ltr'><strong>scd</strong></span> <span class='ocrx_word' id='word_1_890' title='bbox 1134 2256 1317 2283; x_wconf 75' lang='lat' dir='ltr'><strong>characterem</strong></span> <span class='ocrx_word' id='word_1_891' title='bbox 1331 2255 1466 2289; x_wconf 82' lang='lat' dir='ltr'><strong>virginalis</strong></span> <span class='ocrx_word' id='word_1_892' title='bbox 1481 2254 1561 2282; x_wconf 89' lang='lat' dir='ltr'><strong>attimi</strong></span> <span class='ocrx_word' id='word_1_893' title='bbox 1576 2261 1609 2282; x_wconf 78' lang='lat' dir='ltr'><strong>es</strong></span> <span class='ocrx_word' id='word_1_894' title='bbox 1626 2254 1806 2289; x_wconf 83' lang='lat' dir='ltr'><strong>hospitalitate</strong></span> 
     </span>
    </p>
   </div>
   <div class='ocr_carea' id='block_1_109' title="bbox 1012 2300 1806 2338">
    <p class='ocr_par' dir='ltr' id='par_1_109' title="bbox 1012 2300 1806 2338">
     <span class='ocr_line' id='line_1_109' title="bbox 1012 2300 1806 2338; baseline -0.004 -8"><span class='ocrx_word' id='word_1_895' title='bbox 1012 2303 1138 2338; x_wconf 83' lang='lat' dir='ltr'><strong>colligere</strong></span> <span class='ocrx_word' id='word_1_896' title='bbox 1152 2301 1216 2334; x_wconf 85' lang='lat' dir='ltr'><strong>vult,</strong></span> <span class='ocrx_word' id='word_1_897' title='bbox 1228 2306 1256 2328; x_wconf 91' lang='lat' dir='ltr'><strong>et</strong></span> <span class='ocrx_word' id='word_1_898' title='bbox 1269 2301 1354 2336; x_wconf 86' lang='lat' dir='ltr'><strong>inquit</strong></span> <span class='ocrx_word' id='word_1_899' title='bbox 1367 2309 1376 2329; x_wconf 71' lang='grc' dir='ltr'><strong><em>ι</em></strong></span> <span class='ocrx_word' id='word_1_900' title='bbox 1391 2300 1419 2328; x_wconf 89' lang='lat' dir='ltr'><strong>Si</strong></span> <span class='ocrx_word' id='word_1_901' title='bbox 1432 2300 1539 2335; x_wconf 87' lang='lat' dir='ltr'><strong>quando</strong></span> <span class='ocrx_word' id='word_1_902' title='bbox 1553 2307 1603 2336; x_wconf 78' lang='lat' dir='ltr'><strong>ego</strong></span> <span class='ocrx_word' id='word_1_903' title='bbox 1615 2308 1710 2335; x_wconf 89' lang='lat' dir='ltr'><strong>aquattt</strong></span> <span class='ocrx_word' id='word_1_904' title='bbox 1724 2300 1757 2328; x_wconf 94' lang='lat' dir='ltr'><strong>ab</strong></span> <span class='ocrx_word' id='word_1_905' title='bbox 1775 2308 1806 2327; x_wconf 84' lang='lat' dir='ltr'><strong>ea</strong></span> 
     </span>
    </p>
   </div>
   <div class='ocr_carea' id='block_1_110' title="bbox 1014 2345 1805 2384">
    <p class='ocr_par' dir='ltr' id='par_1_110' title="bbox 1014 2345 1805 2384">
     <span class='ocr_line' id='line_1_110' title="bbox 1014 2345 1805 2384; baseline -0.004 -9"><span class='ocrx_word' id='word_1_906' title='bbox 1014 2349 1132 2384; x_wconf 86' lang='lat' dir='ltr'><strong>petivcro</strong></span> <span class='ocrx_word' id='word_1_907' title='bbox 1144 2369 1151 2381; x_wconf 93' lang='lat'><strong>,</strong></span> <span class='ocrx_word' id='word_1_908' title='bbox 1168 2353 1195 2375; x_wconf 89' lang='lat' dir='ltr'><strong>et</strong></span> <span class='ocrx_word' id='word_1_909' title='bbox 1221 2347 1330 2374; x_wconf 87' lang='lat' dir='ltr'><strong>inclinet</strong></span> <span class='ocrx_word' id='word_1_910' title='bbox 1353 2346 1417 2373; x_wconf 91' lang='lat' dir='ltr'><strong>mihi</strong></span> <span class='ocrx_word' id='word_1_911' title='bbox 1442 2345 1562 2381; x_wconf 88' lang='lat' dir='ltr'><strong>ltydriant</strong></span> <span class='ocrx_word' id='word_1_912' title='bbox 1579 2354 1586 2372; x_wconf 88' lang='lat'><strong>:</strong></span> <span class='ocrx_word' id='word_1_913' title='bbox 1601 2350 1628 2373; x_wconf 90' lang='lat' dir='ltr'><strong>et</strong></span> <span class='ocrx_word' id='word_1_914' title='bbox 1651 2353 1703 2373; x_wconf 89' lang='lat' dir='ltr'><strong>non</strong></span> <span class='ocrx_word' id='word_1_915' title='bbox 1719 2345 1805 2372; x_wconf 89' lang='lat' dir='ltr'><strong>soltnn</strong></span> 
     </span>
    </p>
   </div>
   <div class='ocr_carea' id='block_1_111' title="bbox 1013 2390 1804 2429">
    <p class='ocr_par' dir='ltr' id='par_1_111' title="bbox 1013 2390 1804 2429">
     <span class='ocr_line' id='line_1_111' title="bbox 1013 2390 1804 2429; baseline -0.005 -9"><span class='ocrx_word' id='word_1_916' title='bbox 1013 2394 1092 2421; x_wconf 88' lang='lat' dir='ltr'><strong>faciat</strong></span> <span class='ocrx_word' id='word_1_917' title='bbox 1103 2393 1173 2429; x_wconf 88' lang='lat' dir='ltr'><strong>quod</strong></span> <span class='ocrx_word' id='word_1_918' title='bbox 1189 2393 1311 2428; x_wconf 87' lang='lat' dir='ltr'><strong>petierim</strong></span> <span class='ocrx_word' id='word_1_919' title='bbox 1323 2413 1330 2426; x_wconf 88' lang='lat'><strong>,</strong></span> <span class='ocrx_word' id='word_1_920' title='bbox 1347 2391 1394 2419; x_wconf 90' lang='lat' dir='ltr'><strong>sed</strong></span> <span class='ocrx_word' id='word_1_921' title='bbox 1409 2392 1489 2419; x_wconf 85' lang='lat' dir='ltr'><strong>etiam</strong></span> <span class='ocrx_word' id='word_1_922' title='bbox 1505 2390 1650 2418; x_wconf 88' lang='lat' dir='ltr'><strong>candorettt</strong></span> <span class='ocrx_word' id='word_1_923' title='bbox 1662 2397 1694 2417; x_wconf 88' lang='lat' dir='ltr'><strong>ac</strong></span> <span class='ocrx_word' id='word_1_924' title='bbox 1705 2390 1804 2417; x_wconf 85' lang='lat' dir='ltr'><strong>libera-</strong></span> 
     </span>
    </p>
   </div>
   <div class='ocr_carea' id='block_1_112' title="bbox 1013 2438 1805 2473">
    <p class='ocr_par' dir='ltr' id='par_1_112' title="bbox 1013 2438 1805 2473">
     <span class='ocr_line' id='line_1_112' title="bbox 1013 2438 1805 2473; baseline -0.005 -5"><span class='ocrx_word' id='word_1_925' title='bbox 1013 2441 1114 2468; x_wconf 83' lang='lat' dir='ltr'><strong>litatem</strong></span> <span class='ocrx_word' id='word_1_926' title='bbox 1128 2441 1224 2468; x_wconf 89' lang='lat' dir='ltr'><strong>mentis</strong></span> <span class='ocrx_word' id='word_1_927' title='bbox 1238 2447 1294 2468; x_wconf 71' lang='lat' dir='ltr'><strong>sua:</strong></span> <span class='ocrx_word' id='word_1_928' title='bbox 1306 2439 1438 2471; x_wconf 86' lang='lat' dir='ltr'><strong>declaret,</strong></span> <span class='ocrx_word' id='word_1_929' title='bbox 1453 2439 1578 2473; x_wconf 89' lang='lat' dir='ltr'><strong>dicatque</strong></span> <span class='ocrx_word' id='word_1_930' title='bbox 1592 2446 1599 2464; x_wconf 89' lang='lat'>:</span> <span class='ocrx_word' id='word_1_931' title='bbox 1617 2438 1702 2464; x_wconf 81' lang='lat' dir='ltr'><strong>Etiam</strong></span> <span class='ocrx_word' id='word_1_932' title='bbox 1713 2445 1805 2465; x_wconf 87' lang='lat' dir='ltr'><strong>came-</strong></span> 
     </span>
    </p>
   </div>
   <div class='ocr_carea' id='block_1_113' title="bbox 1013 2484 1805 2522">
    <p class='ocr_par' dir='ltr' id='par_1_113' title="bbox 1013 2484 1805 2522">
     <span class='ocr_line' id='line_1_113' title="bbox 1013 2484 1805 2522; baseline -0.006 -7"><span class='ocrx_word' id='word_1_933' title='bbox 1013 2487 1053 2515; x_wconf 91' lang='lat' dir='ltr'><strong>los</strong></span> <span class='ocrx_word' id='word_1_934' title='bbox 1069 2492 1128 2515; x_wconf 87' lang='lat' dir='ltr'><strong>tuos</strong></span> <span class='ocrx_word' id='word_1_935' title='bbox 1138 2486 1259 2522; x_wconf 88' lang='lat' dir='ltr'><strong>aquabo,</strong></span> <span class='ocrx_word' id='word_1_936' title='bbox 1271 2493 1375 2513; x_wconf 89' lang='lat' dir='ltr'><strong>morutn</strong></span> <span class='ocrx_word' id='word_1_937' title='bbox 1386 2492 1495 2512; x_wconf 85' lang='lat' dir='ltr'><strong>suorum</strong></span> <span class='ocrx_word' id='word_1_938' title='bbox 1509 2484 1741 2513; x_wconf 88' lang='lat' dir='ltr'><strong>mansuetudinem</strong></span> <span class='ocrx_word' id='word_1_939' title='bbox 1761 2490 1805 2510; x_wconf 80' lang='lat' dir='ltr'><strong>sa-</strong></span> 
     </span>
    </p>
   </div>
   <div class='ocr_carea' id='block_1_114' title="bbox 1014 2530 1472 2568">
    <p class='ocr_par' dir='ltr' id='par_1_114' title="bbox 1014 2530 1472 2568">
     <span class='ocr_line' id='line_1_114' title="bbox 1014 2530 1472 2568; baseline -0.004 -8"><span class='ocrx_word' id='word_1_940' title='bbox 1014 2534 1048 2561; x_wconf 88' lang='lat' dir='ltr'><strong>tis</strong></span> <span class='ocrx_word' id='word_1_941' title='bbox 1058 2541 1090 2561; x_wconf 83' lang='lat' dir='ltr'><strong>ctt</strong></span> <span class='ocrx_word' id='word_1_942' title='bbox 1104 2541 1179 2568; x_wconf 67' lang='lat' dir='ltr'><strong>aquae</strong></span> <span class='ocrx_word' id='word_1_943' title='bbox 1193 2532 1332 2567; x_wconf 85' lang='lat' dir='ltr'><strong>largitione</strong></span> <span class='ocrx_word' id='word_1_944' title='bbox 1345 2530 1472 2559; x_wconf 88' lang='lat' dir='ltr'><strong>ostendit.</strong></span> 
     </span>
    </p>
   </div>
   <div class='ocr_carea' id='block_1_115' title="bbox 1048 2574 1807 2611">
    <p class='ocr_par' dir='ltr' id='par_1_115' title="bbox 1048 2574 1807 2611">
     <span class='ocr_line' id='line_1_115' title="bbox 1048 2574 1807 2611; baseline -0.005 -5"><span class='ocrx_word' id='word_1_945' title='bbox 1048 2580 1076 2607; x_wconf 75' lang='grc'><strong>4.</strong></span> <span class='ocrx_word' id='word_1_946' title='bbox 1092 2578 1291 2610; x_wconf 82' lang='lat' dir='ltr'><strong>Animadverte,</strong></span> <span class='ocrx_word' id='word_1_947' title='bbox 1304 2577 1427 2611; x_wconf 86' lang='lat' dir='ltr'><strong>obsecro,</strong></span> <span class='ocrx_word' id='word_1_948' title='bbox 1442 2576 1591 2608; x_wconf 88' lang='lat' dir='ltr'><strong>carissime,</strong></span> <span class='ocrx_word' id='word_1_949' title='bbox 1607 2579 1735 2610; x_wconf 87' lang='lat' dir='ltr'><strong>quatttuttt</strong></span> <span class='ocrx_word' id='word_1_950' title='bbox 1750 2574 1807 2602; x_wconf 50' lang='lat' dir='ltr'><strong>fae&#39;</strong></span> 
     </span>
    </p>
   </div>
   <div class='ocr_carea' id='block_1_116' title="bbox 1013 2622 1806 2660">
    <p class='ocr_par' dir='ltr' id='par_1_116' title="bbox 1013 2622 1806 2660">
     <span class='ocr_line' id='line_1_116' title="bbox 1013 2622 1806 2660; baseline -0.005 -8"><span class='ocrx_word' id='word_1_951' title='bbox 1013 2625 1065 2658; x_wconf 89' lang='lat' dir='ltr'><strong>rit,</strong></span> <span class='ocrx_word' id='word_1_952' title='bbox 1084 2625 1155 2660; x_wconf 88' lang='lat' dir='ltr'><strong>quod</strong></span> <span class='ocrx_word' id='word_1_953' title='bbox 1171 2624 1244 2659; x_wconf 84' lang='lat' dir='ltr'><strong>virgo</strong></span> <span class='ocrx_word' id='word_1_954' title='bbox 1260 2628 1349 2651; x_wconf 84' lang='lat' dir='ltr'><strong>tenera</strong></span> <span class='ocrx_word' id='word_1_955' title='bbox 1365 2629 1490 2658; x_wconf 90' lang='lat' dir='ltr'><strong>aquatttm</strong></span> <span class='ocrx_word' id='word_1_956' title='bbox 1511 2622 1628 2658; x_wconf 88' lang='lat' dir='ltr'><strong>profecta</strong></span> <span class='ocrx_word' id='word_1_957' title='bbox 1645 2630 1697 2649; x_wconf 89' lang='lat' dir='ltr'><strong>non</strong></span> <span class='ocrx_word' id='word_1_958' title='bbox 1719 2622 1806 2649; x_wconf 85' lang='lat' dir='ltr'><strong>soluat</strong></span> 
     </span>
    </p>
   </div>
   <div class='ocr_carea' id='block_1_117' title="bbox 1013 2668 1807 2705">
    <p class='ocr_par' dir='ltr' id='par_1_117' title="bbox 1013 2668 1807 2705">
     <span class='ocr_line' id='line_1_117' title="bbox 1013 2668 1807 2705; baseline -0.005 -7"><span class='ocrx_word' id='word_1_959' title='bbox 1013 2670 1136 2698; x_wconf 88' lang='lat' dir='ltr'><strong>attnuerit</strong></span> <span class='ocrx_word' id='word_1_960' title='bbox 1154 2670 1214 2705; x_wconf 87' lang='lat' dir='ltr'><strong>ejus</strong></span> <span class='ocrx_word' id='word_1_961' title='bbox 1244 2669 1381 2704; x_wconf 84' lang='lat' dir='ltr'><strong>petitioni,</strong></span> <span class='ocrx_word' id='word_1_962' title='bbox 1406 2673 1433 2695; x_wconf 90' lang='lat' dir='ltr'><strong>et</strong></span> <span class='ocrx_word' id='word_1_963' title='bbox 1456 2668 1608 2703; x_wconf 81' lang='lat' dir='ltr'><strong>deposuerit</strong></span> <span class='ocrx_word' id='word_1_964' title='bbox 1629 2669 1662 2694; x_wconf 86' lang='lat' dir='ltr'><strong>ab</strong></span> <span class='ocrx_word' id='word_1_965' title='bbox 1689 2668 1807 2695; x_wconf 79' lang='lat' dir='ltr'><strong>humeris</strong></span> 
     </span>
    </p>
   </div>
   <div class='ocr_carea' id='block_1_118' title="bbox 1015 2713 1806 2753">
    <p class='ocr_par' dir='ltr' id='par_1_118' title="bbox 1015 2713 1806 2753">
     <span class='ocr_line' id='line_1_118' title="bbox 1015 2713 1806 2753; baseline -0.004 -9"><span class='ocrx_word' id='word_1_966' title='bbox 1015 2717 1147 2753; x_wconf 84' lang='lat' dir='ltr'><strong>hydriam,</strong></span> <span class='ocrx_word' id='word_1_967' title='bbox 1156 2721 1182 2744; x_wconf 89' lang='lat' dir='ltr'><strong>et</strong></span> <span class='ocrx_word' id='word_1_968' title='bbox 1192 2716 1226 2743; x_wconf 91' lang='lat' dir='ltr'><strong>ad</strong></span> <span class='ocrx_word' id='word_1_969' title='bbox 1238 2716 1393 2743; x_wconf 86' lang='lat' dir='ltr'><strong>societatem</strong></span> <span class='ocrx_word' id='word_1_970' title='bbox 1407 2715 1550 2750; x_wconf 76' lang='lat' dir='ltr'><strong>praebuerit</strong></span> <span class='ocrx_word' id='word_1_971' title='bbox 1561 2714 1660 2749; x_wconf 88' lang='lat' dir='ltr'><strong>petenti</strong></span> <span class='ocrx_word' id='word_1_972' title='bbox 1674 2713 1732 2741; x_wconf 86' lang='lat' dir='ltr'><strong>viro</strong></span> <span class='ocrx_word' id='word_1_973' title='bbox 1746 2722 1806 2749; x_wconf 88' lang='lat' dir='ltr'><strong>per-</strong></span> 
     </span>
    </p>
   </div>
   <div class='ocr_carea' id='block_1_119' title="bbox 1013 2759 1806 2798">
    <p class='ocr_par' dir='ltr' id='par_1_119' title="bbox 1013 2759 1806 2798">
     <span class='ocr_line' id='line_1_119' title="bbox 1013 2759 1806 2798; baseline -0.004 -8"><span class='ocrx_word' id='word_1_974' title='bbox 1013 2763 1106 2798; x_wconf 79' lang='lat' dir='ltr'><strong>egrino</strong></span> <span class='ocrx_word' id='word_1_975' title='bbox 1122 2766 1150 2789; x_wconf 88' lang='lat' dir='ltr'><strong>et</strong></span> <span class='ocrx_word' id='word_1_976' title='bbox 1163 2769 1272 2797; x_wconf 91' lang='lat' dir='ltr'><strong>prorsus</strong></span> <span class='ocrx_word' id='word_1_977' title='bbox 1294 2761 1384 2796; x_wconf 83' lang='lat' dir='ltr'><strong>ignoto</strong></span> <span class='ocrx_word' id='word_1_978' title='bbox 1399 2769 1405 2787; x_wconf 83' lang='lat' dir='ltr'><em>z</em></span> <span class='ocrx_word' id='word_1_979' title='bbox 1423 2765 1502 2795; x_wconf 89' lang='lat' dir='ltr'><strong>atque</strong></span> <span class='ocrx_word' id='word_1_980' title='bbox 1523 2768 1574 2787; x_wconf 91' lang='lat' dir='ltr'><strong>non</strong></span> <span class='ocrx_word' id='word_1_981' title='bbox 1595 2760 1682 2786; x_wconf 90' lang='lat' dir='ltr'><strong>solum</strong></span> <span class='ocrx_word' id='word_1_982' title='bbox 1707 2759 1744 2787; x_wconf 93' lang='lat' dir='ltr'><strong>illi</strong></span> <span class='ocrx_word' id='word_1_983' title='bbox 1758 2760 1806 2787; x_wconf 73' lang='lat' dir='ltr'><strong>dc~</strong></span> 
     </span>
    </p>
   </div>
   <div class='ocr_carea' id='block_1_120' title="bbox 1013 2805 1805 2840">
    <p class='ocr_par' dir='ltr' id='par_1_120' title="bbox 1013 2805 1805 2840">
     <span class='ocr_line' id='line_1_120' title="bbox 1013 2805 1805 2840; baseline -0.008 -4"><span class='ocrx_word' id='word_1_984' title='bbox 1013 2808 1093 2839; x_wconf 82' lang='lat' dir='ltr'><strong>derit,</strong></span> <span class='ocrx_word' id='word_1_985' title='bbox 1108 2807 1153 2835; x_wconf 77' lang='lat' dir='ltr'><strong>scd</strong></span> <span class='ocrx_word' id='word_1_986' title='bbox 1167 2813 1193 2835; x_wconf 93' lang='lat' dir='ltr'><strong>et</strong></span> <span class='ocrx_word' id='word_1_987' title='bbox 1204 2807 1320 2834; x_wconf 86' lang='lat' dir='ltr'><strong>camelos</strong></span> <span class='ocrx_word' id='word_1_988' title='bbox 1335 2813 1429 2833; x_wconf 89' lang='lat' dir='ltr'><strong>omnes</strong></span> <span class='ocrx_word' id='word_1_989' title='bbox 1441 2805 1588 2840; x_wconf 86' lang='lat' dir='ltr'><strong>aquaverit,</strong></span> <span class='ocrx_word' id='word_1_990' title='bbox 1603 2810 1629 2832; x_wconf 90' lang='lat' dir='ltr'><strong>et</strong></span> <span class='ocrx_word' id='word_1_991' title='bbox 1643 2813 1689 2840; x_wconf 88' lang='lat' dir='ltr'><strong>per</strong></span> <span class='ocrx_word' id='word_1_992' title='bbox 1702 2813 1731 2832; x_wconf 86' lang='lat' dir='ltr'><strong>ca</strong></span> <span class='ocrx_word' id='word_1_993' title='bbox 1747 2813 1805 2839; x_wconf 77' lang='lat' dir='ltr'><strong>qua:</strong></span> 
     </span>
    </p>
   </div>
   <div class='ocr_carea' id='block_1_121' title="bbox 1018 2852 1813 2888">
    <p class='ocr_par' dir='ltr' id='par_1_121' title="bbox 1018 2852 1813 2888">
     <span class='ocr_line' id='line_1_121' title="bbox 1018 2852 1813 2888; baseline -0.006 -6"><span class='ocrx_word' id='word_1_994' title='bbox 1018 2855 1119 2884; x_wconf 85' lang='lat' dir='ltr'><strong>ﬂebant</strong></span> <span class='ocrx_word' id='word_1_995' title='bbox 1142 2854 1329 2882; x_wconf 86' lang='lat' dir='ltr'><strong>monstraverit</strong></span> <span class='ocrx_word' id='word_1_996' title='bbox 1351 2853 1447 2881; x_wconf 79' lang='lat' dir='ltr'><strong>anima:</strong></span> <span class='ocrx_word' id='word_1_997' title='bbox 1465 2860 1521 2880; x_wconf 82' lang='lat' dir='ltr'><strong>sua:</strong></span> <span class='ocrx_word' id='word_1_998' title='bbox 1543 2852 1742 2888; x_wconf 75' lang='lat' dir='ltr'><strong>ingenuitatem.</strong></span> <span class='ocrx_word' id='word_1_999' title='bbox 1766 2852 1813 2878; x_wconf 73' lang='lat' dir='ltr'><strong>Au.</strong></span> 
     </span>
    </p>
   </div>
  </div>
