2044 3131
219 146 274 175 439

216 204 326 233 nescitis
338 204 410 239 quod
429 204 502 232 multi
517 204 597 232 etiam
618 205 666 233 viri
681 205 813 242 denegattt
829 213 901 242 saepe
912 212 1006 242 peten-

219 253 289 280 tibus
303 250 384 280 talia?
395 250 429 279 Et
440 251 505 287 quid
516 251 577 280 dico
591 252 625 280 de
637 259 705 288 aqua
725 259 784 288 qu:e
799 253 952 289 praebetur?
968 253 1012 281 tn-

219 298 325 326 tcrtlum
337 306 397 325 enin
412 296 484 326 trees
497 301 599 332 tenent,
614 301 641 326 et
654 298 687 326 ab
702 298 890 327 accedentibus
902 304 1012 327 arantur

220 351 248 373 ut
261 344 396 380 paulisper
405 348 573 380 elspee‘tent,
586 353 639 380 quo
653 345 743 373 lumen
756 345 921 379 accendant,
938 346 964 373 id
975 346 1013 373 fa-

221 397 281 418 rere
293 395 416 423 rentnmt,
433 390 539 418 tametsi
555 390 621 418 nihil
636 389 698 418 inde
713 391 847 418 minuatur
860 390 928 425 ignis
941 411 949 424 ,
963 391 1014 418 etsi

222 435 356 463 innumeri
370 436 423 468 sint
431 436 474 471 qui
487 435 637 466 accendere
647 436 740 464 velint.
756 436 804 463 llic
818 440 908 464 autem
919 441 946 463 et
958 443 1016 463 mu—

223 482 272 510 lier
282 487 309 510 et
324 482 422 518 puella,
434 482 554 518 hydriam
568 489 673 518 quoque
688 488 768 518 super
781 482 906 510 humeros
916 482 1015 515 ferens,

224 535 279 554 non
291 526 378 555 solum
391 534 447 554 non
460 528 590 562 gravatim
605 527 665 555 tulit
685 527 755 562 quod
769 526 802 554 ab
815 534 846 555 ea
862 530 1016 562 peteretur:

226 573 275 600 sed
293 574 321 601 et
337 573 395 608 plus
409 581 487 608 quam
510 574 619 608 petitum
634 578 688 601 erat
712 573 844 600 concessit
860 577 908 600 :ct
927 577 1018 607 potum

227 618 311 652 dedit,
328 620 357 646 ut
370 619 488 655 petebat,
503 623 584 654 atque
597 625 629 646 ex
645 619 732 653 seipse
746 618 825 646 etiam
841 618 959 646 camelos
970 625 1019 653 po-

229 671 287 694 tare
299 665 415 694 festinat.
438 664 574 693 Annucrat
587 666 658 693 enim
673 666 803 701 benignus
817 666 888 693 Deus
905 666 1020 701 patriar-

229 711 287 740 cha:
301 712 433 746 precibus,
443 712 591 747 angeloque
605 718 656 739 suo
668 712 759 744 misso,
769 711 857 739 omnia
874 711 917 738 illa
930 711 1021 746 dispo-

230 758 283 786 suit
297 758 355 785 ﬁeri
373 757 442 785 sicut
455 764 549 785 servus
566 758 707 792 petiverat.
722 756 786 784 Dein
802 762 943 792 postquam
958 757 1023 784 vidit

230 811 260 832 re
274 804 330 839 ipsa
346 808 439 838 preces
453 802 612 837 patriarcha:
622 802 757 835 efﬁcaces,
773 806 800 830 et
813 802 928 830 obtinuit
941 802 1023 837 virgi-

234 856 295 877 nem
310 855 389 884 quam
401 849 520 884 optabat,
537 848 658 882 illiusque
670 848 793 875 eximiam
805 847 870 875 vidit
884 847 1024 883 hospitali-

233 899 331 927 tatem,
356 894 416 921 ride
438 893 503 928 quid
525 893 569 926 lit;
584 893 649 920 dicit
668 893 758 921 enim:
775 892 818 920 90.
843 892 982 920 Festinavit
1003 897 1026 920 et

233 943 361 970 evacuaolt
383 948 477 978 aquam
495 942 521 969 in
532 942 634 969 canales
644 961 652 975 ,
667 946 690 968 et
702 941 811 968 cucurrit
822 941 855 967 ad
871 944 984 975 puteum,
999 943 1027 965 ut

230 989 348 1017 hauriret
368 994 477 1023 aquam,
489 991 513 1016 et
525 988 625 1024 aquarii
646 993 732 1015 omnes
751 987 861 1015 cantetur
880 987 944 1022 ejus.
960 984 1028 1014 Vide

232 1035 475 1070 locupletissimum
488 1032 794 1070 promptitudinem.Per
807 1033 858 1061 hoc
873 1032 943 1061 enim
957 1031 1029 1068 quod

236 1081 284 1114 ait,
290 1079 435 1114 Festinavit,
441 1085 464 1108 et
468 1081 595 1108 euacuavlt
601 1081 728 1117 hydriam,
733 1086 756 1108 et
760 1081 869 1108 cucurrit
874 1079 908 1106 ad
916 1083 1028 1116 puteum,

238 1130 402 1155 monstratur
424 1127 518 1162 puella:
537 1133 643 1155 summa
663 1127 787 1154 alacritas
803 1135 809 1153 :
826 1127 887 1161 quia
902 1132 989 1160 neque
1003 1128 1032 1152 ut

239 1174 325 1201 aliena
338 1172 439 1208 aufugit
448 1194 456 1207 ,
477 1179 563 1209 neque
576 1177 705 1208 praetextu
728 1172 898 1200 continentia!
910 1170 1033 1207 petitioni

231 1219 349 1262 irenuit:
370 1219 418 1247 sed
442 1226 503 1246 cum
524 1219 608 1246 multa
631 1217 837 1246 mansuetudine
859 1217 961 1252 inquit,
987 1216 1031 1244 £8.

239 1263 312 1297 Bibe,
327 1264 437 1291 domine.
451 1264 554 1300 Cogita,
568 1265 690 1297 obsccm,
703 1268 800 1299 quanta
816 1263 896 1290 etiam
911 1269 942 1290 ea
955 1265 1034 1289 aetate

240 1310 321 1338 fuerit
333 1309 503 1338 continentia:
521 1309 673 1344 diligentia,
688 1315 714 1336 et
729 1309 867 1336 modestiae
887 1307 1032 1335 eminentia

242 1354 484 1391 lluspllalitatisqtte
495 1355 652 1391 frequentia.
664 1354 765 1388 Quibus
778 1353 857 1389 igitur
867 1353 962 1389 opibus
977 1351 1036 1380 hrec

243 1408 297 1430 mn
311 1406 374 1430 stitit
386 1402 542 1438 pretiosiora
553 1401 564 1428 i
577 1398 673 1437 quibus
689 1401 821 1428 thesauris
837 1400 894 1427 haec
908 1406 960 1427 non
974 1400 1037 1427 sunt

243 1445 426 1484 praeferenda?
440 1445 504 1476 Haec
524 1454 627 1475 summa
640 1446 689 1474 dos
701 1468 708 1479 ,
721 1446 777 1474 haec
796 1445 937 1473 innumera
947 1445 1015 1472 bona
1028 1464 1036 1477 ,

244 1493 303 1522 itast:
325 1493 467 1521 thesaurus
490 1493 535 1528 qui
557 1499 610 1520 non
635 1493 811 1520 consumitur.
835 1491 936 1520 Videas
958 1491 1039 1526 igitur

245 1540 364 1576 prudens
386 1544 480 1568 servus
501 1539 670 1567 manifestam
691 1539 736 1566 [)ei
763 1538 972 1574 providentiam,
989 1537 1037 1564 ‘21.

246 1579 366 1614 Disccbat
377 1590 443 1619 eam,
460 1585 564 1620 inquit,
579 1588 602 1612 et
616 1585 715 1618 silebat,
732 1589 759 1611 ut
772 1584 845 1611 sciret
859 1591 1040 1619 prosperuntne

247 1628 346 1666 [cettset
362 1627 485 1658 Dominus
504 1631 552 1658 iter
564 1635 636 1658 suum
647 1650 655 1663 ,
670 1636 703 1657 an
723 1636 784 1657 non.
798 1628 866 1664 Quid
890 1630 932 1656 est
957 1628 1020 1656 illttd
1031 1649 1039 1662 ,

246 1672 365 1705 [tacebat
379 1681 433 1703 eam
444 1672 456 1703 .’
468 1673 554 1704 Verba
568 1676 623 1711 ipsa
641 1674 738 1711 puellae
762 1672 904 1710 diligenter
916 1673 1041 1702 conside-

249 1719 341 1756 rabat,
355 1722 493 1757 aSpcctuut
503 1742 510 1756 ,
536 1722 668 1749 incessum
681 1741 689 1753 ,
705 1718 838 1753 habitum,
853 1719 957 1754 aliaque
982 1726 1042 1746 om-

249 1767 293 1795 nia
310 1776 316 1794 :
332 1768 360 1795 et
372 1766 557 1802 “Spectabat,
575 1764 609 1793 Ut
624 1765 699 1792 sciret
719 1773 754 1792 an
773 1771 922 1800 prosperum
945 1764 1043 1799 fecisset

253 1814 375 1842 Dominus
387 1814 434 1840 iter
443 1819 526 1846 suum,
536 1821 569 1840 an
583 1820 644 1840 non.
658 1811 724 1839 Nam
735 1818 795 1847 qua:
800 1810 856 1846 jam
870 1810 939 1838 facta
954 1814 1042 1842 erant,

250 1860 382 1895 insignem
397 1863 425 1887 et
444 1857 587 1894 plurimam
604 1858 714 1893 virginis
733 1855 887 1884 indicabant
906 1855 1041 1883 virtutem.

251 1901 285 1933 Et
296 1903 356 1932 ideo
368 1909 543 1932 remunerans
555 1903 613 1938 ejus
623 1902 803 1930 obedientiam
813 1903 841 1929 et
853 1906 930 1936 aqua:
942 1900 1044 1928 submi-

251 1951 448 1983 nistrationem,
464 1949 641 1984 cireutnponit
655 1949 679 1976 ei
690 1969 697 1982 ,
713 1947 808 1983 inquit,
822 1947 867 1974 22.
880 1946 988 1974 Inaures
999 1954 1046 1973 au-

253 2001 309 2025 reos'
319 1999 342 2025 rt
356 1997 422 2024 duas
432 1997 555 2030 armillas,
570 2000 596 2024 et
608 1995 750 2030 diligenter
760 1993 926 2025 addiseebal,
937 1998 998 2028 quae
1010 1992 1045 2020 ad

252 2046 337 2080 ipsam
352 2044 534 2080 pertinerent,
546 2047 573 2070 et
587 2040 716 2078 rogabat,
731 2040 776 2068 25.
788 2040 868 2076 Cujus
881 2048 907 2067 es
923 2039 995 2074 ﬁlia?
1007 2043 1044 2072 et,

254 2090 326 2119 Num
335 2094 371 2118 est
383 2089 451 2125 apud
466 2094 563 2124 patrem
575 2093 645 2115 tuum
657 2087 726 2114 locus
736 2084 888 2114 diversorii?
900 2084 1046 2113 Considera

255 2138 282 2165 et
299 2137 342 2165 hic
361 2136 456 2172 puella:
470 2138 637 2170 responsum.
652 2132 718 2161 Nam
732 2134 801 2160 sicut
814 2139 874 2159 cum
890 2137 986 2166 aquam
1001 2135 1048 2166 pe-

256 2186 334 2216 teret,
345 2190 398 2210 non
412 2182 497 2209 solum
508 2189 567 2209 eam
580 2178 668 2214 dedit,
684 2177 732 2207 sed
742 2181 768 2207 et
780 2178 898 2207 camelos
913 2178 983 2205 illius
998 2185 1047 2212 po-

257 2228 322 2256 tavit
337 2235 344 2255 :
359 2227 395 2254 ita
408 2230 436 2254 et
448 2224 490 2253 hic
500 2247 508 2259 ,
524 2228 635 2261 rogante
647 2231 725 2253 servo
735 2245 743 2258 ,
756 2232 819 2251 ttum
831 2227 903 2251 esset
915 2223 1006 2255 locus,
1022 2226 1049 2250 et

255 2272 332 2309 cujus
347 2277 419 2301 esset
433 2272 485 2299 ﬁlia
499 2292 506 2305 ,
521 2271 625 2306 inquit,
639 2271 684 2298 24.
698 2269 768 2297 Filia
781 2278 837 2296 sunt
857 2267 990 2296 Bal/melis
1001 2268 1049 2302 ﬁlii

257 2315 366 2348 Melcltat
375 2339 383 2352 ,
397 2326 469 2354 quem
482 2317 578 2352 peperit
592 2316 642 2351 ipsi
656 2315 772 2342 Nnc/tor.
788 2314 857 2342 Dicit
870 2319 897 2342 et
909 2318 1011 2349 patrem
1023 2318 1050 2341 et

255 2373 334 2394 avum
346 2385 354 2399 ,
368 2363 398 2391 ut
419 2362 472 2391 illis
486 2362 599 2397 cognitis
612 2362 658 2389 ﬁat
680 2358 804 2388 alacrior.
819 2359 885 2388 Vide
905 2360 1049 2387 candorem

257 2411 363 2447 puellm.
378 2405 416 2438 De
430 2410 507 2445 patre
518 2411 637 2443 rogatur,
651 2410 679 2435 et
692 2415 745 2434 nou
758 2406 845 2434 solum
859 2404 929 2434 hunc
938 2406 1049 2438 indicat.

257 2456 304 2485 sed
328 2461 355 2484 et
370 2459 472 2491 patrem
486 2454 579 2490 patris.
594 2453 628 2481 Et
640 2458 700 2481 eum
715 2456 836 2488 rogasset
848 2456 942 2481 servus
963 2452 1051 2479 solum

257 2512 292 2531 an
312 2505 384 2531 esset
406 2498 481 2530 locus
505 2497 656 2530 divertendi
670 2521 677 2533 ,
692 2500 736 2528 illa
754 2498 944 2528 addidit:Non
963 2499 1050 2526 totum

258 2550 345 2583 locus,
357 2548 404 2576 sed
413 2548 459 2577 25.
472 2547 506 2575 Et
517 2550 611 2584 {unum
621 2552 644 2574 et
659 2545 778 2582 pabulum
791 2545 899 2573 multum
911 2545 981 2580 apud
996 2548 1053 2572 not.

259 2595 323 2623 lltcc
344 2596 373 2622 ut
387 2594 488 2622 audivit
500 2599 609 2628 servus,
621 2591 768 2621 admiratus
787 2596 830 2620 eat
850 2592 945 2619 miram
959 2595 984 2618 et
1002 2590 1056 2617 lar-

260 2648 321 2675 gam
341 2640 437 2676 puella:
459 2637 682 2675 hospitalitatem.
707 2639 738 2666 Et
751 2642 780 2666 ut
799 2637 892 2665 didicit
905 2642 935 2664 se
951 2643 1003 2663 non
1018 2634 1052 2662 ad

262 2687 367 2721 ignotos
382 2686 513 2722 quosdam
524 2686 646 2719 venisse,
661 2683 708 2713 sed
724 2685 752 2711 in
765 2683 874 2712 domum
890 2681 998 2710 Nachor
1009 2681 1053 2716 qui

263 2731 345 2761 Iratet'
354 2734 412 2761 erat
421 2732 588 2768 patriarchae,
603 2731 649 2760 26.
667 2730 723 2759 Hoc
733 2735 792 2758 cum
804 2729 938 2765 probaret,
951 2727 1051 2762 inquit,

263 2779 337 2807 homo
351 2779 465 2807 adorauit
480 2778 629 2807 Dominum.
650 2777 820 2805 Exhilaratus
832 2775 866 2802 iis
880 2779 938 2809 qua:
952 2779 1054 2808 cogno-

262 2830 358 2861 verat,
372 2830 399 2854 et
413 2826 446 2854 iis
461 2832 520 2861 qua;
540 2825 591 2860 ipsi
603 2824 689 2860 puella
702 2823 816 2857 dixerat,
831 2821 953 2849 Adoravlt
965 2817 1056 2847 Domi-

265 2880 336 2906 sunt.
351 2872 502 2910 gratiasque
523 2871 561 2900 illi
580 2870 655 2906 egit,
667 2876 700 2899 eo
714 2869 785 2905 quod
798 2869 824 2897 itt
838 2867 1015 2904 patriai-citam
1027 2871 1054 2894 et

579 147 608 176 S.
623 148 763 177 JOANNIS
779 149 1018 178 CllBVSOSTOMI
1034 150 1191 178 ABCHIEP.
1212 151 1478 180 CONSTANTINOP.

1800 152 1853 180 διο

1064 209 1091 235 in
1106 215 1135 236 se
1150 213 1250 237 tantam
1270 210 1433 238 declarasset
1445 209 1637 244 providentiam
1647 229 1655 242 ,
1671 213 1699 236 et
1711 209 1855 245 (modom-

1064 253 1107 280 nia
1123 254 1198 288 plana
1213 259 1241 282 et
1260 254 1345 282 facilia
1361 255 1399 284 illi
1411 255 1570 283 reddidisset
1582 264 1590 282 :
1603 260 1630 282 et
1644 255 1711 282 dixit
1725 263 1732 281 :
1744 255 1788 282 37.
1805 254 1856 282 Be-

1064 299 1178 328 nedictus
1191 298 1314 327 Dominus
1328 299 1396 328 Deus
1414 301 1511 328 domini
1525 301 1574 327 »ηεξ
1585 301 1713 328 Mra/mn
1725 319 1733 333 ,
1748 301 1793 335 ιμιὲ
1805 309 1857 328 non

1065 343 1168 372 abstulit
1176 345 1307 381 justitiam
1318 354 1391 373 suum
1401 351 1425 373 ot
1434 346 1559 373 veritatem
1568 354 1588 372 or
1596 347 1701 373 domino
1708 354 1774 373 meo.
1784 346 1858 374 Post-

1066 395 1145 425 quam
1163 390 1228 418 vidit
1250 391 1344 426 puellai
1368 391 1599 423 benevolentiam,
1615 396 1643 418 el
1662 391 1699 419 ab
1720 399 1753 418 ea
1768 392 1860 418 omnia

1067 436 1207 464 manifeste
1221 436 1327 470 didicit,
1343 442 1408 465 tunc
1428 441 1456 465 et
1476 437 1535 472 ipse
1547 437 1642 472 puella:
1655 437 1787 472 signiﬁcat
1799 439 1862 473 ῳίς

1068 486 1140 509 esset
1155 491 1162 509 :
1177 486 1204 510 et
1218 489 1266 518 per
1281 483 1425 518 gratiarum
1444 484 1576 511 actionem
1595 482 1624 510 in
1634 483 1716 510 Deum
1731 483 1820 518 palam
1835 484 1861 511 ei

1071 527 1133 554 facit
1145 535 1175 555 se
1188 535 1241 556 non
1251 535 1284 555 ex
1307 529 1395 556 aliena
1408 529 1487 556 domo
1500 529 1609 562 venire,
1621 530 1669 556 sed
1685 528 1797 557 fratre.
1809 530 1862 556 Na-

1070 572 1160 600 choris
1170 580 1230 601 esse
1244 581 1304 601 cum
1319 574 1365 609 qui
1378 574 1430 601 huc
1443 580 1472 602 se
1491 574 1618 602 misisset.
1636 574 1698 602 "me
1709 574 1753 601 ubi
1771 574 1866 602 didicit

1071 617 1118 645 28.
1133 617 1240 652 Puella,
1256 627 1315 646 cum
1342 627 1436 654 magna
1453 620 1604 655 voluptate,
1617 621 1748 653 cucurrit,
1767 621 1862 655 inquit.

1073 663 1141 691 Vide
1154 664 1287 699 quomodo
1302 665 1329 692 in
1343 665 1454 700 singulis
1476 665 1596 693 declaret
1620 665 1698 693 nobis
1722 666 1865 700 hospitali-

1075 709 1136 737 tatis
1159 710 1321 738 alacritatem
1334 731 1342 744 ,
1356 719 1452 742 cursu.
1469 711 1573 743 verbis,
1590 712 1803 739 mansuetudine.
1817 712 1868 738 Cu-

1075 754 1153 781 currit
1166 755 1238 782 enim
1248 776 1256 789 ,
1269 755 1365 790 inquit,
1379 760 1403 782 et
1414 757 1571 783 annuntiat“
1584 757 1610 783 in
1624 756 1698 783 domo
1714 758 1802 784 matris
1815 765 1870 784 suta

1071 801 1147 836 juxta
1157 801 1230 828 verba
1243 801 1305 828 Ιιιιιε.
1322 801 1414 829 Omnia
1423 810 1481 837 que
1491 803 1621 830 audiverat
1637 811 1651 829 a
1667 811 1758 836 servo,
1773 811 1870 838 paren-

1079 845 1149 873 tibus
1171 846 1338 881 signilicavit.
1358 847 1404 875 29.
1426 847 1458 874 Et
1476 848 1720 884 eucnrrit,inquit,
1736 848 1825 876 Labnn
1837 851 1871 876 ad

1079 892 1204 920 hominem
1220 894 1290 929 forat
1303 893 1336 920 ad
1346 893 1451 928 fontem.
1464 893 1531 922 Vide
1546 894 1679 929 quomodo
1691 900 1719 921 et
1733 894 1776 921 hic
1789 902 1872 921 cursu

1079 938 1240 966 desiderium
1255 946 1333 966 suum
1346 943 1477 972 monstret
1490 940 1525 975 (υ.
1542 939 1600 974 50).
1616 939 1650 967 Et
1663 945 1690 966 ut
1702 940 1766 967 vidit
1783 940 1872 967 homi-

1081 992 1142 1012 nem
1157 988 1272 1012 stantem
1281 985 1352 1020 apud
1373 985 1472 1013 fontem
1482 993 1544 1013 cum
1553 985 1663 1013 camelis
1675 1006 1683 1019 ,
1693 986 1738 1013 5i.
1749 985 1819 1012 Diait
1829 987 1850 1012 ei
1864 994 1873 1012 :

1086 1029 1159 1063 Veni,
1173 1029 1313 1065 ingredere;
1327 1030 1470 1058 benedictus
1482 1029 1605 1057 Dominus
1615 1038 1677 1057 :eur
1689 1031 1753 1066 [oris
1763 1031 1874 1058 stetisti?

1081 1074 1138 1111 Ego
1149 1076 1263 1111 disposui
1270 1077 1372 1103 domum
1382 1081 1406 1103 et
1416 1076 1498 1103 locum
1507 1076 1618 1103 cantetis.
1629 1076 1727 1104 Videet
1740 1077 1811 1104 hunc
1826 1077 1877 1104 hoe

1083 1122 1251 1150 nedicentem
1262 1122 1346 1150 Deum
1359 1121 1384 1150 in
1400 1123 1517 1150 adventu
1532 1122 1683 1158 peregrini,
1701 1127 1729 1150 et
1740 1123 1878 1158 quomodo

1083 1172 1226 1202 antequam
1240 1167 1451 1202 hospitalitatem
1466 1168 1590 1203 impleret
1602 1175 1694 1203 opere,
1710 1168 1800 1195 multis
1815 1175 1878 1194 cunt

1085 1213 1207 1241 hortatus
1221 1218 1271 1241 est.
1291 1212 1363 1245 Veni,
1377 1213 1471 1248 inquit,
1487 1213 1618 1248 ingredere
1633 1221 1642 1240 :
1653 1213 1708 1248 jam
1721 1213 1794 1240 enim
1808 1213 1880 1240 ΡΥ.-

1086 1259 1172 1294 paravi
1185 1259 1286 1286 domum
1305 1263 1327 1286 et
1341 1259 1423 1286 locum
1433 1259 1546 1286 camelis.
1562 1259 1662 1287 Deinde
1683 1259 1806 1294 ingressu
1823 1266 1856 1286 eo
1870 1279 1879 1292 ,

1087 1304 1172 1340 inquit
1187 1314 1194 1332 :
1209 1304 1254 1332 52.
1269 1304 1394 1332 Destracit
1415 1305 1528 1332 camelos
1548 1309 1571 1331 et
1594 1304 1662 1332 dedit
1676 1305 1762 1339 palus
1773 1324 1784 1339 ,
1798 1309 1822 1332 et
1832 1307 1878 1340 [te-

1087 1358 1156 1383 num,
1168 1355 1192 1377 et
1203 1359 1309 1386 aquam,
1323 1354 1351 1377 ut
1365 1350 1508 1378 lavarentur
1522 1351 1597 1385 pedes
1610 1351 1673 1386 ejus.

1123 1397 1150 1424 5.
1166 1396 1231 1424 Vide
1241 1396 1375 1432 quomodo
1387 1396 1414 1424 hi
1425 1397 1468 1432 qui
1488 1396 1576 1424 adhuc
1597 1404 1689 1424 errore
1713 1395 1882 1428 tenebantur.

1089 1449 1211 1477 magnam
1223 1442 1410 1477 hospitalitatis
1418 1449 1509 1470 curam
1517 1442 1638 1477 agebant.
1653 1441 1685 1468 Et
1695 1442 1765 1468 dedit
1777 1450 1882 1476 «quam,

1089 1493 1117 1516 ut
1132 1489 1279 1516 lavarentur
1291 1487 1366 1524 pedes
1381 1489 1447 1523 ejus,
1459 1494 1482 1516 at
1496 1489 1571 1523 pedes
1586 1489 1697 1515 uirorum
1713 1496 1758 1523 qui
1777 1496 1834 1515 tum
1855 1496 1884 1515 eo

1091 1538 1171 1562 erant.
1186 1535 1231 1562 33.
1247 1534 1281 1562 Et
1291 1536 1410 1570 apposuit
1422 1535 1457 1562 eis
1470 1542 1549 1570 panes
1567 1534 1602 1561 ad
1621 1535 1813 1561 comedendum.
1831 1534 1884 1561 Sed

1093 1582 1136 1609 hic
1157 1581 1275 1614 attende,
1303 1581 1425 1614 obsecro,
1449 1587 1570 1616 magnam
1596 1580 1685 1607 famuli
1706 1580 1883 1615 prudentiam.

1092 1627 1161 1662 Quid
1171 1626 1242 1654 enim
1253 1627 1309 1654 ait?
1320 1625 1381 1653 Non
1390 1626 1531 1659 comedam,
1541 1626 1621 1653 donec
1632 1626 1722 1660 loquar
1732 1626 1806 1652 verba
1819 1633 1885 1652 mea.

1094 1672 1148 1700 Vos
1162 1672 1278 1708 quidem,
1292 1672 1386 1708 inquit,
1400 1671 1517 1699 officium
1528 1676 1648 1699 vestrum
1673 1671 1700 1698 in
1711 1679 1755 1699 me
1782 1671 1886 1706 praesti-

1095 1717 1163 1746 tistis
1178 1726 1185 1745 :
1200 1725 1250 1753 ego
1263 1722 1351 1746 autem
1366 1724 1533 1752 nequaquam
1549 1721 1625 1744 antea
1638 1717 1735 1753 quietis
1748 1724 1816 1744 mea:
1842 1724 1886 1743 ra-

1095 1766 1194 1794 tionem
1204 1766 1319 1799 habebo,
1340 1765 1427 1794 donec
1437 1771 1545 1793 causam
1558 1772 1605 1792 vos
1620 1764 1737 1792 docuero
1748 1783 1756 1796 ,
1780 1768 1889 1798 propter

1095 1820 1174 1848 quam
1185 1813 1212 1840 in
1227 1812 1296 1840 hane
1305 1813 1375 1840 viam
1388 1813 1438 1840 sim
1450 1813 1558 1845 missus,
1573 1815 1602 1839 et
1614 1816 1698 1846 quare
1708 1818 1723 1837 a
1737 1809 1887 1837 Chanauaea

1097 1860 1149 1888 huc
1164 1859 1293 1892 venerim,
1305 1864 1332 1887 et
1340 1859 1475 1895 quomodo
1485 1859 1512 1886 in
1525 1858 1633 1886 domum
1644 1861 1759 1884 vestram
1774 1856 1828 1883 huc
1841 1856 1889 1883 du-

1097 1910 1156 1933 etus
1168 1906 1229 1938 sim,
1245 1912 1277 1933 ac
1291 1911 1351 1932 cum
1373 1904 1462 1932 omnia
1476 1903 1632 1935 didiceritis,
1647 1907 1709 1930 tunc
1727 1906 1755 1929 et
1768 1909 1816 1929 vos
1842 1909 1887 1929 ve-

1097 1956 1179 1980 stram
1192 1957 1254 1987 erga
1266 1951 1404 1979 dominum
1418 1957 1507 1978 meum
1524 1949 1737 1977 benevolentiam
1752 1948 1890 1975 declarare

1098 1998 1228 2034 poteritis.
1241 1995 1479 2031 Narratiouemque
1492 2001 1571 2023 orsus
1582 1995 1618 2022 ait
1628 2002 1635 2021 :
1644 1995 1688 2022 55.
1701 1995 1797 2022 Servus
1811 1993 1892 2020 Abra-

1099 2045 1138 2072 Ιιιε
1151 2050 1207 2072 tum
1218 2051 1264 2079 ego
1277 2050 1287 2070 :
1301 2042 1345 2070 55.
1361 2042 1486 2070 Dominus
1508 2047 1591 2069 autem
1614 2041 1739 2068 benedixit
1762 2040 1892 2067 demittunt

1099 2097 1181 2118 meum
1194 2090 1277 2123 valde,
1293 2094 1317 2116 et
1331 2089 1432 2116 deditel
1445 2089 1452 2104 '
1470 2096 1527 2115 oves
1549 2092 1573 2114 et
1593 2087 1693 2119 vitulos,
1707 2094 1800 2114 aurum
1813 2091 1836 2113 et
1852 2094 1893 2112 nr-

1099 2142 1210 2174 gentum,
1227 2142 1311 2164 servat
1321 2140 1345 2163 et
1359 2135 1477 2168 ancillas,
1493 2134 1602 2162 camelos
1624 2138 1648 2161 et
1667 2133 1764 2160 asinos.
1793 2133 1838 2160 36.
1863 2132 1893 2158 Et

1100 2184 1196 2219 peperit
1210 2182 1292 2210 Sarra
1301 2186 1365 2209 uxor
1375 2181 1471 2208 domini
1479 2181 1526 2207 mei
1535 2180 1618 2214 ﬁlium
1627 2187 1705 2206 unum
1714 2178 1817 2206 domum
1828 2186 1892 2210 ntro,

1100 2236 1158 2256 cum
1171 2230 1225 2264 ipse
1234 2229 1292 2263 jam
1306 2227 1438 2259 tenuisset,
1455 2231 1479 2253 et
1494 2226 1562 2252 dedit
1573 2225 1612 2252 illi
1627 2225 1712 2252 omnia
1734 2230 1894 2257 qua-cumquo

1102 2275 1199 2302 habuit.
1211 2271 1277 2302 Vide
1288 2272 1423 2309 quomodo
1433 2279 1493 2300 cum
1503 2271 1639 2306 diligentia
1651 2270 1740 2297 omnia
1747 2270 1786 2297 eis
1793 2274 1893 2296 narrat.

1102 2320 1176 2349 illius
1190 2326 1260 2352 sum.
1284 2318 1380 2354 inquit,
1396 2317 1511 2346 Abraha:
1522 2323 1626 2350 servus,
1640 2322 1720 2351 quem
1736 2316 1832 2342 nostis.
1850 2315 1894 2341 Di-

1102 2368 1169 2395 scite
1184 2367 1273 2402 itaque
1285 2370 1410 2400 quantam
1423 2364 1457 2391 ab
1470 2363 1590 2391 muniam
1604 2362 1716 2389 Domino
1730 2360 1894 2388 benedictio-

1104 2419 1165 2442 nem
1177 2416 1357 2448 consequutus
1367 2412 1412 2442 sit.
1427 2411 1462 2438 ita
1479 2415 1507 2438 ut
1522 2409 1598 2436 valde
1611 2409 1645 2436 sit
1659 2408 1769 2436 ditatus.
1797 2407 1894 2434 Deinde

1103 2459 1202 2488 docens
1216 2459 1367 2487 divitiarum
1393 2457 1506 2491 copiam,
1535 2455 1639 2490 inquit:
1658 2453 1722 2481 0m
1743 2457 1767 2479 et
1793 2452 1894 2483 vitulos,

1104 2511 1236 2542 argentum
1246 2510 1270 2532 et
1284 2510 1386 2537 aurum,
1400 2508 1484 2530 servo:
1499 2506 1523 2529 et
1535 2500 1654 2532 ancillas,
1662 2499 1775 2526 contactos
1783 2503 1806 2525 et
1813 2498 1894 2524 asinos

1104 2552 1254 2588 acquisivit.
1269 2551 1377 2583 Audite,
1391 2550 1499 2581 divites,
1513 2548 1557 2582 qui
1570 2551 1607 2574 tot
1619 2551 1648 2574 et
1659 2544 1823 2580 totquotidie
1833 2543 1897 2570 enti-

1105 2600 1139 2627 tis
1150 2597 1259 2634 praedia.
1273 2602 1301 2625 et
1317 2597 1410 2623 balnea
1430 2602 1461 2622 ac
1481 2592 1666 2622 deambttlncra
1692 2595 1719 2618 et
1747 2588 1898 2625 splendidas

1107 2647 1201 2675 domos
1213 2643 1361 2672 :edilicatis.

1141 2688 1243 2719 Divititz
1254 2698 1304 2717 non
1324 2688 1351 2715 in
1371 2686 1507 2722 superﬂuit
1520 2683 1703 2719 lmpendendre.
1724 2696 1761 2702 —
1776 2680 1897 2711 Videtis,

1107 2738 1134 2765 in
1149 2737 1245 2772 quibus
1257 2734 1355 2763 divitia:
1367 2733 1432 2768 justi
1453 2730 1551 2760 fuerint
1569 2728 1742 2759 constitutae?
1766 2726 1897 2760 NUsthattt

1138 2803 1147 2817 ¹
1162 2802 1204 2826 Sic
1215 2800 1290 2824 etiam
1303 2798 1326 2823 in
1339 2797 1415 2823 Sat‘ll.
1435 2794 1463 2821 ln
1483 2797 1553 2820 lexttt
1566 2800 1630 2826 vero
1640 2791 1801 2826 septuaginta
1820 2789 1897 2826 lutet?

1107 2822 1204 2865 pretim
1215 2822 1372 2865 ilice-uerter
1381 2834 1483 2865 sensus,
1490 2822 1810 2865 ...τλΒςιιιῖᾳξξ-ὶε
1821 2825 1896 2847 metm

1107 2854 1355 2892 ὖὰῖάἇῖὲίεζῑιιιιαιιιδ
1365 2863 1400 2886 est
1413 2860 1464 2891 (καὶ
1473 2854 1581 2889 ὑψώθη).
1591 2858 1613 2883 ct
1623 2854 1691 2881 dedtt
1702 2854 1735 2884 ei,
1749 2857 1800 2879 etc.
