2044 3131
209 129 257 157 lli

207 196 282 223 ager;
297 195 425 223 nusquam
437 188 542 221 domus,
554 192 581 216 et
592 195 785 224 supervacanea
798 191 998 226 sumptuositas:

176 249 182 267 ε
208 234 256 263 sed
267 242 331 263 oves
346 239 373 262 et
384 235 457 262 vituli
468 256 476 269 ,
489 235 585 263 cameli
606 240 633 263 et
645 238 727 264 asina:
739 257 746 270 ,
759 237 828 265 servi
849 242 876 265 et
887 238 999 265 ancilla.

210 280 243 308 Et
256 284 284 308 ut
297 280 395 313 discas,
409 287 546 308 servorum
561 281 701 309 multitudo
714 282 784 310 unde
797 283 820 310 ei
840 283 980 317 contigerit
993 303 1000 315 ,

210 325 310 353 addidit
324 325 376 353 alio
391 325 450 354 loco
464 335 471 352 :
492 326 630 354 Vernaculi
652 335 745 356 omnes
769 334 844 355 erant
858 329 866 363 (
882 328 944 356 Gen.
958 328 1001 355 Π.

209 370 268 405 25).
285 371 333 398 ilic
347 370 435 407 igitur,
451 371 545 407 inquit,
559 372 682 400 dominus
705 381 792 406 meus,
808 374 850 400 cui
872 378 951 401 tanta:
963 374 1003 401 fa-

210 415 324 443 cultates
336 420 408 448 sunt,
421 419 449 443 et
462 416 507 451 qui
522 417 632 444 multam
643 425 757 451 superne
766 418 878 452 gratiam
891 418 1003 453 invenit,

212 461 317 496 quando
329 461 384 496 jam
399 462 489 488 senuit
502 483 510 495 ,
525 470 558 490 ex
577 461 656 490 Sarra
673 462 754 490 ﬁlium
769 464 904 498 suscepit,
919 464 1004 492 hunc-

214 515 266 542 que
281 507 382 535 habens
392 507 566 542 unigenitum,
581 508 666 543 ipsum
679 509 803 536 heredem
813 510 930 537 omnium
941 517 1004 537 suo-

209 560 269 579 rum
285 552 340 587 jam
354 553 491 581 constituit
503 562 511 582 :
524 554 622 588 quippe
636 553 729 581 Omnia
743 554 811 581 dedit
824 555 863 582 illi
877 563 1005 589 quwcum-

211 606 260 632 que
269 598 367 626 habuit.
382 598 447 626 Dein
463 603 601 634 postquam
612 600 729 627 narravit
741 600 840 628 domini
851 600 972 636 gloriam,
980 606 1006 628 et

213 644 295 671 lsaaci
310 649 425 679 partum,
438 644 501 672 dicit
521 645 628 681 insuper
638 649 665 673 et
679 645 803 673 mandata
818 654 876 680 qua:
894 653 1006 681 accepe-

213 694 253 717 rat
268 689 301 716 ab
316 689 381 718 hero
394 697 453 724 suo,
465 695 494 718 ut
506 690 533 718 in
546 690 664 718 Charran
675 692 899 727 proﬁcisceretur.
913 692 957 719 37.
972 692 1006 719 Et

213 735 340 769 adjuravit
354 744 402 768 me,
413 736 507 771 inquit,
523 736 640 764 dominus
650 745 729 770 meus,
742 737 826 764 dicens
841 747 851 765 :
864 737 923 764 Non
937 737 1007 764 acci-

215 781 267 815 pies
278 788 380 807 uxorem
400 781 454 815 filio
465 790 520 808 utea
534 781 610 809 Isaac
622 783 654 810 de
666 783 779 810 omnibus
789 783 890 817 ﬁliabus
905 783 1008 810 Chana-

215 834 327 853 na'orum
339 847 346 859 ,
362 827 425 853 inter
445 835 508 863 quos
529 836 573 862 ego
601 828 706 856 habito:
726 829 770 856 58.
792 828 836 856 sed
855 829 881 855 in
906 829 1008 856 domum

217 873 295 906 patris
317 873 364 899 mei
378 873 450 906 vade,
475 878 498 900 et
524 873 557 900 ad
571 874 743 908 cognationem
766 882 857 908 nteant,
873 873 932 901 inde
943 875 1010 901 acci-

215 919 268 953 pies
279 927 382 946 uxorem
395 919 449 953 ﬁlio
461 928 524 946 meo.
541 920 573 947 Et
585 920 643 955 ipse
657 920 763 955 quidem
780 920 838 948 haec
856 920 921 947 mihi
935 928 1011 947 matt-

216 964 298 997 darit,
312 972 362 999 ego
376 970 464 992 autem
474 965 654 993 difﬁcultatem
671 967 767 1001 negotii
777 974 880 1002 meeum
894 974 1009 1001 perpen-

217 1010 294 1042 dens,
307 1010 432 1045 rogaham
454 1010 590 1038 dominum
607 1019 694 1038 meum
707 1011 715 1048 (
729 1020 752 1038 υ.
777 1011 843 1047 59),
859 1011 881 1039 si
895 1020 946 1039 non
962 1020 1011 1039 vu-

217 1057 295 1084 luerit
309 1057 403 1084 mulier
418 1057 506 1085 venire
521 1065 635 1085 mecum.
665 1058 710 1085 40.
727 1057 761 1084 Et
777 1058 841 1085 dicit
856 1058 918 1085 mihi
933 1065 943 1085 :
958 1057 1010 1085 Do-

217 1103 300 1129 minus
314 1101 383 1130 Deus
394 1103 434 1129 cui
453 1103 593 1138 complacui
603 1111 687 1129 coram
702 1111 742 1136 eo,
764 1103 817 1138 ipse
837 1104 917 1131 mittet
934 1112 1013 1139 ange-

219 1150 272 1174 lum
286 1157 359 1174 suum
372 1152 452 1175 tecum
463 1169 470 1181 ,
482 1153 505 1175 et
521 1156 668 1183 prosperum
679 1149 753 1183 faciet
768 1149 815 1175 iter
827 1153 898 1175 tuum
909 1170 916 1183 ,
932 1154 955 1176 et
969 1157 1013 1175 ac-

217 1193 294 1228 cipies
309 1201 412 1220 uxorem
427 1193 480 1227 ﬁlio
494 1202 559 1227 meo,
575 1202 606 1220 ea:
618 1194 768 1228 cognatione
783 1203 848 1227 mea,
858 1198 881 1221 et
895 1202 926 1221 ea:
938 1194 1012 1221 domo

218 1239 298 1273 patris
313 1239 371 1265 mei.
397 1238 474 1272 Quod
496 1239 517 1266 si
532 1247 584 1266 non
600 1240 714 1274 potuerit
737 1240 889 1274 persuaderi
905 1240 1012 1273 mulier,

219 1290 246 1311 nt
258 1289 343 1311 tecum
358 1285 409 1312 huc
417 1284 654 1319 prnﬁcismtur,“.
667 1283 739 1312 Tunc
748 1285 865 1312 innocens
875 1285 923 1312 eris
935 1293 950 1310 a
963 1293 1015 1311 ma-

219 1330 351 1357 ledictione
366 1338 431 1357 mea.
444 1330 525 1365 igitur
537 1330 660 1357 dominus
674 1331 780 1365 quidem
792 1331 849 1357 lucc
863 1330 927 1357 ntihi
937 1338 1013 1357 man-

219 1374 308 1408 davit,
327 1380 354 1402 et
368 1375 458 1402 talium
485 1383 591 1409 precum
605 1376 699 1402 viatico
722 1383 764 1402 mc
790 1375 946 1403 instructum
961 1374 1014 1402 huc

220 1421 295 1447 misit
310 1428 318 1447 :
334 1428 382 1455 ego
392 1425 479 1448 autem
495 1420 577 1448 fretus
588 1421 658 1448 illius
670 1421 801 1455 precibus,
813 1420 857 1447 ubi
866 1420 899 1447 ad
913 1420 1013 1447 fontem

221 1467 293 1500 veni,
309 1467 364 1494 hace
384 1467 464 1494 verba
482 1467 607 1502 loquutus
622 1475 697 1499 sum,
714 1472 741 1494 et
755 1466 808 1494 dixi
825 1475 831 1492 ς
848 1466 891 1493 42.
907 1465 1015 1493 Domine

221 1512 292 1540 Deus
314 1513 410 1540 domini
435 1513 483 1539 mei
503 1512 653 1545 Abraham,
677 1512 700 1539 si
731 1516 757 1538 tu
782 1519 930 1547 prosperum
952 1511 1015 1547 facis

221 1558 269 1585 iter
283 1566 332 1593 quo
346 1566 412 1585 nunc
424 1557 486 1585 abeo
505 1565 516 1585 :
539 1558 585 1585 43.
601 1557 668 1584 Ecce
687 1565 732 1593 ego
745 1561 783 1584 sta
798 1556 868 1592 apud
879 1559 974 1592 [autent
987 1564 1015 1582 a-

222 1611 279 1638 qua:
291 1612 301 1636 ;
325 1604 385 1637 ﬁlia:
406 1608 490 1630 autent
505 1603 635 1629 hominum
649 1602 725 1637 hujus
739 1602 846 1629 civitatis
859 1601 1016 1637 egrediantur

222 1649 257 1675 ad
279 1649 444 1676 hauriendam
457 1657 560 1684 aquam.
587 1648 618 1675 Et
632 1649 678 1675 erit
689 1648 769 1683 uirgo,
785 1647 825 1674 cui
839 1656 883 1683 ego
903 1648 991 1674 dixero
1006 1654 1016 1674 ξ

224 1692 332 1730 Porrige
347 1695 407 1721 mihi
421 1703 511 1729 parum
524 1702 596 1728 aqua:
608 1702 639 1720 ea;
660 1694 752 1729 hydria
771 1698 813 1720 tua
827 1702 836 1726 ;
849 1693 894 1720 M.
911 1694 932 1720 si
945 1693 1017 1720 dixe-

223 1740 258 1767 rit
268 1740 342 1773 mihi,
359 1740 393 1767 Et
406 1745 432 1767 tu
446 1739 510 1772 bibe,
524 1745 546 1766 et
560 1740 668 1766 camelos
683 1744 738 1766 tuos
752 1741 848 1775 aquabo
869 1747 879 1766 :
901 1740 962 1773 ipsa.
970 1740 1016 1766 erit

224 1795 290 1814 uxor
302 1795 377 1821 quam
390 1786 538 1821 praeparasti
551 1794 620 1813 servo
636 1790 679 1812 tuo
691 1785 777 1813 Isaac.
791 1785 825 1812 Et
839 1786 865 1812 in
879 1785 926 1812 hoc
938 1785 1017 1812 sciam

224 1831 292 1866 quod
306 1832 395 1866 feceris
408 1831 605 1858 misericordiam
620 1831 721 1858 domino
735 1839 789 1858 meo
803 1831 941 1858 Abraham.
955 1831 1017 1858 Hmc

225 1884 276 1913 ego
287 1878 403 1913 quidem,
419 1878 512 1912 inquit,
526 1878 595 1913 apud
617 1878 802 1912 memetipsum
819 1878 901 1904 Deum
911 1878 1016 1912 rogavi;

226 1924 343 1951 nondum
362 1928 450 1950 autem
477 1924 555 1951 linem
582 1923 696 1951 feceram
715 1924 758 1950 illa
772 1923 895 1956 dicendi,
912 1929 939 1950 ct
951 1931 1018 1950 con-

226 1969 314 1997 festim
339 1969 482 2004 adimpleta
507 1974 578 1996 sunt.
602 1969 647 1997 45.
665 1968 734 1995 Nam
757 1969 904 2004 priusquam
919 1977 965 2003 ego
979 1969 1019 1994 di-

225 2015 299 2042 cendi
313 2016 390 2050 ﬁnem
403 2018 510 2051 facerem
524 2036 532 2048 ,
547 2024 602 2042 ecce
626 2015 738 2042 Rebecca
760 2016 819 2042 exiit
831 2023 922 2049 aquam
936 2016 1019 2050 ferens

226 2061 253 2087 in
277 2061 385 2088 humeris
408 2061 470 2088 suis.
490 2061 608 2088 Dicebam
635 2065 718 2088 autem
733 2061 756 2087 ei
769 2069 778 2088 :
794 2060 832 2087 Da
846 2060 908 2087 mihi
921 2065 1017 2094 potum.

227 2105 273 2133 46.
283 2105 313 2132 Ει
326 2106 468 2133 accelerans
482 2106 597 2141 deposuit
608 2106 725 2142 hydriam
737 2114 818 2138 suam,
828 2112 850 2132 et
864 2106 927 2132 dixit
940 2105 1018 2132 mihi:

227 2151 289 2179 Bibe
301 2158 324 2179 et
337 2157 364 2179 tu
376 2173 383 2185 ,
400 2157 422 2179 et
445 2152 553 2179 camelos
567 2158 622 2179 tuos
648 2152 755 2188 aquabo.
780 2152 814 2179 Et
827 2159 887 2179 cum
900 2152 1018 2180 viderem

226 2197 279 2232 jam
295 2197 444 2224 evidentem
465 2198 521 2225 fieri
539 2198 584 2225 Dei
599 2198 790 2232 providentiam
801 2219 807 2230 ,
824 2198 1017 2233 interrogabam

228 2243 304 2278 cujus
317 2248 388 2271 esset
402 2243 465 2271 ﬁlia.
480 2244 514 2271 Et
526 2248 555 2271 ut
567 2243 646 2271 didici
659 2251 691 2270 ex
702 2243 734 2270 iis
747 2251 805 2278 qua:
817 2243 895 2276 dixit,
910 2251 952 2270 me
966 2250 1019 2270 non

228 2289 262 2315 ad
278 2288 381 2315 alienos
395 2289 508 2322 venisse,
523 2289 570 2316 sed
586 2289 612 2315 in
626 2288 733 2315 domum
751 2288 855 2315 Nacltor
868 2288 956 2316 fratris
970 2288 1020 2315 do-

231 2335 294 2361 mini
310 2335 374 2368 mei,
387 2340 491 2369 sumpta
504 2343 551 2370 spe
564 2335 643 2367 bona.
659 2335 704 2362 47.
719 2335 836 2370 Appendi
850 2335 872 2361 ei
886 2335 986 2362 inaures
997 2340 1020 2361 et

230 2382 353 2414 armillas,
368 2386 391 2408 et
403 2389 458 2408 cum
469 2381 516 2408 hoc
530 2381 650 2416 placeret,
667 2381 711 2408 48.
727 2381 829 2408 adoravi
843 2380 1021 2414 Dominum,et

229 2427 344 2454 benedixi
359 2426 441 2454 Deum
454 2428 550 2454 domini
572 2428 621 2454 mei
643 2427 781 2460 Abraham,
801 2427 860 2462 quia
875 2435 1021 2462 prosperata

230 2472 292 2498 mihi
305 2473 351 2499 iter
359 2473 416 2507 fecit
428 2473 447 2507 ‘,
462 2478 488 2499 ut
501 2482 651 2500 assunterem
666 2473 746 2508 [ilium
760 2474 847 2508 fratris
855 2474 951 2500 domini
962 2474 1020 2500 mei.

234 2518 329 2545 Verum
345 2519 403 2546 haec
415 2520 450 2546 ita
463 2527 476 2546 a
494 2519 605 2546 Domino
625 2520 761 2546 manifeste
774 2519 924 2553 dispensata
942 2524 1020 2552 sunt;

233 2571 326 2597 preces
346 2565 444 2598 quippe
467 2564 565 2591 domini
586 2565 638 2591 mei
665 2569 727 2591 tunc
740 2565 839 2591 exitum
862 2564 1019 2591 habuerunt.

233 2608 363 2637 Castorum
376 2618 422 2637 vos
437 2610 460 2637 si
476 2616 591 2637 vestrum
605 2611 722 2637 oiﬁcittm
738 2611 862 2645 impletis,
877 2611 921 2638 49.
934 2610 1023 2637 Facile

234 2654 429 2681 misericordiam
441 2661 463 2682 et
476 2656 598 2687 iustitiam
611 2664 666 2682 cum
682 2656 782 2682 dontino
797 2665 865 2684 meo:
875 2657 914 2683 sin
928 2657 1020 2690 minus,

236 2701 381 2727 aununtiate
391 2701 462 2728 mihi.
477 2701 534 2727 Jam
546 2701 620 2733 mihi,
637 2702 729 2736 inquit,
746 2702 902 2737 signiﬁcate,
914 2707 942 2729 ut
955 2703 1023 2729 scire

237 2746 332 2779 possim
348 2746 409 2780 quid
424 2751 544 2780 oporteat
558 2754 599 2773 me
614 2747 709 2774 facere.
726 2747 800 2781 Quod
821 2747 844 2774 si
864 2747 951 2774 minus
965 2748 1023 2779 pia-

236 2795 288 2824 cct,
302 2796 328 2818 ct
341 2792 453 2826 idip:um
464 2792 553 2825 dicite,
571 2797 598 2819 ttt
610 2793 662 2819 alio
676 2793 725 2820 iter
739 2794 844 2827 faciam,
859 2798 885 2821 et
901 2794 942 2820 Me
957 2803 1005 2821 con
1015 2809 1022 2812 -

269 2847 278 2863 ⁸
294 2847 335 2872 uie
345 2849 499 2879 septuaginta
511 2851 584 2880 tnterl
592 2852 659 2874 rctes
667 2849 764 2879 addunt,
777 2849 802 2875 in
813 2849 850 2874 ria
862 2849 976 2875 raritatis.

690 131 722 160 ΙΝ
740 133 814 162 CAP.
838 132 932 161 XXIV.
952 133 1073 163 CENES.
1093 136 1207 166 HOMIL.
1229 138 1344 168 XLVIII.

1792 143 1843 180 te

1054 200 1147 222 vertam
1160 197 1198 223 uel
1216 197 1251 224 ad
1263 197 1388 231 deartram,
1411 198 1448 226 vel
1461 198 1495 225 ad
1513 199 1651 226 sinistram.
1667 199 1762 227 Postea
1776 208 1842 234 quo-

1054 242 1124 269 niam
1138 243 1206 270 Deus
1224 247 1282 271 erat
1297 244 1340 278 qui
1357 244 1445 272 omnia
1461 250 1569 280 propter
1582 254 1673 281 preces
1681 246 1844 281 patriarcha:

1053 287 1226 321 secundahat,
1243 288 1334 316 dicunt
1351 289 1375 316 ei
1391 293 1464 324 pater
1478 295 1506 317 et
1523 290 1604 318 frater
1616 291 1726 326 virginis
1740 300 1747 317 :
1764 291 1808 318 50.
1823 291 1844 317 Α

1055 333 1163 362 Dantin
1185 335 1244 362 eaiit
1265 336 1363 362 verbum
1383 335 1429 362 hoc
1443 343 1454 362 :
1467 345 1517 362 non
1540 337 1675 371 poterimus
1690 337 1733 364 tibi
1746 342 1846 363 contra-

1055 379 1137 406 dicere
1150 380 1188 406 vel
1202 380 1295 407 malum
1316 380 1354 407 uel
1373 381 1475 407 bonum.
1490 381 1530 408 Ex
1551 382 1702 409 narratione
1725 386 1768 408 tua
1782 382 1846 408 satis

1056 424 1239 459 intelligimus.
1256 429 1338 452 totum
1351 425 1400 453 hoc
1413 425 1500 452 divina
1515 426 1712 460 dispensatione
1726 427 1792 453 ﬁeri.
1811 427 1849 453 Nc

1057 470 1136 505 igitur
1151 475 1225 504 putes
1247 478 1296 497 nos
1314 471 1383 498 vclie
1395 471 1529 498 adversari
1545 471 1577 497 iis
1591 478 1649 505 qua:
1666 471 1720 497 Deo
1733 471 1850 505 proban-

1057 519 1099 543 tur
1114 525 1120 542 :
1133 516 1197 543 illud
1210 516 1280 543 enirn
1295 516 1443 544 facerenon
1458 523 1608 551 possumus.
1619 516 1688 543 Ecce
1702 515 1783 542 habes
1797 516 1851 542 vir-

1056 562 1144 596 ginem
1157 570 1164 594 ;
1180 561 1224 589 51.
1238 562 1311 590 Tolle
1330 571 1394 596 eam,
1406 567 1428 590 et
1439 563 1611 598 proﬁciscere,
1625 569 1647 589 et
1658 563 1705 589 erit
1719 571 1784 589 uxor
1797 563 1850 596 ﬁlio

1037 626 1041 630 ι
1057 607 1153 634 domini
1167 608 1212 640 tui,
1226 608 1290 635 sicut
1303 608 1419 643 loquutus
1429 612 1465 635 est
1483 608 1615 635 Dominus.

1094 653 1119 680 6.
1131 653 1273 680 Historiam
1282 653 1400 681 Rebecca:
1414 662 1492 689 usque
1505 654 1539 680 ad
1549 654 1628 689 ipsius
1639 656 1778 689 profectum
1793 661 1852 688 pro-

1058 700 1189 734 sequitur;
1214 700 1358 727 narratione
1378 701 1520 734 exprimens
1543 700 1666 735 quidquid
1694 701 1744 727 sive
1765 700 1849 734 aedifi-

1059 745 1146 771 candis
1166 745 1217 772 siue
1231 745 1374 772 erudiendis
1386 745 1542 772 auditoribus
1555 746 1672 772 inseruire
1687 750 1776 779 potest.
1797 744 1851 772 Sub

1061 791 1136 825 finem
1151 791 1281 824 ltomilitc,
1306 792 1340 818 ad
1362 790 1480 818 Isaacum
1499 796 1522 818 et
1546 791 1683 818 Rcbeccam
1697 791 1853 818 aemulandos

1060 838 1174 864 hortatur
1188 858 1196 870 ,
1221 837 1302 864 malos
1331 838 1371 864 sui
1396 838 1515 873 temporis
1546 838 1692 873 nuptiarum
1717 838 1780 864 ritus
1808 845 1853 863 ar-

1060 892 1148 919 guens.
1174 898 1210 903 -—
1235 883 1344 911 Vidistis
1379 883 1512 918 quomodo
1535 884 1678 911 studebant
1707 884 1769 910 olim
1794 883 1854 910 ﬁliis

1062 930 1117 956 suis
1132 936 1229 956 uxores
1242 929 1361 956 ducere?
1378 929 1512 964 quomodo
1526 929 1610 963 magis
1628 929 1723 956 anima:
1744 936 1855 964 genero-

1061 976 1177 1008 sitatem,
1194 983 1271 1010 quam
1283 982 1361 1009 opum
1374 974 1561 1001 abundantiam
1577 973 1768 1009 inquirebant?
1784 973 1854 1001 Nus-

1062 1028 1140 1056 quam
1155 1021 1328 1048 instrumenta
1340 1041 1347 1054 ,
1373 1027 1502 1054 nusquam
1524 1024 1597 1054 pacta
1610 1040 1617 1052 ,
1636 1023 1662 1047 et
1681 1019 1731 1046 alia
1745 1019 1854 1046 ridicula

1063 1075 1122 1101 qua:
1136 1075 1205 1094 nunc
1219 1066 1287 1100 apud
1304 1073 1352 1093 nos
1366 1065 1441 1098 ﬁunt,
1458 1069 1485 1093 et
1498 1065 1666 1093 conditiones
1680 1065 1732 1092 illa:
1744 1073 1802 1099 qute
1818 1069 1856 1091 ta-

1063 1112 1133 1139 bulis
1148 1113 1301 1139 inscruntur
1317 1120 1324 1138 :
1350 1111 1378 1139 Si
1392 1112 1492 1146 absque
1517 1112 1610 1139 liberis
1624 1132 1631 1145 ,
1647 1111 1744 1146 inquit,
1759 1111 1857 1138 moria-

1065 1163 1116 1190 tur,
1131 1157 1154 1185 si
1169 1157 1219 1185 ltoc
1233 1162 1260 1184 et
1283 1157 1333 1184 hoc
1345 1157 1481 1191 contingat
1497 1165 1504 1184 :
1522 1165 1614 1184 verum
1633 1156 1702 1191 apud
1718 1157 1777 1184 illos
1791 1155 1856 1183 nihil

1065 1203 1127 1236 tale,
1152 1203 1199 1230 sed
1214 1203 1335 1229 maxima:
1346 1207 1372 1229 et
1390 1202 1565 1230 securissima:
1580 1202 1674 1228 tabula:
1690 1206 1764 1228 erant
1778 1201 1856 1235 virgi-

1064 1249 1106 1276 nis
1128 1255 1239 1275 mores:
1261 1255 1390 1282 nusquam
1414 1247 1535 1282 cymbala
1556 1251 1584 1274 et
1607 1246 1723 1273 chorccc.
1750 1246 1784 1273 Et
1808 1246 1857 1273 hoc

1065 1295 1143 1326 scies,
1152 1293 1257 1329 quando
1272 1293 1304 1320 ad
1319 1301 1445 1328 sponsum
1458 1293 1587 1327 virginem
1602 1292 1700 1319 videris
1714 1291 1856 1319 introduci.

1066 1339 1110 1367 52.
1128 1339 1160 1367 Ut
1176 1339 1240 1366 enim
1255 1339 1350 1366 audivit
1361 1347 1457 1372 servus,
1474 1339 1567 1373 inquit,
1585 1338 1639 1365 Iure
1653 1347 1668 1364 a
1685 1343 1757 1373 patre
1771 1343 1793 1365 et
1803 1340 1858 1373 [ra-

1066 1391 1112 1419 tre,
1126 1386 1241 1413 adoravit
1257 1385 1336 1412 Deum
1348 1394 1424 1419 super
1434 1385 1606 1412 terram.\"ide
1619 1385 1751 1420 quomodo
1764 1384 1789 1412 in
1805 1385 1858 1411 sin-

1065 1432 1134 1467 gulis
1147 1440 1206 1467 quo).
1219 1432 1327 1465 ﬁebant,
1341 1432 1525 1458 universorum
1537 1431 1651 1458 Domino
1662 1431 1758 1466 gratias
1771 1431 1858 1457 ochrt.

1067 1479 1126 1512 Ipse
1139 1477 1208 1505 enim
1224 1482 1281 1504 erat
1295 1477 1340 1512 qui
1364 1481 1442 1504 antea
1466 1476 1632 1512 praeparabat
1647 1476 1734 1502 omnia
1751 1496 1758 1509 ,
1775 1480 1802 1503 et
1814 1484 1858 1503 se-

1067 1524 1181 1551 cundum
1191 1522 1349 1558 patriarcha:
1359 1522 1470 1549 verbum
1485 1521 1661 1556 praunittehat
1669 1521 1789 1556 angelum
1798 1525 1858 1548 ante

1068 1570 1140 1597 illum
1155 1590 1163 1602 ,
1183 1569 1229 1604 qui
1252 1569 1339 1596 omnia
1362 1567 1473 1596 feliciter
1494 1567 1643 1595 ordinabat.
1664 1568 1784 1603 Denique
1799 1568 1858 1603 quia

1069 1615 1166 1642 certior
1179 1615 1264 1642 laetus
1277 1614 1311 1641 de
1324 1615 1430 1650 negotio
1444 1613 1555 1641 feliciter
1565 1613 1694 1649 perfecto,
1706 1614 1750 1641 55.
1771 1613 1859 1640 Prola-

1068 1666 1103 1694 ta,
1118 1661 1213 1696 inquit,
1228 1668 1288 1688 vasa
1306 1668 1392 1693 aurea,
1409 1665 1431 1687 et
1443 1665 1571 1695 argentea,
1585 1665 1608 1686 et
1621 1664 1712 1686 uestem
1727 1660 1794 1686 dedit
1811 1659 1860 1686 Re-

1069 1708 1157 1734 beccte.
1173 1707 1248 1734 Nunc
1267 1715 1327 1734 ctnn
1354 1706 1450 1733 ﬁducia
1474 1714 1532 1734 eam
1555 1706 1605 1733 sibi
1618 1706 1742 1733 conciliat
1755 1705 1859 1737 officiis,

1069 1753 1144 1787 quasi
1159 1753 1214 1787 jam
1230 1752 1318 1779 verbis
1330 1752 1518 1787 desponsatam
1541 1752 1621 1779 lsaac.
1639 1751 1756 1778 Honor-at
1770 1755 1860 1777 autem

1070 1797 1147 1825 donis
1163 1802 1189 1826 et
1205 1798 1311 1825 fratrem
1325 1818 1332 1830 ,
1347 1802 1374 1824 et
1396 1803 1519 1830 matrem,
1534 1801 1560 1824 et
1575 1805 1634 1823 cttm
1648 1796 1713 1823 vidit
1725 1795 1859 1830 negotiutn

1070 1849 1097 1871 et
1112 1844 1265 1870 mandatum
1278 1843 1426 1878 impletutn,
1443 1847 1505 1870 tunc
1516 1843 1621 1870 tandem
1635 1841 1706 1869 reﬁci
1725 1849 1754 1868 se
1768 1848 1861 1876 passus

1070 1895 1121 1918 est.
1135 1890 1179 1918 54.
1195 1889 1363 1917 Comedcrunt
1375 1889 1444 1916 enim
1459 1909 1465 1921 ,
1485 1889 1589 1923 inquit,
1605 1893 1627 1914 et
1641 1888 1752 1914 biberunt
1772 1887 1825 1922 ipse
1837 1891 1861 1913 et

1070 1937 1116 1963 uiri
1130 1936 1242 1971 quicum
1262 1943 1290 1961 eo
1313 1938 1400 1966 erant,
1425 1939 1448 1961 et
1471 1933 1650 1960 dormicerunt.
1667 1932 1776 1967 Cumque
1790 1939 1863 1957 mane

1070 1980 1296 2013 surrexisset,dixit
1310 1988 1319 2006 :
1331 1979 1456 2006 Dintittite
1470 1987 1519 2010 me,
1532 1983 1560 2004 ut
1572 1977 1662 2008 vudam
1678 1977 1711 2004 ad
1732 1976 1862 2003 dominum

1072 2034 1165 2053 meum.
1179 2025 1310 2059 Quoniam
1325 2024 1414 2051 omnia
1439 2024 1503 2050 mihi
1527 2027 1579 2050 tam
1601 2022 1712 2050 feliciter
1726 2028 1863 2048 successe—

1071 2076 1143 2105 runt,
1160 2071 1254 2106 inquit,
1265 2073 1292 2097 et
1305 2069 1370 2096 nihil
1383 2074 1425 2097 est
1440 2068 1510 2104 quod
1521 2072 1612 2100 restet,
1628 2068 1675 2095 sed
1688 2067 1720 2095 ad
1738 2067 1862 2102 placitum

1071 2121 1187 2144 vestrum
1200 2123 1244 2143 res
1257 2114 1479 2150 agitur,Dimittite
1491 2122 1540 2147 me,
1550 2118 1578 2140 ut
1591 2114 1678 2141 abeam
1690 2113 1724 2139 ad
1735 2113 1861 2139 dominum

1072 2171 1164 2190 meum.
1179 2162 1223 2189 55.
1242 2161 1365 2188 Dixerunt
1378 2165 1471 2194 autent,
1487 2160 1591 2196 inquit,
1609 2161 1699 2195 fratres
1714 2163 1737 2186 et
1762 2162 1842 2186 mater
1857 2167 1865 2185 :

1072 2208 1176 2235 Maneat
1189 2207 1316 2234 uobiscum
1329 2207 1398 2241 virgo
1413 2205 1499 2232 diebus
1509 2205 1581 2240 quasi
1595 2204 1690 2237 decem,
1705 2209 1728 2231 et
1742 2208 1797 2239 post
1810 2203 1868 2230 Iura

1072 2254 1181 2281 abibitis.
1195 2253 1239 2281 56.
1251 2252 1302 2280 Ille
1312 2257 1394 2279 autem
1405 2253 1467 2279 dixit
1481 2252 1514 2278 ad
1524 2260 1566 2278 eos
1580 2259 1589 2278 :
1605 2251 1646 2278 Ne
1659 2259 1698 2278 me
1712 2249 1843 2277 detineatis
1856 2259 1864 2282 ;

1072 2301 1163 2328 etenim
1188 2299 1311 2327 Dominus
1326 2306 1475 2333 prosperum
1490 2297 1548 2332 fecit
1571 2297 1618 2324 iter
1632 2305 1715 2323 meum
1727 2304 1737 2323 :
1749 2295 1864 2323 dimittit?

1072 2354 1111 2372 nte
1119 2349 1146 2372 ut
1156 2344 1244 2371 abeam
1259 2344 1293 2370 ad
1306 2343 1436 2370 dominum
1448 2351 1541 2370 meatu.
1555 2342 1653 2375 Quare,
1667 2341 1762 2375 inquit,
1775 2339 1865 2368 diﬂ'er-

1074 2392 1107 2419 tis
1116 2396 1142 2419 et
1155 2389 1365 2426 procrastinatis,
1377 2396 1437 2416 cum
1448 2389 1518 2415 Deus
1527 2392 1625 2415 tantam
1634 2386 1786 2414 facilitatem
1799 2383 1865 2412 mihi

1073 2437 1100 2465 in
1115 2436 1238 2464 omnibus
1248 2435 1370 2463 dederit?
1385 2433 1510 2460 Dimittite
1519 2441 1560 2460 me
1571 2453 1579 2466 ,
1593 2437 1620 2459 ut
1634 2432 1720 2458 abeam
1734 2431 1768 2458 ad
1780 2430 1857 2458 domi-

1073 2492 1135 2510 num
1151 2490 1244 2509 meum.
1258 2482 1304 2508 57.
1325 2480 1372 2507 Illi
1391 2484 1475 2506 autem
1496 2478 1635 2505 dixerunt:
1656 2476 1778 2504 Vocemus
1793 2475 1861 2511 puel~

1074 2530 1137 2561 lant,
1151 2533 1174 2555 et
1188 2529 1370 2562 interrogemus
1382 2525 1459 2552 eam‘.
1476 2525 1522 2552 58.
1538 2523 1573 2550 Et
1583 2527 1731 2550 vocaverunt
1743 2530 1810 2555 eam,
1823 2521 1864 2548 di-

1073 2579 1214 2606 xeruntque
1228 2573 1250 2600 ei
1262 2581 1271 2600 :
1286 2572 1339 2600 Ibis
1352 2580 1410 2598 cum
1423 2571 1522 2597 homine
1532 2571 1545 2597 ?
1557 2570 1610 2597 Illa
1622 2573 1706 2596 autem
1720 2569 1794 2602 dixit,
1807 2568 1864 2596 Ibo.

1075 2622 1119 2649 59.
1133 2620 1165 2648 Et
1180 2620 1330 2646 dimiserunt
1340 2619 1477 2645 Rebeccam
1495 2625 1607 2644 sororem
1617 2624 1701 2647 suam,
1715 2619 1738 2642 et
1749 2615 1864 2642 substan-

1076 2668 1125 2694 tias
1139 2667 1202 2701 ejus,
1213 2670 1236 2692 et
1250 2673 1347 2692 servum
1360 2663 1502 2695 Abraham,
1516 2667 1539 2689 et
1554 2670 1605 2695 eos,
1619 2662 1661 2696 qui
1672 2669 1729 2688 cum
1743 2669 1771 2688 eo
1782 2665 1863 2688 erant.

1076 2712 1119 2740 60.
1131 2711 1165 2738 Ει
1179 2711 1357 2738 benedixcruut
1378 2707 1514 2735 Rebeccam
1527 2728 1534 2740 ,
1548 2711 1570 2734 et
1585 2707 1704 2733 dixerunt
1723 2706 1744 2733 ei
1762 2714 1772 2734 .'
1783 2706 1865 2733 Soror

1077 2765 1164 2785 nostra
1187 2765 1223 2789 es,
1240 2757 1287 2790 ﬁas
1307 2755 1334 2781 in
1353 2754 1435 2781 millia
1455 2754 1538 2780 decem
1556 2752 1675 2784 millium,
1692 2756 1714 2779 et
1723 2751 1864 2779 hereditate

1078 2803 1203 2838 possideat
1222 2809 1305 2828 semen
1320 2805 1391 2828 tuum
1402 2800 1513 2826 civitates
1527 2798 1696 2825 inimicorum.
1717 2797 1782 2824 Vide
1796 2802 1864 2831 quo-

1113 2849 1121 2864 ι
1139 2847 1297 2880 Septuaginta
1307 2847 1341 2870 sic
1351 2845 1451 2875 habent,
1463 2844 1635 2876 interrogemus
1646 2849 1672 2868 os
1685 2843 1745 2872 ejus.
