2044 3131
208 130 261 159 41ιὸ

212 189 293 216 tuodo
306 193 334 216 et
348 188 387 216 illi
397 189 551 223 ignorantes
565 186 660 223 virgini
672 194 732 222 qua:
752 186 839 214 futura
853 190 914 213 sunt
931 192 1002 220 prte-

210 236 370 271 signiftcant,
386 235 442 261 Deo
462 237 579 261 mentem
601 240 694 260 eorum
711 232 745 260 ad
766 232 818 259 hoc
831 231 962 267 dirigente
975 235 1002 258 et

210 282 345 308 incitante.
362 279 480 314 Utraque
495 279 566 306 enim
580 278 605 306 ei
624 278 751 313 pratdicta
764 282 843 311 sunt,
860 282 914 304 tum
929 276 1001 311 quod

206 328 232 354 in
244 327 325 355 millia
333 326 483 362 myriadum
498 326 583 353 futura
594 330 675 357 esset,
687 329 741 352 tum
752 324 823 360 quod
837 331 930 352 semen
942 323 1000 358 ejus

205 372 352 400 hereditate
375 379 558 407 possessorum
579 375 651 399 esset
669 371 790 399 civitates
816 370 996 398 inimicorum.

207 419 300 446 Vidisti
317 426 365 453 per
378 418 466 446 omnia
482 418 633 446 evidentem
649 418 695 446 Dei
715 417 909 453 providentiam
929 416 1001 444 relu-

204 473 279 498 ccre,
293 465 428 500 quomodo
444 473 492 500 per
514 465 635 493 infideles
651 465 738 492 f’utura
758 469 789 492 ut
808 463 996 499 prmdicautur,

202 511 340 546 dispensat
352 511 471 538 omnium
486 511 633 538 Dominus?
645 510 687 538 σι.
699 510 761 538 Cum
773 510 936 537 surrexissent
947 518 996 536 au-

202 562 251 584 tem
267 556 381 585 Rebecca
387 562 410 584 et
419 557 523 584 ancilla:
534 559 600 592 ejus,
611 558 779 584 ascenderunt
788 565 865 592 super
876 556 994 585 camelos.

203 605 299 634 Vidisti
320 606 425 641 qualem
444 614 569 641 sponsam
589 606 669 633 ducat
691 605 864 641 patriarcha?
887 606 996 639 Aquan-

202 656 267 685 tem,
284 657 311 680 et
325 652 446 688 hydriam
468 660 548 687 super
571 651 697 679 humeros
711 652 842 679 ferentem
855 671 862 684 ,
879 654 905 678 et
925 657 996 677 nunc

201 699 298 726 iterum
311 698 500 726 ascendentem
518 706 600 734 super
615 698 743 725 camelos.
765 697 900 733 Nusquam
917 697 995 724 mula:

199 749 311 780 argento
321 744 481 780 fulgentibus
493 744 653 777 cervicibus,
667 752 753 779 neque
766 744 924 771 fatnulorum
937 748 995 771 tur-

198 789 242 822 ba,
255 797 340 824 neque
354 797 447 825 magna
464 790 599 823 mollities,
615 797 673 824 qua:
685 797 756 816 nunc
770 789 890 817 adhiberi
904 789 971 816 solut
985 797 993 816 :

197 836 244 863 sed
255 840 356 863 tantum
371 840 430 864 erat
448 836 595 871 priscarum
616 836 758 863 mulierum
771 836 866 868 robur,
885 840 913 862 nt
926 841 952 863 et
968 836 992 862 in

198 881 316 909 camelos
330 882 394 916 ipsa:
419 882 607 916 ascenderem,
632 886 659 909 et
673 882 711 909 sic
733 883 783 909 iter
807 882 935 909 lacerent.
959 881 993 908 Et

200 928 320 964 profectte
332 932 389 955 Iunt
400 949 408 962 ,
422 928 522 964 inquit,
538 937 595 956 cum
621 929 730 956 homine.
747 929 791 956 63.
808 928 883 956 Isaac
905 933 990 955 autem

196 981 312 1009 cgrcuut
325 978 380 1001 erat
392 995 399 1007 ,
416 978 443 1000 ut
456 983 482 1001 se
492 979 616 1002 exerceret
626 975 652 1001 in
668 983 730 1010 agro
744 975 778 1001 ad
792 975 966 1010 crepusculum
981 983 990 1001 :

197 1025 221 1046 et
233 1020 266 1046 ibi
280 1019 382 1047 eleuatis
395 1020 474 1048 oculis
488 1041 496 1053 ,
513 1021 574 1047 vidit
597 1020 707 1048 camelos
730 1021 864 1048 venientes.
885 1020 951 1048 Dum
964 1021 989 1048 in

195 1073 292 1100 campo
302 1071 473 1100 versaretur,
493 1067 592 1102 inquit,
609 1067 696 1100 lsaac,
719 1067 784 1095 vidit
804 1067 931 1095 camelos.
944 1067 988 1095 6L

195 1111 308 1139 Rebecca
322 1116 406 1139 autem
424 1133 431 1145 ,
453 1118 479 1140 ut
494 1113 555 1140 vidit
567 1113 642 1141 Isaac
653 1135 660 1147 ,
683 1114 776 1141 desiliit
790 1123 806 1141 a
821 1115 926 1148 camelo,
944 1115 987 1142 65.

193 1163 216 1184 et
229 1158 293 1185 diIit
314 1167 386 1186 servo
411 1167 422 1186 :
446 1159 508 1193 Qui:
522 1165 559 1187 est
574 1160 649 1187 homo
661 1160 704 1187 ille
717 1161 762 1195 qui
776 1161 845 1188 vadit
860 1162 885 1188 in
899 1170 988 1197 campo

194 1204 265 1231 nobis
280 1203 396 1231 obviam?
411 1205 477 1232 Vide
490 1206 586 1240 puellm
599 1207 804 1242 generositatem
818 1215 825 1240 ;
848 1214 986 1242 postquam

193 1249 259 1277 vidit
276 1249 359 1283 Isaac,
376 1251 512 1286 quaerebat
531 1252 590 1287 quis
612 1257 693 1279 cssot.
708 1253 741 1279 Et
757 1253 798 1280 ubi
813 1253 904 1280 didicit
917 1253 986 1289 quod

193 1296 250 1330 ipse
263 1301 336 1324 esset
361 1305 485 1332 sponsus,
502 1298 598 1325 velavit
613 1306 643 1326 se
661 1298 785 1325 theristro
799 1307 806 1331 ;
828 1303 855 1325 ct
878 1300 987 1327 veniens

193 1349 285 1369 servus
299 1342 387 1370 omnia
400 1343 472 1370 clare
486 1343 618 1370 nuntiavit
633 1343 707 1370 Isaac
723 1343 732 1379 (
748 1353 770 1370 υ.
787 1344 844 1377 66).
859 1344 908 1371 llic
921 1352 986 1371 con~

192 1388 291 1423 sidera,
305 1395 363 1421 oro,
378 1389 511 1424 quomodo
526 1397 574 1417 nus
585 1398 654 1425 [nam
668 1391 801 1424 superﬂua
815 1391 857 1418 illa
870 1397 896 1418 et
907 1391 987 1418 inuti-

192 1433 237 1466 lia,
259 1442 391 1469 nusquam
406 1435 533 1462 diabolica
550 1444 656 1471 pompa,
674 1444 802 1471 nusquam
816 1437 947 1472 cymbala,
958 1442 986 1465 et

192 1479 273 1513 tibise,
288 1485 314 1507 et
327 1480 443 1514 choreze,
454 1486 481 1508 et
505 1482 621 1509 satanica
645 1482 687 1509 illa
701 1483 834 1515 convivia,
849 1488 877 1510 et
897 1491 985 1511 scom-

194 1530 264 1552 tnata
279 1526 350 1553 ontui
367 1526 541 1555 obsctruitate
555 1527 649 1561 plena;
667 1528 713 1555 sed
734 1529 821 1556 omnis
837 1529 962 1556 honestas
974 1550 982 1562 ,

191 1572 279 1599 omnis
294 1572 434 1606 sapientia,
448 1573 535 1600 omnis
546 1573 686 1602 modestia.
702 1575 746 1602 67.
770 1574 880 1602 Intrat-it
902 1580 984 1602 autem

191 1616 278 1650 Isaac,
292 1617 386 1652 inquit,
400 1619 426 1645 in
441 1619 544 1646 domum
565 1621 652 1647 matria
665 1629 731 1653 suta,
747 1626 769 1648 et
781 1622 876 1656 accepit
890 1621 983 1648 Rebec-

189 1671 245 1689 cam
259 1684 269 1697 ,
295 1668 318 1690 et
342 1664 391 1699 fuit
406 1664 430 1691 ei
446 1673 510 1692 uxor
521 1686 527 1698 ,
544 1670 567 1692 et
588 1665 676 1693 dilexit
699 1675 754 1693 eam
766 1688 774 1699 ,
790 1672 813 1694 et
831 1666 984 1694 consolatio-

193 1716 249 1735 nem
274 1709 370 1744 accepit
399 1709 476 1737 Isaac
507 1719 582 1746 super
606 1712 687 1740 Sarra
718 1717 796 1739 matre
820 1721 877 1740 sua.
909 1713 982 1741 lianc

190 1752 327 1781 imitentur
360 1755 507 1789 mulieres,
542 1756 612 1784 hunc
642 1757 801 1785 mmulentur
834 1758 882 1785 viri
907 1766 915 1785 :
943 1758 982 1786 sic

189 1806 302 1833 sponsas
319 1799 415 1828 ducere
429 1805 533 1829 curent.
548 1802 636 1836 Quare
651 1803 734 1836 euitn,
750 1803 872 1837 dic,oro,
891 1804 981 1831 statim

189 1843 222 1870 ab
236 1844 311 1872 initio
326 1845 449 1874 sordibus
464 1846 567 1881 impleri
581 1847 645 1874 sinis
660 1848 754 1883 puellm.
768 1855 845 1876 aures
857 1853 908 1876 tam
926 1854 982 1876 tur-

189 1889 268 1924 pibus
282 1891 434 1924 cantilenis,
451 1897 503 1919 tam
530 1893 723 1927 imtcmpestiva
740 1894 782 1921 illa
797 1894 911 1928 pompa?
931 1894 980 1922 Nec

187 1936 242 1963 scis
254 1937 388 1972 quomodo
402 1937 579 1966 adolescentia
594 1947 640 1972 per
655 1947 684 1967 se
703 1939 737 1966 sit
755 1940 780 1966 in
803 1940 901 1967 malum
915 1947 980 1975 pro-

188 1982 292 2017 pensa?
305 1990 353 2010 cur
367 1983 478 2012 honesta
493 1985 645 2019 nuptiarum
660 1985 794 2022 mysteria
808 1986 912 2020 publice
932 1986 980 2014 de-

187 2027 315 2056 honestas
325 2029 338 2056 ?
351 2037 412 2057 cum
426 2035 563 2066 oporteret
589 2031 647 2060 hate
668 2033 757 2060 omnia
782 2033 918 2068 depellere
929 2053 937 2066 ,
953 2037 980 2062 et

188 2074 375 2102 verecundiam
390 2076 521 2111 principio
535 2077 633 2105 docere
647 2078 772 2113 puellam,
787 2083 814 2106 et
825 2079 980 2107 sacerdotes

188 2125 293 2154 vocare,
316 2125 344 2148 et
365 2122 489 2156 precibus
509 2129 537 2151 et
559 2123 788 2152 benedictionibus
809 2124 979 2155 concordiam

187 2165 303 2199 coniugii
317 2166 501 2201 constringere
518 2176 524 2194 :
541 2171 571 2195 ut
593 2175 669 2195 amor
686 2169 777 2204 sponsi
789 2174 917 2205 augeatur
929 2190 937 2202 ,
953 2175 979 2198 ct

188 2210 284 2245 puclla:
307 2211 471 2239 continentia
487 2218 600 2248 crescat,
624 2219 651 2241 et
663 2215 751 2242 omnia
775 2223 835 2250 quae
856 2215 922 2242 fiunt
947 2223 979 2243 co

186 2260 309 2291 spectent
320 2261 349 2284 ut
362 2257 466 2285 virtutis
480 2265 560 2292 opera
574 2259 756 2294 ingrediantur
774 2260 800 2288 in
822 2261 931 2289 domum
946 2261 979 2288 il-

187 2301 252 2337 lam,
268 2303 446 2338 toiianturque
460 2311 475 2331 e
489 2304 579 2331 medio
591 2312 684 2332 omnes
697 2305 794 2333 diaboli
814 2306 915 2334 insidiae
927 2328 933 2340 ,
952 2312 979 2336 et

187 2348 238 2382 ipsi
253 2348 300 2376 Dei
313 2349 412 2377 auxilio
427 2350 493 2377 uniti
513 2349 630 2384 jucunde
649 2351 731 2378 vitam
753 2352 892 2386 perficiant
906 2363 913 2382 :
925 2363 977 2389 quo

188 2393 266 2421 nobis
280 2395 405 2423 omnibus
418 2395 468 2423 l'rui
485 2395 579 2430 detur,
595 2396 680 2431 gratia
693 2401 721 2425 et
744 2397 904 2434 benignitate
923 2400 977 2428 Do-

187 2440 252 2468 mini
273 2442 357 2469 nostri
372 2441 437 2469 Jesu
459 2441 574 2476 Christi,
588 2442 630 2470 cui
643 2450 703 2471 cum
720 2443 798 2471 Patre
830 2449 856 2472 et
877 2445 976 2480 Spiritu

186 2490 278 2513 sancto
293 2486 327 2514 sit
346 2486 440 2520 gloria,
457 2491 573 2522 potestas
586 2493 614 2515 et
629 2488 725 2524 honor,
739 2497 810 2517 nunc
820 2495 847 2518 et
859 2498 974 2527 semper,

186 2535 213 2558 et
226 2531 253 2559 in
263 2532 363 2559 saecula
376 2533 545 2560 saeculorum.
562 2534 657 2562 Amen.

451 2578 589 2608 HOMlLlA
617 2580 710 2609 XLIX.

239 2622 289 2650 Ila
300 2627 383 2651 autent
396 2629 454 2662 sunt
467 2627 646 2662 generationes,
660 2627 755 2662 inquit,
769 2627 846 2655 Isaac
856 2628 905 2662 ﬁlii

408 2660 535 2687 Abraham
549 2661 624 2697 (Gen.
635 2661 680 2690 εδ.
696 2660 750 2698 19).

222 2704 248 2731 1.
269 2704 365 2732 lterum
378 2713 425 2732 vos
439 2706 472 2734 ad
486 2713 642 2735 consuetam
657 2715 775 2736 mensam
786 2709 884 2737 ducere
902 2709 973 2743 volo,

186 2756 213 2777 ct
228 2759 259 2778 ex
272 2751 358 2778 verbis
372 2751 452 2780 Mosis
465 2753 614 2780 convivium
629 2761 790 2790 proponere,
805 2756 858 2783 imo
870 2764 902 2784 ex
916 2764 975 2784 ver-

185 2797 224 2823 his
236 2798 319 2824 sancti
334 2798 455 2832 Spiritus.
472 2798 561 2834 Neque
585 2801 657 2828 enim
677 2809 692 2828 a
705 2801 793 2836 seipso
815 2802 901 2830 Moses
916 2803 973 2830 hate

185 2843 264 2872 nobis
271 2844 401 2879 exposuit,
414 2844 461 2873 sed
476 2845 577 2880 Spiritu
590 2852 681 2876 sancto
699 2847 814 2882 afﬂatus.
831 2848 972 2878 Videamus

547 128 576 157 S.
596 126 734 156 JO.\NNIS
751 123 984 155 CllllYSOSTOMI
1007 123 1162 154 AllClllEP.
1182 127 1445 160 CONSTANTINOP.

1802 143 1850 171 HS

1056 184 1137 219 igitur
1146 187 1209 222 quid
1221 194 1247 216 et
1260 189 1340 219 hodie
1354 200 1403 220 nos
1412 192 1509 222 dooere
1522 196 1595 225 velit.
1607 197 1697 235 Neque
1707 201 1778 229 enim
1791 212 1852 231 sine

1054 237 1144 282 causa,
1161 241 1246 269 neque
1267 236 1293 263 in
1307 244 1404 266 vanum
1420 239 1487 267 vitas
1506 247 1658 272 sanctorum
1676 247 1753 276 nobis
1768 257 1851 283 exlio-

1054 276 1110 304 nit:
1127 278 1175 306 sed
1195 285 1224 307 ut
1238 281 1372 311 imitemur
1385 292 1478 313 eorum
1499 288 1639 325 virtutem,
1656 276 1847 324 etimitatoi‘es

1052 324 1135 352 simus
1147 325 1276 356 bonorum
1291 337 1401 364 operum
1417 341 1475 367 quae
1491 334 1529 362 illi
1549 324 1678 366 fecerunt.
1692 339 1759 367 Nam
1774 349 1844 375 post»

1051 377 1130 419 quam
1145 372 1222 400 nobis
1235 375 1374 410 diligenter
1385 380 1502 407 narravit
1512 388 1542 408 ea
1557 390 1616 414 qua:
1625 384 1657 411 ad
1667 372 1847 419 patriarcham

1051 415 1187 445 Abraham
1204 421 1332 455 attinent,
1346 427 1372 450 et
1386 423 1476 452 docuit
1495 431 1656 460 postremum
1667 415 1741 458 illius
1756 415 1846 460 certa;

1050 467 1111 488 men
1131 462 1157 489 in
1171 462 1352 494 immolatione
1374 467 1430 501 filii,
1448 472 1616 507 narravitque
1633 475 1682 502 hoc
1704 478 1844 510 pulchrum

1049 507 1208 536 sacrificium
1220 511 1269 537 etsi
1284 519 1335 539 non
1347 520 1439 548 opere,
1452 516 1588 546 voluntate
1598 523 1684 547 tamen
1696 507 1844 557 perlectum

1049 560 1119 587 essu,
1136 553 1266 591 ﬁnemque
1279 557 1404 593 imposuit
1414 563 1612 591 narrationibus
1626 565 1678 594 illis
1693 553 1785 595 inunc
1796 577 1844 596 ex-

1049 599 1122 632 ponit
1136 600 1212 628 nubis
1222 609 1280 637 qua:
1293 604 1326 630 ad
1338 603 1410 633 lsaac
1420 607 1536 635 occisum
1547 614 1574 636 et
1586 618 1639 637 non
1653 613 1769 642 occisum
1781 622 1841 650 ρεπ-

1049 645 1150 678 tinent;
1167 647 1265 676 factum
1277 651 1347 677 enim
1370 653 1505 688 mnigmati
1517 655 1604 684 simile
1618 663 1668 685 est.
1684 660 1751 687 Audi
1769 645 1840 690 enim

1049 689 1159 718 Paulum
1174 693 1304 722 dicentem
1323 705 1330 722 :
1348 696 1414 725 Fide
1428 699 1516 726 obtulit
1532 701 1607 729 Isaac
1621 704 1759 739 Abraham,
1782 716 1838 735 cum

1047 740 1184 764 tentaretur
1192 747 1202 765 :
1213 745 1237 766 et
1249 741 1404 776 unigenitum
1415 744 1515 779 obtulit,
1525 747 1567 780 qui
1580 750 1756 783 promissione:
1769 761 1840 780 acce-

1046 788 1120 832 perat
1133 784 1225 819 (Hebr.
1243 786 1287 814 Η.
1303 788 1358 823 l7).
1383 789 1482 818 Deinde
1508 797 1535 819 ut
1559 793 1691 824 discamus
1704 800 1838 832 quomodo

1047 829 1097 855 fide
1113 830 1170 858 haec
1183 833 1271 860 omnia
1293 833 1412 869 faceret,
1428 842 1454 864 et
1468 841 1600 867 contraria
1617 829 1837 879 videns-pruinis-

1044 874 1112 902 sioni
1127 883 1156 903 ea
1170 884 1229 911 quae
1247 878 1391 913 jubebatur
1404 881 1491 910 facere
1501 904 1510 916 ,
1523 892 1575 912 non
1592 890 1679 914 tamen
1694 874 1836 923 perturba-

1044 925 1126 954 retur,
1142 923 1248 958 subjicit
1263 932 1269 950 :
1286 925 1359 952 Unde
1381 927 1453 954 illuni
1480 934 1504 956 et
1526 930 1551 957 iu
1572 933 1718 966 parabolam
1741 938 1836 970 accepit

1043 966 1124 1001 (Ibid.
1139 976 1162 995 υ.
1181 970 1236 1004 19).
1251 970 1319 1003 Quid
1334 977 1384 1006 est,
1397 972 1430 1000 Et
1443 974 1468 1001 in
1480 977 1627 1010 parabotam
1640 981 1756 1014 accepit?
1768 966 1834 1009 Nam

1043 1019 1180 1049 postquam
1192 1024 1251 1044 cum
1269 1017 1294 1044 in
1310 1020 1467 1047 sacrificium
1485 1022 1590 1055 obtulit,
1605 1028 1632 1052 et
1646 1031 1761 1054 mentem
1774 1035 1835 1063 per-

1042 1059 1135 1087 fectam
1150 1061 1302 1097 declaravit,
1318 1064 1375 1099 ipse
1389 1073 1486 1093 corona
1502 1069 1640 1097 redimitus
1651 1073 1702 1104 ein,
1718 1077 1744 1099 et
1759 1059 1833 1101 acce-

1041 1111 1087 1140 pio
1105 1114 1187 1140 puero
1202 1109 1288 1142 rediit,
1303 1117 1336 1137 ac
1355 1111 1512 1139 sacrificium
1527 1121 1575 1148 per
1595 1122 1673 1143 ovem
1696 1117 1833 1152 impletum

1040 1155 1081 1178 cst
1093 1161 1099 1179 :
1115 1154 1282 1189 ostenditque
1293 1163 1340 1190 per
1350 1158 1438 1184 omnia
1452 1159 1567 1188 universi
1579 1160 1706 1190 Conditor
1718 1171 1772 1192 sua:
1784 1165 1831 1192 be-

1040 1198 1174 1232 nignitatis
1187 1201 1373 1230 excellentiam
1387 1212 1394 1230 :
1407 1208 1433 1231 ct
1445 1213 1474 1232 se
1488 1205 1538 1233 hoc
1550 1207 1705 1241 imperando
1718 1217 1771 1238 non
1785 1218 1831 1239 oc-

1039 1243 1089 1270 cidi
1107 1243 1196 1278 Isaac,
1212 1246 1259 1273 sed
1276 1247 1339 1282 justi
1359 1255 1484 1277 exercere
1500 1251 1676 1280 obedientiam
1701 1254 1829 1284 voluisse.

1039 1289 1170 1318 Craterum
1183 1292 1252 1319 sicut
1265 1293 1378 1322 vidimus
1393 1296 1551 1330 patriarchae
1567 1298 1688 1327 virtutem
1708 1300 1733 1327 in
1744 1302 1832 1329 omni-

1038 1333 1086 1361 bus
1098 1336 1260 1364 relucentem
1275 1346 1350 1373 :age,
1365 1345 1392 1367 ct
1405 1349 1464 1375 qua:
1479 1341 1513 1369 de
1533 1341 1606 1370 lsaac
1618 1343 1686 1371 dicta
1700 1351 1762 1373 sunt
1779 1346 1829 1374 ho-

1037 1380 1079 1408 die
1095 1381 1119 1407 in
1131 1382 1246 1409 medium
1261 1383 1419 1419 afferentes,
1434 1386 1570 1415 videamus
1587 1390 1721 1423 quomodo
1731 1396 1758 1418 et
1773 1392 1829 1425 ipse

1037 1426 1107 1461 piant
1123 1431 1150 1454 et
1172 1428 1323 1463 religiosam
1339 1436 1454 1458 mentem
1477 1433 1503 1459 iu
1526 1434 1649 1461 omnibus
1673 1436 1827 1470 prmtulerit.

1035 1470 1129 1505 Opera:
1140 1476 1227 1499 autem
1238 1475 1349 1507 pretium
1360 1480 1410 1507 est,
1424 1482 1451 1503 ut
1463 1478 1518 1513 ipsa
1530 1479 1675 1514 Scriptura:
1689 1481 1766 1509 verba
1778 1490 1827 1509 au-

1035 1517 1149 1546 diamus.
1163 1519 1207 1547 19.
1220 1519 1270 1547 Ha:
1282 1526 1365 1549 autem
1377 1528 1444 1555 sunt,
1461 1523 1554 1559 inquit,
1566 1527 1737 1562 generationes
1751 1528 1826 1556 Isaac

1034 1563 1082 1598 [itii
1094 1564 1208 1592 Abruhte.
1223 1566 1350 1594 Abraham
1360 1570 1445 1602 genuit
1456 1569 1531 1597 Isaac
1540 1570 1615 1606 (Cap.
1627 1572 1683 1608 25).
1696 1573 1739 1601 20.
1751 1573 1826 1602 Isaac

1033 1614 1117 1636 autem
1127 1616 1180 1637 erat
1190 1620 1314 1639 annorum
1325 1613 1502 1650 quadraginta,
1513 1617 1612 1650 quando
1623 1619 1718 1654 accepit
1730 1619 1826 1647 Rebec-

1032 1661 1088 1680 cam
1099 1655 1178 1689 ﬁliam
1187 1655 1317 1685 Bathuelis
1331 1659 1391 1694 Syri
1404 1668 1435 1687 ea:
1445 1660 1638 1696 Mesopotamia,
1652 1672 1762 1691 sororem
1771 1665 1824 1692 La-

1033 1700 1081 1726 buu
1093 1699 1155 1735 Syri
1164 1722 1171 1734 ,
1187 1702 1235 1728 sibi
1249 1703 1275 1730 in
1285 1712 1399 1731 uxorem.

1068 1745 1192 1781 Exemplo
1207 1746 1291 1775 Isaact'
1304 1755 1371 1784 patet
1393 1758 1447 1778 esse
1470 1753 1624 1786 precandum
1637 1762 1693 1781 cum
1709 1763 1826 1790 perseve-

1032 1792 1126 1819 rantia.
1140 1792 1201 1820 Non
1215 1799 1273 1821 sunt
1285 1796 1382 1823 curiose
1396 1797 1544 1832 inquirenda
1557 1798 1604 1826 Dei
1614 1807 1700 1835 opera.
1711 1801 1823 1829 —Con-

1032 1837 1129 1870 sidera,
1140 1838 1262 1873 obsecro,
1271 1840 1376 1875 dilecte,
1388 1841 1483 1870 divina:
1494 1843 1637 1879 Scriptura:
1648 1845 1821 1881 diligentiam,

1032 1883 1165 1917 quomodo
1186 1884 1252 1912 nihil
1275 1893 1439 1920 supervacue
1462 1892 1552 1922 ponat.
1576 1888 1630 1916 Cur
1650 1890 1721 1916 enim
1747 1891 1823 1918 nobis

1032 1932 1137 1955 aetatem
1153 1928 1227 1957 Isaac
1247 1931 1394 1966 significat,
1417 1937 1444 1960 et
1458 1933 1539 1966 dicit,
1565 1933 1628 1961 Erat
1645 1942 1727 1962 autem
1749 1935 1822 1962 [sima

1031 1973 1200 2009 quadraginta
1212 1984 1336 2002 annorum
1355 1977 1456 2012 quando
1475 1981 1569 2014 accepit
1590 1980 1745 2008 Rcbeccam.’
1765 1981 1820 2008 Non

1031 2021 1130 2057 absque
1144 2030 1242 2056 causa,
1258 2031 1343 2059 neque
1359 2029 1457 2052 temere
1474 2035 1480 2052 :
1496 2026 1542 2053 sed
1560 2027 1620 2061 quia
1641 2027 1717 2055 nobis
1730 2032 1820 2062 postea

1031 2067 1160 2096 Rebecca:
1174 2069 1340 2097 sterilitatem
1356 2077 1510 2098 narraturus
1523 2077 1589 2104 erat,
1604 2078 1631 2100 et
1643 2081 1675 2100 ex
1690 2075 1821 2108 precatio-

1031 2121 1065 2140 nc
1083 2113 1148 2148 justi
1169 2113 1380 2150 procreationem
1396 2117 1477 2151 prolis
1492 2118 1531 2145 illi
1545 2125 1699 2146 concessam
1719 2119 1798 2148 fuisse
1810 2141 1817 2154 ,

1031 2159 1128 2187 docere
1143 2166 1192 2186 nos
1213 2160 1285 2194 cupit
1309 2161 1517 2196 magnitudinem
1538 2163 1672 2198 patientia:
1687 2164 1759 2192 lsaac
1770 2185 1777 2197 ,
1792 2170 1820 2193 et

1030 2205 1102 2232 clare
1116 2204 1232 2232 indicare
1244 2211 1341 2240 quanto
1356 2211 1475 2242 tempore
1494 2208 1587 2236 liberis
1600 2210 1715 2237 caruerit
1729 2219 1736 2236 :
1753 2215 1780 2237 ut
1792 2216 1819 2238 et

1031 2259 1080 2279 nos
1092 2251 1247 2279 mtuulantes
1257 2251 1369 2287 justum,
1380 2253 1479 2280 assidui
1492 2254 1575 2282 simus
1589 2255 1614 2281 iu
1626 2255 1720 2282 divinis
1733 2256 1818 2291 preci-

1029 2296 1089 2330 bus,
1104 2297 1126 2324 si
1141 2296 1247 2332 quando
1257 2297 1355 2332 aliquid
1368 2306 1382 2326 a
1397 2298 1451 2325 Deo
1463 2300 1626 2334 petierimus.
1642 2301 1670 2328 Si
1692 2302 1762 2328 enim
1772 2302 1816 2336 ju-

1028 2347 1085 2370 stus
1099 2343 1152 2375 ille,
1168 2343 1203 2371 ita
1218 2344 1312 2371 virtute
1325 2345 1460 2379 przeditus,
1473 2351 1500 2373 et
1512 2351 1582 2374 tanta
1597 2347 1644 2374 Dei
1658 2347 1816 2376 benevolen-

1029 2389 1065 2416 tia
1078 2388 1179 2422 l‘rueus,
1194 2395 1293 2417 tantam
1304 2399 1358 2426 pra:
1370 2399 1399 2420 se
1414 2392 1471 2419 tulit
1484 2393 1661 2421 constantiam
1674 2399 1701 2422 et
1716 2399 1815 2422 tantum

1027 2435 1155 2469 studium,
1179 2435 1305 2464 continuo
1322 2437 1405 2469 Deum
1425 2437 1543 2472 orando,
1565 2439 1599 2466 ita
1622 2444 1650 2467 ut
1671 2440 1817 2472 solveretur

1028 2479 1157 2508 Rebeccae
1169 2481 1297 2510 sterilitas
1313 2491 1319 2508 :
1332 2482 1395 2517 quid
1408 2482 1525 2510 dicemus
1535 2491 1593 2517 nos,
1609 2485 1652 2519 qui
1664 2485 1742 2512 tantis
1755 2492 1816 2520 pec-

1027 2531 1145 2554 catorum
1161 2528 1287 2556 oneribus
1301 2529 1456 2564 premimur,
1470 2534 1497 2556 et
1511 2537 1596 2564 neque
1611 2530 1746 2557 minimam
1761 2531 1815 2557 vir-

1027 2572 1090 2599 tutis
1107 2572 1171 2607 justi
1191 2578 1292 2608 partem
1308 2574 1473 2606 ostepdimus
1489 2583 1495 2601 :
1510 2575 1556 2602 sed
1576 2576 1635 2602 etsi
1650 2583 1730 2610 parvo
1746 2581 1813 2603 teut-

1027 2626 1092 2654 pore
1107 2619 1223 2646 studium
1245 2619 1351 2654 aliquod
1370 2625 1397 2651 et
1418 2620 1580 2655 diligentiam
1600 2621 1812 2652 exhibuerimus,

1027 2664 1202 2699 torpescimus
1223 2669 1251 2695 et
1274 2665 1421 2698 resiliutus,
1443 2666 1493 2696 nisi
1515 2666 1602 2693 statim
1624 2667 1813 2694 exaudiamuri

1027 2710 1170 2745 Propterea
1183 2718 1241 2744 oro,
1257 2716 1286 2740 ut
1299 2719 1334 2739 ex
1348 2712 1380 2739 iis
1395 2719 1453 2747 qua-
1465 2711 1537 2746 justo
1548 2712 1584 2739 illi
1595 2716 1746 2739 evenerunt
1757 2720 1811 2739 eru-

1026 2755 1084 2790 diti,
1096 2764 1238 2792 numquam
1254 2764 1389 2784 cessemus
1402 2765 1480 2788 orare
1495 2758 1587 2789 Deum,
1599 2762 1625 2784 ut
1639 2758 1756 2792 ignoscat
1766 2766 1809 2785 no-

1027 2803 1067 2831 bis
1081 2808 1199 2838 peccata,
1211 2803 1257 2830 sed
1273 2802 1376 2831 fervens
1384 2808 1413 2831 et
1426 2809 1541 2831 asstuans
1555 2803 1715 2831 desiderium
1724 2809 1811 2830 osten-

1026 2849 1119 2877 damus
1131 2858 1137 2876 :
1150 2854 1174 2877 ct
1190 2857 1243 2877 non
1253 2857 1323 2885 trgre
1338 2849 1465 2884 feramus,
1479 2857 1563 2885 neque
1573 2849 1709 2885 segniores
1717 2849 1811 2879 simus,

1818 2912 1830 2921 χ
