2044 3131
150 168 204 197 1L3

151 227 173 254 si
188 234 243 253 non
255 225 343 253 statim
356 225 502 252 audiamur.
513 223 643 251 Fortassis
654 223 726 251 enim
739 223 866 250 Dominus
878 230 942 250 con-

150 274 251 298 tinuam
274 276 392 298 nostram
417 270 586 298 sedulitatem
610 269 745 304 sapienter
759 276 887 296 exercens
908 270 942 295 ita

151 317 339 352 procrastinat,
357 321 386 343 ut
400 315 551 343 mercedem
563 322 669 350 quoque
683 314 817 349 patientiae
831 314 943 349 recipia-

150 371 210 390 mus
224 372 231 390 :
247 367 273 390 et
288 363 349 397 quia
364 363 420 397 ipse
437 367 541 396 tempus
556 362 606 388 scit
619 361 725 396 quando
736 361 811 388 nobis
827 361 890 388 utile
904 365 944 388 est

149 411 255 446 assequi
281 411 351 446 quod
371 411 524 446 quarrimus.
544 410 634 444 Neque
648 410 718 437 enim
735 417 782 437 nos
795 410 829 438 ita
847 410 944 438 scimus

148 457 212 493 quid
234 457 310 484 nobis
322 457 404 489 utile,
420 461 449 484 ut
464 457 520 491 ipse
539 455 677 483 evidenter
701 456 783 488 novit,
799 456 844 492 qui
863 457 942 484 etiam

148 504 304 531 abscondita
321 503 417 530 mentis
431 507 529 530 nostra:
543 502 688 537 cognoscit.
702 501 818 529 Proinde
830 510 877 538 par
891 507 942 535 e~t,

152 555 182 577 ut
196 550 261 576 nihil
276 549 406 576 curiosius
416 555 575 584 quaeramus,
589 555 675 582 neqtte
685 553 835 575 scrutemur
844 555 874 574 ea
885 556 944 582 qua:

149 603 163 622 a
181 596 236 622 Deo
250 594 421 630 providentur
436 603 442 621 :
457 593 504 621 sed
518 593 587 628 grati
599 592 740 620 admodum
756 592 849 624 simus,
864 597 891 619 et
901 592 957 619 ad-’

153 640 419 675 miremurjustorunt
429 640 550 667 virtutes.
562 638 628 666 Nam
642 643 780 673 postquam
792 638 857 665 dixit
867 637 944 665 nobis

148 687 238 714 divina
252 686 404 720 Scriptura,
419 690 483 720 quot
500 691 632 711 annorum
646 683 726 711 fuerit
740 683 811 711 lsaac
821 704 829 716 ,
840 683 904 710 dicit
918 688 945 710 et

149 732 183 761 tle
198 733 317 760 Rebecca
333 739 415 759 uxore
430 731 504 766 ejus,
522 730 592 766 quod
607 730 704 757 sterilis
718 734 785 757 erat.
801 729 877 763 Vide,
895 729 944 757 ob-

149 785 238 810 secro,
252 778 317 812 justi
338 777 488 811 religiosam
508 780 635 803 mentem.
651 775 780 808 Quoniam
795 775 865 802 enim
880 774 945 801 vidit

149 828 272 850 naturam
283 822 489 855 claudicantem,
505 821 537 848 ad
552 825 652 848 natura:
665 820 836 848 Conditorem
850 820 944 848 conlu-

150 869 198 904 git,
213 873 241 896 et
251 868 354 895 vincula
367 873 470 895 natura:
486 867 607 902 precibus
619 867 722 894 solvere
737 866 880 894 festinavit.
896 866 944 893 21.

150 914 307 949 Deprecatus
321 913 385 941 enim
401 917 446 945 est,
462 913 557 947 inquit,
571 911 648 939 Isaac
657 921 732 946 super
745 911 854 938 Rebecca
867 919 945 938 uxore

150 968 207 992 sua,
219 960 278 994 quia
288 958 379 986 sterilis
392 963 455 985 erat.
472 958 559 986 Unum
574 957 625 984 hoc
638 957 663 984 in
679 957 770 992 primis
784 964 872 991 operm
885 964 946 991 pre-

151 1006 215 1032 tittnt
233 1011 261 1032 ut
280 1012 446 1040 qureramus,
463 1011 546 1039 quare
559 1024 565 1036 ,
587 1011 648 1031 cutn
673 1007 700 1030 et
712 1003 778 1038 ipsa,
794 1007 821 1030 et
833 1003 874 1030 vir
888 1003 945 1037 ejus

151 1052 212 1077 vitat
229 1051 327 1077 fuerint
340 1050 455 1082 eximiae,
479 1054 505 1077 et
519 1049 598 1076 ambo
621 1049 792 1076 continentia:
815 1048 942 1081 studiosi,

150 1096 251 1123 sterilis
265 1095 334 1122 fuit?
346 1095 402 1122 Non
419 1102 561 1129 possumus
580 1101 691 1128 carpere
706 1102 797 1121 eorttm
813 1094 904 1125 vitam,
920 1097 947 1120 et

149 1141 239 1168 dicere
248 1141 412 1167 sterilitatem
422 1139 493 1167 illaut
504 1144 673 1174 peccatorum
686 1146 765 1165 causa
776 1138 944 1165 immissam'.

147 1185 185 1212 Et
199 1190 227 1212 ut
239 1186 325 1212 discas
339 1193 394 1212 rem
410 1186 515 1218 miram,
531 1191 583 1211 non
598 1184 683 1211 solum
702 1184 759 1218 ipsa
773 1183 871 1211 sterilis
885 1183 944 1216 fuit,

149 1231 198 1258 sed
213 1235 238 1257 et
254 1236 338 1257 mater
350 1230 412 1265 justi
426 1230 505 1257 Sarra
519 1238 526 1256 :
541 1237 626 1264 neque
640 1233 725 1256 mater
745 1228 802 1263 ejus
817 1229 883 1262 sola,
897 1228 945 1256 sed

148 1282 177 1303 et
193 1285 274 1303 nurus
285 1297 292 1308 ,
307 1276 406 1303 llaehel
425 1283 491 1302 uxor
509 1275 611 1302 Jacobi.
627 1274 694 1308 Quid
707 1274 756 1301 sibi
771 1274 826 1301 vult
839 1274 883 1301 ille
897 1277 946 1301 ste-

153 1323 242 1350 rilimn
262 1322 379 1350 chorus?
395 1322 493 1349 Omnes
506 1321 585 1356 justi,
601 1329 694 1348 omnes
708 1321 807 1348 virtute
822 1320 944 1355 praediti,

152 1376 272 1396 otttncsa
294 1369 348 1396 Deo
363 1369 544 1396 testimonium
569 1367 708 1395 habentes.
735 1367 802 1394 Nam
825 1367 858 1394 de
882 1366 947 1402 ipsis

150 1415 274 1443 dicebat:
292 1415 346 1450 Ego
366 1423 421 1442 sum
437 1414 503 1441 Deus
517 1414 645 1441 Abraham
657 1435 664 1447 ,
683 1413 752 1440 Deus
774 1414 860 1446 Isaac,
879 1412 947 1440 Deus

153 1461 234 1488 Jucob
257 1460 353 1496 (Exod.
368 1461 395 1488 5.
416 1459 456 1496 ὃ).
471 1460 567 1487 Beatus
587 1465 676 1487 autem
692 1459 789 1487 Paulus
804 1459 842 1485 ait
860 1466 867 1485 :
885 1457 947 1485 Ideo

152 1516 202 1534 non
220 1506 383 1542 confunditur
397 1506 481 1538 Deus,
501 1510 528 1532 ut
542 1510 642 1532 vocetur
659 1513 746 1533 eorum
766 1503 835 1530 Deus
855 1502 945 1539 (Ilcbr.

151 1554 196 1580 ll.
215 1553 269 1588 16).
294 1553 382 1580 Multa:
405 1553 521 1588 ipsorum
544 1552 635 1579 laudes
655 1552 680 1578 in
699 1551 784 1584 Novo,
806 1550 897 1577 multa?
920 1550 946 1576 in

150 1599 254 1626 Veteri.
272 1598 393 1634 Undique
414 1598 478 1625 clari
497 1602 523 1625 et
543 1597 664 1631 nobiles,
681 1601 707 1624 et
729 1603 823 1624 omnes
843 1595 947 1623 steriles

152 1645 302 1672 habuerunt
309 1645 555 1679 uxores,multoquc
563 1648 682 1678 tempore
692 1646 835 1670 caruerunt
843 1641 946 1669 liberis.

189 1693 217 1718 2.
242 1691 350 1726 Propter
367 1699 456 1718 causas
471 1699 578 1717 arcanas
592 1690 770 1725 fecunditatem
786 1689 861 1715 etiam
866 1688 945 1723 justis

153 1745 230 1774 negat
244 1739 313 1766 Deus
323 1747 333 1772 ;
354 1739 494 1774 fecunditas
509 1738 631 1765 steriliqu
652 1741 751 1771 partum
771 1735 875 1771 virginis
889 1743 947 1769 pro-

152 1784 370 1818 bat.-——Quando
384 1785 463 1819 igitur
481 1783 577 1810 videris
599 1782 684 1809 virutn
700 1786 724 1809 et
740 1782 879 1808 mulierem
893 1775 956 1807 vir:

152 1830 203 1856 tuti
226 1830 341 1863 deditos,
364 1837 456 1857 carere
480 1829 565 1864 prole,
590 1827 696 1863 quando
720 1827 817 1854 videris
841 1826 898 1860 pios
921 1830 947 1853 et

148 1875 290 1910 religionis
303 1876 435 1902 studiosos
447 1883 498 1901 non
513 1874 610 1901 habere
623 1874 729 1905 liberos,
742 1881 774 1899 nc
785 1873 884 1899 tribuas
898 1872 948 1899 hoc

154 1921 281 1956 peccatis.
307 1921 394 1948 Multa:
409 1921 480 1948 enim
503 1920 600 1948 divinae
614 1919 818 1954 dispensationis
832 1919 948 1945 rationes

150 1967 230 1994 nobis
251 1970 313 1994 sunt
340 1974 455 1999 arcanae,
483 1970 510 1993 ct
535 1973 583 2001 pro
607 1965 730 1992 omnibus
749 1964 848 1999 gratias
869 1971 948 1998 agere

152 2017 268 2047 oportet,
284 2019 315 2039 ac
328 2013 401 2040 solos
416 2012 474 2039 illos
489 2012 602 2038 miseros
616 2010 714 2042 dicere,
731 2010 774 2044 qui
799 2009 824 2035 in
838 2014 948 2044 peccato

153 2059 255 2090 vivunt,
269 2066 320 2086 non
332 2065 379 2085 eos
401 2058 495 2093 quibus
508 2057 553 2085 lilii
578 2057 683 2084 desunt.
708 2055 810 2090 Quippe
823 2061 947 2089 saepenu-

154 2111 229 2131 mero
243 2104 325 2131 mnlta
340 2104 409 2131 Deus
424 2104 523 2130 utiliter
545 2103 691 2137 dispensat,
702 2109 813 2136 quorutn
828 2108 876 2128 nos
886 2107 950 2127 catt-

152 2158 210 2177 sam
227 2150 370 2177 nescimus.
387 2149 536 2184 Eapropter
547 2148 572 2175 itt
587 2147 709 2175 omnibus
720 2146 875 2182 sapientiam
891 2145 949 2180 ejus

149 2195 280 2222 admirari
295 2199 410 2230 oportet,
430 2202 461 2222 ac
482 2194 632 2230 gloriﬁcare
655 2192 815 2220 ineffabilem
841 2192 948 2218 miseri-

152 2242 284 2269 cordiam.
299 2241 351 2269 Sed
362 2243 418 2268 haec
433 2240 538 2276 quidem
552 2240 586 2267 ad
596 2239 735 2267 utilitatem
749 2242 864 2265 vestram
877 2237 947 2265 dicta

152 2293 227 2319 sunt,
241 2287 301 2314 ideo
314 2292 342 2314 ttt
354 2286 497 2314 admodum
506 2289 607 2321 gratam
616 2285 780 2312 voluntatem
789 2283 946 2316 exhibeatis,

152 2340 243 2368 neque
257 2332 290 2359 de
311 2332 509 2367 dispensatione
529 2330 617 2357 divina
633 2329 738 2356 curiose
754 2328 923 2356 sciscitcmini
940 2336 947 2354 ε

152 2386 262 2405 causam
288 2382 376 2404 tamen
401 2377 522 2404 dicamus
539 2382 648 2411 propter
668 2383 746 2410 quant
761 2375 885 2402 ntulieres
899 2374 950 2401 illo:

152 2424 261 2452 steriles
284 2423 368 2450 fuere.
390 2423 517 2457 Qumnam
542 2423 622 2458 igitur
646 2426 688 2449 est
711 2422 809 2449 causa?
829 2421 865 2449 Ut
889 2429 949 2448 cum

152 2470 255 2497 videris
277 2470 406 2504 virginem
430 2474 550 2496 nostrutn
565 2475 733 2496 communem
749 2467 889 2495 Dominum
904 2475 951 2502 pa-

152 2518 280 2549 tientem,
300 2524 335 2544 ne
359 2516 395 2544 sis
416 2515 578 2543 incredulus.
600 2516 701 2543 Exercc
724 2515 795 2542 enim
820 2514 864 2541 hic
891 2519 951 2541 tuos

151 2571 259 2596 sensus,
274 2563 368 2598 inquit,
384 2563 410 2590 in
425 2562 502 2589 vulva
515 2561 658 2594 sterilium,
682 2564 721 2593 ut,
745 2568 805 2588 cum
821 2559 948 2587 didiceris

153 2611 263 2645 ligatam
278 2614 303 2637 ot
321 2615 468 2637 emortttatn
486 2609 589 2636 vulvam
601 2608 690 2635 divina
713 2607 811 2634 virtute
830 2607 862 2634 ad
890 2613 951 2642 pro-

151 2656 318 2683 creationem
331 2655 439 2690 aperiri,
451 2654 512 2682 inde
522 2654 637 2689 copiosis
651 2653 814 2689 argumentis
823 2652 948 2687 acceptis,

187 2715 195 2729 ι
214 2713 284 2738 savit.
299 2717 324 2738 et
335 2719 399 2737 unus
411 2712 489 2737 codex
501 2712 536 2737 sic
555 2711 661 2736 elferunt
677 2711 742 2734 hunc
752 2709 832 2733 locum
845 2715 851 2732 :
874 2712 951 2733 (mum

152 2745 241 2769 Ima...
254 2750 338 2775 quare,
351 2750 406 2775 cum
414 2747 437 2768 et
447 2743 501 2775 ipsa
510 2745 532 2767 et
543 2742 578 2767 vir
589 2742 641 2772 ejus
650 2742 704 2767 vita:
715 2741 804 2775 fuerint
814 2739 918 2768 eminure,
928 2742 951 2763 ct

154 2775 229 2800 (ιιηὺο
240 2772 390 2799 animum
400 2772 510 2802 studiosi,
518 2777 541 2798 et
553 2780 608 2798 cum
619 2779 666 2797 ηωι
676 2772 792 2803 possimus
803 2776 902 2802 carpere
910 2776 950 2794 co-

153 2813 212 2830 rum
224 2801 571 2840 vitomtneqeoruntpc'ccotis
589 2801 739 2840 sterilitatem
751 2801 863 2840 tribuere,
877 2807 951 2840 quare

155 2841 237 2862 tanien
249 2835 291 2860 illa
300 2833 374 2865 fuerit
392 2833 482 2861 sterilis
492 2834 503 2860 ?
514 2838 580 2859 nunc
591 2840 651 2858 vero
663 2833 789 2865 Ιοσιιεηκιιι
801 2833 905 2865 videtur,
919 2838 949 2855 ex

156 2869 200 2892 hac
219 2863 470 2897 homiliarexcerptum
482 2867 559 2891 habes
569 2869 642 2890 Tomo
660 2868 695 2894 ut,
717 2865 741 2888 in
752 2863 847 2889 humilia
859 2866 892 2887 De
905 2869 951 2886 non

158 2897 304 2930 evulgazulis
314 2896 413 2921 fratrum
426 2898 538 2928 peccatis.

668 163 702 191 IN
720 163 797 191 CAP.
818 162 900 190 XXV.
917 162 1039 191 GENES.
1061 162 1173 191 IlOlllL.
1196 163 1289 191 XLIX.

1735 165 1787 197 ttﬁ

999 231 1052 250 non
1085 223 1223 251 admireris
1245 223 1355 251 audiens
1385 224 1513 260 virginem
1539 228 1672 263 peperisse
1697 238 1703 255 :
1733 229 1787 256 itno

996 269 1128 297 admirare
1139 274 1166 296 et
1185 270 1353 304 obstupesce,
1374 272 1420 298 sed
1434 279 1467 299 ne
1484 272 1521 300 sis
1543 273 1693 302 ittcredulus
1706 275 1787 302 mira—

996 316 1067 344 culo.
1082 315 1193 348 Quando
1207 315 1284 350 igitur
1298 316 1344 344 tibi
1360 317 1422 344 dicit
1441 317 1559 351 Judmus,
1572 319 1714 352 Quomodo
1740 329 1784 356 pe.
1809 327 1811 343 1

997 362 1064 397 perit
1088 362 1178 397 virgo?
1205 363 1247 390 dic
1271 364 1296 390 ei
1322 372 1329 391 :
1352 364 1491 397 Quomodo
1518 366 1620 399 peperit
1637 367 1735 394 sterilis
1759 372 1788 395 et

996 409 1105 435 vetula?
1121 409 1176 435 Duo
1188 409 1377 444 itnpedimenta
1395 415 1457 437 tunc
1473 415 1559 444 erant,
1573 416 1601 438 et
1614 417 1677 440 artas
1693 413 1787 440 intem-
1803 426 1806 444 ς

997 454 1109 488 pestiva,
1129 458 1155 480 et
1179 458 1271 481 natura
1295 455 1408 482 vitiata:
1426 455 1452 482 in
1474 456 1575 490 virgine
1592 461 1680 484 autem
1705 465 1787 486 unum

997 498 1213 532 impedimentum
1230 499 1285 532 fuit,
1301 501 1370 535 quod
1393 508 1445 528 non
1460 506 1531 529 esset
1544 502 1675 537 particeps
1690 511 1788 531 concu-

997 545 1079 573 bitus.
1094 546 1197 574 Stcrilis
1212 547 1290 582 igitur
1303 547 1357 582 jam
1380 549 1448 576 viam
1475 553 1550 583 parat
1574 549 1678 585 virgini.
1706 551 1738 578 Et
1760 556 1789 578 ut

997 592 1065 618 scias
1095 597 1202 627 propter
1225 593 1276 620 hoc
1297 594 1403 621 steriles
1422 595 1494 629 prius
1515 595 1608 628 fuisse,
1623 602 1651 623 ut
1665 597 1788 624 credatur

995 637 1154 671 virginitatis
1177 643 1266 672 partus
1280 646 1287 665 :
1303 639 1365 666 audi
1378 639 1457 666 verba
1468 639 1600 667 Gabrielis
1611 640 1644 667 ad
1654 640 1786 675 Virginem

997 683 1077 710 dicta.
1099 684 1240 720 Postquam
1266 685 1337 712 enim
1365 686 1437 713 venit
1462 690 1488 713 et
1516 685 1591 719 dixit,
1617 685 1790 722 Concipiesin

997 733 1067 756 utero
1079 750 1086 763 ,
1109 734 1132 756 et
1158 730 1240 764 paries
1257 730 1356 763 ﬁlium,
1372 736 1395 757 et
1413 731 1513 758 vocabis
1526 740 1616 759 nomen
1631 733 1684 766 ejus
1698 731 1789 759 Iesum

998 774 1072 810 (Luc.
1087 775 1113 802 1.
1127 774 1172 811 ’51)
1190 784 1196 802 :
1211 775 1391 811 obstupefacta
1407 780 1447 803 est
1457 782 1482 804 et
1497 776 1635 810 admirata,
1651 777 1785 812 dixitque:

999 821 1129 856 Quomodo
1140 822 1185 849 erit
1196 822 1257 848 mihi
1268 821 1350 853 istud,
1367 823 1425 857 quia
1436 823 1518 849 virum
1533 831 1582 850 non
1599 831 1720 858 cognosco
1733 822 1787 859 (Ib.

997 875 1021 894 ν.
1035 866 1080 902 54)
1092 867 1103 894 ?
1117 867 1184 902 Quid
1202 867 1281 902 igitur
1295 869 1424 902 angelus?
1437 868 1548 903 Spiritus
1561 874 1662 895 sanctus
1674 876 1789 901 superve-

997 912 1046 939 niet
1057 921 1133 948 super
1143 917 1176 946 te,
1188 911 1434 940 etvirlusAltissimi
1442 912 1597 940 obumbrabit
1610 913 1654 940 tibi
1670 912 1750 948 (Ibid.
1764 921 1788 940 υ.

997 958 1053 992 55).
1069 957 1106 985 Ne
1122 965 1236 993 quaeras,
1253 957 1352 993 ittquit,
1370 963 1472 985 natura:
1489 958 1596 985 modum
1609 962 1637 985 et
1651 958 1788 992 ordinem,

997 1003 1103 1038 quando
1127 1011 1207 1038 super
1229 1011 1349 1031 naturam
1372 1008 1434 1030 sunt
1453 1011 1513 1038 quae
1528 1004 1612 1036 ﬁunt;
1629 1011 1663 1031 ne
1684 1009 1790 1039 spectes

997 1049 1110 1084 conjugii
1117 1049 1231 1081 dolores,
1239 1048 1344 1084 quando
1352 1048 1436 1083 major
1442 1057 1519 1084 quam
1527 1049 1552 1076 in
1560 1049 1657 1084 nuptiis
1664 1049 1789 1076 natalium

998 1095 1092 1122 modus
1106 1096 1166 1122 erit.
1179 1095 1211 1122 Et
1222 1095 1346 1130 quomodo
1361 1095 1404 1130 ﬁet
1417 1095 1494 1128 istud,
1510 1095 1603 1130 inquit,
1619 1096 1738 1131 quoniam
1752 1095 1790 1122 vi-

997 1148 1054 1166 rum
1069 1148 1118 1166 non
1135 1148 1256 1174 cognosco
1267 1140 1280 1167 ?
1291 1140 1360 1167 Sane
1376 1145 1484 1174 propter
1507 1140 1558 1167 ltoe
1572 1141 1639 1172 erit,
1664 1140 1789 1176 quoniam

997 1185 1083 1211 virutn
1098 1192 1150 1212 neu
1162 1185 1309 1219 cognoscis.
1325 1185 1390 1212 Nam
1405 1185 1426 1211 si
1441 1192 1616 1219 cognosceres
1629 1186 1724 1217 virum,
1736 1193 1790 1213 non

998 1231 1094 1258 fuisses
1107 1231 1194 1258 habita
1216 1230 1293 1265 digna
1313 1236 1341 1258 ut
1361 1230 1422 1258 huic
1435 1230 1583 1258 ministerio
1595 1231 1720 1258 servires.
1736 1230 1790 1258 lla-

998 1283 1049 1311 que
1061 1284 1092 1303 ea
1106 1276 1140 1304 de
1154 1284 1243 1310 causa,
1258 1284 1309 1311 qua
1322 1276 1439 1309 dubitas,
1451 1284 1481 1303 ea
1494 1276 1548 1311 ipsa
1561 1276 1595 1304 de
1608 1284 1687 1304 causa
1699 1276 1791 1306 crede.

998 1321 1055 1349 Non
1069 1322 1128 1357 quia
1143 1322 1242 1349 malum
1259 1322 1374 1358 nuptim,
1388 1322 1435 1350 sed
1449 1322 1511 1357 quia
1525 1321 1620 1349 melior
1637 1322 1790 1358 virginitas;

999 1367 1068 1395 hunc
1078 1373 1166 1395 autem
1181 1368 1329 1403 ingressum
1342 1368 1427 1395 nostri
1438 1367 1556 1395 omnium
1570 1368 1676 1396 Domini
1687 1368 1792 1403 dignio-

999 1423 1055 1442 rem
1071 1423 1130 1442 esse
1151 1419 1264 1450 oportet,
1281 1422 1359 1450 quant
1380 1421 1500 1442 nostrunt
1515 1423 1522 1441 :
1539 1414 1636 1450 Regius
1649 1415 1721 1442 enim
1743 1414 1792 1442 fuit

1000 1460 1133 1488 introitus.
1148 1460 1292 1496 Oportebat
1313 1464 1340 1487 ct
1358 1467 1526 1487 communem
1547 1468 1606 1487 curn
1625 1464 1716 1487 nostro
1735 1460 1792 1495 ejus

999 1514 1059 1534 esse
1074 1511 1161 1533 ortutn
1173 1526 1180 1539 ,
1195 1510 1222 1534 et
1243 1506 1376 1534 diversum
1389 1514 1405 1533 a
1420 1511 1522 1538 nostro,
1538 1511 1564 1533 et
1577 1510 1718 1541 utrumque
1731 1513 1792 1533 eve-

999 1553 1046 1580 nit.
1064 1553 1098 1580 Et
1121 1553 1254 1587 quomodo
1278 1552 1350 1579 audi.
1372 1552 1439 1579 Nam
1454 1552 1486 1579 de
1502 1557 1577 1579 utero
1597 1552 1720 1587 prodire,
1741 1551 1793 1579 hoc

998 1607 1140 1627 eommune
1161 1600 1297 1627 nobiscum
1313 1603 1371 1627 est:
1386 1599 1486 1634 absque
1501 1598 1610 1634 nuptiali
1624 1603 1713 1625 autctn
1728 1605 1793 1626 con-

999 1653 1091 1680 gressu
1103 1646 1186 1679 nasci,
1199 1653 1278 1680 supra
1291 1650 1409 1672 nostram
1422 1650 1463 1672 est
1475 1645 1615 1680 originem.
1626 1645 1736 1672 Utcrum
1748 1652 1794 1680 ge-

1000 1696 1072 1719 stare
1088 1697 1122 1725 te,
1140 1691 1165 1719 id
1181 1697 1282 1719 natura:
1294 1697 1335 1719 est
1345 1692 1484 1724 humanm;
1504 1691 1562 1719 sine
1575 1699 1719 1726 congressu
1736 1695 1794 1718 ute-

1000 1747 1058 1766 rum
1072 1743 1187 1774 gestare,
1199 1738 1224 1765 id
1240 1742 1331 1765 natura
1346 1737 1459 1764 humana
1472 1737 1610 1764 sublimius
1625 1746 1631 1762 :
1647 1741 1711 1764 utet
1725 1744 1794 1771 pra:-

1000 1784 1124 1812 stantiam
1135 1783 1382 1812 etcommunionem
1394 1789 1473 1817 quam
1488 1786 1574 1809 tecum
1585 1781 1666 1809 habet
1678 1781 1791 1809 ediscas.

1000 1829 1145 1857 Considera
1160 1833 1249 1856 autem
1265 1833 1362 1863 quanta
1377 1828 1505 1862 sapientia
1518 1827 1574 1854 ltrec
1590 1827 1657 1854 facta
1671 1827 1734 1860 sint,
1750 1835 1794 1854 ηρ-

1000 1883 1051 1910 que
1066 1875 1209 1903 eminentia
1222 1874 1306 1902 obfuit
1318 1873 1484 1901 similitudini
1502 1877 1529 1900 et
1540 1872 1660 1899 afliuitati
1671 1872 1729 1908 ejus
1743 1880 1794 1900 no-

1001 1922 1114 1954 biscmn,
1126 1929 1212 1956 neque
1228 1924 1316 1947 nostra
1331 1919 1445 1947 afﬁnitas
1460 1923 1487 1946 et
1506 1918 1652 1946 similitudo
1671 1919 1729 1954 ejus
1743 1919 1793 1945 ob-

1001 1968 1114 1995 seuravit
1126 1967 1310 1995 excellentiam
1322 1975 1329 1998 ;
1344 1966 1390 1993 sed
1406 1965 1531 2000 operibus
1545 1969 1687 1999 utruntque
1701 1969 1792 1992 osten-

1000 2023 1059 2042 sum
1074 2018 1115 2042 est
1127 2022 1133 2040 :
1150 2014 1254 2048 aliaque
1269 2012 1386 2047 perfecte
1400 2012 1476 2039 nobis
1487 2011 1582 2038 similia
1599 2011 1700 2044 habuit,
1714 2011 1764 2038 alia
1778 2018 1793 2037 a

1001 2057 1078 2084 nobis
1098 2056 1212 2083 diversa.
1231 2055 1344 2087 Verum,
1363 2058 1391 2081 ut
1405 2053 1477 2085 dixi,
1499 2058 1607 2088 propter
1628 2052 1679 2080 hoc
1690 2053 1795 2080 steriles

1002 2101 1107 2129 fuerunt
1121 2101 1188 2133 istm,
1201 2105 1229 2127 ut
1243 2100 1397 2127 crederetur
1411 2099 1568 2134 virginitatis
1582 2103 1683 2133 partus,
1695 2102 1723 2125 ut
1737 2098 1793 2132 ipsa

1001 2148 1171 2176 induceretur
1185 2147 1217 2174 ad
1241 2147 1319 2174 lident
1341 2145 1535 2181 promissionis.
1552 2145 1620 2172 Audi
1645 2144 1714 2172 enim
1731 2144 1793 2179 quid

1002 2195 1065 2222 dicit
1079 2195 1188 2230 angelus
1204 2194 1251 2221 Dei
1271 2202 1278 2220 :
1297 2193 1409 2228 Spiritus
1427 2197 1528 2219 sanctus
1541 2192 1619 2218 veniet
1633 2199 1707 2226 super
1722 2195 1753 2222 te,
1771 2194 1795 2216 et

1001 2241 1079 2269 uirtus
1093 2241 1215 2268 Altissimi
1233 2239 1388 2267 obumbrabit
1401 2238 1444 2265 tibi
1455 2238 1464 2273 (
1475 2236 1601 2272 Ibidem).
1616 2236 1661 2263 Sic
1671 2256 1677 2268 ,
1693 2235 1776 2271 inquit
1787 2255 1794 2267 ,

1002 2288 1101 2323 poteris
1112 2293 1213 2322 parere.
1226 2286 1320 2313 Totum
1331 2285 1485 2320 operatione
1496 2283 1610 2318 Spiritus
1621 2282 1683 2310 erit.
1694 2281 1732 2309 Ne
1746 2281 1796 2316 ἰεί-

1003 2340 1045 2362 tur
1058 2337 1163 2369 spectes
1176 2333 1200 2360 itt
1218 2337 1326 2364 terram,
1341 2339 1356 2359 e
1368 2330 1443 2358 etelis
1455 2330 1575 2365 operatio
1587 2329 1668 2356 venit.
1682 2328 1797 2363 Spiritus

1001 2381 1093 2416 gratia:
1115 2383 1157 2407 est
1179 2377 1250 2414 quod
1273 2378 1315 2410 ﬁt,
1332 2384 1365 2404 ne
1379 2383 1483 2411 quaeras
1496 2379 1598 2402 natura:
1619 2373 1726 2400 modum
1739 2392 1746 2404 ,
1764 2380 1798 2399 ne

1002 2427 1148 2455 scctmdum
1161 2425 1311 2460 nuptiarum
1323 2422 1546 2457 legesintelligas.
1559 2420 1656 2447 Verum
1670 2418 1795 2454 quoniam

1003 2473 1104 2507 majora
1118 2476 1179 2499 sunt
1198 2471 1278 2498 verba
1294 2470 1361 2503 hmc,
1374 2476 1452 2504 quam
1469 2473 1496 2494 ut
1510 2467 1554 2494 illa
1569 2470 1684 2501 caperet,
1699 2465 1755 2491 vult
1769 2468 1795 2491 et

1003 2519 1081 2547 aliam
1096 2518 1119 2546 ei
1132 2517 1251 2553 praebere
1262 2514 1528 2544 demonstrationem.

1038 2565 1064 2593 5.
1085 2564 1126 2592 Tu
1141 2567 1249 2595 autem,
1273 2561 1386 2594 dilecte,
1410 2558 1518 2586 attende
1543 2556 1675 2592 quomodo
1697 2555 1796 2583 sterilis

1003 2612 1081 2639 istam
1093 2609 1252 2637 manudttcat
1266 2607 1299 2635 ad
1314 2606 1393 2633 ﬁdem
1408 2608 1509 2640 partus.
1523 2602 1653 2637 Quoniam
1668 2602 1740 2636 prior
1750 2601 1796 2628 de-

1005 2656 1162 2683 monstratio
1181 2653 1265 2688 major
1277 2656 1335 2680 erat
1346 2649 1505 2685 cogitatione
1520 2647 1638 2683 virginis,
1652 2647 1712 2674 audi
1728 2654 1794 2681 quo-

1005 2701 1084 2728 modo
1096 2704 1123 2728 et
1134 2698 1302 2726 humiliorem
1314 2702 1466 2723 sermonem
1479 2693 1584 2725 all‘erat,
1600 2700 1648 2728 per
1662 2691 1796 2720 sensibilia

1004 2747 1090 2782 ipsam
1101 2744 1294 2772 manuducens.
1308 2741 1342 2768 Et
1355 2749 1420 2773 ecce,
1434 2739 1530 2775 inquit,
1545 2737 1676 2765 Elisabetlt
1689 2742 1797 2773 cognata

1005 2799 1048 2820 tua
1061 2796 1084 2819 et
1094 2792 1150 2828 ipse
1160 2789 1270 2824 concepit
1280 2788 1363 2823 filium
1373 2787 1400 2814 in
1412 2790 1535 2814 senectute
1547 2792 1594 2811 sua
1608 2791 1618 2811 :
1636 2789 1658 2811 et
1670 2784 1710 2811 hie
1724 2791 1795 2810 men-

1005 2840 1039 2866 sis
1049 2843 1134 2866 sextus
1149 2841 1185 2864 est
1198 2836 1220 2863 ei
1229 2843 1285 2870 qua:
1296 2837 1399 2861 vocatur
1411 2831 1503 2859 sterilis
1515 2830 1591 2865 (Luc.
1605 2831 1630 2858 Ι.
1645 2830 1702 2865 36).
1718 2829 1796 2856 Vides

1008 2892 1035 2913 ut
1047 2885 1145 2913 sterilis
1160 2888 1267 2919 propter
1283 2881 1409 2917 virginem
1432 2879 1459 2906 in
1479 2877 1595 2906 medium
1615 2877 1650 2905 sit
1662 2874 1794 2901 adducta?
