2044 3131
256 145 307 174 447

253 199 376 235 Alioquin
394 198 468 233 cujus
488 197 528 225 rel
542 196 626 233 gratia
641 196 777 224 retulisset
795 200 899 230 partum
916 197 1045 228 cognatm,

253 245 330 279 cujus
344 245 406 271 item
419 243 502 278 gratia
515 241 637 276 dixisset,
655 241 718 275 Qua:
728 246 830 269 vocatur
841 240 953 267 sterilis?
968 239 1048 267 Plane

253 298 300 324 per
315 290 402 317 omnia
415 288 564 316 deducebat
576 296 634 316 eam
650 288 683 315 ad
696 287 858 316 credendum
873 284 1047 313 annuntiatio-

254 335 279 362 ni
292 343 298 361 :
311 340 453 369 propterea
465 338 493 361 et
504 340 608 369 tempus
621 333 697 366 dixit,
711 337 738 360 et
749 337 849 359 natura:
861 331 1026 358 sterilitatem
1038 338 1045 356 :

254 385 393 414 propterea
419 384 445 407 et
460 385 566 414 tempus
581 379 682 406 distulit
696 378 889 412 conceptionis.
904 377 962 404 Non
976 377 1047 404 enim

253 426 342 452 statim
357 433 370 452 a
386 426 517 461 principio
535 426 559 452 ei
579 425 763 452 annuntiatum
773 427 833 455 est,
849 423 895 451 sed
911 423 1047 458 prmterito

255 476 373 506 tempore
384 472 517 505 semestri,
533 476 561 498 ut
576 470 645 498 uteri
660 470 764 498 sarcina
784 470 984 504 conceptionem
999 467 1047 495 do-

253 523 334 545 ceret.
346 517 378 545 Et
387 517 446 545 vide
460 522 557 552 quanta
567 516 672 544 Gabriel
682 516 763 544 utitur
773 515 890 543 solertia.
905 514 961 541 Non
977 514 1047 541 enim

253 565 279 591 in
290 565 445 591 memoriam
454 564 478 591 ei
493 563 596 591 reducit
608 563 647 591 vel
658 563 775 595 Sarram,
787 562 827 589 vel
837 561 993 593 Rebeccam,
1007 560 1047 587 vel

256 609 409 636 Rachelem.
423 609 512 642 Quare
527 614 554 635 et
567 616 646 643 qualn
661 607 696 635 ob
705 614 811 634 causam
823 607 834 633 ?
845 605 910 633 Nam
925 605 965 632 lue
979 614 1046 640 quo-

254 662 305 689 que
322 657 427 682 luerunt
437 654 551 686 steriles,
563 659 589 680 et
599 654 705 685 vctulm,
717 657 743 680 et
756 659 880 687 magnum
892 651 1048 678 miraculum

254 700 280 726 in
295 700 346 727 illis
360 700 407 726 l'uit
421 709 428 726 :
445 700 491 727 sed
506 700 566 735 quia
582 707 676 727 omnes
692 699 733 726 lue
749 699 916 726 narrationes
933 698 1049 733 antiqua:

254 750 346 779 erant,
368 745 475 772 adducit
496 753 554 772 eam
571 744 602 771 ad
626 745 650 771 id
665 744 734 779 quod
750 752 834 779 nuper
846 744 1006 778 contigerat,
1022 746 1051 770 ut

255 797 371 818 tuentem
385 791 442 826 ejus
452 791 485 818 ad
501 790 664 818 credendum
677 795 844 824 provocaret.

294 836 389 872 Viginli
403 837 475 863 antiis
491 841 630 872 perseverat
650 845 725 863 orans
742 836 826 863 Isaac.
842 851 877 856 ——
887 835 939 863 Sed
955 843 1050 863 neces-

253 883 355 910 sarium
369 888 410 910 est
425 887 453 909 ut
468 882 500 909 ad
516 883 665 909 institutum
680 889 833 909 sermonem
849 881 989 908 redeamus
1001 901 1008 911 ,
1025 886 1052 908 et

255 929 435 964 signiﬁcemus
453 929 518 963 justi
544 929 689 960 virtutem,
716 931 744 955 et
767 927 902 962 quomodo
928 927 1051 961 precibus

255 975 422 1002 sterilitatem
438 973 566 1001 Rebecca:
581 973 708 1006 solverit,
725 978 751 1000 et
767 973 870 1000 viuCula
891 977 991 999 natura:
1006 980 1051 998 su-

255 1020 395 1054 peraverit.
410 1019 456 1046 21.
475 1019 662 1054 Dcprecabalur
675 1025 768 1049 autem.
783 1019 846 1046 dicit
856 1040 864 1050 ,
880 1027 927 1054 pro
943 1018 1052 1045 Rebecca

255 1074 332 1092 uxore
345 1074 400 1097 sua,
413 1066 529 1099 quoniam
541 1066 632 1092 sterilis
645 1070 698 1091 erat
707 1086 714 1095 .
726 1070 750 1091 et
764 1065 890 1091 exaudivit
905 1072 960 1090 cum
971 1063 1050 1090 Deus.

254 1110 311 1138 Non
325 1111 384 1145 quia
398 1118 458 1138 mox
474 1111 509 1137 ita
523 1111 644 1137 subditur
654 1116 681 1138 et
695 1111 822 1145 scriptum
836 1114 888 1143 est,
904 1115 980 1144 putes
991 1117 1051 1136 eum

255 1164 269 1183 e
285 1156 395 1191 vestigio
414 1161 440 1183 et
456 1157 576 1190 protinus
594 1160 765 1190 assequutum
783 1163 843 1182 esse
860 1155 929 1189 quod
944 1155 1053 1189 optabat

255 1207 281 1228 et
295 1202 439 1236 qna'rcbat.
462 1201 525 1228 Nam
543 1201 632 1236 viginti
649 1201 726 1227 anuis
742 1201 921 1234 perseveravit
936 1208 1014 1226 orans
1027 1204 1054 1227 et

255 1246 402 1280 deprecans
416 1247 507 1278 Deum,
520 1250 544 1273 et
560 1251 621 1273 tunc
634 1245 738 1273 tandem
752 1250 910 1280 assequutus
925 1251 966 1272 est
981 1245 1051 1280 quod

255 1291 432 1319 desiderabat.
448 1292 480 1319 Et
499 1292 568 1318 unde
581 1292 696 1319 sciemus
710 1291 777 1318 hoc?
793 1291 820 1318 Si
838 1291 977 1326 diligenter
991 1299 1051 1326 per-

256 1345 393 1364 curramus
406 1345 465 1372 qua:
484 1337 509 1364 in
529 1337 618 1365 divina
638 1337 773 1372 Scriptura
795 1337 976 1364 continentur.
992 1336 1051 1364 Non

256 1383 328 1410 enim
341 1389 444 1418 tempus
458 1383 535 1410 nobis
550 1383 734 1410 absconditum
747 1387 797 1415 est,
812 1382 858 1410 sed
870 1383 985 1417 signavit
995 1382 1053 1417 qui-

256 1429 336 1460 dem.
361 1428 473 1455 latenter
499 1433 605 1460 tamen,
631 1428 665 1454 ita
693 1432 721 1455 ut
748 1432 873 1462 provocet
892 1427 1053 1455 desiderium

257 1479 395 1505 nostrum,
420 1478 447 1501 et
461 1473 493 1500 ad
516 1474 621 1509 dignam
640 1473 838 1508 inquisitionem
863 1473 964 1500 incitet.
988 1473 1054 1500 Nam

257 1520 325 1547 sicut
345 1520 435 1547 docuit
454 1528 503 1547 nos
525 1527 654 1547 annorum
677 1527 818 1546 numerum
837 1526 917 1553 quem
936 1518 1052 1545 habuit‘

257 1566 363 1600 quando
378 1566 527 1593 Rcbeccam
541 1566 625 1598 duxit,
642 1566 676 1592 ita
690 1570 716 1593 et
729 1565 779 1592 hoc
791 1565 867 1591 nobis
883 1565 969 1599 palam
983 1564 1053 1592 fecit.

259 1612 323 1639 Erat
334 1613 415 1644 enitn,
430 1612 523 1647 inquit,
538 1611 611 1639 Isaac
624 1620 749 1638 annorum
763 1612 941 1647 quadraginta,
953 1613 1055 1646 quando

258 1659 353 1692 accepit
368 1658 505 1686 Ilcbcccam
515 1659 596 1692 ﬁliam
610 1657 743 1685 Bathuclis
759 1658 829 1693 Syri.
860 1657 977 1684 Didicisti
993 1658 1054 1685 dili-

258 1709 352 1739 genter
374 1709 487 1739 tempus.
503 1703 604 1731 Deinde
625 1707 763 1738 postquam
785 1703 873 1730 dixit:
898 1702 1056 1737 Dcprecatus

259 1756 294 1777 est
310 1749 385 1776 Isaac
400 1758 445 1783 pro
459 1758 536 1776 uxore
550 1758 606 1782 sua,
622 1750 681 1785 quia
695 1749 787 1776 sterilis
803 1754 865 1782 erat,
881 1754 908 1776 ut
921 1749 1055 1777 discamus

259 1804 387 1823 annorum
414 1804 564 1829 numerum,
587 1796 730 1830 assignavit
750 1795 827 1823 nobis
842 1800 907 1831 quot
924 1803 1055 1823 annorum

260 1840 337 1868 fuerit
354 1841 425 1868 Isaac
439 1841 545 1876 quando
559 1842 612 1868 nati
633 1845 695 1868 sunt
712 1841 736 1868 ei
754 1841 799 1868 lilii
816 1841 849 1868 de
864 1841 994 1868 Rebecca.
1009 1841 1053 1868 26.

262 1886 326 1913 Erat
340 1887 407 1913 enim
421 1886 497 1913 Isaac
509 1907 515 1918 ,
533 1886 628 1921 inquit,
644 1894 770 1913 annorum
790 1887 921 1921 sexaginta
931 1907 938 1919 ,
954 1887 1056 1921 quando

261 1934 356 1968 peperit
371 1932 492 1959 Rebecca.
515 1932 542 1960 Si
563 1933 642 1967 igitur
658 1932 832 1968 quadraginta
848 1940 979 1959 annorum
998 1939 1057 1960 erat

261 1977 365 2013 quando
381 1978 452 2005 illam
466 1977 560 2010 duxit,
576 1978 712 2013 sexaginta
728 1982 818 2004 autem
831 1977 937 2012 quando
953 1978 1056 2012 peperit

261 2032 336 2056 uxor,
352 2024 520 2051 manifestum
535 2028 576 2051 est
591 2031 652 2051 eum
669 2015 746 2051 annis
761 2023 852 2058 viginti
869 2031 1055 2058 perseverasse

261 2075 381 2097 orantem
399 2069 491 2101 Deum,
506 2074 533 2096 et
548 2073 653 2096 utcrutn
669 2069 795 2096 Rebecca:
810 2069 929 2095 inutilem
943 2076 1056 2103 genera-

263 2115 343 2148 tioui,
370 2114 493 2143 idoneum
517 2115 611 2142 fecisse
634 2114 683 2150 (a).
710 2114 818 2141 Vidistis
841 2114 970 2141 orationis
992 2114 1053 2146 vim,

263 2159 395 2195 quomodo
420 2165 448 2187 et
469 2166 589 2187 naturam
611 2160 696 2194 ipsam
718 2159 844 2194 saperet?
868 2160 943 2187 llunc
964 2167 1057 2187 omnes

265 2206 414 2237 imitemur,
430 2210 457 2232 et
471 2206 505 2232 ita
518 2205 544 2232 in
557 2205 679 2240 precibus
694 2205 778 2232 simus
792 2205 902 2237 assidui,
915 2206 1058 2240 animoque

264 2252 344 2279 sobrii
359 2257 383 2279 et
397 2251 511 2278 humiles
524 2261 530 2278 :
547 2251 738 2285 audiamusque
749 2251 860 2278 Paulum
870 2251 1057 2278 admonentem

265 2305 292 2327 et
312 2299 463 2326 dicentem:
489 2297 610 2324 Leuantes
631 2301 731 2324 sanctas
753 2305 842 2323 manus
861 2297 953 2332 absque
974 2298 1012 2324 ira
1036 2303 1059 2325 ct

257 2343 482 2380 disceptationibus
493 2343 530 2379 (ί.
545 2343 610 2370 Tim.
621 2342 679 2379 2.8)
691 2353 696 2369 :
711 2347 738 2370 et
750 2342 903 2370 studeatnus
913 2351 1018 2379 semper
1030 2345 1062 2371 l3-

265 2391 350 2418 berari
373 2398 388 2418 a
413 2389 621 2425 perturbatione,
643 2393 671 2416 ut
693 2396 769 2416 mens
792 2389 824 2416 sit
845 2389 872 2416 iu
893 2391 1057 2425 tranquillo,

264 2436 378 2463 maxime
391 2439 480 2462 autem
495 2442 601 2470 precum
617 2440 751 2469 tempore,
768 2434 875 2469 quando
886 2435 968 2463 multa
983 2436 1060 2464 nobis

263 2488 330 2516 opus
344 2484 386 2508 est
405 2487 420 2506 a
440 2480 496 2507 Deo
510 2479 681 2514 benignitate.
698 2479 764 2506 Nam
780 2480 802 2506 si
822 2487 872 2508 nos
888 2481 986 2508 viderit
998 2489 1060 2516 pre-

263 2526 317 2553 cari
331 2525 476 2553 secundum
487 2525 559 2560 leges
573 2526 606 2552 ab
617 2533 646 2553 se
661 2526 770 2560 positas,
782 2527 872 2554 statim
886 2527 962 2555 nobis
975 2527 1060 2554 dono-

264 2580 324 2599 rntn
343 2580 453 2600 suorum
477 2571 625 2607 largitatem
649 2572 792 2600 liberaliter
817 2574 962 2601 concedet:
987 2573 1059 2609 quod

265 2617 342 2644 nobis
363 2617 468 2652 assequi
495 2617 583 2651 liccat,
607 2617 690 2652 gratia
715 2622 743 2644 et
764 2617 926 2653 benignitate
950 2619 1058 2646 Domini

266 2662 349 2690 nostri
362 2662 426 2690 Jesu
437 2663 551 2695 Christi,
565 2670 624 2690 cum
638 2670 690 2698 quo
706 2663 775 2690 Patri
791 2664 824 2690 sit
836 2664 934 2699 gloria,
953 2664 1039 2691 honor
1050 2685 1058 2698 ,

267 2707 406 2743 imperium
418 2729 426 2741 ,
440 2708 518 2736 simul
532 2713 559 2736 et
573 2713 665 2736 saneto
679 2709 799 2744 Spiritui,
815 2718 884 2738 nunc
897 2714 924 2738 et
933 2717 1039 2746 semper
1049 2731 1058 2745 ,

268 2759 294 2781 et
307 2754 332 2780 in
348 2754 443 2781 secula
457 2754 626 2781 satculonnu.
642 2755 737 2782 Amen.

301 2812 309 2827 '
326 2811 396 2835 Coisl.
409 2812 506 2840 omittit,
518 2817 588 2842 quem
600 2811 690 2836 habuit.

301 2842 338 2870 (a)
355 2842 584 2874 lluctlesinit‘iocus
592 2842 634 2866 ille
644 2843 706 2869 hinc.
720 2847 747 2868 ut
759 2847 864 2874 rotatur.
875 2852 887 2869 a
898 2845 1063 2874 Chrysostomo

266 2875 399 2904 excerptas
409 2872 433 2898 itt
444 2873 543 2898 tiontilia
552 2876 589 2898 the
599 2880 648 2897 una
658 2871 803 2904 mulgautlis
814 2871 913 2901 fratrum

641 141 670 170 S.
690 139 829 169 JOANNIS
844 134 1083 166 CHRYSOSTOHI
1104 135 1262 165 ARCHIEP.
1282 137 1551 167 CONSTANTINOP.

1847 138 1901 166 ΜΒ

1405 194 1542 223 NOMINA
1563 195 1594 223 L.

1099 259 1218 295 (Immisit
1240 266 1327 289 uel:
1352 262 1483 296 Rebecca,
1506 268 1535 290 α
1557 263 1722 292 mit-ddunt
1745 263 1850 301 pavendi
1869 264 1900 291 in

1329 308 1376 335 tua
1394 307 1473 343 (Gen.
1486 308 1532 337 es.
1545 309 1590 336 si.
1603 308 1662 344 η).

1137 375 1161 402 1.
1178 375 1263 403 Vultis
1276 375 1356 403 etiam
1368 375 1447 404 hodie
1459 383 1624 412 apponamus
1636 377 1740 404 caritati
1755 382 1853 405 vestra:
1866 384 1900 405 ca

1099 427 1159 454 qua:
1172 420 1199 447 in
1212 421 1326 448 lectione
1338 421 1462 449 hesterna
1476 421 1568 448 relicta
1583 422 1664 449 sunt?
1678 422 1718 450 Ad
1731 422 1810 450 linem
1824 424 1900 450 enim

1100 466 1247 500 perducere
1262 471 1346 495 totum
1354 473 1537 503 argumentum
1550 469 1734 504 nequivimus;
1746 469 1793 497 sed
1806 475 1902 497 osten-

1100 511 1187 540 dimus
1207 520 1254 548 per
1273 512 1394 540 assiduas
1414 521 1505 548 preces
1527 514 1601 541 Isaac
1625 514 1743 549 potuisse
1766 514 1902 543 Rebeccae

1099 558 1203 585 vulvam
1218 559 1332 586 [illorum
1346 559 1510 595 generationi
1530 559 1644 587 reddere
1659 560 1780 588 idoneam
1796 581 1804 594 ,
1818 565 1902 588 natu-

1099 612 1210 639 ramque
1230 604 1315 640 ipsum
1331 605 1451 632 inutilem
1471 604 1568 632 factam
1579 626 1586 639 ,
1601 610 1630 633 ut
1644 606 1680 633 ita
1694 605 1781 633 dicam
1792 626 1801 639 ,
1816 614 1899 642 repa-

1101 658 1160 678 rare
1173 660 1180 677 :
1193 651 1252 678 hare
1264 651 1352 679 omnia
1366 650 1425 678 heri
1438 651 1503 679 Satis
1517 659 1565 678 vos
1579 651 1729 685 docuimus,
1739 657 1900 680 monstran-

1102 702 1142 724 tes
1161 704 1292 725 annorum
1316 705 1474 730 numerum,
1490 697 1604 733 quibus.
1620 703 1651 725 ut
1670 697 1722 725 hoc
1743 699 1902 733 impetraret

1102 742 1195 770 beatus
1210 742 1264 776 ille,
1279 750 1360 771 orans
1373 747 1400 771 et
1413 744 1561 778 deprecans
1575 744 1723 778 permansit
1736 753 1744 772 :
1757 745 1822 772 etin
1836 752 1898 772 ser-

1102 795 1210 816 monem
1222 788 1255 816 de
1267 788 1401 816 sterilibus
1411 789 1523 825 egressi,
1534 789 1604 816 dicta
1615 789 1690 817 vobis
1697 797 1777 818 causa
1786 795 1900 826 propter

1101 841 1180 868 quam
1191 834 1326 868 justnrum
1341 834 1446 862 illorum
1461 841 1559 862 uxores
1574 835 1679 862 steriles
1693 835 1784 869 fuere,
1797 843 1901 863 sermo-

1103 886 1164 906 nem
1176 879 1286 907 missum
1300 880 1421 907 fecimus.
1437 880 1531 915 Opera:
1553 880 1666 916 pretium
1691 884 1781 908 autem
1795 885 1835 908 est
1849 889 1900 908 nos

1102 924 1181 952 hodie
1200 925 1303 953 discere
1318 925 1446 954 Rebeccze
1468 926 1621 962 religiosam
1642 932 1769 959 mentem,
1795 932 1823 954 ut
1844 936 1899 954 non

1103 971 1189 998 solum
1204 971 1280 998 nobis
1291 979 1305 998 a
1317 972 1414 999 virtute
1426 971 1491 1006 justi
1503 972 1607 999 lucrum
1620 972 1740 1003 accedat,
1755 972 1803 1000 sed
1818 973 1899 999 etiam

1103 1024 1135 1043 ex
1150 1017 1259 1044 historia
1271 1024 1331 1052 qua:
1344 1017 1493 1045 Rebeccam
1507 1017 1635 1052 respicit,
1648 1017 1681 1045 ad
1703 1018 1901 1045 aemulationem

1104 1069 1248 1096 provocare
1268 1062 1401 1097 possimus
1414 1062 1560 1090 auditores.
1579 1063 1723 1098 Postquam
1737 1063 1808 1090 enim
1831 1063 1902 1090 Deus

1104 1108 1239 1135 exaudivit
1257 1109 1406 1136 orationem
1425 1109 1491 1144 justi
1502 1129 1510 1142 ,
1523 1108 1568 1136 21.
1582 1108 1616 1136 Et
1637 1114 1735 1136 uterum
1758 1110 1833 1144 gessit
1847 1109 1900 1136 Re-

1104 1151 1187 1187 becca,
1202 1153 1246 1180 2‘2.
1268 1153 1445 1187 colludebant,
1472 1154 1575 1189 inquit,
1591 1154 1663 1189 pueri
1682 1155 1709 1181 in
1730 1163 1779 1187 ea,
1803 1159 1830 1182 et
1845 1163 1902 1181 ma-

1103 1207 1156 1234 gno
1179 1207 1238 1227 eam
1253 1199 1346 1227 dolore
1369 1200 1530 1228 alticiebant.
1554 1200 1623 1227 Dixit
1643 1201 1728 1235 enim,
1742 1201 1845 1236 inquit,
1869 1201 1901 1228 Si

1104 1246 1141 1272 sic
1163 1246 1225 1273 milii
1248 1246 1363 1280 futurum
1387 1247 1440 1279 sit,
1466 1255 1510 1273 cur
1534 1247 1595 1273 mihi
1618 1246 1689 1273 hoc?
1711 1246 1802 1282 Neque
1827 1248 1900 1274 enim

1106 1298 1174 1318 unus
1205 1297 1263 1319 erat
1291 1292 1459 1325 nasciturus,
1489 1292 1537 1320 sed
1563 1292 1630 1319 duos
1658 1292 1737 1319 simul
1766 1293 1791 1319 in
1826 1298 1902 1320 utero

1105 1345 1202 1373 pueros
1223 1338 1353 1372 gestabat,
1376 1341 1403 1365 et
1423 1346 1456 1365 ex
1478 1338 1598 1373 angustia
1619 1338 1731 1365 multum
1753 1338 1900 1365 crueiatum

1105 1384 1246 1411 sentiebat.
1260 1384 1312 1412 Sed
1334 1385 1378 1412 hic
1397 1385 1467 1417 vide,
1491 1385 1614 1417 obsecro.
1637 1385 1757 1412 mulieris
1777 1385 1903 1420 pietatem

1105 1434 1132 1457 et
1146 1430 1312 1465 religionem.
1327 1429 1385 1457 Non
1400 1430 1472 1457 enim
1487 1430 1556 1458 sicut
1576 1430 1701 1457 mulieres
1725 1431 1828 1462 niultze,
1842 1439 1902 1465 qua:

1107 1475 1269 1510 negligenter
1290 1475 1389 1507 vivunt,
1416 1475 1495 1503 hodie
1520 1475 1607 1503 facere
1630 1481 1846 1508 consueverunt,
1868 1477 1902 1504 ad

1107 1521 1250 1548 humanmn
1265 1521 1383 1556 confugit
1401 1521 1565 1554 subsidium,
1582 1529 1634 1548 non
1655 1522 1688 1548 ad
1707 1529 1754 1549 eos
1773 1522 1817 1557 qui
1842 1522 1902 1549 talia

1106 1567 1161 1595 suis
1182 1568 1352 1602 coniecturis,
1369 1576 1477 1604 suzeque
1489 1568 1600 1596 rationis
1613 1569 1845 1597 observationibus
1856 1569 1901 1604 ju-

1105 1613 1195 1640 dicare
1217 1614 1307 1640 volunt
1319 1622 1326 1646 ;
1342 1622 1428 1649 neque
1441 1622 1470 1641 sc
1484 1614 1607 1649 exposuit
1623 1614 1774 1649 deceptioni
1788 1615 1902 1642 circula-

1107 1665 1204 1692 torum,
1219 1665 1245 1688 et
1258 1668 1350 1687 eorum
1365 1661 1407 1695 qui
1421 1661 1548 1696 pollicere
1562 1660 1662 1688 audent
1674 1669 1732 1696 qua:
1750 1669 1830 1696 supra
1851 1661 1903 1688 hu-

1107 1713 1212 1732 manam
1226 1709 1288 1733 sunt
1309 1710 1430 1733 naturatn
1448 1706 1511 1733 :sed
1525 1706 1602 1738 Abiit,
1616 1706 1710 1741 inquit,
1723 1711 1750 1733 ut
1763 1707 1904 1733 consuleret

1105 1751 1254 1780 Dominum.
1269 1752 1336 1780 Vide
1348 1752 1466 1780 mulieris
1487 1752 1668 1788 sagacitatem.
1684 1753 1816 1787 Quoniam
1839 1753 1904 1780 vidit

1106 1806 1167 1826 cum
1186 1799 1229 1834 qui
1250 1800 1353 1827 vulvam
1373 1799 1431 1835 ejus
1452 1804 1592 1832 resurarat,
1614 1804 1642 1827 et
1665 1800 1710 1835 qui
1733 1800 1903 1828 infecundum

1107 1850 1228 1873 ventrem
1244 1851 1352 1881 repente
1366 1846 1400 1873 ita
1413 1845 1553 1873 fecundum
1568 1845 1702 1880 eil'ecerat,
1721 1851 1826 1874 naturte
1843 1853 1904 1874 esse

1110 1891 1261 1924 Dominum,
1278 1893 1402 1927 quoniam
1417 1891 1482 1918 vidit
1493 1892 1559 1919 uteri
1575 1891 1707 1918 sarcinam
1720 1899 1815 1926 magna
1831 1900 1904 1927 qua:-

1108 1937 1168 1964 dam
1184 1938 1348 1972 promittere,
1359 1937 1435 1970 Abiit,
1447 1938 1541 1973 inquit,
1555 1943 1582 1965 ut
1597 1938 1738 1966 consuleret
1755 1938 1903 1966 Dominum.

1108 1983 1176 2016 Quid
1189 1987 1240 2016 est,
1255 1984 1320 2010 Abiit
1334 1988 1361 2010 ut
1384 1984 1522 2011 consuleret
1535 1983 1695 2012 Dominum?
1722 1986 1846 2014 Cucurrit
1871 1987 1904 2015 ad

1109 2037 1199 2056 veram
1213 2030 1362 2063 scientiam,
1378 2035 1404 2058 et
1419 2030 1553 2058 festinavit
1565 2032 1598 2059 ad
1613 2032 1779 2060 sacerdotem
1799 2033 1845 2061 Dei
1854 2034 1902 2061 mi-

1109 2076 1233 2108 nistrum,
1253 2083 1300 2110 per
1313 2083 1392 2111 quem
1408 2077 1522 2104 latenter
1535 2077 1574 2104 rei
1586 2077 1723 2105 scientiam
1737 2078 1843 2106 discere
1855 2086 1904 2106 cu-

1107 2121 1198 2156 piebat
1211 2121 1219 2136 ¹
1235 2130 1241 2148 :
1256 2125 1284 2148 et
1296 2129 1424 2149 enarrans
1434 2123 1521 2150 omnia
1533 2130 1592 2157 qua:
1608 2123 1658 2150 sibi
1671 2124 1849 2159 contigerant,
1862 2125 1904 2151 di-

1109 2167 1173 2194 dicit
1185 2167 1325 2203 diligenter
1335 2169 1438 2200 omnia,
1447 2168 1620 2196 misericorde
1631 2169 1685 2197 Deo
1694 2177 1746 2204 per
1758 2171 1905 2198 sacerdotis

1109 2214 1227 2249 linguam
1252 2213 1392 2249 detegente
1409 2213 1435 2241 ei
1455 2214 1543 2242 omnia
1565 2215 1722 2247 manifeste,
1743 2221 1772 2243 et
1790 2217 1904 2244 alacrio-

1111 2267 1166 2287 rem
1178 2267 1240 2295 eam
1253 2261 1390 2288 reddente.
1399 2261 1431 2288 Et
1444 2265 1472 2288 ut
1486 2261 1555 2288 scias
1565 2266 1662 2296 quanta
1675 2267 1738 2289 tunc
1749 2268 1807 2290 erat
1814 2270 1904 2290 sacer-

1111 2306 1201 2334 dctum
1216 2306 1341 2342 dignitas,
1355 2314 1484 2343 nusquam
1500 2308 1564 2334 dicit
1576 2308 1742 2336 sacerdotem
1756 2309 1780 2335 ei
1794 2316 1904 2344 respon-

1111 2353 1193 2385 disse,
1200 2352 1246 2381 sed
1257 2358 1394 2389 postquam
1409 2354 1486 2387 dixit,
1494 2353 1560 2380 Abiit
1570 2359 1596 2380 ut
1603 2354 1746 2381 consuleret
1755 2353 1902 2387 Dominum,

1111 2399 1240 2434 subjecit,
1255 2399 1300 2427 9.5.
1312 2399 1345 2426 Et
1356 2399 1420 2426 dixit
1435 2398 1562 2427 Dentium
1568 2400 1704 2434 ei,nempe
1714 2408 1766 2436 .per
1780 2401 1904 2428 sacerdo-

1112 2449 1175 2478 tem,
1184 2445 1254 2472 Duas
1260 2450 1345 2481 gentes
1350 2446 1377 2473 in
1384 2451 1455 2473 utero
1462 2452 1505 2472 tuo
1513 2446 1634 2472 contines.
1644 2445 1750 2473 Etenim
1757 2446 1842 2473 etalio
1849 2446 1905 2473 loco

1112 2492 1234 2527 angelum
1245 2497 1322 2519 vocat
1332 2491 1496 2520 sacerdotem
1507 2492 1595 2519 divina
1601 2491 1747 2526 Scriptura,
1764 2493 1906 2520 ostendens

1114 2539 1187 2566 illum
1196 2546 1227 2566 ea
1236 2539 1319 2574 loqui,
1335 2547 1394 2574 qum
1408 2539 1516 2573 inspirat
1527 2546 1558 2566 ac
1565 2539 1683 2574 suggerit
1691 2539 1904 2575 Spiritusgratia.

1115 2585 1185 2612 Dixit
1199 2585 1279 2620 igitur
1293 2585 1420 2612 Dominus
1432 2584 1457 2612 ei
1470 2592 1520 2620 per
1534 2585 1720 2612 sacerdotem:
1738 2584 1804 2612 Diue
1824 2591 1906 2621 gentes

1113 2630 1139 2657 in
1153 2635 1222 2658 utero
1235 2635 1277 2658 tuo
1289 2635 1358 2664 sunt,
1373 2635 1396 2658 et
1407 2630 1458 2658 duo
1467 2630 1557 2666 populi
1569 2631 1686 2658 inventre
1698 2635 1741 2658 tuo
1751 2631 1905 2664 dividentur,

1114 2681 1137 2703 et
1150 2677 1259 2712 populus
1271 2677 1365 2712 populo
1381 2676 1524 2711 prastabit,
1551 2681 1575 2704 et
1589 2678 1671 2714 major
1692 2679 1782 2705 serviet
1806 2679 1905 2705 minori.

1116 2721 1182 2751 Vide
1195 2722 1347 2750 vaticinium
1368 2722 1439 2758 quod
1462 2722 1603 2750 manifeste
1628 2723 1750 2758 prasdicit
1771 2724 1796 2751 ei
1821 2723 1906 2752 omnia

1148 2817 1156 2830 ι
1174 2813 1243 2838 Cuisl.
1258 2817 1283 2838 et
1296 2817 1418 2844 lnterpres
1430 2812 1543 2844 vulgatus
1554 2813 1577 2836 in
1590 2811 1696 2837 Editione
1709 2812 1802 2838 Μοτρίιί
1816 2821 1822 2837 ;
1838 2817 1862 2838 ει
1874 2813 1906 2842 fe-

1116 2845 1210 2871 stinavit
1226 2846 1258 2870 ad
1268 2844 1416 2876 sacerdotem
1430 2844 1474 2869 Dei
1485 2843 1629 2872 ministrum,
1640 2849 1685 2876 per
1693 2849 1766 2874 quem
1787 2844 1906 2870 (auxilium

1119 2877 1240 2902 scieittiam
1252 2876 1340 2898 ruinam
1358 2875 1459 2900 discere.
