2044 3131
251 155 298 182 451

239 220 323 244 hum,
341 218 387 238 nec
404 210 502 237 malum
517 213 664 243 operatur:
686 217 734 235 nos
758 213 846 235 autem
868 207 923 234 alio
946 214 1040 238 somno

250 256 409 287 dormimus,
426 254 589 282 dormientes
605 254 637 280 ad
649 254 765 286 virtutis,
780 253 921 288 vigilantes
934 251 967 280 ad
982 259 1041 279 ma-

250 303 312 329 litize
324 310 415 337 opt-ra,
429 302 529 329 strenui
545 302 571 328 in
588 301 673 332 malis,
690 299 796 328 desides
809 300 834 326 in
850 299 926 326 bonis
940 307 947 325 :
964 298 1042 333 idque

249 349 361 377 facimus
372 349 494 376 videntes
507 348 624 383 quotidie
639 347 736 374 mullos
748 346 810 373 hinc
819 345 1042 379 abduci,magnas

248 401 338 423 autem
351 396 462 423 aliorum
473 402 532 422 esse
547 395 571 422 in
588 394 711 429 prtescnti
728 393 778 420 vita
791 391 1003 419 vicissitudines:
1015 394 1042 418 et

238 461 240 465 -
249 450 334 477 neque
341 447 411 469 tanta
420 449 508 469 rerum
519 440 709 476 imequabilitas
716 439 747 466 ad
757 439 860 466 virtutis
868 445 987 464 amorem
994 443 1041 464 nos

239 488 380 515 .adducere
399 492 496 522 potest,
509 495 594 521 neque
610 486 728 521 disponit
743 488 773 512 ut
783 483 961 518 despiciemus
974 490 1042 517 pra:-

249 535 380 567 scntia,ct
388 533 571 560 desideremus
589 531 686 563 futura,
696 529 919 566 pra‘feramnsque
930 528 1041 555 somniis

248 584 275 606 et
286 581 386 606 umbra:
397 579 546 605 veritatem.
561 577 618 604 Non
632 577 702 604 enim
714 575 838 603 diﬂ‘erunt
852 574 991 609 prmsentia
1006 573 1041 600 ab

249 625 350 653 umbris
370 630 396 652 et
410 625 532 652 Sumniis.
556 623 670 651 Proinde
697 631 731 650 ne
745 622 908 656 decipiannts
925 625 1041 648 nosmet-

249 672 330 706 ipsos,
341 678 427 706 neque
435 675 569 698 sectemur
579 669 685 696 umbras
695 677 701 695 :
711 668 757 696 sed
766 668 806 695 vel
815 675 876 695 sero
884 667 990 695 tandem
998 674 1041 693 sa-

250 718 310 745 lutis
318 722 415 745 nostra)
425 724 516 744 curam
527 716 683 747 habeamus,
692 720 717 742 et
725 722 788 749 opes
797 714 1041 749 indigentibuseva-

249 771 370 795 enemns,
395 768 423 790 ut
443 770 492 798 pro
517 762 571 789 illis
591 762 859 789 remnncrationema
875 759 1038 786 misericordi

250 809 305 836 Deo
327 810 449 843 accipere
474 815 625 835 mereamur
645 815 651 833 :
672 814 724 841 qua
746 806 822 833 nobis
843 805 966 832 omnibus
989 804 1039 831 frui

247 854 419 887 concedatur,
433 854 517 890 gratia
539 858 567 881 et
590 853 805 880 miserationibus
829 851 933 879 Domini
955 851 1039 878 nostri

247 900 308 928 Jesu
323 900 429 933 Christi,
442 907 502 927 cum
518 907 570 934 quo
586 899 657 926 Patri
669 902 696 925 et
710 897 817 932 Spiritui
831 901 924 924 sancto
938 896 972 924 sit
986 896 1039 930 glo-

247 947 297 980 ria,
313 947 463 982 imperium,
484 946 579 978 honor,
603 952 673 972 nunc
691 949 717 971 et
731 951 846 980 semper,
863 947 889 971 et
904 943 929 970 in
942 941 1038 970 smcula

248 992 417 1019 steculorum.
433 992 528 1020 Amen.

539 1056 679 1084 llOMlLlA
695 1056 737 1083 Ll.

247 1126 327 1153 Facta
349 1131 385 1153 est
411 1130 494 1153 autem
516 1127 596 1161 [antes
617 1133 692 1160 super
717 1129 818 1155 tetram,
834 1128 923 1158 pra'ter
946 1122 1038 1157 {antem

260 1173 379 1206 priorem,
393 1179 449 1205 qua:
462 1171 545 1206 fuerat
557 1175 669 1205 tempore
685 1169 811 1196 Abi-ultam
827 1168 902 1205 (Gen.
917 1167 962 1195 26.
980 1167 1019 1203 1).

277 1239 306 1264 ιι.
323 1238 420 1264 lterum
435 1245 468 1264 ex
484 1238 515 1264 iis
530 1245 589 1272 quae
603 1245 687 1271 nuper
701 1236 815 1263 diximus
830 1235 977 1263 doctrinam
992 1241 1038 1262 ro-

245 1284 285 1311 bis
298 1284 407 1311 afferam
422 1293 428 1310 :
443 1288 472 1311 ut
487 1288 575 1310 autem
591 1283 690 1318 liquido
714 1283 802 1310 sciatis
819 1282 861 1309 ubi
878 1289 961 1316 nuper
976 1288 1034 1308 ser-

245 1337 351 1357 monem
366 1331 475 1356 missum
489 1329 642 1361 fecerimus,
651 1333 678 1356 ct
691 1328 759 1355 unde
771 1327 850 1355 hodie
862 1327 1038 1355 resumendus

244 1376 288 1408 sit,
302 1383 333 1403 ea
349 1383 408 1411 quze
422 1383 501 1410 supra
521 1375 590 1402 dicta
613 1379 684 1407 sunt,
699 1379 795 1402 vestrm
809 1374 911 1401 caritati
936 1374 962 1401 in
978 1381 1037 1401 me-

245 1422 356 1448 moriam
372 1421 473 1448 referre
493 1429 581 1456 operte
596 1420 709 1455 pretium
731 1420 820 1447 fuerit.
836 1419 952 1447 Tametsi
966 1419 1036 1447 enim

244 1475 302 1500 vos,
318 1467 378 1502 quia
392 1467 482 1494 multis
495 1467 565 1494 curis
576 1466 765 1499 distrahimini,
777 1474 869 1493 eorum
883 1465 950 1493 forte
961 1466 1036 1493 obliti

245 1515 320 1544 estis.
337 1513 383 1540 sed
409 1520 496 1540 meum
513 1517 553 1540 est
567 1517 594 1539 ut
609 1513 634 1539 in
651 1512 805 1539 memoriam
820 1512 894 1539 vobis
911 1511 1036 1539 reducam

244 1566 285 1592 ea,
301 1566 354 1593 quo
377 1566 465 1585 sermo
480 1558 558 1586 hodie
573 1558 701 1586 dicendus
715 1558 880 1585 manifestior
895 1557 972 1585 vobis
990 1558 1036 1585 sit.

244 1604 323 1631 Scitis
339 1604 410 1631 enim
424 1612 474 1632 nos
489 1611 573 1638 nuper
589 1604 715 1631 Rebecca:
730 1605 855 1640 pietatem
869 1608 1035 1636 cnarrantes,

245 1650 307 1677 inde
325 1650 358 1677 ad
383 1650 452 1677 Esau
467 1654 494 1677 et
515 1649 596 1677 Jacob
615 1650 766 1683 devenisse,
783 1650 825 1677 ubi
842 1655 975 1677 narratum
996 1653 1037 1676 est

244 1695 315 1723 Esau
331 1696 515 1730 primogenita,
538 1700 566 1722 ιιι
585 1696 645 1722 cibo
662 1695 804 1727 frueretur,
821 1695 921 1722 Jacobo
941 1695 1036 1722 vendi-

243 1741 323 1773 disse,
333 1746 359 1768 et
370 1745 477 1775 propter
489 1741 539 1768 cibi
554 1740 722 1775 cupiditatem
736 1741 907 1775 semetipsum
922 1748 971 1768 suo
987 1741 1036 1768 ho-

243 1794 308 1814 nore
332 1787 459 1821 privasse.
477 1786 533 1814 Hoc
555 1792 644 1814 autem
665 1794 716 1813 non
741 1791 842 1814 temere
864 1786 974 1819 factum,
989 1787 1036 1814 sed

243 1838 271 1860 ιιι
291 1833 430 1869 prophetia
453 1834 644 1868 compleretur,
662 1841 721 1868 qua:
740 1833 805 1860 dicit
822 1841 828 1859 :
843 1833 923 1860 Jacob
938 1833 1016 1861 dilexi
1028 1854 1035 1865 .

244 1879 314 1906 Esca
326 1885 410 1906 autem
429 1880 489 1906 odio
505 1879 580 1906 habui
603 1878 729 1914 (Mutat/1.
753 1879 777 1905 l.
799 1878 826 1904 2.
842 1879 879 1913 5).
895 1878 960 1906 Nam
974 1886 1035 1906 cum

244 1926 315 1953 Deus
329 1926 477 1953 futurorum
492 1925 525 1952 sit
540 1926 678 1960 pnescius,
694 1925 815 1959 prardixit
829 1930 856 1952 et
870 1925 939 1952 illius
955 1925 1038 1952 virtu-

244 1977 308 2006 tem,
324 1977 351 1999 et
364 1971 442 2006 hujus
461 1971 541 1998 animi
555 1972 709 2005 nequitiam.
732 1971 858 2003 Quaenam
873 1976 961 1998 autem
976 1974 1038 1998 sunt

244 2019 294 2046 illa:
319 2018 555 2054 primogenitum?
576 2017 665 2053 Igitur,
691 2018 751 2052 quia
775 2022 837 2044 tunc
859 2022 962 2052 tempus
983 2025 1035 2044 non

245 2064 415 2099 permittebat
436 2064 540 2091 caritati
555 2068 649 2091 vestra:
671 2063 770 2095 dicere.
785 2071 855 2090 nunc
868 2070 978 2090 necesse
997 2067 1038 2090 est

245 2116 270 2138 ut
284 2110 403 2138 doceam.
419 2110 495 2145 Apud
516 2114 620 2137 veteres
634 2116 754 2136 summus
769 2108 855 2136 honor
867 2113 924 2136 erat
938 2109 1038 2143 primo-

244 2157 374 2189 genitum:
389 2166 395 2182 ς
411 2156 473 2184 ltinc
496 2161 584 2183 autem
609 2155 718 2183 honoris
740 2163 848 2183 causam
865 2161 895 2183 et
909 2156 1036 2191 originem

247 2205 348 2231 habuit.
363 2204 428 2231 Cum
453 2205 522 2231 Deus
538 2203 716 2231 Israelitarum
731 2208 837 2238 gentem
860 2204 894 2230 ab
911 2204 1038 2239 [Egyptio

246 2251 369 2282 liberare,
383 2254 408 2277 et
432 2250 576 2276 secundum
603 2249 804 2284 promissionem
821 2249 980 2283 patriarchm
997 2249 1037 2277 fa-

245 2303 315 2324 ctam
327 2304 341 2323 a
355 2296 494 2332 tyrannide
507 2296 653 2322 Pharaonis
666 2296 770 2330 eripere
781 2295 871 2327 vellet,
883 2294 1038 2323 obluctante

247 2350 273 2369 rt
288 2343 408 2370 detinere
424 2342 528 2368 rolcntc
540 2347 602 2367 tunc
615 2341 741 2376 Egyptio
758 2349 764 2367 :
780 2345 838 2375 post
850 2341 934 2368 varias
949 2342 1039 2376 plagas

246 2390 326 2415 "liam
366 2389 435 2415 hanc
463 2392 622 2422 postremam
645 2389 685 2414 eis
713 2386 822 2416 intulit:
853 2387 908 2414 fere
940 2395 1039 2423 cogens

251 2434 386 2469 Iligyptios
402 2437 430 2460 ut
454 2433 509 2460 suis
525 2432 646 2459 manibus
667 2431 838 2459 extruderent
861 2432 1037 2460 lsraélitarum

249 2489 332 2516 genus
355 2479 452 2511 (Exod.
475 2479 529 2514 12).
555 2479 620 2506 Nam
645 2478 723 2505 simul
739 2479 827 2506 omnia
851 2478 1037 2515 Egyptiorum

248 2525 421 2560 iu-imogenita
436 2525 519 2552 occidi
532 2524 611 2560 jussit
627 2523 663 2559 (α)
677 2532 683 2550 :
699 2523 864 2560 vidissesque
879 2525 903 2551 in
928 2525 1038 2559 singulis

277 2636 313 2666 (ιι)
330 2637 372 2660 Hie
383 2635 478 2661 videtur
489 2636 618 2667 pugnantia
631 2636 695 2667 loqui
714 2635 901 2667 Chrysostomus,
915 2642 968 2660 cum
978 2636 1040 2667 juris

247 2668 442 2699 primogenitum:
462 2666 553 2696 ιπέθιιὶιγ,
567 2667 589 2691 id
613 2666 769 2699 est,’caus_ani
782 2670 807 2699 et
819 2667 947 2699 originem,
961 2666 1040 2692 refert

247 2696 275 2722 ad
289 2696 480 2722 internecionem
489 2699 704 2729 pritnogeuitorum
713 2697 815 2729 Aigypti,
825 2696 894 2721 anuis
903 2696 958 2728 plus
968 2705 1039 2729 quam

248 2730 363 2753 trecentis
372 2733 424 2759 post
432 2733 511 2754 ortum
520 2730 579 2753 Fsaii
593 2732 618 2753 vt
626 2729 706 2753 Jacobi
720 2735 725 2752 :
736 2729 767 2752 de
779 2734 883 2759 quorum
894 2729 1040 2759 primogeni-

248 2763 300 2784 tura
311 2764 335 2783 et
347 2761 378 2784 de
388 2760 442 2790 jure
453 2760 517 2784 illam
536 2760 667 2784 comitante
680 2759 781 2789 qua‘stio
794 2762 840 2783 est.
863 2759 907 2783 Sed
921 2759 985 2784 bene
997 2760 1040 2784 ad-

249 2791 322 2822 vertit
334 2790 374 2822 ille
386 2794 471 2822 postea
484 2791 506 2814 id
525 2797 572 2815 non
589 2797 661 2822 posse
673 2790 802 2821 quadrare,
815 2796 869 2813 cum
881 2790 947 2818 dicit,
959 2797 1041 2821 quam-

249 2822 286 2845 vis
298 2821 417 2852 legislatio
428 2821 467 2845 illa
475 2822 632 2845 Hebraeorum
640 2821 672 2845 de
686 2821 852 2851 primogenitis
858 2822 980 2852 posterior
989 2821 1041 2846 fue-

248 2852 336 2887 rit,jus
346 2856 427 2877 tamen
444 2852 541 2887 aliquod
554 2853 749 2887 primogenitum:
767 2855 838 2876 antea
853 2852 937 2876 fuisse.
951 2855 977 2876 Et
988 2853 1041 2887 hac

202 2913 206 2917 ἑ
248 2884 342 2909 ratione
353 2890 407 2915 qua:
421 2890 467 2908 non
480 2882 598 2914 quadrare
616 2882 770 2913 videbantur,
788 2886 920 2914 utcumque
932 2885 1038 2915 corrigit.

629 151 659 178 ὃ.
679 149 818 177 JOANNIS
836 144 1072 177 CllﬂYSOSTOMI
1093 147 1249 174 Allilllllil’.
1272 147 1537 177 CONSTANTINOP.

1836 151 1890 179 4ῦὲ

1098 205 1220 233 domibus
1233 207 1346 241 ejulatus
1360 213 1387 235 ct
1402 208 1551 244 laet-ynuis;
1566 216 1653 244 neque
1666 210 1703 237 sic
1718 210 1846 245 putabant
1861 211 1891 238 fi-

1096 253 1145 279 niri
1160 253 1275 288 plagam,
1290 253 1335 280 :Ctl
1359 253 1430 282 illinc
1452 255 1531 282 etiam
1556 255 1745 290 exspectabant
1766 261 1795 283 ut
1818 264 1890 283 niors

1095 306 1147 333 qua
1163 303 1282 334 cmperat
1304 307 1425 334 pergens,
1449 300 1482 328 ad
1504 308 1598 328 omnes
1621 302 1782 336 perveniret.
1800 301 1889 337 Itaque

1094 346 1154 375 quia
1170 345 1196 372 in
1218 345 1335 381 Egypto
1349 355 1400 374 una
1422 347 1539 374 omnium
1557 348 1791 383 primogenitorum
1817 356 1889 376 mors

1096 392 1153 425 fuit,
1165 391 1290 421 Israelitre
1303 398 1389 420 autem
1401 394 1488 422 divina
1503 394 1562 422 freti
1574 396 1669 430 gratia,
1682 395 1756 423 illmsi
1765 403 1888 430 perman-

1094 443 1185 465 serunt
1202 447 1208 465 :
1224 446 1271 473 per
1286 439 1335 466 hoc
1347 439 1427 467 etiam
1443 440 1587 468 ostendens
1601 440 1718 468 omnium
1732 441 1802 469 Deus
1812 449 1888 468 suam

1093 490 1155 517 erga
1172 483 1232 511 illos
1255 483 1480 517 benevolentiam,
1503 486 1643 520 imperavit
1657 486 1683 513 in
1708 491 1845 521 posterum
1860 492 1888 513 ιιι

1094 533 1202 564 propter
1218 530 1428 558 interfectionem
1444 531 1681 567 primogenitorum
1695 532 1815 568 Egypti,
1834 533 1889 568 pri—

1094 576 1220 610 mogeniti
1235 576 1387 604 Judzeorum
1411 578 1487 612 pueri
1510 578 1559 605 sibi
1581 578 1753 606 offerrentur.
1771 578 1838 606 lline
1860 583 1887 606 et

1095 622 1178 649 tribus
1202 622 1265 650 Levi
1282 623 1308 650 in
1333 623 1510 651 sacerdotium
1523 629 1662 659 segregem
1685 627 1737 658 est,
1749 629 1776 652 et
1795 631 1828 651 ex
1842 624 1887 651 illo

1093 675 1145 694 non
1160 668 1245 695 solum
1258 669 1433 704 primogenita
1445 669 1581 697 hominum
1592 670 1678 698 oblata
1689 675 1750 698 sunt
1762 670 1828 703 Deo,
1840 669 1885 698 sed

1092 718 1119 741 ct
1141 714 1291 747 bruiorum,
1311 719 1339 742 et
1365 715 1390 742 in
1414 716 1569 743 universum
1584 717 1714 743 onmium.
1731 716 1763 743 Et
1787 723 1886 750 [ιι-ωαξ-

1094 766 1166 795 ptum
1191 766 1258 795 erat,
1275 770 1323 796 pro
1347 761 1500 790 hominibus
1520 767 1548 790 et
1561 762 1706 790 immundis
1727 762 1885 789 animalibus

1094 807 1207 842 pretium
1230 807 1355 842 dependi.
1376 808 1503 841 Quamvis
1523 813 1613 836 autem
1634 808 1767 843 legislatio
1781 807 1838 835 haec
1852 807 1884 835 de

1091 852 1277 888 primogenitis
1309 854 1442 888 posterior
1469 853 1548 881 fuerit
1564 858 1701 881 :attamcn
1725 853 1781 888 jam
1805 860 1884 888 supra

1093 902 1119 924 et
1142 898 1206 924 olim
1228 897 1386 926 videbantur
1408 898 1514 934 aliquod
1530 899 1628 926 habere
1649 898 1826 934 privilegium,
1839 898 1883 932 qui

1094 943 1200 970 vulvam
1223 943 1315 971 matris
1340 944 1454 979 primum
1478 943 1677 979 adaperiebant.
1702 944 1775 971 llane
1806 943 1884 979 igitur

1091 990 1267 1025 dignitatem,
1291 998 1370 1026 quam
1390 998 1405 1017 a
1419 995 1511 1018 natura
1533 990 1650 1018 habebat
1672 991 1751 1021 Esau.
1778 995 1882 1024 propter

1092 1037 1326 1071 intemperantiam
1350 1044 1425 1064 suam
1445 1037 1580 1064 transtulit
1600 1037 1625 1064 in
1649 1037 1767 1064 fratrem.
1785 1036 1819 1064 Et
1840 1036 1884 1063 ille

1092 1081 1198 1116 quidem
1222 1082 1337 1117 perdidit
1358 1082 1428 1117 quod
1442 1091 1456 1110 ει
1472 1087 1566 1110 natura
1588 1082 1720 1110 trahebat:
1735 1082 1778 1109 hic
1797 1087 1882 1109 autent

1091 1133 1118 1155 et
1134 1128 1204 1163 quod
1227 1135 1278 1155 non
1294 1128 1409 1156 habebat
1422 1136 1435 1156 a
1451 1134 1555 1161 natura,
1570 1129 1681 1163 accepit.
1704 1128 1738 1156 Et
1753 1128 1814 1163 quia
1828 1128 1884 1154 Innc

1091 1179 1168 1202 antea
1184 1174 1293 1202 oraculo
1313 1175 1443 1210 promissa
1468 1179 1554 1208 erant,
1569 1174 1630 1202 ideo
1644 1174 1776 1205 Rebecca.
1792 1173 1882 1208 appel-

1091 1221 1190 1249 latione
1205 1221 1228 1248 ei
1244 1221 1335 1253 indita.
1358 1221 1441 1249 Jacob
1462 1229 1524 1249 eum
1549 1219 1757 1256 vocavitzquod
1783 1219 1883 1246 scilicet

1091 1268 1334 1302 supplantationem
1360 1268 1529 1302 interpretari
1558 1272 1644 1302 potes,
1672 1267 1740 1293 sicut
1763 1270 1790 1293 et
1814 1265 1883 1293 Esau

1091 1318 1150 1348 post
1163 1313 1244 1347 patris
1258 1312 1458 1340 bcnedictiones
1479 1312 1581 1348 ejulans
1593 1312 1709 1343 dicebat,
1723 1310 1798 1338 Juue
1812 1319 1883 1337 vora-

1090 1363 1143 1385 tum
1158 1364 1194 1386 est
1213 1367 1304 1386 nomen
1318 1359 1373 1394 ejus
1391 1357 1472 1385 Iacob
1487 1367 1496 1386 :
1509 1357 1679 1393 supplantavit
1693 1357 1759 1384 enim
1776 1364 1816 1382 me
1827 1356 1884 1391 jam

1088 1405 1208 1438 secundo,
1225 1410 1249 1432 et
1272 1406 1438 1441 primogenita
1460 1414 1515 1432 mea
1529 1405 1634 1440 accepit,
1651 1408 1674 1431 et
1696 1412 1762 1430 nunc
1781 1402 1882 1430 benedi-

1089 1451 1195 1478 ctionem
1209 1459 1290 1478 meum
1312 1451 1387 1486 (Gen.
1400 1451 1445 1478 27.
1461 1451 1517 1486 56).

1126 1495 1267 1524 Νοιηὶιιιιηι
1282 1497 1441 1531 propriorum
1451 1496 1578 1529 imperitia
1587 1511 1632 1522 .——
1641 1496 1706 1523 Vide
1719 1500 1815 1530 quanta
1827 1500 1883 1522 erat

1090 1543 1238 1577 priscorum
1264 1543 1416 1578 prudentia,
1444 1543 1485 1570 vel
1507 1543 1604 1578 potius,
1620 1547 1716 1577 quanta
1743 1541 1823 1568 fuerit
1838 1540 1882 1568 Dei

1089 1588 1230 1623 sapientia,
1255 1596 1307 1623 qna
1331 1588 1449 1616 effecerit
1465 1594 1492 1615 nt
1513 1593 1539 1615 et
1553 1588 1677 1615 mulieres
1693 1587 1761 1614 natis
1776 1587 1881 1613 nomina

1090 1642 1142 1660 nun
1155 1637 1256 1661 temere
1270 1641 1319 1661 nec
1332 1633 1441 1660 fortuito
1462 1635 1637 1668 imponerent,
1655 1633 1701 1660 sed
1717 1632 1824 1660 nomina
1837 1632 1882 1660 da—

1090 1685 1160 1712 rent,
1174 1687 1233 1714 qute
1254 1680 1313 1707 filiis
1327 1685 1417 1707 essent
1440 1681 1587 1707 futuris-um
1610 1680 1756 1715 praedii-tio.
1771 1679 1805 1706 Et
1824 1687 1882 1706 raro

1089 1726 1209 1754 invenies
1221 1725 1317 1754 eodem
1333 1734 1386 1762 quo
1408 1732 1496 1762 patres
1523 1726 1630 1754 nomine
1651 1726 1780 1761 appellari
1796 1726 1863 1753 filios
1874 1746 1882 1758 ,

1089 1773 1129 1800 vel
1144 1772 1212 1801 forte
1225 1780 1353 1807 nusquam
1371 1782 1378 1800 :
1394 1773 1440 1801 sed
1455 1773 1512 1801 sive
1525 1778 1610 1801 mater
1624 1773 1682 1801 sive
1698 1778 1772 1808 pater
1787 1781 1882 1800 nomen

1090 1820 1145 1847 filio
1160 1820 1331 1854 impositurus
1345 1825 1413 1852 erat,
1429 1828 1518 1847 rarum
1531 1820 1665 1855 quoddam
1679 1825 1706 1847 et
1719 1828 1816 1847 novum
1832 1821 1882 1847 im-

1090 1866 1215 1900 ponebat,
1233 1871 1260 1893 nt
1284 1874 1331 1900 per
1355 1867 1417 1894 illud
1433 1867 1519 1902 aliqua
1546 1867 1631 1893 futura
1655 1867 1882 1901 prtesignilicaret.

1090 1912 1126 1938 Ita
1141 1917 1167 1938 ct
1182 1911 1296 1938 Lamech
1317 1912 1398 1938 filium
1422 1913 1525 1939 vocavit
1548 1912 1614 1944 Noe,
1637 1912 1752 1939 dicens:
1770 1912 1819 1938 llic
1838 1920 1883 1938 nos

1090 1959 1243 1993 requiescere
1265 1958 1340 1993 faciet
1356 1958 1431 1992 (Gen.
1446 1959 1472 1986 5.
1487 1959 1545 1993 29).
1563 1958 1599 1986 lta
1621 1959 1642 1986 si
1657 1959 1759 1994 singula
1775 1959 1882 1986 nomine

1089 2005 1225 2037 seruteris,
1241 2005 1350 2032 omnino
1367 2006 1392 2032 in
1416 2006 1539 2033 omnibus
1551 2006 1672 2033 invenies
1696 2006 1795 2040 aliquid
1818 2006 1882 2033 insi-

1091 2051 1166 2077 ntlari
1184 2059 1191 2077 :
1208 2059 1259 2078 non
1275 2051 1342 2078 sicut
1355 2059 1424 2078 nunc
1437 2051 1545 2085 faciunt,
1562 2052 1607 2086 qtti
1621 2057 1721 2080 temere
1735 2057 1762 2078 ct
1776 2058 1802 2079 ut
1816 2052 1883 2079 fune

1090 2096 1188 2129 evenit,
1204 2104 1218 2123 a
1232 2096 1386 2131 parentibus
1400 2098 1572 2132 agnominare
1586 2097 1673 2125 solent
1689 2107 1696 2125 :
1712 2098 1759 2126 sed
1775 2098 1882 2125 omnino

1091 2142 1152 2168 illnc
1166 2142 1329 2177 spectabant,
1344 2148 1373 2169 ut
1386 2147 1538 2177 perpetuam
1554 2143 1708 2170 memoriam
1731 2151 1779 2178 per
1791 2143 1882 2179 appel-

1091 2190 1217 2217 lationetn
1228 2190 1299 2216 illam
1310 2190 1369 2217 filiis
1379 2190 1509 2217 indcrcnt.
1520 2190 1651 2218 Cteterum
1662 2190 1799 2218 videamus
1815 2197 1884 2218 nunc

1091 2239 1149 2270 post
1165 2235 1378 2270 primogenitum:
1389 2236 1692 2271 permutationem,quid
1702 2237 1797 2264 iterum
1809 2237 1884 2264 nobis

1089 2286 1181 2308 narret
1203 2281 1296 2308 beatus
1310 2281 1396 2309 Moses
1415 2281 1449 2309 de
1474 2286 1548 2316 patre
1571 2282 1686 2314 illorum,
1702 2287 1729 2309 et
1751 2283 1884 2317 quomodo

1091 2326 1158 2353 sicut
1174 2325 1209 2353 de
1225 2325 1373 2360 patriarcha
1384 2325 1483 2353 dictum
1497 2331 1546 2358 est,
1565 2327 1598 2353 ita
1611 2331 1638 2354 et
1651 2326 1684 2353 de
1697 2326 1748 2354 hoc
1760 2327 1882 2361 legimus.

1091 2380 1150 2399 eum
1169 2371 1238 2399 fame
1251 2373 1390 2407 ingruente
1402 2373 1511 2400 multam
1527 2373 1572 2400 Dei
1587 2381 1677 2400 curam
1691 2373 1818 2406 sensisse,
1830 2378 1884 2400 tum

1092 2422 1199 2453 propter
1215 2418 1338 2445 virtutem
1353 2419 1485 2452 propriam
1497 2439 1503 2451 ,
1520 2424 1575 2446 tum
1598 2424 1708 2454 propter
1730 2419 1886 2454 promissio-

1092 2472 1152 2491 nem
1167 2464 1324 2499 patriai-clue
1336 2464 1445 2492 factam.
1462 2465 1486 2492 l.
1505 2465 1586 2492 Facta
1606 2472 1642 2492 est
1654 2471 1738 2493 autent
1753 2468 1832 2502 [ames
1843 2475 1886 2493 ru-

1093 2518 1136 2544 per
1149 2516 1249 2539 terram,
1267 2514 1358 2545 prwtcr
1372 2510 1464 2544 famem
1477 2511 1597 2546 priorem,
1612 2520 1668 2546 qua:
1681 2512 1764 2546 fuerat
1777 2518 1887 2547 tcntpore

1092 2556 1200 2583 Abi-alia:
1215 2556 1289 2588 (Cap.
1303 2555 1359 2591 ‘26).
1374 2555 1409 2583 Ut
1424 2564 1457 2584 ne
1472 2561 1547 2591 putes
1562 2557 1595 2584 de
1616 2558 1658 2584 illa
1681 2557 1752 2585 fame
1770 2566 1832 2585 eum
1847 2558 1888 2584 di-

1091 2610 1160 2634 cere,
1175 2606 1312 2637 propterea
1328 2602 1445 2630 subdidit
1457 2612 1463 2630 :
1473 2602 1571 2630 Pratcr
1584 2606 1675 2639 [amem
1689 2613 1746 2639 que
1760 2610 1813 2631 erat
1822 2609 1887 2632 tem-

1093 2657 1152 2683 pore
1168 2649 1328 2684 patriam/ur,
1345 2649 1419 2683 quasi
1441 2649 1555 2682 d'ceret,
1570 2651 1620 2678 alia
1643 2651 1738 2678 similis
1753 2660 1823 2678 nime
1835 2652 1886 2678 ite-

1093 2702 1150 2721 rum
1167 2694 1250 2722 famcs
1263 2695 1335 2722 venit
1355 2702 1435 2730 super
1459 2700 1555 2724 terram
1571 2701 1689 2731 tempore
1704 2697 1788 2730 lsaac,
1802 2697 1888 2732 quatis

1093 2745 1150 2768 erat
1174 2745 1294 2775 tempore
1324 2741 1406 2776 patris
1433 2741 1511 2768 illius.
1537 2742 1753 2770 Necessariortnn
1778 2744 1888 2778 penuria

1094 2795 1189 2814 omnes
1203 2788 1228 2814 in
1243 2795 1374 2814 summam
1390 2788 1536 2823 angustiam
1549 2789 1724 2816 concludebat
1740 2799 1745 2816 :
1762 2797 1843 2824 atquc
1856 2798 1888 2817 cx

1094 2835 1150 2861 suis
1165 2834 1278 2869 migrare
1294 2839 1319 2861 et
1332 2834 1365 2861 ad
1381 2834 1424 2861 illa
1441 2834 1498 2861 loca
1515 2835 1627 2862 transire
1641 2836 1763 2871 cogebat.
1778 2836 1821 2864 ubi
1845 2844 1888 2864 re-

1095 2888 1153 2907 rum
1176 2887 1385 2907 necessariarum
1410 2880 1514 2915 copiam
1538 2881 1697 2908 invenirent.
1727 2881 1805 2909 Unde
1830 2889 1888 2908 mm
