2044 3131
253 159 306 187 [555

255 216 403 245 obedientia
421 225 426 242 :
443 220 468 242 et
491 221 523 242 ne
541 212 686 241 descendas
706 211 731 238 in
752 210 894 246 Egyptum
908 231 915 243 ,
937 209 982 236 sed
1003 208 1045 236 hic

256 271 343 290 tuane.
359 261 452 289 Vidisti
468 260 512 287 Dei
527 257 746 290 misericordiam,
761 256 894 291 quomodo
910 262 957 290 per
972 262 1045 281 men-

255 309 354 335 tionem
373 306 479 333 virtutis
501 304 583 339 patris
606 303 684 337 hujus
706 304 822 329 mentem
843 299 999 329 roboravit?
1018 299 1044 326 6.

259 353 385 380 Habitavit
397 357 480 379 autem
493 351 567 378 Isaac
578 351 604 377 in
619 350 728 377 Cet-aris.
740 348 806 376 Vide
818 347 951 383 quomodo
964 346 1045 373 ferme

257 401 283 427 in
303 400 396 427 eadem
416 398 530 434 pericula
551 396 641 424 incidit
654 397 715 428 ille,
732 396 757 422 in
773 402 831 429 qua:
845 398 872 421 et
890 398 962 427 pater
977 391 1044 426 ejus.

256 446 321 474 Nam
337 453 396 474 cum
410 445 572 472 domicilium
585 442 695 470 haberet
709 441 734 468 in
750 439 857 468 Geraris
867 460 874 471 ,
892 439 916 464 7.
934 438 1046 472 Rogavc-

257 495 333 524 rtutt,
350 490 451 525 inquit,
466 489 513 516 viri
526 488 574 514 loci
588 487 659 514 illius
674 486 704 512 de
719 485 830 512 Rebecca
844 491 921 511 uxore
937 482 990 516 ejus
1002 502 1009 514 ,
1024 485 1047 508 et

256 537 331 570 dixit,
347 535 427 563 Soror
441 542 494 560 mea
508 538 544 559 est
556 541 564 564 ;
579 532 665 559 timuit
679 531 748 558 enim
766 537 798 556 ne
813 528 881 556 forte
895 527 1046 554 00(‘idCl'ettl

257 591 318 610 cum
331 603 338 615 ,
360 581 420 608 victi
443 578 639 615 pulchritudine
661 577 750 604 uxoris
767 584 774 602 :
794 574 834 602 Ne
853 575 917 609 forte
934 573 1048 600 occidant

257 636 315 655 cum
326 648 333 660 ,
349 626 432 661 inquit
445 648 451 658 ,
467 625 513 652 viri
526 624 574 651 loci
588 627 689 658 propter
704 621 838 648 Rebeccam
848 641 855 653 ,
870 620 929 655 quia
943 618 1048 654 pulchra

258 674 322 709 facie
337 677 398 700 erat.
410 672 436 699 8.
451 667 511 698 Fuit
526 675 607 697 autem
621 670 674 696 illic
688 669 762 703 longo
775 673 893 702 tempore.
908 664 1048 692 Abimeleel.

258 724 341 746 autem
352 726 409 745 cum
428 717 579 751 prospiceret
597 723 641 750 per
661 716 793 749 fenestram
805 734 812 745 ,
827 712 887 738 vidit
909 710 984 738 Isaac
1005 710 1047 736 lu-

259 764 356 790 dentem
376 770 432 788 cum
454 761 564 788 Rebecca
582 767 660 786 uxore
676 767 723 785 sua
733 779 739 790 ,
753 758 780 786 9.
796 762 818 784 et
832 757 925 784 vocavit
941 764 1011 788 eum,
1028 760 1049 782 et

258 809 320 836 dixit
334 809 357 835 ei
371 816 380 835 :
395 807 512 842 Profecto
530 814 593 833 uxor
609 809 651 831 tua
664 809 707 832 est.
722 803 773 831 Cur
784 803 885 834 dixisti,
901 802 981 830 Soror
996 809 1050 828 mea

258 856 314 882 est?
326 855 469 889 Postquam
484 861 515 880 ex
531 852 690 886 coniecturis
703 849 885 886 deprehensus
899 854 939 876 est
951 849 1049 883 justus,

259 909 312 929 non
332 901 398 928 ultra
419 904 497 933 negat
514 907 520 926 :
537 899 583 926 sed
605 898 716 930 fatetur,
734 901 761 924 et
782 903 888 924 causam
912 894 1051 922 manifeste

259 948 343 980 ali'ert,
355 953 437 982 quare
449 953 567 974 sororem
579 944 722 972 vocandam
736 943 877 970 censuerit.
895 942 963 968 Dixit
975 941 1049 972 enim,

259 995 358 1030 inquit,
377 994 417 1020 Ne
435 995 499 1028 forte
517 993 611 1019 moriar
628 995 730 1027 propter
747 990 828 1025 ipsum
842 997 852 1016 :
866 988 958 1015 mortis
974 987 1052 1014 timor

260 1048 302 1068 me
316 1040 365 1067 hoc
380 1047 459 1074 agere
473 1038 569 1073 coegit.
590 1036 669 1064 Forte
686 1040 774 1062 autem
792 1034 900 1061 edoctus
915 1036 988 1063 erat,
1005 1039 1051 1065 pa-

261 1091 326 1113 trem
347 1091 452 1120 quoque
475 1082 553 1110 talem
575 1081 690 1109 fabulam
715 1083 895 1107 commentum
916 1077 955 1104 sic
974 1076 1051 1103 saluti

260 1140 316 1161 sua:
327 1130 510 1162 consuluisse;
523 1129 598 1164 cujus
607 1129 678 1155 viam
690 1132 718 1155 et
731 1127 786 1162 ipse
799 1130 925 1160 sequutus
936 1127 985 1151 est.
1001 1122 1052 1150 Sed

262 1187 308 1207 rex
329 1178 415 1205 adhuc
439 1183 541 1204 memor
564 1182 657 1203 eorum
680 1181 737 1208 qua:
759 1177 877 1206 tempore
898 1169 1053 1206 patriarcha:

262 1229 335 1259 rapta
357 1224 438 1251 Sarra
457 1229 552 1257 passus
570 1221 673 1253 fuerat,
694 1220 783 1247 statim
803 1219 837 1246 ob
854 1217 1053 1252 castigationem

259 1271 323 1298 olim
337 1269 481 1297 immissam
495 1275 524 1296 se
538 1275 611 1295 reum
622 1266 784 1293 constituens
795 1264 842 1301 (α),
857 1264 922 1292 dixit
934 1264 971 1291 illi
988 1272 994 1289 :
1011 1263 1052 1290 10.

261 1317 314 1344 Cur
333 1317 379 1343 hoc
396 1314 498 1351 fecisti?
516 1313 612 1340 Parum
633 1312 713 1346 abfuit
734 1311 794 1345 quin
813 1310 970 1337 concubuerit
984 1309 1053 1344 quis-

263 1363 331 1398 piam
347 1362 377 1388 dc
391 1368 480 1396 genere
498 1368 551 1386 meo
565 1367 622 1386 cum
636 1365 713 1385 uxore
725 1361 778 1390 tua,
790 1361 813 1383 et
827 1355 967 1383 induxisses
980 1361 1055 1388 super

264 1416 309 1435 nos
323 1406 511 1442 ignorantiam?
524 1405 596 1432 llanc
609 1403 739 1434 fraudem,
756 1401 850 1437 inquit,
861 1407 888 1428 et
900 1401 962 1428 olitn
976 1399 1054 1426 susti-

264 1453 370 1480 nuimus
383 1460 397 1478 a
414 1456 488 1486 patre
503 1455 547 1477 tuo
557 1471 563 1482 ,
580 1453 607 1477 et
620 1456 690 1476 nunc
704 1448 754 1475 nisi
769 1448 797 1475 in
810 1452 930 1482 tempore
944 1452 1054 1481 prospe-

264 1499 410 1531 xissemus,
424 1496 517 1524 eadem
539 1495 615 1522 laturi
632 1500 752 1525 eramus,
771 1492 802 1519 Et
822 1492 963 1519 induxisses
981 1498 1056 1525 super

264 1553 310 1572 nos
324 1543 501 1580 ignorantiam.
515 1541 619 1569 Etenim
633 1545 659 1568 et
675 1545 736 1566 tunc
748 1547 794 1574 per
809 1540 982 1573 ignorantiam
996 1542 1057 1570 pec-

266 1591 348 1618 caturi
366 1596 489 1621 eramus,
507 1592 534 1615 et
551 1595 621 1614 nunc
634 1593 739 1622 quoque
758 1589 866 1620 propter
880 1581 1055 1618 ignorantiam

266 1638 349 1664 ferme
365 1637 391 1663 in
405 1642 483 1662 causa
503 1634 615 1666 fuisses,
629 1639 657 1659 ut
672 1632 697 1659 in
713 1636 848 1666 peccatum
869 1629 1055 1657 incideremus.

268 1680 312 1707 Η.
325 1677 449 1712 Prtecepit
462 1681 544 1702 autem
557 1674 699 1701 .ibimclech
711 1673 805 1707 popqu
816 1681 873 1706 suo,
883 1670 1053 1699 dicens:0m-

268 1726 308 1753 nis
321 1724 364 1759 qui
381 1724 489 1758 tetigerit
502 1721 627 1748 hominem
649 1720 716 1746 hunc
728 1725 751 1746 et
766 1727 871 1746 uxorem
886 1719 952 1754 ejus,
968 1717 1056 1743 mortis

269 1779 326 1797 reus
339 1767 467 1796 erit.Vide
478 1767 524 1794 Dei
542 1765 746 1800 providentiam,
758 1765 819 1792 vide
834 1765 995 1792 ineifabilem
1010 1771 1057 1790 ett-

269 1824 336 1844 ram.
353 1815 417 1842 Nam
429 1814 472 1848 qui
487 1813 591 1840 dixerat
604 1813 628 1839 ei
640 1820 646 1838 :
660 1812 700 1839 Ne
714 1811 850 1838 descendat
863 1810 888 1836 in
901 1809 1055 1845 Egyptum,

269 1868 292 1890 et
308 1863 392 1888 habita
407 1861 434 1887 in
446 1866 514 1887 terra
533 1860 594 1890 ista,
605 1863 627 1886 et
643 1866 685 1885 ero
701 1862 782 1884 tecum
796 1857 858 1884 :illc
871 1862 930 1885 erat
945 1857 988 1890 qui
1001 1857 1057 1884 haec

269 1908 357 1935 omnia
380 1905 562 1941 dispensabat,
577 1909 604 1932 et
617 1904 717 1938 justum
740 1903 766 1930 in
788 1908 860 1930 tanta
880 1902 1057 1930 constituebat

269 1953 356 1982 securi
369 1958 421 1980 ate.
442 1951 587 1979 Considera
611 1950 682 1977 enim
706 1957 795 1984 regem
820 1953 1004 1983 procurantem
1030 1953 1058 1974 ut

269 2000 403 2035 impavide
416 1999 450 2026 ibi
462 2003 531 2033 agat,
544 1997 664 2031 liberque
677 1995 713 2022 sit
722 1995 756 2022 ab
766 1994 838 2021 omni
849 2002 921 2021 cura.
937 1993 1057 2024 Mortem,

270 2047 365 2081 inquit,
383 2045 569 2072 interminatus
583 2048 624 2070 est
644 2041 768 2068 omnibus
789 2041 948 2075 quicumque
965 2041 1059 2074 tetige-

270 2095 325 2122 rint
337 2098 382 2121 aut
396 2101 468 2124 eum,
489 2096 534 2119 aut
549 2097 659 2118 uxorem
683 2089 751 2124 ejus.
775 2088 841 2121 Quia
856 2088 927 2115 enim
944 2087 986 2113 hic
1002 2091 1059 2113 erat

271 2140 361 2172 timor,
377 2139 471 2165 mortis
485 2137 596 2168 scilicet,
612 2135 657 2170 qui
670 2139 843 2162 concusserat
856 2133 914 2167 ejus
930 2137 1057 2164 mentem,

271 2189 412 2219 propterea
427 2187 454 2210 et
469 2182 543 2209 illum
558 2181 655 2208 auferri
670 2179 773 2207 culavit
797 2178 947 2205 miSericors
970 2177 1061 2203 Domi-

271 2234 374 2262 nus,ut
395 2231 486 2262 postea
511 2227 622 2254 omnino
646 2232 740 2253 secure
762 2228 862 2259 ageret.
885 2223 917 2250 Et
931 2222 991 2249 vide
1004 2229 1060 2249 rem

271 2275 367 2304 miratu
380 2280 407 2302 et
417 2274 588 2309 stupendam,
603 2271 738 2308 quomodo
752 2270 838 2297 solers
854 2277 914 2296 eum
929 2269 963 2296 sit
977 2272 1004 2296 et
1017 2275 1061 2295 sa-

272 2323 349 2358 piens
361 2342 367 2352 ,
386 2320 473 2346 omnia
492 2317 638 2344 secundum
653 2322 728 2341 suam
742 2313 902 2339 voluntatem
916 2316 1000 2338 vertat
1012 2332 1018 2343 ,
1035 2316 1061 2338 et

271 2357 297 2394 in
319 2365 397 2394 inviis
420 2364 487 2390 \iam
508 2361 624 2389 inveniat
637 2381 643 2393 ,
659 2367 707 2395 per
728 2359 769 2385 illa
792 2358 848 2392 ipsa
868 2365 926 2392 quae
947 2357 1061 2384 maxime

271 2411 382 2439 adversa
397 2409 533 2440 videntur,
545 2406 624 2434 saluti
637 2412 773 2433 servorum
788 2411 895 2431 suorum
908 2403 1059 2430 consulens.

272 2457 339 2484 llinc
364 2456 436 2484 enim
462 2458 513 2487 est,
541 2452 609 2487 quod
633 2459 681 2478 rex
704 2450 749 2477 ille
774 2454 872 2477 tantam
898 2449 993 2476 habeat
1017 2455 1061 2475 cu-

272 2511 328 2530 ram
341 2502 414 2537 justi,
429 2501 502 2536 quasi
518 2499 664 2532 prwdicans
675 2505 735 2524 cum
749 2496 870 2523 omnibus
882 2495 994 2522 civitatis
1007 2502 1062 2520 sua:

271 2549 380 2581 incolis,
395 2552 421 2574 et
439 2547 576 2574 declarans
594 2552 672 2580 quam
692 2543 823 2578 gloriosus
844 2543 893 2573 sit,
911 2546 936 2569 ct
958 2549 1062 2567 suunno

304 2679 400 2710 (a)Cum
412 2677 526 2710 videlicet
537 2680 635 2710 propter
644 2678 735 2710 raptam
748 2679 837 2710 san-am
850 2680 924 2710 ntere]
934 2676 1017 2697 aluset
1027 2678 1060 2696 ca-

274 2705 376 2741 stigatus
386 2709 471 2734 fuisset
483 2705 633 2741 Abimelech,
652 2706 828 2741 ubincompcrit
840 2705 978 2732 nebeccam,
992 2710 1063 2741 quam

274 2735 380 2766 seruorem
396 2746 463 2764 suam
479 2739 575 2763 dixerat
597 2741 669 2766 tsaae,
688 2736 754 2760 illius
774 2742 830 2759 esse
848 2742 959 2764 uxorem,
972 2735 1064 2759 veritus

274 2779 306 2796 ne
321 2778 335 2796 a
350 2771 462 2802 quopiam
482 2776 514 2802 ex
525 2768 627 2802 subditis
644 2774 672 2791 ea
682 2767 777 2799 conjugi
793 2767 961 2796 abriperetur,
980 2769 1005 2789 et
1014 2765 1063 2800 jam

273 2802 330 2827 olitn
348 2796 458 2826 iinm'issze
481 2801 505 2825 in
527 2798 598 2824 simili
626 2805 683 2823 casu
711 2796 789 2829 pinnae
816 2803 924 2824 memor,
945 2803 974 2829 ac
996 2796 1063 2826 quasi

272 2825 501 2889 idiistimans,
513 2831 589 2856 verba
599 2836 652 2860 qua:
659 2825 795 2860 sequuntur
806 2828 918 2853 tremoris
930 2825 999 2858 plena
1006 2825 1064 2857 'pro—

316 2868 333 2889 ι.

673 156 691 182 ii
717 154 853 181 JO.\NNXS
867 150 1098 180 (Il‘lRYSOSTOI‘d'l
1113 149 1269 178 ARCEIEP.
1290 147 1552 176 CONSTANTlNOP.

1838 140 1889 172 εδδ

1098 207 1199 234 honore
1213 207 1322 241 dignus,
1338 213 1415 241 quem
1430 210 1457 232 et
1476 204 1583 232 maximi
1596 201 1723 231 faciebat.
1737 203 1782 231 Sic
1793 208 1822 231 et
1836 203 1890 230 Na-

1099 252 1302 281 buchodonosor
1320 256 1457 286 postquam
1479 257 1574 284 pueros
1592 249 1654 277 illos
1671 254 1725 277 tres
1746 249 1771 277 in
1794 248 1885 276 forna—

1098 306 1155 326 cem
1171 298 1296 332 injeccrat
1311 297 1396 333 (Dan.
1412 297 1437 324 ὅ.
1451 295 1514 331 93),
1528 299 1554 323 et
1568 295 1654 330 reipsa
1668 295 1887 330 comprobaverat

1099 344 1261 378 captivorum
1283 343 1480 370 adulescentum
1502 342 1625 369 virtutem
1636 362 1643 374 ,
1661 345 1724 368 tunc
1742 340 1886 376 pnediCare

1099 398 1146 418 eos
1160 390 1237 425 etrapit
1251 411 1259 423 ,
1275 394 1302 417 ct
1321 389 1416 424 ubique
1436 389 1523 424 lingua
1542 395 1589 416 sua
1609 388 1668 415 fecit
1683 388 1809 415 illustres.
1826 387 1887 414 "me

1100 435 1170 462 cnim
1191 435 1357 470 potissimum
1372 442 1466 469 magna
1480 433 1527 462 Dei
1542 434 1624 461 virtus
1637 437 1677 460 est
1687 454 1694 465 ,
1707 433 1812 468 quando
1827 432 1889 460 facit

1101 486 1128 508 ut
1150 489 1196 515 per
1216 481 1336 508 inimicos
1355 481 1522 508 celebrentur
1540 480 1610 507 servi
1632 479 1688 507 Dei.
1711 480 1742 506 Et
1761 479 1806 514 qui
1827 487 1887 506 cum

1102 527 1189 554 furore
1202 526 1309 554 accendi
1322 527 1436 561 jusserat
1453 525 1587 553 fornacem
1604 525 1691 557 illam,
1707 525 1831 559 quoniam
1850 525 1888 551 \i-

1100 572 1139 599 dit
1153 580 1199 606 per
1213 579 1357 606 supernum
1370 571 1498 598 auxilium
1518 579 1660 606 puerorum
1680 571 1804 598 virtutem
1822 570 1888 606 ignis

1101 619 1230 644 actionem
1245 617 1352 644 vincere
1362 637 1369 649 ,
1386 621 1494 651 repente
1510 620 1623 643 mutatus
1637 616 1758 643 clamavit
1773 616 1864 643 dicens
1882 624 1889 643 :

1102 662 1174 689 Servi
1188 661 1232 688 Dei
1247 662 1348 688 excelsi.
1366 661 1439 694 \‘ide,
1454 669 1506 688 non
1520 661 1604 688 solum
1619 661 1677 688 illus
1690 661 1809 689 excelsos
1822 669 1887 696 prte-

1101 710 1182 741 dicat,
1196 709 1241 737 sed
1256 714 1284 736 et
1298 709 1436 735 Dominum
1452 708 1634 735 universorum
1649 716 1655 734 :
1670 707 1743 735 Serui
1754 707 1833 741 enim,
1851 708 1889 734 in-

1102 756 1168 791 quit.
1185 755 1232 782 Dei
1245 756 1346 788 excelsi,
1361 755 1516 790 egredimini.
1531 754 1599 788 Quid
1613 754 1710 782 factum
1724 754 1786 782 est?
1801 762 1888 781 nonne

1103 807 1130 830 tu
1145 810 1190 829 eos
1207 805 1339 829 tormento
1355 801 1510 828 tradidisti?
1523 808 1612 828 nonne
1627 805 1653 827 tu
1675 800 1700 827 in
1719 805 1818 827 tantttnt
1836 800 1887 827 fur-

1103 855 1195 874 naccm
1207 847 1315 874 accendi
1331 847 1477 882 prsecepisti
1488 846 1501 873 ?
1513 846 1643 879 Profecto,
1657 846 1751 881 inquit,
1765 846 1810 874 scd
1822 854 1888 873 nunc

1103 894 1181 922 video
1194 902 1237 921 res
1252 893 1421 921 admirabiles
1433 897 1460 920 ct
1474 900 1565 920 novas.
1581 892 1746 920 Elementum
1758 893 1827 919 enim
1841 892 1889 919 hoc

1103 948 1158 968 sua":
1180 941 1340 976 operationis
1362 940 1486 972 oblitum,
1508 939 1582 974 quasi
1604 939 1715 966 vinculis
1733 939 1887 974 quibusdam

1104 988 1223 1022 ligatum,
1239 991 1337 1014 tantam
1355 986 1474 1014 exhibuit
1488 985 1675 1018 obedientiam,
1689 989 1719 1012 ut
1733 992 1817 1019 neque
1828 991 1890 1011 con-

1105 1033 1217 1068 lingeret
1238 1033 1342 1060 illorum
1362 1031 1481 1066 capillos.
1501 1031 1577 1059 Unde
1597 1030 1687 1058 videre
1708 1037 1846 1065 possumus
1866 1031 1889 1056 id

1105 1078 1201 1106 factum
1216 1085 1295 1113 supra
1312 1079 1452 1105 humanam
1469 1081 1588 1104 naturam
1602 1083 1678 1108 esse,
1692 1081 1719 1102 et
1734 1075 1890 1103 ineffabilem

1105 1124 1247 1159 quamdam
1268 1131 1299 1151 ac
1318 1123 1432 1151 divinam
1454 1123 1506 1149 vim
1528 1122 1584 1149 luce
1603 1122 1706 1155 operari
1719 1142 1727 1155 ,
1743 1126 1891 1156 tantamque

1107 1177 1248 1205 puerorum
1269 1168 1368 1196 habere
1388 1167 1592 1203 providentiam.
1609 1167 1701 1195 Vidisti
1721 1167 1767 1194 Dei
1788 1166 1890 1193 miseri-

1105 1216 1222 1243 cordiam
1238 1236 1245 1249 ,
1271 1214 1403 1250 quomodo
1430 1222 1571 1249 numquam
1595 1213 1781 1248 derelinquens
1804 1221 1892 1240 servos

1106 1270 1187 1295 suos,
1209 1261 1337 1297 permittit
1358 1261 1384 1288 in
1405 1260 1540 1288 fornacem
1564 1261 1654 1295 injici;
1673 1261 1719 1288 sed
1739 1267 1785 1288 cos
1805 1261 1895 1287 volens

1106 1307 1231 1334 clariores
1246 1306 1343 1338 facere,
1359 1311 1385 1333 et
1400 1314 1474 1333 suam
1488 1306 1612 1333 virtutem
1625 1305 1817 1337 demonstrare,
1835 1305 1894 1332 bar-

1107 1355 1162 1382 bari
1176 1354 1297 1381 demulsit
1311 1353 1426 1380 animum
1439 1357 1465 1380 et
1476 1356 1575 1379 tantam
1589 1352 1755 1379 tolerantiam
1766 1351 1895 1378 oslcn-lit?

1107 1399 1198 1434 Neque
1213 1399 1284 1426 enim
1298 1404 1351 1425 tam
1367 1398 1521 1425 admirabile
1537 1403 1611 1429 erat,
1626 1398 1646 1424 si
1662 1405 1676 1424 a
1692 1397 1821 1432 principio
1835 1404 1896 1431 pro-

1108 1446 1236 1473 hibuisset
1249 1452 1295 1471 eos
1315 1444 1342 1471 in
1358 1444 1490 1471 caminum
1513 1443 1584 1478 injici
1602 1452 1608 1470 :
1624 1443 1700 1471 sicuti
1725 1451 1794 1470 nunc
1815 1443 1895 1470 admi-

1108 1492 1216 1519 rabilius
1231 1495 1257 1518 et
1270 1491 1354 1518 rarius
1368 1490 1465 1517 factum
1477 1495 1516 1517 est
1530 1511 1536 1521 ,
1550 1497 1612 1516 cum
1629 1490 1654 1516 in
1669 1489 1756 1516 medio
1770 1490 1837 1524 ignis
1850 1497 1895 1515 ex-

1108 1539 1232 1566 sistcntcs
1244 1558 1251 1570 ,
1270 1537 1335 1564 nihil
1359 1537 1468 1564 insuave
1485 1536 1538 1571 pati
1560 1536 1696 1570 permittit.
1713 1535 1778 1562 Nam
1794 1535 1897 1571 quando

1108 1584 1173 1616 vult,
1188 1583 1267 1610 etiam
1281 1590 1327 1610 eos
1340 1583 1383 1617 qui
1398 1582 1424 1609 in
1442 1582 1535 1609 mediis
1550 1585 1612 1609 sunt
1625 1581 1747 1616 periculis
1761 1586 1786 1608 et
1802 1581 1897 1616 poenis,

1109 1629 1271 1664 potentiores
1290 1628 1351 1655 facit
1365 1636 1372 1656 :
1387 1632 1414 1655 et
1431 1635 1476 1654 eos
1495 1627 1539 1662 qui
1560 1627 1693 1662 patiuntur
1704 1648 1711 1659 ,
1727 1627 1759 1653 iis
1776 1627 1820 1661 qui
1841 1627 1899 1653 illos

1109 1674 1227 1708 allligunt
1238 1674 1389 1708 superiores
1402 1672 1497 1700 reddit.
1515 1672 1569 1699 Hoc
1582 1677 1608 1700 et
1622 1672 1647 1699 in
1661 1672 1788 1707 apostolis
1802 1672 1898 1699 factum

1109 1726 1160 1748 est.
1173 1721 1238 1748 Nam
1250 1721 1294 1755 qui
1307 1728 1353 1748 eos
1368 1721 1498 1755 urgebant
1510 1725 1538 1748 et
1549 1720 1716 1747 adducebant
1729 1720 1755 1746 in
1772 1720 1897 1750 medium.

1110 1773 1137 1794 et
1151 1767 1224 1801 quasi
1244 1766 1366 1794 dentibus
1385 1766 1513 1794 adversus
1536 1773 1583 1793 eos
1603 1765 1767 1796 fremebant,
1785 1765 1854 1792 inter
1871 1772 1899 1792 se

1110 1813 1253 1840 dicebant:
1271 1812 1338 1845 Quid
1357 1812 1477 1845 faciemus
1499 1812 1558 1838 viris
1577 1811 1632 1838 istis
1649 1811 1724 1846 (Act.
1744 1810 1769 1838 4.
1788 1809 1859 1846 16)Ῡ
1874 1810 1899 1837 in

1111 1859 1232 1886 manibus
1246 1859 1303 1885 illus
1315 1858 1458 1890 habebant,
1473 1862 1499 1885 et
1511 1857 1668 1884 dubitabant
1681 1864 1782 1890 secum,
1795 1856 1858 1891 quid
1869 1857 1899 1883 de

1111 1905 1150 1932 eis
1163 1904 1289 1932 facerent.
1303 1904 1398 1935 Tanta,
1412 1908 1518 1938 tamque
1531 1903 1615 1930 valida
1627 1911 1669 1930 res
1680 1907 1720 1930 est
1731 1903 1823 1935 virtus,
1836 1907 1899 1929 tam-

1111 1959 1162 1986 que
1177 1950 1315 1978 imbecillis
1328 1950 1427 1977 malitia
1438 1971 1444 1983 ,
1461 1954 1490 1976 ut
1503 1949 1547 1976 illa
1562 1948 1669 1984 quidem
1679 1969 1686 1982 ,
1701 1949 1762 1976 licet
1776 1949 1898 1984 patiatur,

1111 1997 1208 2029 vincat,
1224 1997 1279 2023 hau:
1295 2004 1357 2023 vero
1370 2000 1396 2023 et
1410 1995 1431 2022 si
1444 1996 1506 2030 quid
1522 2000 1592 2030 agat,
1605 1995 1670 2022 nihil
1685 1995 1757 2022 aliud
1771 1995 1898 2030 proﬁciat,

1112 2050 1191 2077 quam
1204 2042 1273 2076 quod
1287 2049 1360 2068 suain
1376 2041 1469 2076 prodat
1482 2041 1670 2068 infirmitatem.

1148 2088 1255 2115 Mor-alis
1271 2088 1421 2115 exhortatio.
1435 2103 1470 2108 —-
1485 2088 1512 2115 Id
1527 2087 1652 2120 scientes,
1667 2087 1767 2119 dilecti,
1782 2094 1899 2122 magnam

1113 2135 1215 2162 virtutis
1236 2135 1379 2162 habeamus
1400 2135 1547 2166 rationem,
1567 2137 1594 2162 et
1612 2133 1675 2160 vitia
1699 2133 1828 2168 fugiamus
1845 2141 1852 2159 :
1868 2133 1900 2159 ita

1113 2181 1183 2207 enim
1205 2185 1231 2207 et
1252 2187 1392 2214 supernam
1414 2180 1523 2214 gratiam
1546 2179 1622 2207 nobis
1641 2179 1861 2210 conciliabimus,
1876 2182 1900 2204 et

1114 2227 1199 2253 futura
1214 2234 1405 2261 consequemur
1423 2226 1489 2253 bona
1504 2234 1511 2253 :
1525 2234 1585 2260 qua:
1605 2226 1681 2253 nobis
1700 2225 1826 2252 omnibus
1840 2231 1900 2251 eve-

1114 2273 1195 2305 niant,
1208 2273 1292 2307 gratia
1304 2278 1331 2299 et
1343 2272 1524 2300 misericordia
1541 2272 1644 2298 Domini
1659 2272 1741 2299 nostri
1755 2271 1818 2298 Iesu
1828 2270 1900 2298 Chri-

1114 2319 1158 2350 sti,
1174 2318 1216 2345 eui
1236 2318 1279 2350 sit,
1294 2325 1352 2344 cum
1376 2318 1453 2344 Patre
1466 2322 1493 2344 et
1510 2317 1610 2352 Spiritu
1626 2322 1730 2349 sancto,
1744 2316 1838 2351 gloria,
1854 2316 1900 2343 im<

1115 2364 1226 2399 perium,
1241 2363 1335 2395 honor,
1349 2371 1418 2390 nunc
1431 2368 1457 2390 et
1470 2371 1590 2398 semper,
1600 2368 1626 2390 et
1641 2363 1666 2390 in
1682 2363 1780 2390 saecula
1794 2362 1901 2390 steculo-

1115 2418 1182 2437 rum.
1198 2411 1291 2436 Amen.

1401 2475 1538 2503 HOMILIA
1559 2476 1612 2503 LII.

1117 2556 1253 2583 Seminavit
1267 2560 1349 2582 autem
1363 2554 1437 2582 Isaac
1450 2556 1477 2580 in
1492 2559 1558 2580 terra
1570 2554 1626 2586 illa,
1635 2558 1661 2581 et
1672 2553 1767 2580 invenit
1780 2554 1901 2587 centupli-

1215 2610 1275 2628 cans
1288 2601 1409 2628 hordeum
1423 2600 1448 2626 in
1461 2608 1527 2626 anno
1542 2599 1587 2626 illo
1600 2598 1675 2634 (Gen.
1687 2599 1732 2626 26.
1747 2600 1804 2634 12).

1153 2669 1176 2695 i.
1191 2667 1326 2702 Reliquias
1336 2666 1394 2694 heri
1405 2666 1535 2693 dictorum
1552 2673 1639 2700 opera:
1650 2664 1764 2699 pretium
1776 2669 1817 2691 est
1827 2663 1902 2691 hodie

1116 2714 1227 2742 reddere
1246 2719 1341 2740 vestrae
1361 2712 1482 2745 caritati,
1505 2716 1531 2738 ct
1554 2711 1664 2745 repetita
1685 2711 1818 2738 sermonis
1838 2710 1904 2737 serie

1116 2760 1210 2787 iterum
1227 2758 1317 2785 videre
1332 2762 1456 2792 quantam
1469 2756 1557 2791 justus
1570 2755 1642 2782 Isaac
1656 2762 1800 2789 supernam
1820 2754 1903 2789 provi-

1116 2805 1232 2832 dentiam
1248 2803 1283 2830 sit
1298 2807 1466 2836 assequutus.
1485 2801 1550 2828 Nam
1565 2801 1608 2835 qui
1627 2801 1652 2827 ei
1674 2799 1848 2833 prohibuerat
1860 2798 1905 2825 de-

1119 2857 1242 2878 scensum
1254 2850 1279 2876 in
1291 2848 1441 2884 :Egyptum,
1453 2852 1479 2875 et
1491 2847 1593 2875 dixerat
1606 2855 1611 2873 :
1629 2845 1722 2873 Habita
1732 2846 1758 2872 in
1769 2849 1836 2872 terra
1851 2844 1904 2877 hac,
