2044 3131
171 151 223 180 857

169 215 194 236 et
209 218 251 236 ero
266 213 346 236 totum
361 215 371 235 :
386 208 429 235 ille
444 208 469 235 in
484 207 606 235 omnibus
622 211 675 235 tam
690 210 790 236 clarum
805 217 865 236 ettm
883 208 944 236 fecit
957 230 961 236 .

170 260 261 283 utnon
273 255 356 282 ntttlto
370 259 429 289 post
440 254 564 281 invidiam
578 260 696 282 moveret
709 255 777 290 regis
790 255 961 283 Gerarorutn.

168 301 295 328 Videntes
306 301 376 327 enim
386 300 444 334 ejus
457 300 630 326 substantiam
645 300 764 335 quotidie
777 301 877 335 augeri,
891 307 962 328 metu

167 347 254 374 affecti
270 351 331 374 sunt
342 346 412 381 quod
424 346 458 373 ibi
473 353 562 373 secnttt
580 345 720 379 habitaret,
732 350 758 372 et
774 347 963 381 transmigrarc

168 391 230 420 ittde
243 396 398 427 coegerunt.
417 391 527 426 Dignum
542 396 630 418 autetn
643 396 694 424 est,
710 395 738 418 ut
750 392 804 426 ipsa
819 391 962 426 Scriptura:

169 438 249 465 verba
273 437 408 464 audiamus
420 458 426 468 ,
443 442 471 464 ιιι
491 445 539 472 per
553 437 641 464 omnia
656 436 792 464 videamus
810 437 857 464 Dei
878 437 961 464 bette-

167 483 320 515 volentiam,
335 490 412 517 quam
431 490 491 517 erga
509 482 620 509 famulos
634 489 697 509 suos
711 481 837 508 declarat.
854 481 896 508 1‘2.
913 481 961 508 Se-

165 530 270 556 minavit
288 535 371 556 autem
382 550 389 562 ,
405 529 507 564 inquit,
526 528 600 555 Isaac
618 529 644 555 in
665 533 732 555 terra
750 527 810 560 illa,
827 533 849 554 ει
868 528 961 555 invenit

165 576 338 610 centuplicatis
354 574 474 601 hordeum
486 574 511 600 in
525 582 590 601 anno
601 573 655 601 illa.
670 573 734 600 Vide
749 574 824 606 mihi,
837 573 959 606 obsecro,

167 622 213 649 Dei
228 621 400 655 sapientiam,
416 625 445 647 ut
459 619 581 647 ostendat
595 619 666 654 jttsto
679 626 708 646 se
724 623 825 645 naturte
841 618 960 645 condito—

165 677 224 696 rem
240 675 309 698 esse,
325 672 352 695 et
366 667 391 693 in
407 666 486 694 rebus
502 666 656 693 difﬁcilibus
670 665 756 693 facilia
769 666 856 692 omnia
873 663 960 692 facere

165 722 244 750 posse
260 722 266 740 :
283 721 314 741 ac
333 714 376 748 qui
398 713 432 740 ab
451 712 527 740 ittitio
544 716 643 739 terram
658 718 708 738 suo
727 710 851 738 mandato
868 710 961 737 fecerit

165 761 288 788 idoneam
298 759 331 787 ad
345 758 518 794 proferendos
532 758 643 790 fructus,
656 757 725 785 idem
740 764 809 784 nunc
821 756 919 784 efticiat
932 761 960 783 ut

165 807 329 841 centttplices
344 805 437 832 reddat
457 812 506 840 pro
524 804 588 831 satis
604 803 753 838 manipulos
768 810 775 830 :
791 802 869 830 simul
886 802 960 829 illttm

164 853 192 880 in
209 857 279 879 tanta
295 851 429 879 affhtentia
447 850 612 878 constituens
624 870 632 883 ,
651 855 680 876 ttt
700 849 797 876 nullius
820 849 936 883 indigeat
951 856 957 874 :

164 904 244 934 atque
259 899 325 925 alios
339 906 385 932 per
400 905 480 932 opera
496 897 611 930 docens,
627 900 725 931 quanta
742 904 856 931 superna
875 895 959 930 gratia

163 947 250 981 justus
264 944 374 972 fruatur.
391 944 567 980 Omnipotens
581 943 653 970 enim
667 947 694 970 et
707 943 812 977 sapiens
831 942 900 969 Deus
913 948 960 976 per

164 1001 208 1020 res
222 992 329 1020 easdem
347 991 499 1026 frequenter
517 988 649 1017 benefacit
667 989 738 1022 suis;
753 992 779 1015 et
792 991 867 1015 curat
880 987 959 1014 etiam

165 1043 195 1065 ttt
216 1038 233 1065 ii
255 1045 359 1073 quoque
381 1037 425 1073 qui
448 1037 534 1064 adhuc
553 1035 578 1062 in
601 1042 693 1062 errore
712 1039 867 1066 versantur,
883 1040 959 1060 suam

163 1085 290 1112 virtutem
311 1089 337 1111 et
360 1083 505 1119 potentiam
524 1082 672 1109 addiscant.
695 1080 751 1108 lloe
774 1085 866 1115 postea
887 1084 914 1106 et
932 1079 959 1106 in

166 1131 282 1166 Egypto
303 1130 363 1157 fecit
379 1138 385 1156 :
402 1129 454 1156 illis
468 1129 538 1156 ettitu
555 1134 647 1163 ptenas
663 1126 810 1161 irrogabat,
824 1124 959 1152 lsraelitas

164 1186 230 1206 vero
253 1177 350 1204 illae-ros
374 1175 559 1203 conservabat.
583 1173 726 1200 Diseebant
746 1171 818 1198 enim
841 1178 892 1197 non
913 1177 957 1196 so-

165 1225 220 1252 lum
244 1232 289 1258 per
311 1223 519 1257 indignationem
541 1220 606 1252 Dei,
622 1226 672 1254 qua
693 1217 741 1253 ipsi
765 1216 958 1252 puniebantur,

165 1269 285 1298 ontnium
298 1268 406 1303 Opilicis
419 1267 545 1294 virtutem
556 1286 563 1298 ,
582 1265 628 1292 sed
643 1265 722 1291 etiaut
737 1271 784 1298 per
801 1260 960 1289 sollicitudi-

166 1325 227 1344 ttetn
246 1323 324 1351 quant
345 1315 371 1341 in
392 1313 450 1340 illos
464 1312 615 1339 exhibebat.
632 1309 664 1337 Et
678 1310 775 1337 iterum
788 1316 840 1335 nott
854 1316 886 1335 ex
904 1307 960 1334 sola

166 1362 329 1399 providentia
346 1366 371 1388 et
390 1359 584 1390 sollicitudine,
601 1365 679 1393 quattt
693 1355 905 1391 experiebantur,
921 1354 962 1381 di-

165 1409 278 1437 Sccbant
299 1409 433 1442 ingentem
452 1405 499 1433 Dei
513 1405 659 1432 bonitatem
674 1412 681 1430 :
697 1402 744 1430 sed
760 1401 838 1428 etiatn
854 1408 901 1435 per
915 1407 962 1427 eos

166 1455 262 1490 quibus
282 1453 398 1489 quotidie
420 1451 543 1479 videbant
557 1453 595 1477 tot
611 1449 701 1484 plagas
715 1447 834 1482 irrogari.
851 1447 901 1474 l’cr
914 1453 961 1472 ea-

166 1502 229 1529 detn
241 1501 311 1528 enim
326 1506 406 1534 opera
420 1503 446 1524 et
460 1497 525 1529 suis,
540 1500 566 1523 et
583 1494 743 1522 adversariis
758 1492 890 1520 indicabat
905 1499 961 1518 sua:

166 1547 292 1583 potentia:
316 1544 536 1580 magnitudinem.
561 1541 628 1569 Nam
649 1541 782 1568 elementa
806 1539 862 1573 ipsa
884 1544 960 1564 suum

167 1592 343 1620 ministerium
368 1595 395 1618 et
418 1589 576 1624 obsequium
598 1586 734 1614 conservis
759 1585 960 1615 demonstrant,

168 1637 273 1673 quando
287 1636 415 1664 benevole
437 1634 564 1662 Dominus
576 1639 637 1667 erga
653 1632 711 1658 iIIOs
725 1630 849 1657 afficitur.
865 1628 899 1656 Et
912 1629 962 1655 hoc

168 1685 258 1718 utique
279 1682 372 1709 viderit
392 1681 452 1716 quis
474 1680 536 1707 huic
557 1678 630 1714 justo
653 1678 817 1711 contingere.
844 1675 870 1702 ld
891 1673 962 1701 enim

167 1731 238 1766 quod
259 1729 356 1764 alioqui
380 1733 472 1755 natura
494 1731 571 1754 terra:
591 1733 644 1752 non
663 1723 770 1756 habttit,
787 1722 838 1749 hoc
855 1725 964 1756 propter

168 1777 322 1805 mandatum
337 1775 519 1805 universorum
536 1772 582 1800 Dei
598 1778 667 1798 nuttc
684 1769 783 1805 profert
796 1773 868 1795 tanta
882 1767 962 1794 uber-

167 1828 238 1855 tate,
258 1827 285 1849 ut
305 1825 414 1856 repente
435 1819 511 1846 valde
531 1817 625 1852 opibus
646 1815 784 1843 abundans
802 1813 911 1841 effectus
929 1812 964 1839 sit

167 1869 251 1896 lsaac.
267 1866 396 1893 Benedixil
411 1866 492 1897 enim,
505 1863 606 1898 inquit,
622 1870 677 1889 eum
691 1860 776 1893 Deus,
794 1860 837 1886 15.
852 1864 875 1886 et
889 1857 962 1885 exal-

168 1920 236 1942 tant;
247 1919 282 1941 est
296 1914 381 1945 Itantu,
392 1918 414 1940 ιιι
428 1911 565 1947 procedens
578 1910 660 1944 major
670 1907 753 1942 ﬁebat,
767 1907 845 1934 donec
857 1914 963 1941 magnus

167 1963 252 1996 [actus
270 1965 305 1987 est
322 1959 407 1986 valde.
422 1958 486 1985 Nam
500 1957 560 1992 quia
576 1961 638 1984 tuttc
653 1954 813 1982 abundantia
830 1953 961 1988 jttstorutn

167 2013 226 2035 erat
241 2008 267 2034 in
283 2006 418 2034 fertiliate
433 2009 510 2032 terra:
521 2025 528 2036 ,
543 2008 570 2030 et
583 2003 608 2030 in
625 2001 793 2030 multitudine
813 2007 937 2034 pecorunt
954 2006 962 2025 :

168 2059 308 2090 propterea
328 2052 408 2083 dicit,
427 2050 557 2078 Bcnedixit
571 2057 628 2076 eum
645 2048 713 2076 Deus
725 2068 733 2080 ,
748 2051 770 2074 et
787 2045 912 2073 multatus
927 2048 964 2071 est

170 2102 247 2128 homo
257 2121 265 2133 ,
278 2099 303 2127 id
317 2103 357 2126 est
367 2119 374 2131 ,
390 2097 533 2125 abundavit
547 2105 555 2123 :
568 2099 594 2122 ct
609 2103 660 2121 non
675 2092 831 2128 simpliciter
846 2090 963 2118 abunda-

168 2148 224 2179 vit,
241 2145 288 2173 scd
303 2150 329 2172 et
345 2144 447 2179 Major,
463 2142 547 2178 inquit
560 2162 567 2174 ,
580 2141 654 2176 ﬁebat
669 2141 746 2166 donec
759 2145 865 2173 magnus
881 2137 963 2171 [acuta

168 2192 300 2221 estmille.
317 2190 463 2218 Considera
477 2189 549 2216 enim
562 2191 689 2222 quantum
710 2185 763 2218 sit,
784 2192 832 2218 pro
852 2183 884 2210 iis
905 2190 963 2217 quae

168 2238 317 2266 seminabat
330 2236 482 2271 centuplum
497 2235 628 2268 accipere.
645 2232 719 2266 Quod
739 2231 762 2258 si
780 2231 830 2257 hoc
844 2229 889 2256 tibi
905 2236 962 2256 nta-

168 2294 250 2323 gnnm
266 2286 381 2318 videtur,
392 2283 529 2311 considera
544 2281 700 2308 immensam
716 2278 761 2305 Dei
775 2275 944 2304 cietnetttiatn
954 2295 962 2308 ,

169 2321 250 2369 quam
263 2338 389 2367 processu
403 2329 531 2363 temporis
544 2334 605 2362 erga
620 2333 668 2353 nos
680 2323 832 2352 declaravit.
845 2321 879 2350 lis
892 2321 964 2348 cnim

169 2381 213 2416 qui
229 2381 289 2414 νῶι
300 2378 357 2413 ejus
370 2376 515 2404 adventum
527 2374 651 2400 virtutem
665 2374 799 2403 exercent,
812 2377 864 2396 tton
877 2368 964 2395 solum

169 2424 326 2460 centuplum
345 2423 387 2450 hic
409 2420 556 2456 promittit,
570 2418 618 2446 sed
632 2422 657 2444 et
674 2417 755 2444 vitam
774 2421 902 2442 :ntcruam
914 2434 921 2444 ,
938 2417 964 2440 et

170 2458 382 2506 reguiea-lorum
396 2466 601 2503 possessionem.
614 2462 708 2490 Vidisti
720 2461 905 2488 liberalitatem
916 2458 966 2486 Do-

170 2517 255 2546 mini?
273 2515 362 2543 vidisti
377 2512 559 2541 beneficentia:
573 2507 763 2545 augmentum?
778 2507 866 2534 vidisti
882 2513 965 2541 quau-

171 2569 228 2591 tum
243 2562 321 2590 nobis
338 2560 448 2595 largitus
461 2564 502 2586 est
516 2556 643 2592 unigeniti
664 2554 725 2582 Filii
746 2553 793 2580 Dei
812 2551 965 2579 adventus?

171 2608 306 2646 quomodo
318 2606 481 2634 ineffabilem
492 2611 583 2631 rerum
597 2600 829 2629 commutationem
842 2602 966 2633 operatus

172 2644 234 2683 est?
255 2654 317 2681 ﬂare
337 2652 416 2688 igitur
435 2649 617 2684 unusquisque
634 2646 702 2682 apud
718 2653 746 2673 se
759 2644 927 2680 expendcns,
940 2647 966 2670 et

171 2703 266 2730 videns
279 2699 455 2728 differentiam
468 2697 538 2724 inter
549 2703 579 2722 ea
592 2701 649 2728 qua:
662 2693 713 2720 illis
725 2697 786 2719 ante
797 2691 888 2726 gratia:
902 2695 964 2716 tem-

142 2773 148 2777 .
175 2756 225 2784 pus
246 2745 365 2782 promitti
383 2743 520 2775 solebant,
535 2745 563 2769 et
584 2747 614 2767 ea
633 2746 692 2773 qua:
711 2745 780 2764 ttune
797 2740 858 2771 post
876 2734 967 2770 gratia).

175 2781 290 2828 tempus,
304 2791 433 2828 glorificet
444 2789 526 2817 etiam
539 2788 565 2814 in
583 2785 633 2813 hoc
647 2784 803 2811 immensam
816 2782 874 2817 ejus
887 2781 967 2808 mise-

176 2825 319 2868 ricordiam
329 2858 336 2870 ,
351 2841 378 2865 et
397 2844 430 2863 ne
446 2839 594 2869 temporum
614 2829 751 2858 mutationi
767 2833 851 2855 totum
868 2825 968 2853 adscriv

178 2888 232 2914 ttat.
248 2885 279 2912 At
294 2891 340 2919 par
354 2887 391 2910 est
406 2886 434 2909 ut
450 2879 482 2907 ad
502 2878 599 2907 seriem
620 2874 749 2904 sermonis
769 2872 908 2901 redeamus
918 2891 926 2904 ,
941 2875 966 2897 ut

690 151 720 180 ιιι
741 151 814 180 CAP.
835 151 927 180 XXVI.
949 150 1070 181 GENES.
1091 154 1206 184 HOMIL.
1228 157 1283 184 LII.

1756 169 1807 196 ΗΒ

1018 209 1154 239 videamus
1170 214 1303 248 quomodo
1323 214 1450 244 Gerareni
1473 217 1592 248 videntes
1609 221 1718 251 afﬂuere
1736 224 1807 258 justo

1014 263 1095 291 Opes,
1113 258 1137 284 in
1159 260 1355 288 mmnlationem
1380 265 1514 296 provocati
1535 266 1642 301 abigere
1662 277 1722 296 eum
1746 270 1807 298 inde

1013 303 1100 350 conati
1114 309 1185 350 sunt.
1203 305 1246 335 11,
1262 304 1390 333 Αἰηιιιιαιὶ
1401 313 1457 334 sunt
1471 310 1536 336 enim
1549 319 1613 342 eum,
1627 312 1721 347 inquit,
1738 314 1805 350 Pity-

1014 348 1108 375 Ιίειίἰιη.
1125 349 1223 378 Deinde
1237 357 1385 380 monstrare
1402 355 1495 382 volens
1508 355 1643 392 Scriptura
1660 360 1763 394 divina,
1779 348 1806 390 in

1013 401 1065 428 quo
1076 395 1273 424 a'mulationem
1283 397 1462 433 declararunt,
1475 401 1609 430 subdidit:
1623 405 1665 431 15.
1680 405 1711 432 Et
1721 415 1806 435 onum

1013 445 1102 473 puteos
1112 461 1119 474 ,
1133 449 1195 476 quos
1208 441 1347 476 effoderunt
1360 445 1424 471 servi
1438 451 1549 481 tempore
1559 449 1637 482 patris
1650 451 1704 484 ejus
1713 471 1721 484 ,
1736 451 1806 478 obtu-

1012 491 1141 517 raveruul,
1158 494 1181 513 et
1196 487 1361 523 impleverunt
1376 494 1452 517 terra.

1049 530 1149 558 Invidia
1171 532 1355 561 Gerarcnortun
1369 541 1473 569 quanta.
1488 553 1517 557 —
1532 538 1676 567 Considera
1701 548 1796 576 quanta

1013 576 1119 604 illorum
1132 578 1278 606 incolarum
1292 581 1409 614 malitia,
1423 582 1468 617 qui
1492 588 1519 610 et
1540 591 1622 618 aquas
1642 586 1715 620 justo
1737 587 1804 614 invi-

1012 621 1094 649 dent:
1111 631 1196 658 neque
1212 632 1257 652 rex
1270 645 1277 658 ,
1291 626 1334 660 qni
1355 626 1381 653 in
1395 631 1466 654 tanta
1491 633 1621 662 potestate
1643 636 1699 658 erat
1713 653 1719 663 ,
1737 633 1804 659 inri-

1012 668 1082 696 diant
1103 669 1260 698 'continere
1279 673 1381 706 potuit;
1399 673 1446 700 sed
1469 673 1533 701 dicit
1549 685 1555 701 :
1574 676 1617 703 16.
1633 677 1680 703 Abi
1698 679 1803 711 anubis,

1011 716 1070 750 quia
1086 717 1211 750 patentior
1224 718 1293 744 nobis
1304 719 1386 754 factus
1397 728 1424 746 es
1436 721 1517 747 valde.
1538 721 1629 757 Magna
1644 723 1804 751 malevolen-

1015 761 1060 788 tia.
1075 761 1156 795 Cttjus
1169 763 1252 797 gratia
1267 764 1350 799 abigis
1359 764 1459 799 justum
1473 766 1484 792 ’Ξ
1501 774 1562 793 ηιιιιι
1577 767 1663 802 aliqua
1677 769 1702 796 in
1716 777 1744 797 re
1759 770 1805 797 tibi

1012 807 1121 833 nocuit?
1142 815 1203 834 num
1217 808 1337 843 injuriam
1350 810 1459 837 intulit?
1474 811 1526 838 Sed
1544 813 1578 839 ita
1597 820 1626 840 se
1642 813 1720 841 habet
1737 815 1804 841 iuvi-

1011 853 1071 885 dia;
1085 853 1150 880 nihil
1162 862 1221 881 cum
1236 855 1339 883 ratione
1354 862 1489 891 operalttr.
1502 858 1566 886 Cum
1580 860 1649 886 enim
1670 862 1804 895 oportuis-

1011 903 1051 925 set
1061 907 1133 932 eum,
1147 908 1224 934 quem
1238 901 1343 928 videbat
1357 907 1428 930 tanta
1444 905 1562 932 omttium
1579 906 1624 933 Dei
1640 906 1803 935 benevolen-

1012 945 1046 972 tia
1069 944 1212 979 fruentent,
1227 947 1310 982 magis
1327 947 1417 975 fovere
1437 954 1463 976 et
1476 950 1580 983 colere,
1598 956 1625 978 ttt
1651 952 1752 980 honore
1778 953 1804 981 in

1012 991 1084 1018 illunt
1099 991 1196 1018 collato
1206 1012 1212 1024 ,
1227 992 1306 1019 etiam
1322 993 1377 1027 ipse
1388 994 1505 1022 divinum
1518 996 1567 1022 sibi
1582 996 1700 1024 favorem
1714 999 1805 1026 conci-

1011 1036 1088 1064 liaret
1104 1045 1111 1063 :
1125 1036 1169 1064 ille
1190 1045 1243 1064 non
1259 1037 1346 1065 soluttt
1363 1038 1413 1066 hoc
1433 1047 1485 1066 non
1511 1039 1590 1073 facit,
1606 1042 1652 1068 sed
1674 1043 1805 1077 expellere

1012 1086 1095 1110 tentat
1110 1089 1141 1110 ac
1154 1082 1218 1110 dicit
1233 1091 1239 1109 τ
1253 1082 1296 1110 16.
1313 1083 1360 1110 Abi
1381 1092 1397 1110 a
1411 1085 1491 1117 nobis,
1507 1086 1565 1119 quia
1589 1088 1666 1113 multa
1681 1088 1806 1122 potentior

1011 1129 1096 1163 factus
1106 1135 1141 1160 et,
1157 1135 1233 1162 quam
1243 1135 1289 1155 nos
1300 1137 1395 1156 sumas.
1413 1128 1449 1156 Ita
1463 1137 1541 1164 agerc
1561 1131 1629 1158 solet
1642 1133 1804 1165 invidentia;

1013 1179 1067 1200 non
1084 1177 1174 1207 potest
1193 1173 1306 1208 benigne
1332 1173 1422 1201 videre
1443 1175 1553 1202 aliorum
1568 1175 1721 1204 felicitatem
1735 1199 1742 1211 ,
1758 1178 1805 1205 sed

1012 1217 1165 1246 felicitatem
1179 1219 1290 1253 proximi
1306 1227 1381 1246 suam
1398 1225 1470 1253 ptttat
1484 1220 1676 1254 infelicitatem,
1691 1227 1717 1249 et
1733 1223 1805 1250 tabe-

1013 1263 1063 1290 scit
1078 1263 1153 1290 bonis
1167 1263 1300 1298 proximi:
1316 1263 1341 1290 id
1352 1265 1423 1298 quod
1438 1270 1462 1291 et
1479 1265 1521 1291 ltic
1534 1266 1638 1293 accidit.
1656 1266 1710 1294 Rex
1723 1268 1804 1300 enim,

1013 1309 1062 1337 sub
1073 1310 1147 1344 cujus
1163 1313 1291 1344 potestate
1307 1313 1358 1336 tota
1370 1311 1462 1337 civitas
1477 1316 1544 1344 erat,
1560 1317 1584 1338 el
1599 1312 1699 1339 habens
1713 1321 1806 1340 omnes

1013 1355 1062 1382 sub
1075 1363 1153 1382 manu
1168 1363 1226 1388 sua,
1243 1356 1393 1390 peregrino,
1411 1363 1487 1391 vago,
1504 1356 1554 1383 ltue
1569 1362 1595 1384 et
1610 1358 1672 1385 illuc
1683 1359 1806 1394 migranti

1013 1401 1077 1429 dicit
1091 1402 1157 1429 :Abi
1169 1410 1183 1428 a
1196 1402 1267 1429 nobis
1279 1422 1286 1434 ,
1300 1403 1359 1438 quia
1381 1404 1506 1437 potentior
1518 1405 1601 1439 factas
1616 1413 1653 1437 ea,
1666 1413 1742 1440 quam
1761 1413 1806 1432 nos

1013 1455 1108 1474 mutus.
1123 1447 1155 1474 Et
1177 1455 1237 1474 vere
1253 1447 1385 1481 potentior
1396 1452 1451 1475 erat
1462 1469 1469 1480 ,
1488 1456 1632 1484 supernum
1654 1451 1805 1485 prmsidium

1015 1492 1115 1520 habens
1139 1493 1164 1519 in
1190 1492 1503 1529 umnibus,dexleraqne
1528 1495 1572 1521 Dei
1595 1495 1721 1522 munitus.
1748 1497 1806 1530 Quo

1014 1538 1093 1574 igitur
1110 1538 1194 1574 abigis
1206 1539 1306 1573 justttnt
1318 1538 1330 1565 τ
1343 1540 1449 1573 ignoras
1469 1540 1538 1574 quod
1557 1548 1724 1575 qttt'enmque
1745 1549 1805 1568 ettm

1013 1585 1051 1612 ire
1064 1585 1193 1620 coegeris,
1213 1592 1319 1620 semper
1330 1585 1380 1612 erit
1396 1585 1421 1611 itt
1433 1585 1465 1612 iis
1477 1593 1535 1620 qua:
1552 1586 1656 1612 Domini
1670 1586 1709 1613 sui
1723 1591 1782 1612 sunt
1794 1587 1805 1613 ’ρ

1014 1638 1066 1658 non
1080 1630 1171 1657 docuit
1194 1635 1219 1658 te
1239 1638 1329 1658 rerum
1344 1631 1506 1665 experientia
1518 1652 1525 1662 ,
1541 1631 1586 1658 Dei
1612 1639 1719 1658 mattttttt
1736 1640 1804 1663 esse,

1013 1682 1072 1710 qua:
1086 1676 1216 1702 illustrem
1232 1675 1292 1702 facit
1306 1680 1333 1702 et
1347 1675 1597 1711 conservatjustum
1608 1677 1716 1710 ?Quare
1728 1677 1805 1710 igitur

1012 1719 1144 1755 abigendo
1157 1721 1271 1755 justunt,
1287 1729 1348 1756 erga
1373 1721 1513 1748 Dominum
1537 1721 1596 1756 ejus
1624 1726 1650 1748 te
1671 1724 1804 1756 ingratum

1015 1765 1155 1793 declaras?
1167 1770 1193 1793 et
1206 1773 1291 1801 neque
1304 1773 1398 1801 magna
1411 1766 1459 1793 viri
1475 1766 1650 1793 ntansuetudo
1666 1770 1735 1792 tttant
1755 1767 1804 1793 do-

1013 1819 1088 1840 mare
1102 1811 1188 1847 potuit
1208 1812 1346 1844 invidiam,
1361 1811 1408 1839 sed
1424 1811 1509 1847 victus
1527 1819 1543 1838 a
1563 1812 1665 1843 morbo,
1681 1812 1804 1839 invidiam

1014 1866 1095 1894 opere
1105 1858 1234 1893 comples,
1249 1863 1276 1885 et
1289 1858 1383 1885 iterum
1398 1857 1512 1892 migrare
1534 1865 1594 1884 eum
1610 1857 1698 1892 cogis,
1712 1858 1755 1892 qtti
1778 1857 1803 1884 iu

1014 1905 1087 1932 nullo
1098 1909 1123 1931 te
1137 1904 1223 1931 lzrsit'!
1236 1903 1329 1931 Nescis
1338 1903 1408 1937 qttod
1425 1903 1487 1930 licet
1501 1904 1526 1930 in
1544 1903 1703 1937 ipsissitnaut
1715 1903 1807 1930 solitu-

1014 1950 1103 1977 dinem
1119 1957 1179 1976 eum
1200 1949 1307 1983 fugaris,
1323 1948 1404 1975 habet
1419 1953 1505 1976 tamen
1528 1949 1562 1975 ita
1577 1949 1702 1976 solertem
1719 1949 1806 1976 Domi-

1015 2004 1087 2029 ttunt,
1100 2001 1127 2022 ut
1137 2003 1166 2022 se
1177 1995 1217 2022 vel
1230 1994 1282 2021 illic
1292 1999 1441 2022 versantem
1451 1994 1534 2020 multo
1545 1994 1682 2021 clariorem
1694 1994 1808 2021 reddere

1014 2041 1193 2078 possit?Nihil
1202 2041 1271 2069 enim
1282 2041 1414 2068 robustius
1424 2049 1455 2067 eo
1463 2041 1505 2075 qtti
1517 2041 1609 2067 fruitur
1619 2048 1734 2074 superno
1742 2048 1807 2074 pra:-

1014 2089 1081 2116 sidio
1093 2097 1100 2115 :
1112 2087 1388 2115 sicutttihilittlirmius
1397 2087 1478 2121 coqui
1490 2087 1531 2113 tali
1540 2087 1636 2113 auxilio
1644 2087 1807 2113 destituitur.

1049 2133 1088 2161 2.‘
1099 2133 1174 2160 ΝῐΙιὶΙ
1185 2132 1310 2160 robustius
1323 2141 1350 2159 eo
1365 2140 1438 2166 quem
1459 2131 1525 2159 Deus
1541 2132 1624 2167 juvat.
1639 2147 1674 2151 —
1690 2131 1783 2158 Vidisti
1796 2151 1803 2163 .

1015 2180 1124 2213 dilecte,
1139 2184 1166 2207 et
1176 2180 1246 2214 regis
1258 2179 1417 2207 Gcrarorum
1427 2199 1434 2210 ,
1450 2183 1476 2205 et
1491 2178 1609 2204 omnium
1620 2178 1664 2212 qui
1679 2177 1714 2204 ibi
1732 2177 1808 2204 habi-

1017 2226 1107 2254 tabant
1118 2225 1214 2253 mentis
1228 2224 1375 2251 malitiam?
1390 2223 1453 2250 Vide
1468 2228 1493 2249 et
1506 2222 1568 2257 justi
1593 2230 1714 2257 magnam
1730 2230 1806 2248 matt-

1015 2271 1193 2303 sttetudittem,
1208 2270 1342 2305 quomodo
1358 2277 1409 2296 non
1428 2268 1583 2303 superbivit,
1609 2275 1695 2302 neque
1715 2267 1812 2295 videns.

1015 2318 1102 2352 rcipsa
1115 2317 1233 2343 divinam
1249 2315 1298 2342 sibi
1313 2316 1423 2350 gratiam
1439 2314 1566 2340 assistere
1576 2333 1583 2346 ,
1601 2318 1692 2340 contra
1706 2321 1807 2348 regem.

1016 2363 1098 2391 frctus
1110 2361 1310 2389 commilitantis
1323 2361 1432 2391 virtute,
1447 2359 1588 2386 iusurrexit
1601 2367 1607 2384 :
1621 2358 1666 2385 sed
1680 2357 1753 2392 quasi
1767 2358 1808 2384 vir

1016 2409 1087 2436 omni
1105 2407 1251 2443 patrocinio
1264 2412 1368 2436 carens,
1386 2410 1412 2431 et
1428 2404 1529 2430 ttullum
1545 2402 1671 2429 auxilium
1686 2402 1808 2429 alicunde

1017 2458 1183 2488 exspectans,
1201 2451 1283 2479 multa
1297 2458 1356 2477 cum
1374 2448 1585 2478 mansuetudine,
1603 2456 1636 2474 ne
1648 2447 1734 2474 verbis
1748 2448 1807 2482 (χιιι.

1016 2501 1078 2529 dem
1091 2501 1216 2528 resistens
1227 2517 1233 2529 ,
1262 2497 1373 2524 faciebat
1385 2495 1454 2530 quod
1469 2495 1518 2521 sibi
1532 2502 1546 2520 a
1560 2501 1621 2528 rege
1638 2493 1809 2528 pra‘cipieban

1019 2553 1060 2576 tur
1072 2568 1080 2581 ,
1095 2551 1122 2574 et
1136 2545 1223 2573 statim
1238 2543 1309 2571 illinc
1324 2542 1446 2569 discessit
1459 2550 1466 2568 :
1480 2546 1502 2567 et
1518 2541 1628 2567 ulterius
1641 2547 1808 2574 progressus,

1019 2592 1146 2628 repressit
1166 2588 1329 2625 mgritndinis
1357 2587 1489 2614 ﬂammam
1503 2607 1510 2616 ,
1532 2584 1611 2612 simul
1636 2589 1663 2612 et
1683 2585 1806 2611 eximiam

1018 2647 1092 2667 suam
1108 2636 1335 2665 mansuetudinem
1350 2633 1499 2665 declarans,
1508 2637 1535 2659 et
1548 2632 1617 2658 illius
1628 2631 1807 2665 perturbatum

1019 2686 1135 2713 attintttm
1149 2682 1283 2717 mitigans.
1301 2680 1344 2707 17.
1362 2679 1394 2705 Et
1421 2678 1481 2704 abiit
1507 2677 1575 2709 inde,
1598 2681 1621 2703 et
1643 2677 1763 2703 habitavit
1782 2677 1809 2702 in

1018 2732 1082 2759 valle
1096 2730 1259 2757 Cerarorum.
1283 2726 1316 2754 Et
1330 2725 1355 2752 id
1369 2724 1438 2759 qttod
1462 2723 1597 2757 discipulis
1610 2723 1665 2749 suis
1685 2721 1811 2749 omnibus

1019 2778 1140 2806 Christus
1159 2774 1304 2802 adveniens
1320 2769 1450 2806 pra-cipit,
1466 2769 1575 2796 dicens:
1593 2767 1701 2801 Quando
1725 2775 1810 2801 πει-ω-

1019 2828 1125 2860 quentur
1143 2830 1196 2854 vos,
1218 2819 1296 2855 fugite
1319 2819 1346 2845 iu
1360 2817 1438 2843 aliam
1457 2816 1539 2843 locum
1561 2814 1666 2850 (Matth.
1681 2814 1722 2842 10.
1737 2814 1813 2847 ιιδμ

1050 2874 1057 2889 ι
1076 2876 1178 2902 Quatuor
1189 2873 1252 2899 Mss,
1264 2865 1460 2899 iitcrepalioncnt.
