2044 3131
261 147 312 175 659

260 203 309 229 hoe
321 202 366 229 ille
377 202 432 236 jam
444 200 568 235 operibus
581 199 730 227 exhibebat.
745 200 776 226 Et
790 199 859 227 sicut
874 199 954 226 David
972 199 1038 226 Safr-

261 248 293 275 lis
304 254 425 282 magnam
438 246 562 273 invidiam
578 245 753 280 reprimebat,
767 245 895 273 secedens
905 249 932 272 et
944 243 1043 271 subdu-

257 300 321 319 cens
331 300 370 323 se.
385 297 412 319 et
428 291 497 318 illirrs
511 291 684 325 refrigerahat
702 290 823 317 ardorenr
839 290 875 325 (l.
895 289 955 323 Reg.
973 289 1023 323 l9)
1037 297 1041 314 :

257 338 351 365 eodem
365 345 428 364 sane
439 337 518 364 modo
528 341 554 363 et
565 337 651 370 justus
664 336 706 363 ille
720 336 893 370 apostolicum
915 335 978 362 illud
995 335 1044 361 im-

256 385 362 419 plebat:
377 383 444 410 Date
455 385 537 410 locant
548 384 592 410 ira
608 381 692 418 (Rom.
704 382 747 409 12.
760 382 803 415 19)
818 390 824 407 :
840 386 866 409 et
880 381 969 408 relicta
981 381 1043 407 0111⁴

255 435 318 462 tate,
333 431 397 458 exiit
409 431 434 456 in
447 429 552 456 vallem.
566 430 695 456 Creterum
714 428 773 455 vide
785 433 908 462 quantum
924 428 976 454 illic
991 427 1040 454 itc-

255 484 314 503 rum
341 475 568 502 mansuetudinem
588 482 642 508 pne
663 481 692 501 se
711 474 779 501 tulit.
803 473 893 508 Neque
913 474 983 500 enim
1000 473 1041 500 hic

255 522 315 549 ﬁnis
327 521 374 548 fuit
389 521 567 548 molestiarum
583 528 590 546 :
605 527 666 546 nam
680 527 738 546 cum
755 519 832 546 etiam
847 519 898 545 illic
913 524 980 546 esset
993 540 999 550 ,
1014 523 1041 546 et

254 568 341 595 fontes
348 567 464 595 effodere
473 567 561 599 vellet,
573 566 643 593 rixas
653 570 800 592 moverunt.
815 565 856 592 18.
870 565 947 593 Fodit
957 565 1038 596 enim,

254 613 348 648 inquit,
359 618 465 648 puteos,
479 621 541 646 quas
563 616 620 638 ante
641 612 712 646 pueri
733 611 811 646 patris
834 612 888 646 ejus
909 612 1037 645 fecerant,

251 663 276 686 et
289 659 462 686 abiuraverunt
477 657 632 692 Plrylistiirn,
647 662 671 684 et
682 657 798 691 imposuit
811 657 846 683 eis
859 657 970 687 nemina,
984 665 1040 691 qua:

251 710 323 738 pater
335 712 394 732 sum
408 704 571 738 imposuerat.
592 703 632 730 l9.
650 702 680 729 Et
695 703 822 737 {adt-runt,
839 703 922 736 inquit
936 723 943 733 ,
968 703 1038 736 pueri

251 750 336 782 Isaac,
351 755 374 776 et
391 750 534 775 inuenerunt
553 753 654 783 puteum
676 756 747 780 aqua:
768 748 870 774 viventis
890 755 899 775 :
915 748 965 774 bne
979 753 1036 779 est,

249 795 342 821 subtus
356 794 532 821 scaturientis.
547 793 592 820 20.
608 793 640 820 Et
653 793 812 828 litigaverunt
827 797 939 828 pastores
959 793 1037 820 Gera-

248 848 343 871 rorrmr,
362 839 470 865 dicentes
483 847 541 865 sua;
555 846 607 865 esse
620 846 707 872 aquas.

283 883 451 911 Mansuetudo
461 891 518 910 vera
528 891 593 918 qua'.
602 883 728 910 Patientia
739 882 831 910 Isaaci.
839 883 922 911 —Hic
932 891 1036 919 quoqrre

248 929 314 957 nihil
333 928 471 956 contendit
491 929 578 963 justus
589 949 596 962 ,
611 936 696 963 neque
709 929 868 961 obluctatur,
883 929 929 956 sed
955 930 1034 956 etiam

247 975 397 1010 pastoribus
412 974 491 1001 cedit.
503 975 564 1002 llrcc
578 975 649 1002 enim
665 982 726 1002 vere
736 975 910 1002 mansuetudo
921 979 971 1007 est,
983 983 1034 1002 non

247 1020 354 1055 quando
368 1020 428 1055 quis
440 1019 557 1048 offensus
572 1028 585 1046 a
601 1021 794 1055 poterrtioribns
808 1027 946 1052 mansuete
962 1021 1011 1049 fert
1026 1031 1032 1048 ε

245 1065 291 1092 sed
306 1065 410 1100 quando
421 1065 481 1100 quis
503 1065 537 1092 ab
551 1066 583 1093 iis
605 1066 684 1093 etiam
700 1066 744 1100 qui
760 1066 897 1094 inferiores
910 1071 1034 1100 putantur

244 1111 361 1139 offensus
375 1111 446 1139 cedit
460 1120 466 1138 :
479 1115 541 1139 tunc
557 1111 627 1139 enim
640 1111 698 1147 ejus
712 1112 756 1147 qui
766 1111 1033 1140 invaditurmansue-

245 1157 328 1184 tudini
340 1162 422 1184 totum
436 1157 595 1184 adscribitur
608 1166 614 1183 :
630 1165 691 1184 nam
707 1157 772 1184 alias
783 1157 883 1184 diceret
893 1158 961 1191 quis,
973 1165 1032 1184 eum

244 1202 471 1229 mansuetudinem
486 1203 625 1229 simulasse
638 1223 646 1235 ,
661 1203 720 1237 quia
741 1210 792 1229 non
809 1207 897 1237 posset
910 1204 1033 1237 petentia:

243 1247 400 1275 otl'endentis
414 1248 548 1274 resistere.
565 1248 616 1275 Sed
633 1252 660 1274 ut
675 1248 761 1275 discas
774 1255 834 1274 eum
844 1248 897 1282 regi
909 1248 1031 1282 cessisse,

243 1301 296 1320 non
308 1298 414 1328 propter
424 1293 567 1327 potentiam
579 1293 635 1327 ejus
647 1314 654 1325 ,
671 1293 717 1321 sed
734 1301 781 1320 suo
794 1302 867 1320 more
884 1299 1006 1329 agentern
1024 1303 1030 1320 :

243 1338 304 1366 vide
320 1337 453 1372 quomodo
466 1338 534 1365 idem
549 1339 616 1372 apud
628 1343 745 1373 pastores
760 1338 845 1366 faciat.
861 1339 893 1366 Et
907 1339 973 1366 sicut
989 1339 1032 1366 ille

244 1386 362 1419 dicebat,
377 1385 475 1413 Recede
500 1395 516 1412 a
538 1386 608 1412 nobis
623 1394 632 1412 :
648 1390 674 1412 et
702 1386 801 1419 statim,
824 1386 900 1421 quasi
923 1391 1031 1420 accepto

242 1433 368 1460 mandato
378 1453 386 1464 ,
405 1433 533 1460 ab~cessit
546 1442 550 1459 :
564 1433 599 1459 ita
619 1437 645 1459 et
659 1440 742 1464 nunc,
757 1433 906 1467 pastoribus
934 1433 1031 1461 laedere

242 1478 425 1513 cupientibus,
440 1482 467 1505 et
494 1482 601 1512 puteum
621 1478 671 1505 sibi
695 1478 904 1511 vindicantibus,
920 1479 1029 1506 recedit.

245 1524 331 1558 Atque
355 1528 383 1549 ut
405 1528 534 1558 perpetuo
546 1523 614 1550 hanc
628 1523 784 1558 injustitiam
798 1525 896 1550 scirent
920 1524 1029 1558 posteri,

241 1575 337 1595 norrren
350 1568 461 1602 irrrporrit
472 1573 551 1602 puteo
564 1576 595 1595 ex
611 1576 643 1595 eo
654 1567 724 1602 quod
737 1568 876 1596 aecidcrat.
888 1569 1030 1596 Enimvero

244 1614 304 1648 quia
321 1613 487 1640 manifestam
501 1614 662 1640 admiserant
677 1613 841 1648 injustitiam,
859 1613 960 1640 Vacrrvit
983 1623 1029 1640 no-

241 1666 297 1685 men
312 1659 380 1693 putei
392 1679 399 1691 ,
416 1658 478 1684 Loci
501 1658 634 1692 iujustitia.
654 1658 687 1685 Et
709 1664 766 1686 erat
780 1664 870 1693 postea
881 1680 887 1691 ,
902 1660 975 1694 quasi
1003 1660 1028 1686 in

243 1703 365 1730 columna
377 1710 455 1735 a’rea,
473 1703 586 1737 posteris
601 1711 696 1730 nomen
711 1703 761 1731 loci
777 1703 896 1730 doctrina
915 1709 942 1731 et
956 1712 1028 1731 marr-

241 1747 389 1775 suetudinis
400 1748 480 1782 justi,
498 1753 524 1775 et
539 1748 684 1783 iniquitatis
699 1749 814 1776 illorum.
839 1749 942 1776 Nomen
956 1751 1027 1777 enim

240 1793 289 1820 loci
307 1793 426 1826 faciebat,
450 1798 478 1821 111
490 1794 609 1829 quisquis
624 1798 728 1828 rogaret
742 1802 884 1829 quarenam
898 1795 936 1822 sic
948 1803 1029 1822 voca-

239 1844 322 1871 retur,
339 1838 453 1866 disceret
467 1843 494 1866 et
515 1839 593 1874 hujus
613 1839 738 1866 virtutem
752 1860 759 1872 ,
773 1844 799 1866 et
816 1839 948 1874 ingentem
967 1841 1026 1867 illo-

239 1891 296 1910 rum
318 1883 455 1910 malitiam.
477 1883 786 1918 Animadverte,qn:eso,
798 1884 931 1919 quorrrodo
947 1885 1026 1912 etiam

241 1929 283 1956 hic
297 1937 372 1956 suaru
383 1934 476 1964 augeat
489 1928 622 1961 virtutem,
638 1938 685 1964 per
698 1931 784 1957 omnia
799 1931 1026 1958 mansuetudinem

237 1982 313 2001 suam
331 1975 460 2002 exhibens
473 1996 480 2007 ,
495 1979 521 2002 et
537 1975 574 2002 illi
590 1975 687 2009 ingenti
708 1976 834 2010 nequitia,
850 1976 928 2003 etiam
953 1977 1026 2003 inviti

236 2020 335 2054 justrrrn
352 2020 523 2048 illustriorem
548 2020 659 2048 reddere
683 2025 813 2055 satagunt.
839 2021 930 2056 Neque
955 2021 1026 2048 enim

237 2066 353 2093 contenti
368 2066 398 2092 iis
409 2073 468 2100 qua:
486 2065 612 2098 fecerant,
626 2070 764 2100 postquam
779 2066 858 2092 :rliurn
878 2065 1028 2094 ell'odernnt

237 2116 354 2146 puteum,
376 2111 470 2137 iterum
492 2111 600 2143 instant,
616 2111 755 2146 rixamque
767 2115 883 2138 movent.
899 2111 944 2138 21.
958 2110 1026 2138 Pro-

237 2158 315 2191 fectus
329 2157 409 2187 enim,
424 2156 519 2189 inquit,
533 2157 612 2188 illinc,
630 2156 694 2191 fodit
709 2161 810 2190 puteum
825 2157 904 2183 alium
918 2165 927 2184 :
939 2157 1026 2192 litiga-

239 2204 297 2230 bunt
308 2208 390 2229 autent
406 2203 479 2228 etiam
492 2202 522 2227 de
536 2202 590 2235 illo,
604 2207 627 2228 et
641 2202 776 2228 nominavit
784 2211 851 2234 eum,
862 2202 1024 2230 Inimicitias.

237 2248 285 2276 llic
300 2248 395 2274 iterum
407 2248 588 2275 animadverte
600 2248 663 2282 justi
675 2248 852 2282 prudentiam.
868 2248 925 2275 Non
941 2250 1026 2276 omni-

236 2302 271 2322 no
297 2298 414 2328 puteum,
428 2298 456 2320 ut
480 2293 593 2323 videtur,
616 2293 792 2325 abstulerunt,
809 2293 856 2320 sed
881 2294 1025 2322 contende-

236 2341 299 2367 bant
324 2348 331 2366 :
354 2345 381 2367 et
408 2340 463 2366 visa
491 2337 630 2365 rrranifesta
659 2338 806 2372 injustitia,
834 2339 1024 2367 discesserunt.

235 2387 378 2421 Propterea
394 2385 546 2412 Inimicitias
559 2392 619 2411 eum
631 2385 781 2419 appellavit,
795 2386 864 2420 quod
877 2386 1026 2414 inimicitia-

234 2441 291 2460 rum
307 2432 400 2459 fuisset
414 2431 530 2459 Occasio.
546 2431 678 2458 Caeterum
694 2431 811 2466 quotidie
829 2434 1022 2468 propemodum

235 2478 295 2504 talia
310 2477 398 2504 ferens
412 2476 445 2503 ab
460 2476 493 2503 iis
505 2476 550 2511 qui
565 2476 699 2510 regionem
716 2476 865 2505 incolebant
875 2499 881 2510 ,
897 2487 950 2505 non
963 2487 1025 2514 gra-

235 2524 314 2550 vatim
327 2524 396 2556 tulit,
412 2530 463 2550 non
479 2522 583 2558 abjecto
597 2523 645 2550 fuit
660 2523 760 2557 animo,
777 2532 828 2551 non
841 2525 966 2559 cogitavit
979 2533 1024 2553 se-

233 2577 305 2601 enrn,
317 2575 402 2602 neque
416 2567 479 2594 dixit
495 2577 501 2595 :
516 2568 583 2595 Ecce
597 2576 630 2595 ne
654 2574 792 2604 puteorum
808 2570 912 2604 quidem
934 2575 961 2597 ut
974 2572 1023 2598 sim

233 2614 367 2645 dominus,
383 2613 446 2640 1111111
459 2614 537 2640 datur
558 2623 564 2641 :
584 2622 618 2641 an
630 2622 683 2641 non
697 2623 812 2649 srrperno
826 2616 928 2642 auxilio
941 2616 1023 2643 desti-

236 2665 305 2686 Intus
317 2667 374 2686 sum
385 2659 395 2686 ?
406 2668 438 2687 an
455 2668 506 2686 non
527 2660 653 2687 Dominus
668 2660 770 2695 abjccta
785 2669 848 2688 cura
860 2662 910 2689 rrrei
927 2662 1024 2690 oblitus

233 2705 295 2732 est?
314 2705 384 2732 Nihil
407 2705 539 2741 ejusmodi
562 2707 603 2733 vel
631 2706 697 2733 dixit
723 2707 764 2734 vel
792 2708 917 2742 cogitavit
945 2718 951 2736 :
977 2710 1023 2737 sed

235 2751 322 2777 omnia
337 2759 430 2786 magna
443 2759 503 2779 cum
522 2751 725 2779 mansuetudine
736 2752 873 2786 toleravit,
887 2758 912 2780 et
925 2753 1023 2781 idcirco

235 2798 331 2832 dignus
342 2798 389 2825 fuit
404 2798 519 2831 habitus,
536 2798 580 2833 qui
593 2797 716 2832 ampliori
731 2798 820 2825 divino
834 2798 932 2826 auxilio
947 2799 1023 2834 adju-

235 2847 347 2870 varctur.
373 2844 436 2871 Nam
453 2845 510 2872 btet:
522 2851 581 2879 ante
596 2848 751 2877 evenerunt,
764 2844 928 2879 exercitatio,
944 2849 970 2873 ut
985 2845 1019 2872 ita

612 144 640 172 S.
660 143 797 172 JOANNIS
810 143 1046 172 CllllYSOSTOMl
1061 143 1220 172 ARCHIEP.
1235 144 1498 173 C(“HS'FANTINOP.

1837 147 1889 174 ‘60

1098 199 1195 231 dicam,
1207 200 1311 228 virtutis
1329 201 1392 236 justi
1412 201 1495 228 fuere.
1515 201 1581 229 Dicit
1593 203 1662 229 enim
1676 212 1680 228 :
1694 203 1738 230 22.
1754 203 1890 239 Profectus

1098 244 1176 277 illinc,
1191 246 1254 280 fodit
1268 250 1370 280 puteum
1387 247 1476 278 alium,
1501 251 1524 273 et
1544 255 1593 273 non
1613 249 1792 275 contenderunt
1812 257 1890 284 super

1097 290 1140 316 illo
1154 297 1163 316 :
1178 295 1200 317 et
1211 293 1379 326 agnominavit
1393 300 1482 319 nomen
1493 294 1546 328 ejus
1558 313 1565 324 ,
1581 292 1762 326 Latitudinem,
1779 295 1864 322 dicens
1878 304 1888 322 :

1098 334 1163 366 Quia
1177 343 1242 362 nunc
1253 337 1366 363 dilatavit
1377 345 1423 364 nos
1437 337 1562 364 Dominus
1572 357 1579 370 ,
1595 343 1618 364 et
1631 347 1741 366 crescere
1761 348 1807 367 nos
1829 340 1887 374 fecit

1096 388 1171 414 Silpﬂ'
1187 386 1291 408 terram.

1131 425 1157 451 5.
1179 425 1270 452 Gratus
1280 427 1382 454 animus
1393 426 1489 454 Isaaci.
1509 427 1578 455 Deus
1592 429 1666 463 exigit
1680 434 1706 456 ut
1717 430 1813 465 gratias
1824 439 1885 466 aga-

1095 478 1158 496 mus.
1170 485 1205 490 -
1217 471 1282 498 Vide
1290 476 1392 506 gratum
1406 474 1522 500 animum
1535 475 1609 508 justi.
1620 475 1685 502 Nam
1704 483 1764 502 eum
1783 478 1886 511 priores

1094 514 1179 542 ferites
1189 515 1303 550 diripere
1311 522 1506 549 tentarent,rrorr
1515 521 1657 554 mgretutit,
1669 529 1720 548 non
1731 521 1882 550 obluctatus

1093 566 1132 586 est
1144 570 1150 586 :
1163 561 1240 588 sedin
1249 562 1304 590 sola
1315 567 1451 596 puteorum
1463 565 1640 599 appellatione
1652 567 1759 594 malitia:
1775 568 1881 595 illoruzn

1093 605 1260 635 indelebilern
1267 609 1370 644 reliquit
1380 611 1543 638 memoriam.
1555 611 1603 638 llic
1611 619 1672 639 vero
1680 614 1739 647 quia
1750 614 1884 642 111111111⁵οε-

1093 657 1151 679 runt
1165 653 1311 686 obstacula,
1323 654 1368 682 sed
1381 663 1442 682 eum
1457 657 1528 683 orrrni
1543 657 1664 685 libertate
1678 659 1812 687 laboribus
1828 661 1882 687 suis

1092 697 1232 728 fuilicuit,
1245 703 1327 726 totum
1343 699 1433 726 tribuit
1449 701 1512 728 Deo.
1527 701 1824 739 Vocat-iterrim,inquit,
1836 715 1881 739 pra

1091 746 1156 768 teum
1167 743 1247 775 illum,
1260 743 1426 771 La'itudinent
1439 753 1448 772 .‘
1463 751 1489 773 et
1499 746 1593 774 deinde
1605 748 1791 782 interpretatus
1804 758 1880 776 voca-

1091 787 1179 814 bu'unr
1190 810 1196 819 ,
1213 789 1295 816 dcit:
1313 790 1423 825 Propter
1452 792 1500 818 hoc
1517 792 1694 820 Latitudinem
1718 802 1797 827 voco,
1815 795 1880 828 Quia

1090 832 1202 860 dilatauit
1224 833 1346 862 Dominus
1367 841 1391 862 et
1405 837 1476 863 auin
1491 846 1536 864 nos
1558 847 1633 872 super
1656 845 1757 867 terram.
1787 841 1843 868 \‘idi
1861 843 1878 870 ti

1090 879 1159 913 piam
1176 883 1302 913 mentem,
1317 881 1450 915 quomodo
1474 891 1525 909 non
1548 882 1615 910 facta
1636 885 1771 913 mentione
1793 891 1878 914 tanta-

1089 933 1147 952 rum
1160 926 1341 954 diffreullaturn
1361 936 1419 962 qua:
1443 928 1609 961 obstiterant,
1626 930 1756 958 bonorum
1778 937 1878 960 tanturn

1088 971 1216 1002 meminit,
1234 977 1262 1000 et.
1275 980 1323 1006 pro
1340 973 1391 1000 illis
1413 974 1513 1007 gratias
1529 975 1581 1002 Deo
1594 976 1665 1010 agit,
1681 977 1797 1004 etdieit:
1815 978 1879 1011 Quia

1088 1016 1201 1042 dilatavit
1214 1016 1335 1043 Dominus
1347 1027 1400 1050 nos,
1417 1023 1440 1044 et
1454 1019 1525 1045 auxit
1536 1028 1581 1046 nos
1595 1029 1672 1055 sape;
1682 1023 1794 1048 terram?
1809 1023 1876 1050 Nihil

1090 1062 1160 1088 enim
1181 1066 1233 1088 tam
1255 1070 1392 1097 acceptum
1406 1064 1471 1096 Deo,
1484 1069 1511 1090 ut
1524 1065 1610 1092 aninra
1636 1070 1710 1100 grata
1732 1071 1760 1093 et
1783 1069 1879 1102 gratias

1089 1114 1180 1140 agens.
1205 1107 1270 1134 Nam
1306 1117 1365 1135 cum
1405 1109 1550 1137 innumeris
1587 1111 1726 1139 beneficiis
1762 1114 1878 1146 quotidie

1087 1159 1178 1180 omnes
1194 1161 1242 1180 nos
1256 1159 1444 1189 prosequatur,
1466 1155 1522 1182 sive
1545 1155 1658 1183 velimus
1671 1157 1730 1184 sive
1744 1158 1859 1186 nolimus
1870 1180 1877 1192 ,

1086 1198 1143 1225 sive
1157 1206 1186 1225 ea
1201 1198 1316 1226 sciamus
1330 1200 1385 1227 sive
1407 1200 1569 1235 ignoremus,
1585 1202 1650 1228 nihil
1668 1206 1756 1230 tamen
1769 1203 1840 1230 aliud
1864 1213 1878 1231 a

1086 1244 1161 1271 nobis
1172 1244 1264 1279 exigit,
1284 1253 1362 1280 qualn
1378 1250 1405 1272 111
1423 1237 1690 1281 habeamusgratiarn
1705 1256 1753 1282 pro
1772 1249 1803 1274 iis
1821 1258 1878 1283 qua:

1085 1290 1162 1316 nobis
1175 1297 1303 1317 concessa
1318 1295 1390 1324 sunt,
1404 1296 1432 1318 ut
1445 1299 1491 1326 pro
1507 1288 1550 1318 illa
1565 1292 1620 1326 ipsa
1635 1293 1780 1327 gratiarum
1797 1295 1879 1321 actio-

1087 1343 1119 1362 ne
1134 1335 1167 1362 ad
1182 1337 1308 1371 ampliora
1322 1337 1408 1363 danda
1425 1344 1593 1372 provocetur.
1609 1339 1664 1366 lloe
1678 1344 1704 1366 ul.
1722 1341 1790 1367 scias
1800 1361 1808 1373 ,
1823 1341 1878 1368 vide

1086 1381 1220 1415 quomodo
1231 1383 1319 1416 justus
1335 1382 1379 1409 ille
1393 1383 1460 1417 grati
1474 1383 1616 1410 admodum
1633 1384 1714 1412 animi
1727 1393 1806 1412 causa
1829 1387 1875 1413 de-

1085 1433 1138 1452 nuo
1150 1433 1294 1461 supernurn
1310 1427 1438 1455 meruerit
1454 1428 1550 1455 visum.
1567 1429 1632 1455 Nam
1644 1431 1767 1464 quoniam
1784 1432 1874 1459 condi-

1084 1478 1163 1506 gnum
1179 1479 1234 1498 sua:
1247 1471 1350 1499 virtutis
1364 1473 1498 1506 specimen
1514 1473 1681 1507 exhibuerat,
1695 1479 1721 1502 et
1734 1476 1804 1509 apud
1825 1476 1874 1503 Ge-

1083 1525 1204 1551 mrenOs,
1218 1523 1244 1545 et
1257 1526 1316 1545 eum
1331 1527 1376 1546 rex
1388 1527 1448 1546 eum
1463 1519 1619 1554 expelleret,
1632 1525 1658 1547 et
1671 1528 1736 1551 eum_
1755 1526 1874 1555 pastores

1083 1569 1177 1598 puteos
1188 1564 1323 1592 auferrent
1337 1573 1344 1591 :
1361 1565 1488 1600 benignus
1507 1566 1633 1593 Dominus
1644 1567 1724 1594 veluti
1734 1569 1875 1594 confirma-

1084 1612 1157 1636 turus
1171 1609 1227 1644 ejus
1242 1609 1406 1637 alacritatem
1418 1631 1425 1643 ,
1440 1610 1494 1645 jam
1511 1611 1545 1637 ob
1565 1611 1695 1646 insignem
1710 1612 1780 1639 illam
1798 1621 1871 1639 nran-

1082 1655 1248 1682 suetudinem
1273 1663 1332 1681 eum
1355 1661 1491 1689 acceptum
1513 1655 1636 1683 habens:
1660 1661 1799 1692 postquam
1828 1658 1872 1685 23.

1085 1700 1200 1726 Ascendit
1223 1701 1294 1727 illinc
1315 1701 1348 1726 ad
1374 1707 1476 1736 puteum
1494 1702 1633 1736 jnramenti
1645 1724 1651 1733 ,
1667 1702 1712 1729 2.1.
1728 1703 1794 1729 visus
1806 1709 1840 1730 est
1853 1705 1874 1730 ei

1083 1744 1204 1772 Dominus
1219 1746 1243 1772 in
1256 1751 1327 1773 nocte
1339 1746 1393 1779 illa,
1406 1747 1500 1773 etdirit
1513 1755 1522 1774 :
1537 1746 1591 1782 Ego
1599 1755 1655 1774 sum
1667 1747 1735 1775 Deus
1749 1749 1875 1775 Abraham

1082 1798 1132 1827 patr
1140 1793 1160 1819 is
1174 1792 1219 1825 tui,
1236 1801 1266 1819 ne
1278 1793 1364 1819 (intras
1382 1801 1390 1819 :
1403 1799 1482 1819 tecum
1494 1794 1559 1820 enim
1570 1802 1635 1825 sim,
1649 1800 1671 1820 ct
1681 1794 1824 1820 benedicam
1839 1800 1872 1826 te,

1081 1843 1103 1864 et
1118 1837 1288 1873 multiplicabo
1301 1846 1384 1864 semen
1411 1843 1481 1865 tuum
1509 1843 1610 1873 propter
1625 1839 1751 1865 Ain-aliain
1777 1845 1874 1874 patrem

1081 1888 1161 1909 luunt.
1184 1883 1257 1910 Visus
1283 1888 1318 1910 est
1339 1884 1371 1915 ei,
1391 1883 1486 1918 inquit,
1502 1884 1527 1910 in
1548 1889 1620 1910 nocte
1644 1884 1700 1910 illa.
1727 1885 1874 1911 Considera

1082 1927 1127 1954 Dei
1141 1928 1363 1955 sollicitudinem:
1380 1933 1408 1955 nt
1424 1929 1497 1955 illum
1512 1929 1642 1956 refocillct
1659 1937 1690 1956 ac
1707 1930 1872 1957 lidentiorcrn

1081 1973 1183 2005 reddat,
1199 1978 1308 2008 apparet
1322 1974 1355 2006 ei,
1371 1980 1397 2001 et
1409 1974 1490 2002 dicit:
1509 1974 1562 2010 Ego
1584 1984 1639 2002 sunt
1661 1974 1729 2002 Deus
1743 1976 1871 2001 Abraham

1080 2019 1159 2054 patris
1174 2019 1222 2050 tui,
1239 2025 1340 2053 patrem
1355 2024 1427 2046 tuum
1448 2020 1592 2054 glorificavi
1606 2025 1632 2047 et
1651 2020 1719 2047 adeo
1740 2020 1872 2047 celebrent

1081 2065 1200 2097 reddidi,
1229 2072 1261 2092 ac
1289 2066 1454 2100 peregrinum
1484 2065 1666 2100 advenanrqpe
1703 2065 1871 2092 illustriorerrr

1079 2111 1202 2137 omnibus
1215 2111 1309 2138 incolis
1322 2110 1382 2138 feci.
1403 2111 1456 2146 Ego
1466 2119 1524 2138 sum
1541 2111 1585 2138 ille
1599 2132 1605 2143 ,
1619 2111 1662 2146 qui
1678 2111 1753 2138 hunc
1764 2111 1799 2138 ita
1813 2119 1871 2138 cre-

1079 2165 1154 2185 scere
1165 2158 1263 2190 curavi,
1276 2163 1302 2185 et
1314 2158 1339 2185 in
1359 2159 1481 2185 omnibus
1509 2166 1600 2185 curam
1626 2158 1684 2192 ejus
1715 2158 1796 2193 gessi.
1818 2158 1871 2192 Ego

1080 2212 1157 2231 sum:
1173 2204 1213 2230 Ne
1228 2205 1306 2238 igitur
1317 2205 1412 2231 linteas.
1429 2204 1495 2237 Quid
1506 2205 1555 2231 sibi
1567 2204 1704 2237 vultiilud,
1717 2204 1758 2231 Ne
1766 2204 1872 2240 linteas!

1079 2249 1116 2277 Ne
1129 2250 1173 2277 tibi
1195 2251 1291 2277 mirum
1305 2251 1426 2278 videatur
1437 2251 1505 2285 quod
1531 2251 1565 2278 ab
1591 2251 1748 2278 Abimeleeh
1769 2252 1807 2278 sis
1827 2260 1872 2278 ex-

1079 2295 1180 2330 pulsus,
1195 2296 1264 2330 quod
1278 2304 1293 2322 a
1309 2296 1458 2330 pastoribus
1474 2296 1511 2323 sis
1539 2295 1634 2331 injuria
1657 2295 1778 2323 auectas.
1793 2296 1869 2323 Multa

1080 2342 1140 2368 talia
1156 2346 1181 2369 et
1195 2347 1269 2377 pater
1282 2346 1342 2370 tuus
1356 2342 1473 2377 pertulit,
1487 2347 1514 2370 et
1533 2342 1593 2369 inde
1606 2343 1747 2377 gloriosior
1764 2342 1870 2370 effectus

1079 2392 1128 2414 est.
1158 2387 1196 2414 Ne
1224 2387 1366 2421 igiturlroc
1386 2393 1410 2415 te
1430 2391 1548 2415 terreat:
1566 2386 1619 2423 Ego
1633 2388 1697 2414 enim
1712 2389 1791 2415 tecum
1806 2397 1868 2415 111111.

1079 2433 1177 2461 ideirco
1190 2433 1246 2460 haec
1262 2433 1317 2460 fieri
1331 2434 1464 2468 permitto,
1482 2434 1559 2460 simul
1580 2434 1673 2460 volens
1687 2438 1715 2460 et
1730 2434 1868 2460 declarare

1079 2483 1149 2505 tnarrr
1164 2480 1287 2505 virtutem
1300 2498 1307 2512 ,
1323 2483 1349 2506 et
1363 2479 1526 2506 rnanifcstari
1549 2480 1647 2506 mentis
1661 2479 1769 2506 illorum
1785 2480 1868 2514 pravi-

1079 2529 1168 2556 tatem,
1182 2529 1209 2550 nt
1221 2524 1316 2550 horum
1330 2523 1449 2551 omnium
1469 2531 1548 2551 causa
1572 2528 1597 2550 te
1616 2532 1760 2556 eoroncm;
1777 2524 1868 2550 Tcrnm

1078 2570 1221 2596 enimsunt.
1240 2569 1301 2597 ideo
1326 2574 1352 2596 et
1378 2570 1490 2596 invictus
1505 2569 1567 2601 eris,
1582 2575 1660 2604 :rtqrre
1687 2569 1869 2596 infestantrbus

1079 2616 1220 2651 potentior,
1238 2620 1264 2643 et
1280 2615 1466 2642 invadentibns
1482 2614 1585 2643 fortior.
1601 2615 1635 2641 Et
1656 2620 1756 2641 tantam
1771 2615 1807 2642 tui
1822 2623 1867 2641 eu-

1078 2670 1134 2689 rum
1161 2662 1273 2694 habebo,
1293 2666 1320 2688 ut
1344 2661 1488 2688 invidiosus
1512 2661 1563 2688 illis
1585 2661 1622 2687 sis
1649 2660 1755 2688 futurus
1784 2669 1789 2686 :
1817 2661 1868 2695 Ego

1078 2710 1142 2735 enim
1159 2713 1239 2736 terum
1259 2717 1315 2735 sum
1329 2729 1335 2741 ,
1353 2713 1375 2735 et
1395 2708 1539 2734 benedich
1555 2713 1577 2734 te
1589 2729 1595 2739 ,
1608 2713 1630 2734 et
1645 2707 1817 2742 multiplicabo
1829 2715 1866 2733 sc-

1078 2762 1132 2780 nren
1160 2759 1230 2780 tuum
1244 2759 1346 2788 propter
1360 2753 1486 2780 Abraham
1500 2758 1595 2787 patrem
1611 2759 1690 2778 tnurrr.

1112 2799 1181 2826 Deus
1192 2808 1236 2826 cur
1247 2807 1272 2826 se
1285 2799 1351 2825 dicat
1363 2798 1444 2825 Deum
1459 2798 1604 2825 Abraluunr'.
1619 2812 1653 2816 —
1666 2797 1810 2824 Considera
1826 2797 1868 2822 his

1079 2847 1231 2882 nignilatenr
1256 2846 1311 2874 Dei.
1328 2845 1394 2873 Nam
1417 2849 1554 2880 postquam
1569 2844 1648 2876 dixit,
1665 2843 1717 2878 Ego
1733 2851 1787 2870 sum
1804 2842 1868 2870 Deut
