2044 3131
173 119 225 146 ἨΠ

177 175 286 201 ΑβναΙριῑ·
297 175 375 210 patri!
386 176 432 208 tui,
446 179 470 202 ct
486 175 600 203 ostendit
612 179 746 210 qumuodo
757 177 805 204 sibi
819 177 969 205 vindicare-

177 221 224 252 rit,
241 222 429 255 twopriulnque
446 223 534 249 fecerit
553 222 738 256 ratriart'bam.
755 225 788 251 ita
805 229 832 251 ut
848 225 971 259 dignatus

176 268 212 293 sit
227 275 257 294 se
272 275 367 294 vocare
383 268 463 295 Deum
479 269 591 295 Abrabm
603 290 609 301 ,
625 273 704 304 atque
721 269 847 297 Dominus
861 279 891 298 ac
905 279 971 298 Cull-

175 313 249 339 ditor
261 313 346 343 orbis,
359 313 437 340 unius
451 313 564 341 hominis
580 315 660 341 Deum
677 323 705 342 se
719 316 826 349 dixerit,
840 325 890 343 non
906 324 970 343 con-

175 359 289 386 cludeus
298 359 322 386 in
332 367 381 385 uno
391 358 537 393 patriarcha
547 360 691 387 dominium
700 369 788 395 suum,
796 363 841 389 sed
850 370 970 397 magnam

177 404 206 430 in
221 404 294 430 illum
310 410 383 430 suum
398 404 608 432 benevolentiam
624 411 775 433 monstrans
792 416 798 433 :
814 407 859 438 ita,
875 408 969 441 inquit,

171 455 236 475 cum
254 449 317 476 mihi
333 449 381 476 feci
398 451 544 484 proprium,
561 456 588 478 ut
602 451 669 485 apud
683 459 725 479 me
740 457 875 487 rcpntctur
888 455 969 486 tanti,

176 495 268 529 quanti
284 496 327 522 aiii
342 503 436 522 omnes
452 504 459 523 ί
484 496 543 522 ideo
567 496 597 523 Et
617 498 786 532 multiplicabo
800 507 881 525 semcn
901 503 971 526 tuum

176 546 282 576 propter
295 541 423 568 Abraham
437 546 531 576 patrem
544 546 623 568 1::um.
639 543 741 572 Multas.
759 543 783 570 in
796 545 855 577 ;uit,
871 544 907 571 illi
923 545 970 572 de-

179 587 230 613 beo
243 587 431 614 retributiones
445 587 479 612 ob
495 594 568 614 suam
585 587 608 613 in
623 595 666 614 me
680 588 855 615 ubi-diculiam
871 599 877 616 :
894 590 971 624 igitur

177 637 288 667 propter
300 632 373 659 illum
388 632 563 668 .ilultiplicubo
575 642 655 660 semen
667 638 757 666 tuum;
771 635 848 661 simul
860 640 885 662 ct
899 636 970 670 justo

178 678 301 705 tiduciam
323 678 436 711 indidit,
452 683 478 705 et
496 679 561 705 facta
579 680 659 713 patris
672 681 806 708 mentione
819 702 825 713 ,
840 681 872 708 ad
888 689 969 708 annu-

177 723 283 751 laudam
293 730 426 759 paternam
435 725 555 752 virtutem
564 727 723 760 provocavit.
733 726 873 762 Postquam
882 733 969 755 autem

177 775 250 797 tanta
261 771 284 796 ei
295 771 359 797 bona
370 771 499 806 promisit,
509 772 554 799 25.
563 772 722 806 lEdiﬁeavit,
734 774 827 808 inquit.
838 775 871 801 ibi
879 775 967 808 altera,

176 820 201 842 et
222 816 343 842 invocavit
358 825 447 843 nomen
462 817 579 849 Domini,
596 822 618 844 et
638 819 693 852 ﬁin
712 819 764 846 illic
783 820 970 848 tubcrnarulum

176 868 262 889 suum.
274 861 340 895 Quid
349 867 398 894 est,
411 863 558 896 Afdiﬁcavit
568 864 620 891 illic
629 865 725 892 altare?
733 865 882 893 Gratiarum
892 867 970 894 actio-

175 913 237 939 nes,
247 907 338 942 inquit,
347 908 400 935 illic
408 908 519 936 Domino
527 909 629 942 obtulit,
637 911 680 945 qui
689 915 786 938 tantam
795 920 841 946 pro
847 920 971 947 segessc-

176 956 218 978 rat
228 953 443 980 sollicitudinem.
457 954 490 980 Et
501 955 618 990 foderunt
629 956 681 982 illic
689 957 760 991 pueri
772 957 848 984 Isaac
857 964 968 993 puteum.

179 997 289 1024 Deinum
310 1006 369 1025 cum
387 1000 532 1027 securitare
548 1001 620 1035 degit
632 1002 720 1035 justus
738 1013 743 1030 :
760 1010 821 1030 nam
836 1005 878 1038 qui
893 1004 968 1032 dixe-

178 1048 216 1069 rat
230 1064 236 1074 ,
256 1043 310 1078 I'Tgo
325 1050 405 1071 tecum
417 1053 488 1078 sum,
506 1050 528 1072 et
547 1046 690 1074 bcnrdirnm
704 1052 742 1081 te,
757 1053 780 1074 ct
798 1049 969 1084 multiplicabo

175 1096 260 1115 semen
273 1095 341 1116 tuum
354 1098 363 1116 :
377 1091 433 1124 ipse
446 1091 524 1118 simul
535 1099 594 1119 eum
607 1098 633 1120 et
648 1093 796 1127 illustravit,
811 1100 837 1122 et
848 1096 970 1123 oumibus

177 1133 240 1161 fecit
259 1136 441 1169 spectabilem.
465 1137 555 1171 itaque
569 1138 628 1165 \‘ide
645 1139 796 1166 .-\bimclcch
814 1141 886 1168 illum
902 1162 908 1173 ,
924 1142 968 1176 qui

175 1181 285 1215 abigere
299 1187 358 1208 cum
372 1189 512 1217 aggressus
526 1188 578 1216 est,
591 1192 621 1211 ac
634 1185 710 1218 dixit,
724 1185 771 1212 Abi
781 1194 796 1212 a
808 1186 886 1220 nobis,
900 1194 969 1214 nunc

174 1227 210 1254 ad
225 1235 284 1255 cum
300 1229 477 1256 accedentem.
492 1230 537 1257 26.
552 1230 600 1256 luit
615 1232 695 1264 enim,
709 1232 801 1266 inquit,
815 1232 968 1266 Abimelcc/i,

176 1278 201 1299 rt
216 1276 349 1308 pra’fcctus
362 1276 472 1309 gyna'cei
485 1279 507 1302 et
519 1276 572 1302 diu;
584 1277 704 1304 exercitus
719 1278 790 1312 ejus;
805 1277 850 1306 28.
867 1283 890 1305 el
905 1279 970 1306 dixit

175 1319 213 1345 eis
233 1318 306 1345 Isaac
327 1327 336 1345 :
355 1320 440 1352 Quare
459 1321 560 1348 venistis
579 1321 612 1348 ad
629 1322 688 1348 me?
703 1330 745 1349 vos
760 1328 844 1350 autem
859 1324 916 1350 odio
931 1333 970 1351 me

177 1363 310 1397 habuistis,
327 1370 350 1391 et
363 1365 494 1400 expulistis
509 1375 525 1393 a
538 1367 614 1394 vobis.
634 1368 712 1400 Vide,
728 1368 840 1396 obsecro
850 1391 856 1399 .
872 1375 968 1404 quanta

175 1411 213 1437 sit
223 1411 398 1438 mansuetudo
406 1412 480 1446 justi.
495 1411 591 1441 Videns
602 1421 647 1441 eos
658 1422 672 1441 a
683 1415 777 1449 quibus
789 1415 892 1450 fugatus
900 1421 967 1450 erat,

174 1460 205 1482 et
219 1456 263 1490 qui
278 1461 349 1483 tanto
362 1463 421 1483 cum
434 1457 495 1484 odio
508 1457 611 1485 fuerant
628 1461 790 1494 prosequtiti,
803 1468 872 1488 nunc
886 1461 966 1489 veluti

174 1501 311 1535 Supplices
324 1502 355 1529 ad
371 1510 399 1529 sc
410 1503 510 1536 venire,
524 1511 574 1530 non
586 1505 731 1539 superbivit
744 1511 834 1533 contra
846 1514 901 1538 eos,
915 1515 966 1534 non

175 1547 247 1573 elato
262 1547 309 1574 fuit
334 1548 431 1582 atiiinn,
461 1556 564 1576 memor
590 1558 682 1577 eorum
707 1558 765 1585 quae
787 1551 835 1579 sibi
851 1560 864 1578 a
880 1553 968 1580 Domi-

173 1601 212 1620 no
227 1592 296 1620 (Ιὶιῑο
317 1593 417 1621 fuerant
432 1616 438 1626 ,
453 1603 539 1630 neque
554 1595 649 1623 virtute
665 1597 766 1624 Domini
784 1598 865 1625 frctus
882 1599 968 1626 insur-

177 1639 243 1664 rein
268 1643 359 1666 contra
375 1647 463 1674 regcm
480 1649 485 1666 :
500 1640 545 1668 sed
566 1642 660 1668 iterum
675 1647 829 1670 consuetam
846 1651 967 1672 mansuc-

176 1683 295 1711 tudiuem
310 1692 363 1719 pra:
374 1692 403 1712 se
417 1685 515 1719 ferens,
528 1693 587 1714 curn
602 1694 695 1722 magna
707 1688 815 1716 leuitate
826 1690 966 1717 verberum

173 1727 243 1754 dixit
262 1729 301 1756 eis
318 1738 324 1756 :
341 1729 425 1762 Quare
442 1731 542 1757 venistis
557 1732 591 1758 ad
612 1740 650 1758 me
666 1733 679 1758 7
693 1741 735 1760 vos
750 1739 833 1760 autent
852 1735 910 1761 odio
929 1744 968 1762 me

174 1775 314 1807 habuistis,
330 1781 353 1803 et
366 1784 381 1803 (ι
394 1777 461 1804 vobis
470 1778 609 1812 expulistis.
625 1779 728 1812 Quare,
746 1780 845 1814 inquit,
860 1782 965 1808 censui-

174 1821 224 1846 stis
242 1825 271 1848 ut
286 1822 360 1849 vobis
373 1823 530 1850 venicudnu
550 1824 582 1850 sil
604 1825 635 1851 ad
653 1833 695 1852 me
710 1827 847 1860 expulsum
865 1832 890 1854 et
904 1828 966 1854 odio

175 1866 314 1894 habitum?
327 1868 370 1895 98.
386 1868 419 1894 Et
435 1869 551 1895 dixerunt
566 1877 574 1896 .'
594 1869 707 1897 i’itlentcs
723 1872 829 1898 vidimus
842 1874 899 1906 quia
913 1873 966 1900 Do-

173 1913 258 1938 minus
280 1918 359 1939 tecum
370 1934 377 1945 ,
394 1919 416 1940 ct
432 1914 539 1941 diximus
553 1923 562 1941 :
576 1915 635 1941 Fiat
656 1918 790 1944 exsecratio
805 1919 869 1945 inter
885 1927 929 1945 nos
943 1924 966 1946 et

172 1963 239 1983 inter
254 1963 291 1990 te,
309 1963 331 1985 et
345 1959 505 1992 disponemus
521 1960 601 1995 fmdus
616 1966 697 1988 tecum
708 1983 715 1995 ,
731 1962 774 1989 ‘29.
790 1969 817 1989 ut
829 1970 860 1990 ne
878 1964 966 1997 feceris

173 2003 233 2029 nubi
246 2011 302 2029 cum
316 2004 424 2035 malum,
438 2006 501 2031 sicut
517 2014 561 2032 nos
576 2014 625 2032 non
640 2008 778 2034 abominati
789 2017 875 2035 sumus
887 2014 926 2042 te,
942 2016 965 2036 et

172 2051 298 2084 quomodo
314 2057 393 2079 tecurn
414 2053 473 2080 bene
492 2062 577 2082 nonus
597 2057 635 2082 ιι.ςί
649 2078 655 2088 ,
670 2062 691 2082 ct
715 2057 854 2085 (limisinms
869 2063 891 2085 lc
909 2068 964 2086 eum

174 2104 246 2130 pure,
263 2103 285 2123 et
299 2107 365 2125 nunc
379 2099 519 2127 bencdictns
533 2106 559 2127 tu
574 2110 590 2128 a
604 2101 723 2129 Domino.

210 2143 236 2170 4.
261 2143 323 2171 Vide
337 2150 462 2179 quantum
477 2149 685 2175 mansuetudinis
700 2150 779 2176 robur
791 2171 798 2183 ,
816 2157 964 2187 quantaque

173 2188 278 2216 virtutis
300 2191 426 2224 potentia.
450 2192 514 2219 Nam
529 2193 572 2227 qui
595 2194 695 2228 pridem
717 2196 878 2231 altu-gerant,
895 2205 964 2226 nunc

171 2233 281 2258 Vt'ttiltttl
295 2231 328 2259 ad
344 2234 528 2268 peregrinum.
543 2236 574 2261 ad
591 2237 673 2263 virum
688 2238 793 2265 civitate
808 2246 941 2267 carentem
954 2263 960 2274 ,

131 2271 134 2272 ν
170 2277 203 2302 ad
225 2285 346 2304 erronem
363 2289 369 2305 :
383 2283 410 2306 et
426 2288 477 2306 non
491 2281 575 2307 solum
589 2282 753 2310 satisfaciunt
765 2304 771 2313 .
789 2292 819 2311 ac
836 2291 963 2313 excusant

169 2330 200 2350 sc
222 2324 256 2350 de
278 2325 310 2351 iis
329 2333 388 2359 qum
408 2327 612 2358 con'unisrraut,
628 2333 653 2355 ct
674 2335 840 2362 peccatorum
856 2332 961 2359 veniam

171 2373 275 2403 petunt,
291 2371 336 2398 scd
352 2376 375 2397 ct
392 2373 537 2405 pra‘dicaot
548 2374 658 2408 justum,
676 2376 843 2411 indicantch
857 2378 907 2405 sibi
923 2379 962 2406 in-

170 2423 279 2442 cussum
293 2422 402 2447 metum,
418 2425 448 2445 ac
461 2418 621 2446 cohibentur
633 2429 706 2447 suum
722 2422 902 2450 infirmitatem
914 2445 920 2456 ,
936 2429 962 2451 et

168 2461 234 2495 justi
247 2469 367 2497 magnam
382 2468 511 2491 testantur
522 2465 655 2492 virtutem.
667 2467 735 2500 Quid
747 2468 816 2494 cnim
829 2469 962 2497 robustius

169 2515 203 2533 eo
227 2508 270 2541 qui
291 2516 381 2536 secum
405 2509 484 2537 habet
503 2511 602 2538 Deum?
628 2512 761 2544 Vitlenles,
778 2515 880 2548 inquit,
895 2517 961 2550 quod

172 2552 297 2580 Pontinas
308 2559 388 2581 tecum
401 2562 447 2581 est.
459 2556 535 2583 Unde
548 2557 621 2584 vobis
634 2557 673 2583 illa
687 2558 795 2585 scientia
805 2559 817 2585 ?
829 2560 959 2594 Profecto,

169 2598 279 2631 dicunt,
295 2607 337 2627 res
353 2601 416 2635 ip<a:
430 2610 478 2628 nos
492 2602 648 2630 docuerunt.
665 2604 783 2631 Vidimus
799 2610 824 2633 te
839 2607 961 2635 abactum

169 2643 338 2678 abigentibus
351 2646 486 2673 fortiorem
502 2648 598 2674 famum
614 2655 689 2681 esse,
706 2654 732 2676 et
747 2656 868 2677 vexatum
885 2659 930 2678 cos
947 2661 960 2679 a

170 2690 267 2723 (jlhbth‘
286 2691 417 2718 vexabarc
432 2699 571 2726 superasse
584 2714 590 2723 .
607 2698 633 2720 et
647 2702 678 2720 ex
695 2703 782 2722 rerum
798 2697 866 2723 serie
883 2697 956 2724 inte!-

172 2735 285 2762 lcxinms
308 2741 333 2763 to
355 2745 471 2771 superno
489 2739 537 2765 frui
559 2740 665 2766 auxilio.
691 2740 746 2768 l'loc
763 2747 851 2769 autem
866 2743 961 2771 divinat

171 2781 198 2807 di
215 2782 377 2815 pensationis
390 2791 455 2818 opus
470 2789 527 2815 cst,
542 2785 611 2819 quod
627 2793 700 2812 mens
714 2794 805 2814 eorum
818 2788 961 2823 obstupue-

174 2833 207 2854 ru
221 2827 330 2862 justum,
347 2834 372 2856 ct
386 2831 454 2865 quod
469 2830 518 2858 huc
530 2832 711 2866 cognoverint.
726 2833 854 2866 Quoniam
869 2835 957 2870 igitur,

712 116 742 144 ΙΝ
764 118 839 147 CAP.
860 117 952 147 XXVI.
974 117 1093 149 GENES.
1115 121 1228 163 liQMIL.
1251 122 1302 152 LII.

1767 128 1818 157 1.62

1026 177 1118 213 inquit,
1135 180 1262 208 Dominus
1276 185 1373 213 tecum,
1389 179 1447 209 Fiat
1457 183 1593 211 exsecratio
1606 184 1669 212 inter
1679 193 1733 213 nos.
1749 187 1815 215 Vide

1023 224 1156 258 quotnodo
1168 225 1320 259 impellente
1331 228 1490 254 conscientia
1503 230 1661 264 semetipsos
1673 233 1816 266 reprehen-

1024 269 1087 296 (lere
1103 269 1237 303 festinant,
1254 279 1313 298 cum
1331 273 1416 299 nullus
1429 273 1496 301 alius
1508 281 1594 309 cogat.
1610 277 1651 304 vel
1667 276 1732 304 facta
1745 277 1812 310 obji-

1024 315 1084 341 ciat.
1100 315 1163 342 Nam
1180 317 1228 343 nisi
1245 317 1364 350 injuriam
1379 318 1712 354 fecissetis,quarcajusto
1724 324 1811 357 petitis

1024 364 1051 386 ut
1068 360 1170 387 ineatur
1190 361 1294 389 foedus?
1308 362 1359 390 Sed
1376 363 1410 390 ita
1426 371 1454 391 se
1470 364 1546 391 habet
1564 366 1689 400 injustitia
1705 377 1710 393 :
1725 370 1812 402 quoli-

1024 404 1066 432 dic
1081 407 1241 433 conscientia
1255 408 1368 440 mordet,
1384 412 1410 435 et
1425 409 1518 436 silente
1533 417 1565 437 eo
1576 411 1620 446 qui
1633 403 1747 439 ol'l‘eitsns
1760 419 1812 445 est.

1025 458 1128 485 pinnam
1145 457 1222 486 atque
1245 453 1371 480 rationem
1393 454 1461 488 exigi
1486 459 1579 489 putant
1598 457 1641 490 qui
1658 458 1812 491 injustitiam

1024 502 1086 524 sunt
1099 499 1200 532 operati
1216 508 1222 526 ι
1234 500 1352 534 quotidie
1366 507 1506 535 anguntur,
1519 507 1544 529 ct
1559 504 1631 537 quasi
1645 505 1815 540 sibimetipsis

1025 545 1200 577 prmscribunl
1217 551 1385 579 peccatorum
1399 555 1507 574 suorum
1522 548 1658 576 ultionem.
1675 550 1700 576 Id
1714 557 1772 577 cum
1788 556 1814 578 ιιι

1024 588 1059 614 illi
1074 588 1229 616 didicissent
1240 611 1246 619 .
1264 590 1304 617 Sit
1316 612 1323 623 ,
1340 591 1478 626 inquiunt,
1493 594 1630 620 exsecratio
1649 595 1713 621 inter
1734 604 1779 622 nos
1792 601 1814 622 ct

1023 634 1087 660 inter
1109 639 1141 660 Ie.
1169 635 1266 662 Deinde
1288 636 1378 663 dicunt
1401 637 1504 671 qualem
1525 639 1732 666 exsecrationem
1757 641 1812 668 fieri

1022 680 1114 706 velint.
1132 679 1165 706 Et
1185 680 1302 708 inibimus
1323 683 1405 716 [trdus
1420 688 1498 709 tecum
1511 704 1517 716 ,
1535 689 1561 710 ut
1581 693 1612 711 ne
1633 685 1721 718 feceris
1743 687 1813 712 nobis

1023 727 1117 752 nmium
1130 748 1136 757 ,
1151 727 1215 753 sicut
1235 736 1279 754 nos
1299 737 1347 755 non
1365 737 1450 755 sumas
1467 735 1489 756 te
1503 729 1648 757 abominati.
1667 731 1730 759 Vide
1745 740 1812 766 quo-

1022 771 1101 797 modo
1115 773 1254 806 pugnantia
1271 773 1338 800 inter
1353 781 1381 801 se
1396 782 1449 810 prze
1465 776 1561 802 mentis
1576 783 1673 811 angore
1684 782 1709 803 ct
1725 778 1813 804 turba-

1024 817 1094 842 tione
1107 817 1249 851 loquuntur
1264 827 1271 844 :
1289 818 1328 844 Ne
1342 819 1429 852 feceris
1449 820 1520 846 nobis
1542 821 1645 847 malum.
1668 821 1754 855 Quare
1774 823 1812 849 sic

1025 863 1148 889 timuistis
1166 864 1265 898 justum
1279 885 1286 896 ,
1302 865 1421 892 videntes
1441 874 1500 893 eum
1517 871 1614 894 tantam
1630 876 1684 903 pra:
1699 877 1728 896 se
1744 869 1813 897 ferre

1022 908 1251 935 mansuetudinem
1266 917 1327 943 erga
1343 917 1390 937 eos
1404 911 1447 944 qui
1463 911 1644 939 lacessubaut?
1659 913 1710 940 Sed
1726 914 1813 941 incor-

1023 960 1113 988 ruptus
1124 953 1203 988 juch
1217 976 1224 987 ,
1239 956 1398 983 conscientia
1410 978 1417 990 ,
1433 965 1479 985 cos
1493 959 1618 986 excitavit
1628 980 1634 991 ,
1651 965 1676 986 et
1692 960 1811 988 animad-

1022 1004 1154 1027 verterunt
1169 1006 1296 1035 quantum
1313 1009 1373 1037 erga
1387 1003 1486 1036 justum
1503 1004 1596 1039 ingrati
1613 1004 1709 1033 fuerint
1724 1015 1731 1032 :
1747 1014 1811 1040 pro~

1022 1049 1112 1079 plrrca
1132 1053 1186 1080 prae
1201 1047 1295 1074 timore
1309 1054 1387 1082 atque
1401 1048 1542 1076 formidine
1563 1058 1612 1077 non
1631 1051 1768 1078 attendunt
1783 1059 1812 1079 se

1021 1090 1123 1118 diversa
1139 1095 1164 1118 et
1177 1093 1317 1126 pugnantia
1330 1093 1411 1128 loqui.
1429 1093 1468 1120 Ne
1481 1096 1585 1129 fecrris,
1601 1097 1700 1131 inquit,
1716 1098 1811 1124 malum

1021 1136 1148 1162 nobiscum
1161 1157 1168 1168 ,
1185 1137 1249 1163 sicut
1272 1146 1316 1164 nos
1333 1144 1356 1165 te
1377 1147 1426 1165 non
1447 1139 1582 1167 abominati
1604 1150 1699 1169 sanius.
1724 1143 1811 1177 Quare

1022 1182 1256 1217 igiturabegistis?
1279 1184 1374 1211 Verum
1395 1185 1482 1220 jllalUS
1504 1194 1554 1213 non
1578 1189 1641 1221 petit
1661 1189 1808 1221 rationem,

1020 1235 1106 1261 neque
1122 1229 1270 1262 expostulat
1280 1250 1286 1260 ,
1304 1237 1389 1264 neque
1401 1237 1491 1258 eorum
1504 1232 1574 1259 dicta
1587 1234 1682 1268 arguit.
1697 1234 1730 1260 Et
1745 1243 1808 1269 quo—

1021 1275 1095 1299 moio
1107 1294 1114 1304 ,
1129 1274 1212 1309 inquit
1222 1295 1229 1306 ,
1246 1275 1305 1301 bene
1319 1279 1342 1301 te
1355 1277 1392 1302 usi
1406 1285 1492 1303 smnus
1504 1297 1510 1308 ,
1525 1282 1546 1304 et
1562 1279 1702 1306 dimisimus
1717 1284 1740 1306 te
1754 1289 1810 1307 cum

1022 1326 1083 1352 pare
1094 1340 1101 1351 ,
1126 1325 1148 1345 ct
1163 1328 1229 1346 nunc
1243 1325 1270 1347 tu
1283 1320 1425 1348 benedictus
1439 1331 1454 1349 a
1474 1323 1592 1350 Domina.
1609 1324 1688 1352 Vides
1707 1334 1753 1353 eos
1766 1334 1810 1353 su-

1022 1372 1129 1399 pernam
1151 1367 1290 1393 viudictam
1311 1368 1438 1395 timuisse.
1460 1369 1559 1397 Norant
1577 1371 1646 1397 enim
1662 1373 1731 1406 quod
1750 1373 1810 1400 licet

1021 1411 1077 1444 ipse
1090 1416 1196 1446 propter
1210 1412 1398 1440 humanitatem
1414 1422 1486 1441 suam
1502 1423 1553 1442 non
1570 1417 1740 1445 ulcisceretur
1750 1428 1809 1454 qua.-

1021 1455 1138 1483 fect-ram
1149 1477 1156 1488 ,
1171 1465 1231 1484 cum
1254 1465 1293 1485 cei
1301 1464 1326 1485 te
1340 1459 1383 1493 qui
1409 1464 1505 1487 tantam
1520 1461 1576 1494 ejus
1591 1469 1679 1488 curam
1695 1464 1789 1496 agebat
1801 1485 1809 1494 ,

1021 1503 1193 1537 repetiturum
1207 1511 1267 1530 esse
1282 1505 1409 1532 rationem
1424 1512 1513 1532 eorum
1525 1514 1583 1541 quas
1597 1507 1729 1542 injustum
1741 1510 1807 1536 facta

1021 1548 1125 1576 fuerant
1141 1559 1146 1576 :
1163 1555 1304 1584 eaproytcr
1315 1551 1415 1585 justum
1438 1552 1561 1587 placant,
1583 1558 1610 1580 et
1624 1559 1726 1588 pactum
1742 1555 1808 1583 inire

1020 1601 1080 1621 cum
1101 1603 1133 1622 co
1154 1596 1259 1623 student
1272 1618 1279 1627 .
1295 1597 1374 1624 simul
1394 1602 1420 1624 et
1440 1606 1487 1633 pro
1511 1599 1542 1625 iis
1564 1607 1621 1634 qum
1645 1599 1658 1626 f
1671 1606 1711 1627 eta
1732 1606 1809 1629 eram

1020 1640 1148 1667 rationem
1171 1642 1311 1669 rcddentes
1324 1663 1331 1675 ,
1348 1648 1374 1670 et
1396 1644 1421 1670 in
1444 1643 1558 1671 futurum
1574 1646 1741 1672 suctu-baton:
1758 1648 1808 1674 sibi

1019 1687 1201 1714 coueiliantes.
1224 1688 1268 1715 50.
1285 1688 1316 1714 Et
1336 1689 1394 1723 fecit
1413 1689 1449 1716 eis
1462 1710 1469 1722 ,
1492 1690 1592 1725 inquit,
1614 1692 1770 1723 convivium,
1786 1697 1808 1718 et

1019 1733 1177 1759 conn-derunt
1190 1739 1212 1759 et
1225 1734 1337 1761 biberunt
1351 1743 1360 1761 :
1370 1735 1414 1762 51.
1430 1741 1452 1762 et
1468 1744 1523 1762 eum
1537 1737 1701 1764 surrexissent
1717 1746 1787 1764 mam
1798 1759 1807 1771 ,

1015 1779 1111 1814 juravit
1124 1781 1293 1815 unusquisque
1307 1782 1420 1815 proximo
1436 1790 1481 1808 aut)
1494 1803 1501 1813 ,
1515 1788 1537 1808 et
1550 1783 1644 1808 dimisit
1658 1791 1698 1809 eos
1712 1783 1787 1810 Isaac
1798 1805 1806 1816 ,

1018 1831 1041 1851 et
1057 1826 1221 1852 discesserunt
1234 1827 1265 1852 ab
1279 1834 1307 1852 eo
1320 1835 1377 1853 cum
1391 1827 1480 1854 safute.
1498 1828 1561 1855 Vide
1580 1829 1643 1862 justi
1658 1829 1806 1864 benignita-

1017 1876 1071 1898 tem
1085 1893 1092 1903 ,
1108 1873 1241 1906 quomodo
1254 1880 1313 1900 eum
1329 1874 1368 1900 eis
1383 1874 1482 1908 absque
1499 1875 1647 1902 vindicandi
1664 1876 1807 1911 cupiditate

1019 1917 1135 1951 loquitur
1150 1927 1156 1944 :
1171 1923 1196 1944 ct
1211 1925 1263 1945 non
1282 1919 1365 1945 solum
1381 1919 1544 1946 obliviscitur
1559 1928 1649 1947 eorum
1666 1929 1723 1956 qua:
1738 1922 1762 1948 in
1778 1929 1807 1949 se

1019 1964 1096 1995 facta,
1108 1964 1154 1991 sed
1169 1972 1261 1999 magna
1274 1964 1451 1999 hospitalitate
1466 1966 1523 1992 illos
1534 1967 1640 2001 excipit.
1656 1967 1724 1994 Ferit
1736 1969 1806 1995 cu‘m

1018 2010 1052 2036 eis
1060 2010 1208 2043 convivium,
1219 2015 1242 2036 et
1257 2011 1413 2038 comederunt
1427 2017 1449 2038 et
1465 2012 1584 2039 biberunt.
1601 2013 1727 2040 Convivia
1742 2015 1806 2041 satis

1018 2060 1089 2082 certa
1109 2056 1154 2082 tlat
1171 2061 1323 2089 argumenta
1336 2077 1342 2086 ,
1358 2064 1387 2083 sc
1407 2065 1458 2083 non
1480 2057 1535 2084 fore
1555 2066 1699 2086 memorem
1713 2067 1806 2086 eorum

1018 2108 1076 2135 qua:
1088 2102 1114 2127 in
1129 2108 1157 2128 se
1172 2102 1368 2128 commiserant.
1382 2101 1415 2128 Et
1425 2103 1518 2129 dimisit
1530 2111 1580 2136 eos,
1597 2105 1689 2139 inqu't,
1702 2110 1723 2131 et
1736 2105 1806 2132 abie-

1016 2153 1074 2174 runt
1087 2156 1142 2174 cum
1155 2149 1245 2175 salute.
1260 2148 1421 2183 Signiﬁcavit
1431 2156 1479 2183 per
1493 2149 1542 2176 hoc
1554 2150 1641 2177 divina
1656 2151 1804 2186 Scriptura,

1016 2200 1062 2220 eos
1079 2201 1173 2228 magno
1193 2202 1251 2220 cuin
1272 2196 1365 2222 timore
1381 2195 1535 2228 adxcnisse,
1553 2197 1698 2230 periculum
1712 2206 1800 2232 exSpc-

1016 2242 1118 2266 ctantes
1131 2260 1137 2270 ,
1152 2243 1178 2266 et
1191 2239 1224 2266 de
1238 2248 1324 2267 rerum
1338 2249 1440 2268 summa
1452 2262 1459 2273 ,
1475 2246 1503 2269 ut
1519 2242 1553 2269 ita
1567 2243 1652 2270 dicant
1666 2265 1673 2276 ,
1689 2245 1784 2271 anxios
1798 2265 1805 2277 ,

1016 2290 1045 2312 ut
1071 2292 1228 2313 excusari-nt
1250 2294 1299 2318 se,
1323 2287 1355 2314 ad
1380 2287 1479 2322 justum
1501 2296 1542 2315 co:
1556 2290 1682 2317 tendisse.
1713 2291 1806 2320 Vidisti

1015 2332 1149 2366 quomodo
1163 2333 1225 2358 nihil
1240 2334 1350 2360 validius
1365 2334 1479 2361 virtute?
1493 2335 1557 2361 nihil
1572 2336 1702 2369 potentius
1713 2344 1806 2371 supcr-

1015 2378 1056 2405 nis
1069 2379 1174 2404 auxiliis
1186 2378 1272 2405 freto?
1285 2379 1378 2406 l'oslca
1390 2380 1452 2406 dicit
1466 2389 1471 2406 :
1485 2380 1528 2407 5‘2.
1541 2379 1572 2406 In
1584 2381 1624 2407 die
1636 2381 1679 2407 illo
1692 2382 1806 2409 abierunt

1015 2424 1083 2458 pueri
1102 2423 1176 2450 Isaac
1186 2444 1192 2455 ,
1209 2428 1231 2450 et
1245 2425 1362 2458 foderunt
1375 2429 1485 2457 puteum,
1499 2430 1522 2451 et
1536 2425 1652 2452 dixerunt
1668 2434 1676 2452 :
1693 2427 1751 2454 Non
1764 2428 1804 2454 in-

1013 2470 1123 2496 venimus
1143 2478 1244 2504 aquam.
1260 2470 1303 2496 55.
1318 2469 1351 2495 ΕΙ
1369 2471 1463 2497 vocavit
1480 2478 1536 2496 eum
1547 2491 1553 2502 ,
1568 2470 1586 2496 Ι
1589 2476 1754 2498 ammentum.
1772 2470 1804 2497 Et

1013 2515 1106 2542 idcirco
1117 2515 1214 2542 vocavit
1228 2524 1316 2542 nomen
1329 2516 1440 2552 civitati,
1455 2514 1551 2543 Paleas
1563 2517 1698 2551 inminenti
1707 2537 1714 2548 .
1727 2525 1805 2551 usque

1012 2562 1038 2588 in
1055 2561 1202 2588 hodiernum
1216 2561 1293 2588 diem.
1308 2561 1373 2588 Vide
1386 2566 1412 2588 et
1425 2562 1475 2593 hic,
1488 2570 1519 2588 cx
1533 2562 1564 2588 iis
1573 2569 1632 2596 qum
1646 2562 1711 2588 facta
1723 2568 1782 2588 sunt
1794 2583 1801 2595 ,

1013 2608 1072 2635 loco
1087 2616 1182 2638 notuen
1204 2608 1365 2642 impositum.
1381 2608 1445 2635 Nam
1461 2609 1520 2643 quia
1534 2609 1632 2636 effosso
1647 2615 1724 2643 puteo
1737 2609 1802 2636 nihil

1013 2654 1170 2680 invenerunt
1181 2653 1206 2679 in
1218 2653 1261 2679 dic
1272 2653 1316 2679 illo
1325 2660 1378 2687 quo
1386 2653 1536 2687 jnramcnta
1550 2654 1617 2681 inter
1629 2661 1658 2680 se
1671 2654 1800 2686 fecerunt,

1014 2697 1123 2725 Putcum
1145 2697 1287 2732 juramenti
1309 2698 1411 2724 vocavit
1430 2706 1525 2725 umneu
1540 2699 1590 2726 loci
1602 2719 1608 2730 ,
1626 2704 1653 2726 ut
1672 2698 1801 2726 factorum

1013 2743 1122 2770 duraret
1145 2743 1282 2771 memoria.
1308 2743 1399 2770 Vidisti
1421 2745 1556 2778 quormdo
1577 2744 1664 2778 justus
1680 2745 1740 2777 ille,
1756 2744 1801 2779 qui

1012 2799 1098 2825 neque
1111 2798 1124 2817 a
1139 2791 1197 2825 lege
1209 2789 1328 2818 eruditus
1348 2790 1412 2823 fuit,
1428 2798 1512 2825 neque
1526 2790 1558 2817 ad
1573 2790 1688 2826 aliquem
1704 2792 1800 2817 virtute

1015 2837 1152 2872 przcditum
1168 2837 1299 2872 respicere
1314 2836 1407 2871 potuit,
1423 2836 1468 2863 sed
1484 2842 1542 2872 patr
1553 2844 1566 2864 ε
1579 2836 1689 2872 vestigia
1704 2844 1799 2871 sequu—
