2046 3126
248 98 296 124 (85
618 99 646 127 S.
666 100 804 129 JOANNIS
824 101 1031 129 CIIRYSOSTO.‘

1085 103 1239 132 AItCIIIEP.
1262 106 1526 134 CONSTANTINOP.
1828 110 1877 137 ιθι

245 159 296 186 tus,
309 159 335 181 et
346 154 442 181 ductus
454 162 468 181 a
483 156 644 184 conscientia
657 158 780 192 magistra
797 158 920 186 humanm
933 164 1034 186 naturm

244 199 320 226 insita
331 220 338 231 ,
354 204 452 227 tantam
469 199 589 228 exhibuit
609 201 822 238 philosophiam?
843 205 907 238 Qum
920 205 990 231 enitn
1005 205 1040 231 ab

243 251 277 272 co
291 244 359 271 facta
380 250 460 277 sunt,
477 253 528 272 non
543 246 629 274 solum
644 249 874 276 mansuetudinem
889 250 1039 277 indicabant

241 290 319 324 justi,
334 290 380 317 sed
394 295 421 318 et
436 297 567 326 pra‘cepta
579 292 678 320 Christi
693 295 747 321 suis
763 295 837 322 illum
851 296 976 330 operibus
991 296 1040 323 im-

246 336 319 370 plere
341 337 526 365 ostendebant.
547 338 613 366 Nam
630 340 654 366 id
673 340 743 375 quod
765 340 886 368 Christus
903 342 1039 377 discipulis

245 381 300 409 suis
317 383 476 418 pnecipieus
493 388 519 411 et
539 384 685 413 admonens
699 386 804 414 diecbat
816 408 824 419 ,
842 396 874 415 ne
887 388 961 415 solos
979 388 1024 415 dili

243 432 335 462 gentes
349 427 509 462 diligerent,
524 430 570 457 sed
586 435 612 458 et
625 439 686 465 erga
703 432 825 460 inimicos
841 434 977 461 caritatem
991 442 1039 461 ex-

245 473 367 500 hiberent
384 473 392 508 (
406 473 498 501 Matth.
515 475 542 503 5.
556 476 610 512 46)
626 486 632 503 ;
648 477 698 504 hoc
713 478 757 505 ille
778 487 848 505 nunc
861 479 944 507 multo
961 484 1037 507 antea

247 517 392 553 implebat,
418 524 443 546 et
471 526 540 548 tanta
569 521 748 557 hospitalitate
773 525 901 552 tractabat
924 533 971 552 eos
993 526 1036 561 qui

246 571 341 599 magno
363 565 449 600 ipsum
471 566 532 594 odio
555 570 706 604 proseqttuti
728 571 855 598 fuerant:
877 579 1037 607 omnemque

244 609 366 638 vindicta:
379 612 548 646 cupiditatem
560 615 650 642 animo
664 623 712 642 suo
724 616 890 644 excludebat.

278 656 306 684 5.
327 656 437 684 Horatia
451 659 576 694 epilogus.
594 675 629 679 —
650 661 705 694 Qua
720 662 798 696 igitur
813 670 860 689 nos
876 663 950 690 venia
964 663 1035 698 digni

243 701 343 729 erimus
354 722 362 736 ,
378 703 422 738 qui
443 708 503 738 post
517 705 628 740 gratiam
639 726 647 739 ,
663 711 721 741 post
736 711 834 734 tantam
848 708 995 736 doctrinam
1010 713 1037 736 et

242 746 387 775 Salvatoris
401 754 530 783 pnecepta
545 770 552 782 ,
568 758 654 786 neque
667 751 699 779 ad
714 752 790 787 hujus
806 753 869 787 justi
884 762 1035 782 mensuram

243 793 383 827 pervenire
395 794 536 822 valemus?
550 796 584 823 Et
595 797 658 832 quid
670 797 740 831 dico,
752 799 784 826 ad
796 799 853 834 ejus
864 801 1036 828 mensuram?

243 838 333 874 Neque
357 848 440 874 prope
461 842 566 870 adstare
591 851 741 878 possumus.
766 846 848 874 Tanta
870 848 940 874 enim
966 855 1036 876 nunc

243 884 350 912 malitia:
372 885 530 914 abundantia
552 889 662 916 obduxit
683 891 770 917 omnia
784 912 791 922 ,
808 896 835 919 ut
852 897 879 920 et
895 893 1035 928 diligentes

242 929 351 966 diligere
364 939 406 959 res
421 932 562 960 admodum
578 943 635 962 rara
650 937 694 963 sit.
712 937 787 964 Unde
809 939 887 973 igitur
900 939 977 967 nobis
991 948 1035 967 sa-

243 977 304 1004 lutis
325 985 405 1012 spes,
427 979 448 1005 si
466 981 612 1014 publicanis
633 982 779 1011 deteriores
800 984 945 1012 fuerimus?
967 987 1036 1013 sicut

242 1022 306 1050 dicit
321 1023 450 1052 Christus.
469 1025 499 1052 Si
518 1026 622 1061 diligitis
635 1027 766 1063 diligentes
781 1038 837 1062 vos,
852 1031 914 1065 quid
925 1033 1036 1067 amplius

240 1068 345 1101 facitis?
358 1078 440 1096 nonne
453 1076 477 1098 et
490 1072 618 1106 publicani
639 1074 685 1101 ltoc
698 1076 795 1110 faciunt
809 1077 819 1111 (
835 1077 903 1104 Ibid.
918 1087 941 1105 υ.
954 1078 989 1106 46
1003 1079 1034 1114 )‘i

243 1113 275 1140 ΕΙ.
294 1114 414 1142 Christus
434 1117 540 1151 quidem
561 1119 652 1147 volens
669 1128 717 1147 nos
734 1122 766 1149 ad
781 1129 914 1150 summum
929 1125 1034 1152 virtutis

241 1159 332 1187 venire
351 1161 480 1196 fastigium
494 1184 500 1195 ,
518 1163 570 1190 illis
588 1166 742 1199 superiores
756 1168 812 1195 vult
827 1176 886 1196 esse
903 1179 910 1197 :
924 1178 972 1197 n-is
987 1178 1034 1198 au-

241 1209 293 1231 tem
308 1205 446 1234 inferiores
460 1216 519 1236 esse
533 1210 679 1238 studemus.
697 1213 728 1239 Iit
742 1213 804 1248 quid
818 1214 878 1241 dico
891 1236 898 1248 ,
914 1216 1035 1250 publiea-

241 1251 299 1277 nis?
323 1251 473 1281 Deteriores
492 1260 519 1281 et
540 1255 701 1290 latronibus,
718 1263 743 1285 ct
760 1260 942 1293 sepulcrorum
962 1263 1033 1290 dire-

243 1297 369 1330 ptoribus,
385 1303 410 1325 et
425 1299 574 1328 homTcidis.
591 1301 693 1329 Etenim
710 1303 735 1330 hi
751 1313 846 1333 omnes
860 1306 972 1342 diligunt
986 1317 1033 1337 eos

241 1344 284 1378 qui
305 1351 366 1378 erga
380 1352 409 1372 se
424 1345 492 1374 bene
511 1347 598 1375 allecti
619 1354 679 1376 sunt
691 1371 698 1382 ,
713 1355 739 1377 et
754 1359 937 1386 s'rpcnnmero
952 1355 1030 1382 etiam

241 1397 289 1423 pro
312 1389 416 1417 dilectis
440 1392 631 1426 periclitantur.
660 1395 726 1428 Quid
754 1397 832 1430 igitur
854 1398 933 1426 fuerit
955 1400 1032 1427 nobis

241 1435 435 1468 miserabilius,
458 1437 502 1472 qui
527 1442 626 1467 tantam
648 1448 661 1466 a
686 1441 798 1470 Domino
821 1445 1030 1473 misericordiam

240 1482 308 1509 nacti
322 1489 425 1516 sumus,
439 1489 465 1512 et
481 1485 620 1514 innumera
637 1488 705 1515 mala
719 1489 873 1517 lacienlibus
885 1491 1032 1520 deteriores

240 1525 407 1555 invenimur?
429 1530 546 1558 Obsecro
568 1532 666 1567 igitur,
690 1536 836 1568 cogitemus
860 1542 887 1563 et
909 1538 1029 1572 supplicii

239 1574 444 1607 magnitudinem
457 1597 464 1608 ,
483 1581 509 1604 et
537 1579 700 1607 confusionis
720 1589 778 1615 qua:
797 1582 859 1609 alibi
883 1582 970 1610 futura
990 1589 1031 1611 est

237 1620 409 1653 gravitatem,
425 1628 457 1649 ac
470 1623 510 1649 vel
526 1624 620 1651 saltem
636 1633 705 1653 llllllc
723 1631 839 1654 nostram
853 1635 1030 1663 agnoscamus

238 1666 462 1700 generositatem,
483 1673 510 1695 et
532 1669 745 1705 obtempercmus
764 1673 892 1701 doctrina:
913 1675 1028 1710 Christi,

239 1717 271 1737 ac
285 1718 336 1738 non
353 1712 437 1739 solum
455 1721 503 1741 nos
515 1715 654 1750 diligentes
669 1718 772 1745 sincere
786 1719 924 1754 diligamus
935 1742 942 1753 ,
957 1722 1029 1750 omni

237 1763 255 1782 ο
265 1757 300 1783 lio
313 1762 339 1784 et
352 1758 448 1786 invidia
461 1760 495 1787 ab
508 1761 645 1789 animabus
659 1765 756 1791 nostris
770 1765 930 1794 eliminatis:
942 1768 989 1794 sed
1003 1773 1031 1796 et

239 1809 286 1830 eos
299 1804 342 1838 qui
360 1804 490 1833 hos'iliter
506 1816 553 1834 nos
569 1815 763 1844 persequuntur
774 1833 781 1843 ,
797 1812 907 1847 diligere
921 1815 1029 1842 studea-

238 1855 313 1874 inus:
329 1850 414 1885 neque
428 1852 497 1878 enim
511 1853 588 1880 aliter
609 1854 720 1882 salutem
736 1858 861 1892 consequi
878 1867 926 1886 nos
945 1860 1031 1894 possi-

237 1893 288 1921 bile
302 1895 361 1925 erit.
379 1897 428 1924 nisi
445 1898 492 1924 hae
508 1898 660 1928 inredamus
676 1902 716 1928 via
730 1907 776 1930 :et
791 1905 873 1938 magis
887 1893 967 1940 quam
981 1914 1029 1934 eos

236 1941 282 1974 qui
299 1949 347 1967 nos
362 1941 485 1978 diligunt,
501 1945 560 1972 illos
576 1947 685 1981 diligere
701 1948 863 1983 Studeamus,
879 1956 970 1986 utpote
985 1955 1027 1988 qui

239 1986 315 2014 nobis
329 1987 527 2017 innumerorum
543 1990 611 2018 hono
622 2001 670 2019 'um
686 1994 737 2021 sint
750 2001 882 2023 auctores.
901 1997 945 2025 Sic
957 1986 1028 2025 enim

237 2037 264 2059 et
284 2039 451 2067 peccatorum
475 2041 626 2064 nostrormn
647 2040 830 2068 remissionem
850 2043 988 2075 invenire,
1002 2050 1029 2071 et

239 2078 373 2107 humiliata
390 2088 478 2110 mente
491 2089 515 2110 et
532 2085 644 2112 contrita
664 2087 750 2114 anima
767 2088 849 2116 Deum
864 2090 966 2124 precari
979 2098 1027 2125 po-

238 2126 358 2154 terimus.
373 2127 438 2160 Quia
452 2136 512 2156 cum
527 2131 613 2157 anima
633 2131 666 2157 ab
680 2133 750 2159 omni
764 2134 825 2160 odio
843 2135 925 2163 libera
940 2142 1028 2164 mente

237 2173 377 2206 tranquilla
389 2178 430 2200 est
440 2195 447 2204 ,
463 2174 602 2202 Dcminum
617 2177 709 2205 sedqu
723 2179 845 2212 invocat,
863 2182 1028 2217 multumque

237 2216 288 2243 sibi
302 2223 416 2250 superne
430 2220 555 2247 auxilium
570 2223 693 2249 conciliat
708 2232 715 2252 ε
728 2225 797 2258 quod
814 2226 890 2253 nobis
904 2216 1028 2256 omnibus

238 2263 399 2291 concedatur
410 2286 416 2296 ,
432 2266 513 2299 gratia
530 2272 557 2294 et
573 2267 732 2303 benignitate
752 2270 853 2298 Domini
869 2274 951 2300 nostri
965 2274 1027 2302 Jcsu

238 2307 351 2341 Christi,
366 2310 407 2336 cui
421 2310 503 2344 gloria
518 2319 578 2338 cum
594 2312 671 2340 Patre
684 2319 711 2340 et
725 2320 816 2342 Sancto
829 2317 942 2350 SpIrIlll,
958 2327 1028 2347 nunc

237 2358 264 2381 ct
276 2361 392 2390 semper,
406 2360 433 2383 et
445 2356 470 2383 in
483 2357 579 2384 szecula
594 2359 760 2386 szreulornm.
778 2361 872 2389 Amen.

521 2402 660 2430 IIOMILIA
680 2404 744 2432 LIII.

239 2445 301 2473 Erat
315 2450 397 2473 autem
411 2446 480 2474 Esat't
492 2456 616 2475 annorum
629 2451 805 2485 quadraginta,
817 2458 840 2480 et
854 2454 925 2482 duxit
937 2455 1027 2484 Judit/t

272 2491 354 2526 ﬁliam
375 2491 435 2519 Beel
451 2492 490 2529 (a)
509 2492 623 2527 C/tcttwi,
649 2500 672 2522 et
695 2496 830 2525 Basemat/t
851 2501 929 2534 ﬁliam
952 2502 1027 2530 Elom

272 2536 353 2569 Emi,
366 2542 390 2564 et
401 2540 582 2574 exasperabant
595 2539 670 2568 Isaac
689 2547 713 2569 et
737 2542 874 2571 Rt'bet‘t‘am
891 2546 965 2582 (Gen.
980 2548 1025 2576 26.

273 2583 317 2610 st.
332 2583 390 2620 δε).

274 2642 299 2668 l.
313 2642 368 2677 Age
382 2648 408 2670 et
423 2643 501 2671 hodie
515 2645 537 2671 si
553 2645 637 2679 placet
652 2648 837 2682 aggrediamur
849 2658 879 2677 ea
894 2659 952 2686 qua:
966 2652 1024 2680 lteri

268 2702 303 2733 (a)
319 2703 450 2728 Hebraicus
462 2707 545 2729 textus
554 2704 627 2729 tam.
650 2703 749 2733 Vulgata
771 2709 840 2730 recte
862 2707 937 2731 meri.
962 2711 1024 2732 \‘oce

235 2735 401 2768 autemlatina
415 2734 476 2768 licet,
489 2740 601 2761 accurate
614 2738 787 2766 interpretatur
795 2737 875 2768 vet-sio
884 2741 962 2762 Graeca
971 2745 1024 2768 Βιηῡ..

234 2767 306 2788 Porro
318 2764 370 2789 ha'c
381 2766 460 2790 vctsio
472 2770 550 2791 Graeca
563 2768 667 2792 maxime
680 2764 785 2791 omnium
795 2767 823 2791 ad
837 2768 975 2792 ttehraiixim
988 2764 1024 2793 Ie-

233 2796 443 2828 ctionetnaceedit.
454 2800 509 2821 Nam
521 2798 584 2828 quod
598 2805 642 2827 ηιτῖλ
651 2798 745 2828 legatur
758 2805 801 2828 Iro
816 2803 881 2827 Brer,
891 2804 932 2824 aut
946 2801 1022 2828 lirari,

234 2826 259 2850 id
277 2826 338 2850 haud
354 2826 429 2851 t'ubie
443 2826 564 2853 crtum—ex
581 2826 779 2854 transmutatione
793 2826 1021 2856 literarumltebraF

1091 160 1161 187 dicta
1183 167 1340 197 sequuntur,
1351 168 1376 191 et
1396 165 1509 199 singula,
1523 169 1649 199 quantum
1665 166 1742 193 nobis
1756 167 1881 194 concedi-

1090 210 1142 240 tur,
1156 208 1318 241 aperiamus,
1332 214 1359 236 ut
1374 209 1482 236 domutn
1496 217 1556 237 cum
1571 210 1681 238 utilitate
1696 211 1784 246 aliqua
1798 212 1882 240 redita

1091 252 1234 286 possimus.
1250 253 1391 281 Videamus
1410 255 1498 289 igitur,
1514 263 1574 290 qua:
1587 256 1699 290 primum
1721 256 1789 284 lecta
1812 263 1881 286 sunt.

1090 298 1133 324 54.
1149 297 1211 324 Erat
1225 303 1307 326 autent
1323 299 1401 332 Esau,
1415 301 1509 335 inquit,
1531 309 1654 328 annorum
1668 302 1848 338 quadraginta,
1860 311 1883 331 et

1091 344 1189 378 accepit
1202 343 1293 371 Iudith
1307 345 1387 379 filiam
1407 345 1467 373 Beel
1480 346 1595 379 C/tetla'i,
1609 351 1633 373 et
1649 346 1785 374 Basematli
1805 349 1883 382 ﬁliam

1093 388 1166 415 Elont
1180 389 1250 416 Euri
1264 397 1272 416 :
1291 390 1335 417 55.
1353 396 1376 418 et
1394 392 1578 426 exasperabant
1597 391 1673 418 Isaac
1692 398 1716 419 cl
1735 392 1882 419 Ruben-am.

1092 434 1157 462 Vide
1166 440 1261 470 quanta
1271 444 1303 463 ex
1313 437 1403 472 paucis
1414 437 1455 464 his
1465 437 1553 465 verbis
1563 438 1662 465 addisri
1673 439 1884 473 possunt.Quare

1090 481 1161 508 enim
1176 482 1253 510 nobis
1267 491 1408 511 numerum
1431 492 1561 511 annorqu
1587 484 1658 512 Esau
1680 486 1813 520 signavit?
1825 486 1883 514 Non

1089 526 1190 562 absque
1209 535 1304 561 causa,
1325 529 1372 556 sed
1400 535 1427 556 ut
1454 534 1618 557 senectutem
1638 530 1773 558 discamus
1797 530 1880 564 Isaac,

1089 579 1203 607 eumque
1212 573 1266 607 jam
1280 579 1434 608 provectum
1448 575 1529 602 fuisse
1541 580 1628 602 :etate.
1644 575 1707 602 Nam
1719 575 1741 602 si
1752 583 1884 604 memores

1090 617 1216 645 fuerimus
1228 627 1318 646 eorum
1333 628 1392 654 qum.
1405 624 1482 647 antea
1494 621 1562 647 dicta
1577 625 1648 652 sunt,
1659 626 1684 648 et
1698 622 1884 656 eum,quando

1091 664 1189 699 acer-pit
1199 664 1535 701 Rebeccam,quadraginta
1544 674 1674 694 annorum
1685 668 1884 702 fuissc,quando

1090 713 1177 736 autem
1195 711 1247 736 nati
1261 715 1324 738 sttnt
1337 711 1361 738 ei
1378 711 1435 745 ﬁlii,
1452 719 1582 739 annorum
1598 714 1752 748 sexaginta;
1768 714 1883 742 sciemus

1089 763 1149 783 cmn
1168 764 1237 784 nunc
1251 759 1432 785 centenarium
1448 766 1520 792 esse,
1534 765 1561 786 et
1575 759 1600 786 in
1612 759 1823 795 profundissima
1841 769 1884 788 se-

1090 808 1206 831 nec‘ute.
1222 805 1352 838 Quoniam
1366 806 1439 832 enim
1460 806 1570 840 posthac
1587 812 1741 835 narraturus
1754 811 1806 838 est.
1818 815 1883 842 quo-

1089 850 1170 877 modo
1184 858 1238 885 pra:
1259 853 1334 878 senio
1350 851 1489 879 hebetatos
1501 852 1593 879 oculos
1607 852 1739 886 habuerit,
1755 852 1815 880 ideo
1834 861 1882 880 nu-

1090 903 1192 922 merum
1204 904 1336 924 annorum
1352 897 1422 925 Esau
1436 900 1562 933 assignat,
1575 903 1603 926 ut
1619 899 1679 926 inde
1693 903 1797 934 tempus
1811 899 1883 926 Isaae

1089 947 1164 969 certo
1182 942 1251 970 scire
1276 944 1420 978 possimus.
1442 943 1586 979 Propterea
1606 944 1687 977 dicit,
1709 945 1772 972 Erat
1792 950 1874 972 autent

1090 988 1160 1015 Esat't
1173 997 1297 1016 annorum
1321 990 1500 1025 quadraginta.
1526 990 1627 1018 Deinde
1649 995 1673 1017 ul
1699 991 1815 1018 sciamus
1836 991 1882 1018 lilii

1088 1035 1146 1069 ejus
1168 1035 1355 1068 tetueritatem,
1372 1036 1416 1069 qui
1433 1043 1530 1063 uxores
1549 1035 1664 1064 ducebat
1682 1044 1699 1063 a
1720 1037 1852 1072 gentibus,
1864 1044 1880 1063 a

1088 1081 1184 1115 quibus
1198 1089 1249 1108 non
1265 1082 1414 1116 oportebat,
1430 1081 1575 1109 declaravit
1591 1082 1677 1115 nobis,
1695 1091 1776 1110 unam
1800 1083 1881 1110 fuisse

1087 1134 1118 1154 cx
1133 1134 1231 1162 genere
1241 1126 1431 1161 Chettmorum,
1440 1128 1517 1155 aliam
1530 1133 1618 1156 autem
1633 1137 1664 1156 ex
1676 1137 1775 1164 genere
1789 1129 1879 1156 Evam-

1088 1180 1165 1206 rum;
1181 1173 1302 1207 quamvis
1324 1173 1390 1200 nihil
1410 1173 1462 1201 tale
1486 1181 1546 1200 eum
1571 1182 1649 1209 agere
1673 1175 1823 1209 oportebat,
1836 1176 1881 1210 qni

1088 1219 1225 1246 didicisset
1234 1224 1358 1254 quantam
1369 1219 1530 1255 diligentiam
1545 1220 1695 1255 patriarcha
1706 1220 1878 1254 adhibuisset,

1087 1265 1243 1299 pra-cipieus
1258 1272 1336 1292 servo
1349 1272 1408 1296 suo,
1424 1271 1450 1291 ιιι
1465 1265 1498 1292 de
1508 1266 1666 1300 cognatione
1676 1274 1723 1293 sua
1742 1267 1796 1293 lilio
1808 1266 1880 1294 Isaac

1085 1309 1262 1337 adduceretur
1276 1318 1357 1337 uxor:
1367 1311 1426 1344 quia
1438 1311 1517 1337 etiatn
1534 1315 1620 1338 mater
1631 1311 1749 1346 ipsorutn
1760 1311 1878 1339 Rebecca

1085 1363 1117 1382 ex
1131 1355 1249 1382 Charrau
1266 1360 1384 1383 venerat.
1400 1355 1496 1382 Verum
1513 1362 1542 1382 ut
1564 1356 1655 1383 statim
1669 1357 1703 1383 ab
1724 1357 1799 1384 initio
1818 1364 1879 1384 suos

1086 1402 1250 1429 inordinatos
1276 1410 1365 1430 mores
1391 1402 1530 1436 indicaret,
1547 1403 1705 1430 inconsultis
1729 1404 1877 1437 parentibus

1086 1448 1146 1475 illas
1160 1448 1244 1475 duxit.
1262 1448 1293 1475 Et
1307 1452 1335 1475 ut
1348 1448 1464 1475 sciamus
1478 1456 1557 1482 quam
1577 1448 1645 1475 male
1659 1453 1769 1475 morata:
1784 1449 1876 1476 mulie-

1086 1500 1128 1519 res
1150 1493 1257 1525 fuerint,
1272 1493 1337 1520 dicit
1359 1493 1496 1528 Scriptura
1517 1501 1524 1519 :
1552 1493 1586 1520 Et
1608 1498 1679 1520 erant
1703 1499 1878 1528 cursitet-antes

1085 1539 1160 1566 Isaac
1179 1545 1202 1566 et
1226 1539 1375 1566 Rebeccam.
1403 1540 1434 1566 Et
1453 1539 1516 1574 quid
1536 1546 1578 1567 est
1597 1540 1646 1567 hac
1671 1540 1770 1567 tnalitia
1791 1541 1876 1575 pejus,

1085 1585 1191 1619 quando
1206 1585 1257 1611 illm
1269 1592 1330 1619 qua:
1343 1592 1449 1612 onmem
1470 1584 1600 1612 honorem
1624 1585 1779 1620 impendere
1800 1586 1878 1614 debe-

1085 1630 1158 1663 bant,
1169 1638 1220 1657 uon
1233 1630 1318 1657 solutn
1331 1631 1381 1658 hoc
1395 1638 1447 1658 non
1456 1631 1578 1666 agebant,
1587 1631 1633 1658 sed
1647 1637 1674 1659 et
1686 1632 1719 1658 ad
1728 1633 1876 1660 contentio-

1085 1685 1144 1703 nem
1170 1682 1268 1712 parata:
1290 1677 1385 1704 erant?
1410 1677 1472 1705 Ilazc
1494 1683 1582 1705 autem
1598 1678 1686 1705 omnia
1711 1686 1762 1705 non
1778 1673 1876 1714 absque

1084 1730 1162 1749 causa
1181 1722 1289 1749 historia
1311 1724 1389 1749 nobis
1413 1723 1560 1757 signiﬁcat;
1586 1723 1633 1750 sed
1657 1728 1684 1750 ut
1700 1729 1802 1758 postea,
1817 1732 1874 1751 cum

1085 1769 1184 1796 videris
1191 1769 1338 1796 Rebeccam
1349 1768 1431 1796 Jacob
1442 1769 1534 1804 majori
1547 1769 1731 1797 benevolentia
1743 1771 1874 1805 prosequi,

1083 1815 1171 1842 discas
1185 1822 1243 1842 eam
1262 1822 1313 1841 non
1335 1815 1429 1848 iniuria
1444 1823 1500 1842 rem
1522 1823 1581 1842 eam
1596 1815 1702 1843 fecisse.
1715 1815 1773 1842 Jam
1789 1821 1874 1843 autem

1084 1868 1117 1888 ne
1136 1860 1233 1887 seriem
1253 1864 1394 1887 contextus
1414 1861 1616 1894 prmvenianius,
1639 1861 1736 1895 scripta
1758 1862 1812 1896 ipsa
1832 1869 1874 1888 se-

1083 1913 1206 1940 quantur.
1227 1906 1250 1932 Ι,
1269 1905 1375 1931 Factum
1390 1910 1424 1932 est
1437 1910 1520 1932 autem
1538 1911 1670 1940 postquam
1693 1907 1773 1933 senuit
1789 1905 1873 1940 Isaac,

1083 1957 1104 1980 et
1116 1952 1222 1979 hebetati
1234 1956 1292 1979 sunt
1303 1952 1369 1978 oculi
1383 1952 1437 1987 ejus
1448 1952 1481 1978 ad
1494 1953 1625 1979 videndum
1637 1952 1714 1988 (Cap.
1735 1952 1806 1988 27):
1822 1953 1873 1988 jam

1083 1999 1165 2030 enim,
1175 1998 1270 2032 inquit,
1282 2006 1334 2032 pra:
1347 1999 1422 2024 senio
1437 1998 1528 2024 videre
1543 2006 1594 2024 non
1607 2002 1725 2032 poterat:
1743 2004 1766 2024 et
1781 2000 1872 2025 vocavit

1083 2045 1153 2071 Esau
1163 2044 1243 2076 lilium
1257 2052 1331 2070 suum
1345 2048 1404 2069 natu
1419 2044 1550 2078 majorem,
1560 2048 1583 2069 et
1596 2044 1658 2070 dixit
1668 2044 1691 2070 ei
1700 2052 1709 2070 :
1723 2044 1750 2070 ‘2.
1766 2043 1818 2071 Fili
1830 2044 1870 2076 mi,

1083 2098 1138 2116 ecce
1153 2091 1234 2122 διήιιὶ,
1254 2094 1276 2116 et
1292 2089 1374 2115 nescio
1390 2089 1456 2114 diem
1470 2089 1557 2115 morti:
1568 2097 1638 2116 mete.
1656 2090 1681 2117 '5.
1709 2089 1785 2116 Nunc
1799 2091 1872 2126 igitur

1082 2143 1154 2161 sume
1173 2142 1244 2160 arma
1267 2139 1320 2166 tua,
1342 2134 1485 2169 pharetram
1508 2139 1531 2160 et
1553 2142 1648 2167 arcum,
1665 2139 1687 2161 et
1710 2135 1826 2169 egredere
1846 2135 1872 2162 in

1082 2188 1210 2215 campum,
1232 2184 1255 2206 et
1278 2187 1367 2206 venare
1388 2179 1450 2206 nti/ti
1471 2179 1642 2212 renationem,
1660 2180 1685 2207 4.
1706 2184 1729 2207 ει
1749 2183 1790 2215 [ac
1813 2181 1871 2207 mila

1082 2227 1176 2258 edulia,
1198 2227 1262 2253 sicut
1278 2234 1323 2260 ego
1349 2233 1417 2258 unto,
1439 2230 1462 2252 et
1477 2225 1542 2258 a/fer
1561 2226 1633 2258 mihi,
1654 2231 1681 2252 ut
1695 2227 1833 2260 comedam,
1847 2232 1871 2252 ut

1083 2271 1210 2298 benedice!
1230 2275 1253 2297 te
1274 2271 1359 2297 anima
1381 2279 1446 2303 utea,
1468 2271 1613 2306 priusquam
1632 2280 1677 2307 ego
1700 2273 1804 2298 moriar.
1826 2272 1871 2299 llic

1082 2317 1203 2349 obsecro,
1213 2317 1318 2348 dilecte,
1334 2316 1519 2343 animadverte
1534 2316 1690 2343 immensam
1708 2317 1754 2344 Dei
1769 2318 1871 2352 sapien-

1083 2364 1156 2396 tiatu,
1171 2368 1198 2390 et
1221 2362 1356 2397 quomodo
1381 2367 1457 2397 pater
1477 2363 1583 2397 quidem
1604 2363 1744 2398 genuinam
1769 2371 1824 2398 pra:
1844 2371 1871 2391 se
1909 2383 1915 2389 .

1082 2411 1172 2437 ferens
1196 2409 1381 2441 dilectionem,
1407 2409 1465 2436 haec
1491 2409 1632 2444 imperavit
1658 2410 1744 2443 Esau;
1767 2410 1871 2445 sapiens

1082 2460 1169 2481 autem
1183 2460 1210 2481 et
1222 2455 1392 2489 omnipotens
1407 2455 1536 2482 Dominus
1549 2463 1597 2490 per
1611 2455 1759 2484 Rebeccam
1778 2457 1869 2491 pm‘di-

1081 2501 1125 2528 ειὶι
1135 2508 1196 2528 nem
1222 2508 1296 2526 suam
1320 2500 1424 2534 impleri
1446 2505 1531 2532 curat,
1546 2501 1645 2528 docens
1669 2509 1726 2534 nos,
1743 2509 1868 2538 quantum

1081 2546 1186 2573 valeant
1198 2546 1280 2572 virtus
1293 2550 1320 2573 et
1331 2553 1433 2573 morum
1446 2547 1571 2574 suavitas.
1587 2547 1634 2574 llle
1647 2549 1717 2575 enim
1731 2553 1758 2575 et
1771 2550 1806 2576 ob
1819 2550 1870 2583 pri—

1081 2592 1289 2627 mogenituram,
1306 2596 1334 2618 et
1349 2592 1383 2618 ob
1406 2592 1488 2626 patris
1509 2599 1571 2627 erga
1586 2600 1615 2619 se
1632 2593 1800 2621 affectionem
1816 2595 1868 2629 pri-

1081 2643 1180 2665 malum
1202 2646 1231 2665 se
1253 2638 1351 2665 habere
1373 2642 1478 2672 putans,
1493 2639 1570 2666 simul
1588 2639 1731 2667 destitutus
1746 2643 1868 2669 omnibus

1080 2687 1202 2714 inventus
1213 2691 1264 2718 est,
1277 2686 1337 2721 quia
1350 2694 1409 2720 qua:
1425 2686 1450 2713 in
1464 2693 1493 2713 se
1505 2690 1591 2720 erant,
1603 2686 1699 2714 afferre
1713 2687 1813 2715 uoluit:
1827 2689 1869 2716 hic

1078 2738 1179 2765 autem,
1191 2731 1252 2766 quia
1270 2731 1416 2758 domestica
1427 2736 1483 2759 erat
1500 2731 1596 2759 virtute
1611 2732 1747 2766 pneditus,
1761 2739 1789 2760 ct
1808 2742 1868 2768 gra-

1077 2808 1167 2835 carum,
1179 2806 1234 2831 (pne
1246 2799 1389 2835 frequenter
1401 2801 1484 2826 accidit
1503 2801 1528 2826 in
1541 2801 1628 2832 Bibliis,
1641 2807 1667 2828 ut
1679 2803 1702 2826 in
1711 2801 1868 2835 Prolegome-

1079 2834 1116 2856 nis
1126 2832 1155 2856 ad
1169 2830 1272 2862 ttexapla
1281 2831 1438 2855 Ostendimus.
