2046 3126
179 121 231 149 465

175 175 238 197 tiam
253 178 396 206 supernam
411 171 502 199 habuit
514 172 709 207 subsidiariam,
725 175 804 203 etiam
822 177 904 204 invito
918 185 964 211 pa—

175 221 215 243 lrc
231 216 303 243 illius
317 217 529 245 benedictionem
548 218 654 254 abripit.
671 219 740 247 Nihil
762 222 832 248 enim
854 223 965 250 validius

173 270 207 289 eo
223 263 268 297 qui
291 262 385 290 dextra
407 263 449 290 illa
472 264 701 298 adjuvatur.Vidc
724 267 803 302 igitur
824 267 966 302 diligenter

172 309 274 341 outliia,
289 313 318 336 ut
328 309 414 336 discas
427 309 630 345 dispensationis
641 312 825 339 excellentiam
838 321 845 345 ;
861 318 888 340 et
899 321 966 348 quo~

172 353 254 380 modo
265 354 308 381 hic
318 354 423 388 quidem
437 355 479 382 illa
492 356 575 390 gratia
592 356 684 389 fretus,
698 365 821 392 magnum
837 358 863 385 in
877 359 964 385 otttui-

173 398 222 425 bus
246 399 372 426 auxilium
397 404 424 427 et
445 401 661 436 cooperationem
688 403 852 438 adipiscitur,
877 405 911 431 ita
937 409 966 432 ut

168 444 256 477 pan-is
279 444 304 471 in
327 453 388 471 eum
415 446 590 474 transferatur
613 448 787 476 benedictio:
806 449 849 477 ille
875 457 965 478 autem

171 490 260 515 mnttia
285 491 391 524 amittit,
407 492 521 526 pcrdens
536 494 707 528 semetipsum
731 500 839 530 propter
860 503 964 524 morum

162 534 348 569 iniquitatem.
361 537 386 564 5.
407 536 519 564 Rebecca
534 543 626 570 autem,
643 540 737 574 inquit,
753 540 846 567 audivit
859 541 964 576 lor/uen-

167 582 220 606 lem
231 580 307 607 Isaac
321 590 377 608 cum
393 582 463 609 Esm't
474 583 528 616 [ilio
541 592 596 611 suo.
612 583 662 611 It't't
677 590 760 611 autem
773 585 844 613 Esau
854 587 880 613 in
892 595 963 613 eant-

171 635 243 660 pum,
258 631 285 653 ut
298 633 430 654 venaretur
451 629 563 664 prtcdain
577 630 646 664 patri
666 639 721 658 suo.
742 631 768 658 6.
791 631 861 658 Dixit
881 638 963 660 autem

171 671 286 699 Rebecca
300 673 334 698 ad
355 674 437 706 ﬁlium
449 683 524 701 suum
538 675 677 710 iuniorem.
691 677 778 710 Quare
791 678 897 712 adjecit,
915 678 964 705 Ja-

171 717 289 744 uiorem?
311 718 378 751 Quia
400 720 522 754 superius
544 721 657 754 dixerat,
678 721 779 749 Vocavit
793 723 868 751 Isaac
882 725 963 759 ﬁlium

169 771 244 790 suum
259 769 318 790 natu
341 766 472 799 majora",
489 771 516 793 ut
536 767 669 795 discamus
681 769 724 796 cui
748 778 818 797 ntutc
838 771 964 806 loquatur

168 809 303 844 Rebecca,
320 811 412 846 inquit,
425 813 466 839 Ad
472 813 613 848 juniorcm,
626 815 676 843 hoc
686 820 736 849 est,
751 816 844 844 Jacob.
859 818 960 852 Audivi,

166 855 266 890 inquit,
278 861 373 890 patrem
387 863 457 884 tuum
470 859 609 894 loquentem
628 868 686 887 cum
700 861 770 889 Esau
784 865 862 898 fratre
873 868 926 897 tuo,
939 869 962 892 et

165 901 290 928 dicentum
302 910 311 929 :
324 902 350 929 7.
361 903 433 936 A/I'er
445 904 506 930 ntilti
521 905 687 940 venationem,
698 911 721 934 et
735 910 777 943 [ac
790 909 851 935 milii
864 909 960 941 edulia,

165 951 197 973 ut
209 955 267 973 cum
282 948 422 982 comedero,
444 949 588 977 benedicam
602 956 626 978 te
637 960 722 979 coram
745 953 863 987 Domino,
878 955 962 989 prius-

167 1001 244 1026 quam
264 995 358 1021 utoriar
371 1004 427 1030 ego.
447 995 509 1024 Haec
529 998 634 1032 quidem
649 999 736 1026 audivi
763 1004 862 1034 patrem
888 1006 960 1029 tuum

167 1039 244 1066 fratri
259 1047 304 1067 tuo
317 1040 388 1068 Esat't
403 1042 565 1076 loquentem.
588 1044 616 1071 8.
638 1043 716 1071 Nunc
735 1046 821 1081 igitur,
833 1047 882 1082 ﬁli,
899 1048 961 1074 audi

166 1093 208 1111 mc
217 1085 281 1111 sicut
294 1094 338 1120 cgo
350 1087 395 1113 tibi
406 1088 535 1123 prwcipio,
550 1089 576 1116 9.
591 1093 614 1117 et
631 1090 694 1117 vade
706 1092 739 1117 ad
752 1100 819 1125 oves,
833 1097 855 1119 et
867 1095 960 1121 sumito

166 1131 231 1157 mihi
243 1131 301 1158 inde
315 1132 379 1159 duos
391 1133 476 1160 laedas
489 1139 587 1162 teucros
599 1140 623 1163 et
638 1137 725 1170 bonos,
743 1142 766 1164 et
776 1139 870 1173 faciant
882 1147 913 1166 ex
924 1141 960 1167 eis

163 1177 253 1204 edulia
263 1179 329 1213 patri
338 1184 390 1211 tuo,
399 1184 424 1206 ut
433 1186 517 1208 autat:
527 1181 570 1209 IO.
581 1186 604 1209 et
617 1182 709 1218 infcres
722 1185 840 1218 patrituo
855 1190 878 1212 et
894 1193 960 1213 cont-

159 1223 234 1257 .edet,
243 1229 271 1250 ut
282 1225 410 1253 bencdicat
425 1231 448 1253 te
458 1233 529 1262 pater
542 1233 599 1256 tuus
610 1229 884 1265 priusquammoriatur
893 1233 956 1268 ipse.

201 1270 229 1296 2.
250 1269 364 1297 Rebecca
377 1272 404 1298 in
417 1273 490 1300 rebus
503 1282 559 1309 qua:
570 1275 604 1301 ad
616 1275 813 1304 benedictionem
825 1278 916 1306 Jacobi
926 1280 958 1307 ab

162 1315 260 1342 Isaaco
279 1321 402 1352 spectant,
418 1323 443 1346 et
459 1327 506 1346 suo
528 1321 610 1348 amori
625 1326 648 1348 et
669 1322 718 1356 ipsi
741 1323 789 1350 Dei
809 1324 959 1352 ministravit

157 1362 286 1396 .oraculo;
297 1365 428 1398 cooperari
437 1374 483 1393 nos
497 1366 550 1393 vult
563 1368 659 1395 auxilio
675 1377 720 1396 suo
735 1369 822 1404 Deus;
842 1380 893 1399 non
913 1381 958 1400 co-

162 1413 286 1441 operatur
303 1409 441 1438 mendacio.
454 1426 491 1431 —
501 1412 567 1440 Vide
581 1422 705 1449 magnum
722 1417 814 1444 matris
827 1425 957 1452 amorem,

163 1453 221 1481 imo
242 1455 467 1490 dispensationem
483 1459 540 1485 Dei.
563 1459 620 1494 Ipse
633 1461 703 1488 enim
724 1467 781 1489 erat
796 1464 839 1497 qui
861 1465 884 1491 ei
907 1464 958 1493 hoc

163 1502 306 1529 consilium
323 1503 405 1537 dedit,
422 1509 448 1531 et
461 1505 550 1532 munia
568 1506 635 1534 bene
645 1515 724 1542 agere
737 1509 847 1536 curavit.
862 1510 957 1539 Vidisti

163 1547 259 1575 matris
276 1549 403 1583 optimum
417 1551 578 1578 consilium?
599 1552 664 1580 Vide
679 1557 705 1580 et.
718 1553 801 1582 Jacob
813 1556 956 1590 providen-

164 1593 228 1620 tiam
241 1602 248 1620 :
263 1598 290 1621 et
307 1596 441 1630 quomodo
455 1597 629 1632 respondens,
642 1606 749 1627 suorqu
765 1608 868 1629 morum
890 1602 957 1629 indi-

162 1643 209 1666 cat
231 1641 472 1669 mansuetudinem.
497 1644 540 1671 ll.
565 1643 638 1672 Dixit
660 1646 741 1679 enim,
765 1647 859 1682 inquit,
884 1650 957 1676 matri

161 1692 218 1712 suto
233 1692 242 1712 :
258 1685 303 1712 Est
321 1686 400 1721 frater
410 1696 484 1715 meus
504 1690 541 1716 uir
555 1690 680 1725 hispidus,
698 1701 743 1728 cgo
762 1699 844 1720 autent
861 1695 897 1721 vir
911 1695 957 1722 1w-

157 1731 222 1757 .vis.’
237 1730 280 1758 12.
294 1740 324 1758 uc
337 1735 402 1767 forte
413 1739 547 1762 contrectct
564 1744 604 1762 me
622 1743 695 1771 pater
707 1747 786 1772 meus,
804 1745 827 1766 et
841 1748 882 1767 ero
899 1746 958 1768 aute

161 1783 222 1802 eum
240 1778 310 1811 quasi
328 1784 497 1814 contemnens,
516 1786 540 1807 et
554 1781 673 1809 inducam
696 1783 758 1810 nti/ti
778 1785 827 1819 ipsi
848 1786 956 1812 maledi-

156 1824 283 1858 ctionem,
297 1834 347 1852 non
361 1826 571 1855 benedictionem.
586 1829 676 1864 Magna
693 1831 765 1865 pueri
780 1832 916 1864 honestas,
931 1837 957 1860 et
976 1842 979 1845 ·

162 1869 192 1898 in
205 1875 307 1906 patrem
324 1874 484 1901 reverentia.
503 1875 608 1908 Timeo,
624 1877 717 1911 inquit,
734 1886 768 1904 ne
780 1878 805 1905 in
822 1878 956 1906 diversum

161 1916 290 1944 eveniant
304 1918 388 1945 studia
401 1927 470 1953 mea,
487 1928 520 1948 ne
539 1921 630 1949 videar
644 1922 777 1950 adversari
800 1924 882 1958 patris
896 1932 957 1952 sen-

163 1962 264 1996 tentia},
280 1967 307 1990 et
319 1971 368 1999 pro
391 1964 576 1994 benedictione
598 1968 812 1996 maledictionem
828 1970 892 1997 mihi
907 1971 956 1998 ad-

161 2007 270 2035 ducam.
282 2010 350 2042 Quid
363 2010 442 2046 igitur
451 2011 581 2046 Rebecca,
595 2014 758 2042 admirabilis
772 2015 815 2043 illa
828 2021 852 2043 et
864 2024 957 2044 amans

162 2054 231 2080 lilii?
245 2054 311 2088 Quia
325 2063 377 2083 non
391 2065 423 2084 ex
441 2065 488 2084 sua
508 2062 608 2086 tantum
622 2061 752 2087 sententia
771 2061 893 2096 faciebat,
909 2062 956 2090 sed

161 2102 192 2126 et
211 2098 306 2128 divino
322 2102 490 2130 ministrabat
502 2105 621 2137 oraculo,
638 2105 698 2133 ideo
717 2107 788 2134 omni
808 2107 896 2134 studio
911 2115 957 2136 co-

161 2148 242 2171 natur
264 2147 382 2177 eximere
404 2156 487 2183 puero
502 2154 652 2182 metum,ct
672 2152 771 2179 addere
792 2153 906 2187 animos,
928 2158 957 2181 ut

160 2193 304 2220 consilium
319 2194 436 2228 perficiat
451 2204 459 2222 :
474 2203 526 2223 nec
541 2197 671 2231 promittit
685 2198 708 2225 ei
722 2199 791 2233 quod
814 2200 898 2233 possit
909 2199 956 2227 de-

162 2236 256 2265 ludere
267 2243 380 2272 patrem,
392 2245 419 2267 et
435 2241 518 2269 latere
531 2250 537 2269 :
553 2242 599 2269 sed
613 2243 695 2277 quid?
710 2244 752 2271 I5.
763 2243 798 2270 1n
809 2253 848 2271 me
860 2245 956 2272 recidat

161 2283 306 2311 maledictio
325 2287 391 2319 lucc,
413 2287 452 2320 ﬁli
471 2288 506 2314 nti
523 2295 533 2314 :
554 2293 652 2315 tantum
677 2290 749 2317 obedi
767 2291 821 2317 voci
842 2300 913 2324 ntew,
933 2298 956 2319 et

160 2329 256 2356 vadens
278 2329 428 2362 all'ermilti.
453 2332 486 2359 Et
507 2333 529 2360 si
555 2333 633 2361 fuerit
655 2335 753 2370 aliquid
774 2336 835 2369 tale,
859 2337 954 2371 inquit,

161 2374 228 2402 nihil
246 2375 293 2403 tibi
315 2377 429 2404 nocebit.
446 2378 486 2406 Ne
507 2379 586 2414 igitur
600 2380 703 2415 timeas,
723 2382 770 2409 sed
785 2382 853 2410 bene
871 2383 955 2411 fidens

161 2420 242 2447 Obcttt'
251 2422 307 2448 uoci
321 2431 392 2456 vacat,
406 2429 433 2451 et
446 2424 488 2452 fac
498 2433 557 2459 qua:
566 2426 611 2453 tibi
625 2427 809 2455 consuluntur.
820 2428 884 2456 Hmc
894 2437 956 2456 vere

161 2471 280 2494 materna
297 2468 405 2496 dilectio
423 2475 474 2503 cst,
492 2476 519 2498 ut
539 2480 586 2506 pro
602 2481 684 2507 puero
697 2478 788 2507 parata
810 2475 844 2502 sit
864 2476 955 2503 omnia

159 2511 241 2539 terre.
263 2512 311 2540 Uis
322 2513 399 2541 dictis
423 2515 505 2543 ﬁlium
527 2525 542 2543 a
567 2518 662 2550 timore
685 2519 816 2546 liberavit.
835 2520 877 2547 u.
891 2520 954 2547 Cum

159 2558 238 2592 igitur
258 2560 500 2596 abiisset,.sumpsit
522 2569 545 2590 et
558 2565 641 2592 attulit
657 2566 730 2592 matri
755 2574 809 2593 sua:
831 2586 837 2594 .
862 2572 886 2594 et
896 2569 955 2602 fecit

159 2606 257 2638 edulia,
266 2607 333 2634 sicut
347 2609 448 2636 amabat
467 2615 538 2645 pater
552 2612 616 2646 ejus.
629 2612 672 2639 i5.
687 2612 721 2639 ΕΙ
741 2617 767 2639 ut
784 2614 888 2649 sumpsit
904 2614 954 2640 Re-

159 2651 245 2684 bccca,
264 2653 359 2687 inquit,
371 2655 462 2681 stolam
481 2657 529 2690 ﬁlii
547 2657 587 2683 sui
605 2658 711 2685 senioris
723 2658 867 2692 pulchram,
877 2668 953 2694 quam

160 2698 267 2725 [tabcllat
282 2701 351 2734 apud
373 2709 398 2728 se
411 2701 489 2734 danti,
508 2703 589 2730 induit
611 2704 690 2730 Jacob
711 2705 792 2735 ﬁlium
815 2714 888 2732 suum
908 2706 955 2740 jtt~

159 2744 268 2774 πίοι-ενι.
286 2744 330 2772 16.
345 2750 368 2772 et
382 2746 488 2780 pellibus
503 2748 632 2774 lurdorum
646 2750 748 2776 brachia
757 2751 814 2785 ejus
825 2758 834 2776 :
849 2756 871 2777 et
886 2752 954 2777 nuda

157 2789 221 2815 colli
230 2790 286 2825 eius
300 2791 474 2824 circumdedit,
485 2793 526 2819 I7.
538 2797 560 2819 et
569 2793 639 2821 dedit
652 2795 748 2828 edulia,
758 2801 781 2822 et
796 2804 874 2830 panes
892 2805 953 2829 quos

160 2834 256 2869 (“erat
279 2836 304 2862 iu
331 2846 418 2865 "ianus
440 2838 519 2865 Iacob
533 2840 581 2874 ﬁlii
595 2840 645 2874 sui,
660 2846 682 2868 et
703 2841 792 2868 obtulit
815 2843 882 2877 patri
897 2851 950 2870 suo.

667 115 701 143 ἸΝ
720 117 794 147 CAP.
817 119 922 148 XXVII.
943 119 1063 148 GENES.
1084 120 1199 148 IIOMIL.
1220 120 1284 148 LIII.

1760 128 1813 155 466

1019 176 1097 208 Vidn,
1121 177 1244 210 obsecro,
1262 177 1304 204 hic
1329 177 1456 207 Rebecca:
1475 187 1535 208 cum
1556 189 1649 218 magna
1671 182 1814 212 dihctione

1018 221 1187 255 eonjnnctam
1215 230 1302 250 raram
1325 224 1491 258 sapientiam.
1514 227 1579 255 Nam
1603 228 1664 264 quia
1688 230 1812 264 superius

1019 267 1095 300 dixit,
1107 268 1178 294 illtun
1193 269 1298 303 quidem
1315 269 1446 304 hispidum
1459 279 1529 306 csse,
1544 273 1613 302 hunc
1627 282 1690 302 vero
1702 275 1810 308 ltcvem;

1019 314 1096 346 stola,
1107 313 1201 348 inquit,
1214 315 1283 342 Esau
1295 315 1380 342 induit
1390 324 1460 348 eum,
1472 322 1498 345 et
1509 319 1621 352 pellibus
1636 321 1812 350 circumdedit

1018 365 1090 390 cum,
1105 363 1131 385 et
1146 366 1206 386 cum
1224 360 1339 395 undique
1352 369 1411 387 ettnt
1425 362 1458 388 ad
1470 362 1652 399 tleccptiouem
1669 366 1811 394 instruxis-

1019 408 1069 435 set,
1085 403 1152 430 datis
1167 404 1261 432 eduliis
1276 410 1303 433 et
1313 406 1426 440 panibus
1439 407 1464 434 iu
1481 416 1585 442 mantn,
1599 410 1686 437 ell‘ecit
1700 417 1726 438 ut
1741 413 1810 447 patri

1018 447 1136 475 afferret.
1151 449 1296 478 Considera
1319 451 1362 478 hic
1374 459 1489 484 rursum,
1505 455 1637 488 quomodo
1655 457 1744 483 omnia
1765 465 1811 484 su-

1017 501 1099 528 perna
1114 497 1195 530 gratia
1210 497 1359 524 evenerint.
1371 498 1437 526 Nam
1449 500 1554 534 quando
1566 502 1636 535 quod
1651 510 1665 529 a
1681 503 1757 530 nobis
1769 509 1811 532 est

1017 540 1164 575 offerimus,
1182 543 1290 577 largiter
1307 544 1424 572 divinam
1438 548 1654 581 cooperationcm
1666 552 1810 585 consequi-

1017 594 1087 613 mur.
1105 587 1172 614 Nam
1185 593 1213 615 ut
1228 596 1261 616 ne
1277 589 1382 617 desides
1401 596 1428 618 et
1441 593 1528 626 Supini
1542 593 1636 626 simus,
1660 595 1715 621 vult
1729 597 1809 623 etiam

1017 639 1065 658 nos
1076 633 1173 668 aliquid
1189 634 1321 668 conferre,
1334 644 1387 670 quo
1401 638 1440 665 sic
1453 638 1496 665 illa
1510 646 1557 666 sua
1570 640 1703 674 exhibeat,
1718 646 1745 668 et
1756 649 1810 669 non

1017 681 1100 704 totum
1113 679 1148 705 sit
1162 680 1270 714 superni
1286 682 1388 715 auxilii,
1406 682 1452 710 sed
1466 689 1587 718 oporteat
1604 686 1684 713 ctiam
1700 695 1748 713 nos
1762 688 1809 714 ali-

1016 723 1078 758 quid
1090 723 1168 752 simul
1179 725 1291 761 afferre;
1307 735 1416 763 nequea
1428 729 1504 756 nobis
1514 730 1610 759 iterum
1621 732 1701 766 exigit
1712 737 1807 766 totum,

1015 769 1103 796 sciens
1117 770 1277 799 inﬁrmitatis
1291 777 1389 800 nostra:
1405 775 1628 808 magnitudincm:
1640 777 1684 803 sed
1700 786 1746 812 pro
1760 786 1807 805 sua

1015 814 1189 850 benignitate,
1205 822 1232 844 ct
1244 818 1335 846 volens
1355 821 1523 848 occasionem
1547 822 1661 856 aliquam
1675 825 1807 858 accipere.

1015 864 1043 886 ut
1055 867 1129 887 suam
1140 860 1259 889 declaret
1273 863 1467 896 liberalitatem,
1478 871 1617 900 exspectat
1630 873 1658 894 ut
1667 868 1810 896 aderamus

1013 913 1073 940 qua:
1092 913 1106 932 a
1128 906 1203 934 nobis
1219 913 1281 934 sunt
1294 916 1300 934 :
1314 908 1339 935 id
1355 909 1424 944 quod
1439 915 1464 936 et
1478 918 1548 938 nunc
1563 911 1660 940 factum
1674 918 1725 940 est.
1742 914 1808 940 Nam

1013 951 1074 985 quia
1099 951 1181 980 Jaeob
1200 957 1228 980 et
1252 953 1371 982 llebccca
1397 955 1516 983 fecertmt
1535 964 1565 983 ea
1585 965 1644 992 qu:e
1664 966 1678 984 a
1698 966 1727 986 se
1751 959 1807 986 tieri

1014 995 1173 1030 oportebat:
1188 1002 1217 1025 et
1241 998 1284 1025 ille
1308 1000 1415 1034 quidem
1431 1001 1546 1029 ohetlivit
1565 1003 1680 1030 consilio
1701 1005 1806 1036 matris,

1014 1040 1071 1068 hare
1098 1047 1187 1069 autem
1202 1044 1291 1071 omnia
1305 1053 1366 1079 qua:
1390 1046 1424 1073 ad
1446 1054 1476 1074 se
1500 1048 1649 1075 attinebant
1670 1049 1806 1084 implevit:

1013 1091 1076 1114 tttuc
1099 1088 1166 1114 ttltra
1194 1089 1278 1116 bonus
1302 1090 1428 1118 Dominus
1452 1100 1545 1128 magna
1569 1094 1692 1122 facilitate
1716 1095 1807 1129 perlici

1012 1133 1114 1159 curavit
1137 1134 1207 1168 quod
1221 1135 1338 1163 omnium
1363 1142 1420 1164 erat
1435 1137 1630 1172 difﬁcillimum,
1647 1148 1680 1167 ne
1705 1140 1806 1168 fraudis

1013 1177 1091 1212 hujus
1106 1178 1193 1206 fabula
1206 1185 1267 1206 nota
1283 1187 1355 1208 esset
1368 1181 1468 1210 Isaaco.
1485 1184 1549 1210 Nam
1565 1191 1705 1220 postquam
1717 1187 1806 1216 attulit

1012 1221 1099 1250 edulia
1125 1225 1202 1258 patri,
1219 1225 1261 1252 I9.
1278 1225 1349 1253 Dixit
1371 1228 1404 1254 ad
1424 1237 1480 1255 cum
1491 1237 1501 1256 :
1518 1229 1579 1262 Quis
1599 1236 1625 1257 tu
1641 1240 1676 1264 es,
1692 1232 1728 1265 [ili
1742 1232 1755 1259 ?
1768 1232 1803 1260 Iit

1008 1267 1077 1295 dixit
1098 1269 1178 1296 Iacob
1192 1271 1225 1296 ad
1247 1277 1342 1305 patrcnt
1359 1281 1431 1300 suum
1447 1282 1456 1300 :
1477 1274 1534 1310 Ego
1554 1284 1609 1303 sum
1624 1276 1694 1304 Esau
1707 1278 1806 1312 primo-

1010 1315 1109 1350 genita:
1127 1321 1187 1342 tuus
1202 1325 1210 1343 :
1228 1317 1276 1352 {cci
1298 1318 1342 1344 tibi
1363 1319 1427 1345 sicut
1451 1320 1566 1355 loquutus
1588 1322 1649 1348 milii
1664 1331 1698 1350 rs.
1723 1323 1806 1358 Surge

1010 1369 1081 1396 ergo,
1091 1361 1157 1393 sede,
1171 1367 1193 1389 et
1204 1364 1306 1390 comede
1320 1365 1351 1391 (lc
1366 1366 1495 1393 t-cuatiouc
1507 1375 1570 1398 IllL'tI,
1584 1374 1610 1394 ut
1623 1369 1751 1396 bcuctlicat
1766 1378 1805 1397 me

1010 1407 1095 1434 anima
1109 1412 1162 1437 tua.
1172 1409 1316 1437 Considera
1330 1411 1380 1443 hic,
1398 1411 1520 1446 obsecro,
1530 1419 1626 1448 quanta
1638 1422 1698 1442 eum
1711 1416 1805 1443 anxie-

1012 1457 1065 1480 tate
1074 1454 1154 1481 vcrha
1169 1454 1227 1482 lucc
1242 1455 1365 1490 loquutus
1378 1458 1412 1484 sit
1424 1457 1516 1485 .Iacob.
1528 1459 1578 1492 Qui
1591 1461 1659 1487 enim
1673 1461 1804 1497 principio

1010 1498 1112 1526 dixerat
1123 1501 1204 1527 matri
1218 1510 1224 1527 :
1241 1501 1334 1528 Timeo
1350 1509 1384 1529 ne
1397 1503 1520 1530 inducam
1538 1512 1617 1539 super
1632 1514 1675 1533 nte
1694 1507 1805 1534 maledi-

1009 1543 1134 1577 ctioncm,
1155 1550 1181 1573 et
1207 1554 1258 1573 non
1288 1547 1520 1577 benedictionem:
1544 1558 1614 1578 tutnc
1634 1552 1756 1587 expende
1775 1553 1803 1580 iu

1010 1594 1109 1624 quanto
1122 1591 1215 1618 timore
1226 1593 1387 1620 constitutus
1404 1593 1492 1628 fucrit,
1505 1595 1549 1630 qui
1565 1600 1664 1623 tantam
1688 1597 1802 1627 tabulam

1009 1635 1120 1668 ageret?
1134 1635 1229 1662 Verum
1247 1637 1308 1671 quia
1334 1639 1402 1666 Deus
1417 1645 1474 1666 erat
1489 1641 1532 1674 qui
1555 1642 1749 1675 coopet'abatur
1771 1643 1804 1669 iis

1009 1689 1068 1716 qua:
1083 1681 1192 1716 fiebant,
1207 1685 1295 1711 omnia
1310 1693 1391 1719 opere
1409 1691 1470 1713 sunt
1490 1686 1607 1722 impleta.
1624 1688 1691 1721 Quid
1712 1689 1802 1723 igitm'.

1009 1727 1080 1754 dicct
1101 1728 1207 1763 aliquis,
1223 1736 1417 1764 cooperatusne
1432 1732 1501 1759 Deus
1516 1737 1558 1759 est
1577 1733 1735 1760 mendacio?
1759 1734 1804 1761 Di-

1009 1773 1086 1806 lectc,
1103 1782 1136 1802 nc
1150 1775 1259 1811 indagcs
1282 1781 1383 1804 tanttun
1396 1778 1465 1813 quod
1480 1779 1516 1812 lit,
1532 1779 1577 1806 sed
1601 1780 1709 1808 attende
1722 1781 1802 1808 etiam

1009 1827 1128 1854 scopum,
1145 1826 1172 1848 et
1187 1822 1257 1856 quod
1283 1822 1307 1848 id
1323 1831 1376 1849 non
1398 1823 1497 1851 factum
1513 1825 1546 1851 sit
1563 1825 1715 1859 temporalis
1729 1833 1803 1853 cotu-

1009 1865 1079 1892 modi
1092 1866 1133 1893 vel
1142 1867 1263 1894 avaritia:
1276 1875 1366 1901 causa,
1382 1868 1428 1895 sed
1440 1870 1509 1904 quod
1531 1870 1573 1897 ille
1588 1872 1669 1905 patris
1691 1871 1803 1899 benedi-

1009 1912 1124 1940 ctionem
1139 1913 1188 1940 sibi
1204 1921 1360 1948 comparare
1375 1915 1493 1942 studeret
1510 1925 1517 1943 :
1537 1917 1636 1952 alioqui
1652 1917 1674 1944 si
1690 1918 1724 1944 ita
1739 1919 1803 1945 sim-

1010 1958 1113 1992 pliciter
1130 1968 1189 1994 qua:
1215 1958 1280 1987 liunt
1303 1962 1502 1989 examinaturus
1525 1970 1564 1995 es,
1589 1971 1675 1999 neque
1696 1972 1803 2000 semper

1009 2011 1118 2038 scopum
1134 2005 1259 2040 exquiras
1271 2026 1278 2037 ,
1301 2006 1362 2034 vide
1376 2015 1410 2034 ne
1424 2012 1452 2034 et
1467 2008 1645 2042 patriarcham
1660 2009 1705 2036 lilii
1721 2010 1802 2038 inter-

1009 2049 1148 2084 fectorem,
1164 2055 1191 2078 et
1204 2051 1332 2080 Phinecm
1352 2052 1511 2080 homicidam
1526 2054 1626 2081 dicas‘.
1643 2055 1740 2082 Verum
1753 2063 1799 2083 nc-

1008 2104 1061 2131 qne
1076 2097 1209 2124 Abraham
1234 2098 1280 2125 lilii
1304 2098 1434 2126 homicida
1456 2099 1514 2133 fuit,
1529 2100 1575 2127 scd
1591 2104 1617 2127 et
1630 2100 1706 2128 valde
1719 2100 1743 2128 ci
1763 2101 1802 2128 af-

1009 2142 1094 2169 fectus
1106 2148 1179 2175 erat,
1194 2143 1216 2170 si
1232 2143 1292 2178 quis
1311 2144 1378 2171 alius
1392 2153 1398 2172 :
1421 2152 1507 2179 neque
1522 2145 1635 2173 I’hinees
1658 2145 1800 2177 homicida.

1008 2188 1055 2215 sed
1066 2189 1128 2215 zelo
1143 2189 1247 2223 plenus.
1263 2189 1378 2224 L‘tcrque
1392 2191 1464 2218 enim
1478 2191 1547 2226 quod
1562 2191 1616 2220 Deo
1628 2191 1800 2226 probabatur.

1008 2234 1131 2261 faciebat.
1147 2235 1325 2268 Quamobrem
1338 2236 1386 2264 ille
1402 2244 1450 2271 per
1459 2236 1647 2270 obedien1iam,
1660 2238 1770 2265 multam
1787 2247 1801 2265 a

1010 2280 1064 2307 Deo
1086 2281 1327 2308 remunerationem
1356 2285 1517 2316 promeruit;
1543 2283 1585 2310 hic
1608 2291 1672 2310 vero
1692 2290 1802 2319 propter

1009 2328 1092 2354 zelum
1115 2329 1282 2362 praalicatur.
1309 2329 1410 2356 Dicitur
1429 2330 1500 2356 enim
1516 2339 1521 2356 :
1537 2330 1609 2357 Stetit
1637 2330 1755 2363 Pht'uccs,
1778 2335 1802 2358 at

1008 2374 1116 2408 placat-it
1130 2374 1215 2407 (I’sal.
1233 2375 1293 2402 I05.
1310 2375 1366 2410 50).
1389 2374 1416 2402 Si
1430 2375 1509 2409 igitur
1525 2376 1695 2402 homicidium
1709 2381 1736 2402 et
1751 2376 1800 2403 ﬁlii

1007 2420 1095 2447 caedes
1120 2420 1285 2454 placuerunt.
1310 2420 1371 2455 quia
1395 2420 1542 2447 secundum
1570 2421 1615 2447 Dei
1640 2421 1800 2449 sententiam

1009 2465 1121 2498 {ILbIIIIl'
1146 2473 1196 2492 nec
1223 2465 1383 2492 attendimus
1403 2465 1436 2492 ad
1457 2465 1540 2497 facta,
1564 2466 1608 2492 srd
1633 2466 1665 2493 ad
1691 2474 1800 2501 scopum

1008 2519 1100 2539 eorum
1114 2520 1173 2546 qua:
1188 2512 1358 2546 gerebantur,
1375 2516 1402 2538 et
1414 2511 1447 2538 ad
1462 2511 1627 2538 voluntatem
1647 2518 1739 2538 eorum
1754 2512 1799 2546 qui

1008 2545 1150 2585 femrunt:
1174 2545 1260 2584 niulto
1273 2557 1358 2592 magis
1371 2561 1399 2585 et
1421 2556 1466 2584 hic
1489 2557 1706 2592 perpendeudum
1729 2545 1798 2588 istud

1009 2604 1096 2632 fuerit.

1043 2651 1074 2677 5;
1085 2651 1122 2678 Ne
1135 2650 1215 2685 igitur
1233 2650 1285 2678 hoc
1297 2650 1454 2684 considera,
1475 2650 1545 2684 quod
1569 2649 1633 2677 falsa
1654 2649 1752 2678 fuerint
1767 2659 1797 2677 aa

1007 2704 1066 2730 qua:
1079 2696 1233 2724 dicebantur
1244 2704 1260 2723 a
1274 2696 1382 2728 Jacobo,
1398 2696 1445 2723 sed
1460 2696 1523 2723 illud
1541 2696 1626 2731 cogita
1636 2716 1643 2729 ,
1664 2696 1798 2725 volentem

1040 2788 1047 2803 ι
1066 2790 1135 2811 Juxta
1147 2785 1230 2819 Morel.
1253 2788 1282 2819 et
1293 2783 1362 2819 εει-ῆι.
1386 2783 1567 2819 δίᾳιοῧρηίι-ιιιη
1578 2788 1635 2819 _cst,
1699 2789 1798 2819 scopum

1007 2818 1128 2848 exquiras,
1136 2816 1191 2847 jam
1202 2815 1442 2850 tibtltliccndutu‘crit
1466 2815 1628 2845 )t/tll'itll'f/IJUII
1646 2815 1749 2848 csseﬁlt'i
1759 2815 1797 2841 llt‘

1007 2846 1166 2880 tcr'fcctorcin,
1175 2850 1197 2871 ct
1212 2851 1220 2872 t
1229 2847 1321 2872 hinccm
1330 2846 1481 2872 limiticitlant.
