2046 3126
257 125 308 152 467

248 181 340 208 Deum
357 181 553 216 praedictionem
569 179 690 215 impleri,
704 181 791 207 omnia
799 185 824 207 ut
835 181 872 208 sic
882 180 976 207 tierent
987 179 1043 207 dis-

257 227 419 260 pensavisse.
432 227 464 253 Et
475 231 503 253 ut
518 227 587 253 scias
598 226 681 253 Deum
696 226 784 252 omnia
795 225 878 252 facilia
888 225 1043 256 reddidisse,

255 272 335 299 etiam
347 280 377 299 ea
388 280 446 307 qua:
456 271 571 299 diflicilia
584 275 676 299 erant:
687 271 746 298 vide
756 271 888 306 quomodo
895 271 982 306 justus
992 278 1044 297 non

259 319 375 353 potuerit
391 318 518 353 suspicari
539 318 658 345 fraudem
669 338 676 349 ,
701 317 747 344 sed
768 324 909 352 persuasus
922 317 955 344 sit
969 316 1046 344 dictis

256 364 340 391 .laeob
349 385 356 396 ,
371 369 465 392 etcum
476 364 562 392 edulia
575 365 624 390 ista
635 363 804 396 comedisset,
817 362 1045 390 benedictionibus

258 417 318 435 cum
341 414 503 436 renumeret.
539 408 572 435 Et
595 416 648 436 non
673 408 744 443 prius
767 415 783 434 ιι
805 407 945 435 venatione
967 407 1046 434 rediit

259 455 347 487 iisab,
368 462 447 489 quam
473 454 560 481 omnia
585 458 675 481 essent
699 453 805 488 impleta
820 462 826 479 :
841 457 870 479 ut
891 460 938 487 per
957 451 1045 479 omnia

257 500 385 533 sciamus,
404 500 538 527 voluntate
560 501 604 527 Dei
630 500 685 527 bace
705 504 777 534 gesta
797 500 888 526 fuisse.
907 498 949 526 20.
975 497 1045 524 Dixit

256 550 351 579 (intem,
367 546 464 580 inquit,
487 545 562 572 Isaac
573 553 583 572 :
597 545 665 578 Quid
680 546 742 578 hoc,
761 545 828 580 quod
842 549 893 570 tant
907 545 956 570 cito
975 544 1045 571 inre-

257 591 334 624 nisti,
348 591 409 626 ﬁli?
429 591 477 618 Ille
493 597 576 618 autent
597 592 660 619 dixit
677 599 686 618 :
701 591 775 625 Quod
795 591 898 618 tradidit
924 591 1046 618 Dominus

259 636 327 664 Deus
339 644 396 664 tuus
409 646 493 664 coram
508 646 555 665 me.
568 638 660 665 Ad'utc
675 638 699 665 in
715 638 841 672 angustiis
853 637 940 664 stabat
953 636 1045 668 Jaeob,

258 683 454 717 augebaturque
464 683 605 718 plurimum
618 683 698 710 timor
707 683 764 718 ejus
774 691 882 710 :verum
893 682 949 709 lucc
957 682 1045 709 omnia

259 733 400 763 propterea
416 728 480 756 facta
496 733 572 761 sunt,
589 733 619 755 ut
636 728 768 756 discamus
782 728 862 756 rebus
877 728 940 762 ipsis
955 728 1045 755 Domi-

259 781 322 800 num
345 781 396 799 non
412 769 573 807 simpliciter
589 781 663 800 suam
686 773 823 800 declarare
843 772 1045 800 sollicitudinem

257 822 285 844 et
308 817 500 852 providentiam
513 839 520 851 ,
542 818 592 846 nisi
613 817 707 846 viderit
730 823 757 846 et
777 822 895 846 nostrum
920 817 1046 845 accedere

252 862 399 890 ‘fervorem.
423 863 462 890 Ne
481 863 552 890 enim
575 868 717 898 pra-terens
732 863 818 890 obiter
833 864 901 891 hunc
916 870 1025 898 agonem
1036 883 1045 895 ,

258 908 367 941 dilecte,
385 909 430 935 sed
444 909 597 936 consideres
611 911 644 936 de
658 916 745 936 rerum
761 916 862 936 summa
880 908 959 936 fuisse
975 907 1045 942 peri-

252 953 347 980 ueulum
361 962 367 981 :
379 961 492 989 eumque
507 955 601 981 timore
614 961 645 982 ac
659 958 775 982 tremore
788 954 894 989 plenum
910 953 1000 987 fuisse,
1014 961 1047 981 ne

258 1003 368 1033 propter
391 999 601 1026 benedictionem
624 999 699 1027 ﬁeret
713 1000 784 1027 omni
807 999 983 1027 maledimioni
997 998 1046 1026 ob-

260 1045 365 1073 noxius.
387 1045 487 1072 Deinde
501 1045 586 1080 inquit
597 1066 604 1077 ,
618 1044 664 1072 2i.
678 1045 748 1072 Dixit
764 1044 1047 1080 lsaac:Appropinqtm

259 1091 331 1124 mihi,
351 1095 376 1118 et
389 1091 545 1118 contrectabo
566 1096 604 1124 te,
623 1092 677 1126 ﬁli,
697 1100 730 1119 an
753 1092 787 1119 sis
801 1091 869 1125 ﬁlius
883 1100 952 1119 meus
964 1090 1045 1124 Esau,

259 1136 298 1163 rel
310 1144 369 1163 non.
385 1136 490 1163 Etenim
501 1137 536 1164 ob
547 1145 638 1164 vocem
650 1137 784 1171 paululum
795 1137 931 1164 dubitabat
941 1137 1026 1171 justus
1038 1146 1045 1164 :

261 1181 307 1208 sed
318 1182 377 1216 quia
387 1182 548 1217 dispensatio
559 1182 691 1216 implenda
704 1187 771 1214 erat,
783 1190 836 1209 non
849 1182 967 1217 permisit
979 1182 1047 1210 Deus

261 1231 291 1254 ut
314 1227 390 1254 dolus
411 1228 562 1255 sentiretur.
589 1228 634 1254 ‘2‘2.
660 1228 875 1263 Appropinquavit
897 1233 998 1261 autent,
1024 1232 1047 1254 et

260 1274 420 1300 roritrectnvit
432 1282 499 1306 eum,
515 1278 537 1300 et
552 1273 634 1300 dixit:
649 1272 704 1300 Vox
718 1273 816 1308 quidem
829 1281 876 1300 vos:
887 1272 978 1306 Jacob,
992 1281 1047 1299 ma-

260 1327 307 1345 nus
318 1324 400 1345 autent
411 1327 499 1346 atauus
513 1316 581 1345 Emit
594 1327 602 1345 :
613 1323 634 1345 ct
647 1327 697 1345 non
710 1319 810 1353 agnovit
824 1326 890 1345 eum.
905 1317 970 1345 Vide
983 1325 1049 1353 quo-

255 1365 340 1391 modo
360 1365 482 1391 ostendat
505 1369 588 1391 totum
610 1373 624 1391 ιι
649 1365 694 1392 Dei
719 1365 803 1399 gratia
829 1371 952 1392 manasse
967 1373 973 1390 ε
987 1372 1047 1399 qua:

258 1409 393 1436 efficiebat
405 1429 412 1441 ,
432 1413 462 1436 ut
476 1410 531 1444 ipse
547 1409 611 1436 nihil
625 1409 719 1436 horum
733 1413 903 1444 agnosceret,
921 1415 947 1437 et
965 1409 1048 1437 Jacob

251 1459 369 1488 paterna
385 1454 516 1482 frueretur
535 1455 728 1482 benedictione.
745 1455 776 1481 Et
792 1463 841 1481 non
856 1455 957 1490 agnovit
971 1463 1043 1486 eum,

251 1500 358 1534 tiuquit;
377 1505 448 1526 erant
460 1500 526 1527 enim
545 1509 634 1527 manus
648 1501 701 1535 ejus
722 1501 787 1527 sicut
799 1509 888 1527 ntanus
909 1499 988 1527 Esni.
1000 1500 1045 1528 ει.

257 1544 294 1570 Ἰἰι
309 1545 382 1577 dixit,
399 1545 468 1572 Tune
479 1553 505 1572 es
519 1546 587 1580 ﬁlius
601 1555 671 1573 meus
682 1546 768 1574 Esait?
779 1546 842 1574 Vide
857 1546 962 1578 iterum,
978 1554 1047 1582 quo-

261 1590 341 1618 modo
349 1591 461 1618 ostendit
470 1592 557 1619 divina
563 1592 708 1627 Scriptura,
718 1591 788 1627 quod
799 1592 1045 1627 dubitassetjnstus.

261 1635 333 1662 Dixit
345 1637 415 1663 enim
426 1657 433 1669 ,
457 1637 559 1671 inquit,
575 1637 644 1664 Nam
658 1643 685 1664 tu
703 1646 729 1666 es
750 1638 818 1673 ﬁlius
832 1646 901 1665 meus
916 1638 1005 1665 Esau?
1018 1643 1048 1666 ut

259 1688 292 1707 es
305 1688 337 1708 eo
350 1689 454 1716 quoque
467 1683 580 1710 sciamus
591 1703 598 1715 .
620 1687 723 1718 patrem
736 1683 833 1711 vietum
850 1683 962 1711 naturali
980 1684 1046 1711 atl'e-

258 1726 346 1754 ntione
359 1729 446 1754 omnia
458 1728 570 1756 fecisse:
583 1729 667 1756 Deum
681 1734 780 1762 autem,
791 1730 836 1765 qui
851 1729 936 1756 futura
951 1729 1046 1764 praevi-

260 1771 321 1804 det,
343 1777 370 1799 et
394 1773 520 1800 virtutum
538 1778 598 1801 nota
618 1781 711 1801 servos
731 1781 794 1802 suos
813 1774 939 1810 insignire
960 1775 1046 1809 solet,

252 1817 347 1844 nomuia
360 1817 430 1845 hunc
443 1818 469 1846 in
483 1819 590 1846 modum
604 1819 812 1854 dispensavisse.
822 1820 856 1847 Et
869 1820 936 1847 dixit
949 1820 1044 1847 Iacob:

259 1862 326 1897 Ego.
347 1863 489 1899 Postquam
511 1865 582 1892 enitu
604 1865 685 1898 dixit,
704 1864 775 1892 Num
796 1870 822 1892 tu
842 1873 869 1892 es
891 1864 959 1893 Esau
979 1867 1047 1900 ﬁlius

252 1907 347 1934 iniens?
358 1912 385 1935 et
395 1909 469 1941 dixit,
484 1908 538 1945 Ego
547 1918 556 1936 :
565 1909 640 1942 dixit,
654 1910 699 1937 25.
714 1910 784 1944 Alfer
796 1911 868 1942 mihi,
883 1915 906 1938 et
918 1911 1047 1938 comedam

249 1953 291 1980 -de
310 1955 438 1981 venatione
452 1960 495 1981 tua
506 1977 514 1989 ,
536 1956 584 1990 ﬁli,
600 1961 626 1982 ut
643 1956 771 1983 benedicti!
786 1962 809 1984 te
821 1958 905 1984 anima
917 1966 972 1984 mea
985 1965 993 1984 .'
1004 1958 1046 1985 vix

258 1999 363 2027 tandem
377 2008 390 2027 a
404 2009 464 2028 cura
480 2002 591 2029 solvitur
603 2002 700 2036 Jacob,
720 2008 743 2030 et
763 2003 849 2030 attulit
862 2004 926 2039 patri
943 2005 1026 2031 edulia
1036 2024 1047 2038 ,

257 2046 389 2081 attulitque
402 2048 485 2074 riuum
495 2069 502 2080 ,
524 2053 549 2075 et
569 2048 637 2076 bibit.
653 2048 697 2076 26.
713 2048 745 2076 Et
766 2050 831 2076 dirit
843 2050 866 2076 ei
881 2058 891 2077 :
905 2050 1000 2077 Accede
1013 2051 1047 2077 ad

258 2099 312 2124 me,
326 2097 349 2118 et
364 2092 477 2119 osculare
491 2102 531 2120 me
540 2115 547 2125 ,
565 2094 613 2128 ﬁli.
632 2093 679 2121 27,
693 2094 724 2121 Et
736 2095 855 2122 accedens
869 2096 994 2122 osculatus
1011 2100 1049 2123 est

248 2144 332 2169 'eunt;
356 2142 378 2164 et
401 2139 521 2166 odoratus
540 2144 578 2166 es!
597 2141 698 2167 odorem
722 2141 921 2168 vestimentorum
936 2142 1006 2175 eius,
1023 2146 1047 2169 et

257 2181 381 2209 benedixit
394 2191 450 2210 eum
459 2205 466 2216 ,
481 2192 510 2210 ac
524 2185 597 2211 din't.
613 2185 677 2212 Vide
690 2185 786 2212 divina:
798 2185 940 2220 Scriptura!
955 2187 1047 2214 obser-

246 2227 400 2253 wationcm.
416 2227 557 2263 Postquam
573 2229 761 2264 interrogavit,
779 2230 848 2256 Num
869 2235 896 2257 tu
916 2239 942 2258 es
956 2231 1047 2259 Emi?

257 2276 284 2299 et
297 2271 373 2303 dixit.
388 2272 443 2308 Ego
453 2281 464 2300 :
475 2274 570 2301 iterum
584 2275 758 2302 contrectat-it
769 2282 843 2309 eum,
855 2281 879 2302 et
893 2276 1046 2304 subdubim—

241 2317 312 2351 ’bat,
327 2325 387 2345 cum
401 2326 433 2346 ex
447 2326 512 2346 voce
522 2326 590 2353 perte
600 2319 795 2347 simulationem
809 2320 1024 2356 deprehendisset
1036 2330 1045 2348 :

255 2367 282 2390 et
297 2363 393 2390 iterum
416 2363 603 2399 interrogavit,
627 2363 697 2391 Nunt
710 2369 736 2392 tu
749 2373 775 2393 es
789 2366 857 2400 ﬁlius
872 2375 939 2394 meus
958 2366 1048 2395 Esau?

255 2413 284 2435 et
297 2409 373 2441 dixit,
387 2409 496 2444 Εςοτθι
510 2414 600 2444 postea
620 2410 708 2438 attulit
721 2411 763 2444 ei,
779 2415 806 2439 et
820 2412 934 2439 comedit
946 2422 954 2441 ;
965 2417 1043 2446 tunc,

253 2454 358 2489 inquit,
383 2454 518 2483 Osculatus
540 2461 575 2483 e«t
593 2465 660 2487 eunt,
675 2462 698 2484 et
723 2457 845 2485 benedixit
867 2467 934 2486 eunt.
954 2459 988 2487 Ut
1011 2467 1044 2487 ne

234 2512 240 2518 ν
255 2499 316 2533 quis
329 2500 452 2534 opinetur
463 2508 522 2528 eum
539 2502 564 2528 in
581 2509 721 2537 personam
740 2503 810 2531 Esau
831 2504 1042 2532 benedictionem

253 2544 365 2579 kcisse,
381 2546 428 2573 sed
451 2546 476 2574 in
500 2548 574 2576 illum
590 2556 669 2584 quem
685 2550 821 2578 osculatus
833 2555 873 2578 est
885 2559 892 2578 :
903 2555 1041 2586 propterea

231 2609 234 2611 .
253 2586 544 2621 commemoratdivina
557 2594 701 2630 Scriptura,
719 2595 788 2630 quod
803 2596 938 2624 osculatus
951 2601 1001 2629 est,
1015 2602 1043 2624 et

231 2646 233 2656 ι
253 2636 388 2665 benedixit
411 2638 501 2673 illum,
523 2647 602 2675 quem
628 2641 762 2669 osculatus
784 2645 835 2670 est.
858 2641 985 2669 Odoratlu
1006 2647 1042 2670 est

229 2699 233 2704 η
252 2682 431 2712 οιιέιιι-οδονειη
450 2685 651 2714 vestimentorum
672 2687 727 2723 ejus
747 2691 771 2714 et
791 2686 915 2714 bencth
931 2695 1005 2720 eum,
1019 2692 1042 2714 et

248 2727 312 2755 diait
326 2737 335 2756 :
349 2728 414 2757 Ecce
427 2730 490 2758 odor
502 2731 550 2765 ﬁlii
561 2731 628 2765 mei,
645 2732 708 2759 sicut
726 2732 790 2760 odor
802 2732 858 2768 agri
872 2732 955 2767 pleni,
968 2740 1041 2767 quem

236 2773 375 2802 T‘bcndiait
388 2775 521 2805 Dominus.
532 2777 579 2805 28.
594 2778 628 2805 Et
642 2778 710 2805 dabit
720 2779 764 2805 tibi
780 2778 846 2806 Deus
858 2779 889 2805 de
904 2787 961 2806 rore
973 2779 1039 2812 ccli,

231 2824 273 2847 net
285 2819 317 2847 de
328 2821 478 2857 pinguedine
490 2827 611 2858 teme,“
623 2823 807 2851 multitudinem
814 2823 933 2860 frumenti
943 2829 967 2852 et
977 2824 1039 2852 vini.

605 122 645 151 'S.
665 122 801 151 IOANNIS
819 121 1052 151 CHRYSOSTOMI
1073 121 1230 149 ARCI’IIEP.
1251 121 1517 152 CONSTANTINOP.

1838 125 1889 152 608

1102 178 1168 212 Det,
1184 179 1268 213 inquit
1279 200 1286 211 ,
1303 179 1431 207 Dominus
1441 180 1510 207 Deus
1524 179 1569 207 tibi
1582 200 1589 213 ,
1602 180 1646 215 qui
1660 179 1747 207 edulia
1761 181 1889 214 attulisti,

1100 225 1142 258 qui
1164 232 1179 252 ιι
1203 233 1246 252 me
1262 225 1381 252 osculum
1405 225 1591 260 aecepisti:Et
1613 226 1720 253 serviant
1739 226 1783 253 tibi
1795 234 1887 262 gentes.

1101 269 1168 297 Vide
1188 270 1323 305 quomodo
1346 271 1555 298 necessariorum
1576 272 1679 306 copiam
1697 273 1746 307 ipsi
1770 279 1891 308 precatus

1101 316 1136 343 sit
1147 336 1154 348 ,
1169 316 1265 344 deinde
1279 317 1452 352 principatum
1465 317 1582 352 gentium
1595 338 1602 351 ,
1621 318 1768 352 pra'dicens
1783 323 1810 346 et.
1820 319 1891 346 futu-

1099 370 1154 389 ram
1169 362 1226 397 ejus
1240 364 1441 398 prosperitatem
1452 368 1479 390 et
1489 371 1580 390 eorum
1594 363 1637 398 qui
1653 363 1686 390 ab
1701 372 1733 391 eo
1745 369 1890 393 nascuntur

1099 407 1300 435 incrementum.
1317 407 1351 435 Et
1363 409 1468 436 adorent
1488 413 1512 435 te
1529 409 1663 443 principes.
1685 409 1744 436 Non
1766 408 1889 438 solumei

1099 457 1258 487 apprecatur
1271 455 1388 488 gentium
1407 454 1597 489 subjectionem
1609 475 1615 485 ,
1632 455 1677 482 sed
1697 455 1776 482 etiam
1791 455 1889 490 princi-

1100 506 1172 532 pum.
1190 497 1222 524 Et
1236 499 1270 525 sis
1283 499 1398 526 dominus
1414 499 1501 533 fratris
1516 500 1561 526 ttti.
1577 498 1643 527 Vide
1661 501 1795 534 quomodo
1807 501 1892 528 servit

1096 544 1194 578 justus,
1209 545 1288 572 etiam
1311 545 1452 579 ignorans.
1479 545 1524 572 Dei
1545 545 1684 572 voluntati.
1706 546 1800 574 Omnia
1819 548 1892 574 enim

1101 590 1156 616 lure
1170 594 1278 624 propter
1292 589 1343 617 hoc
1355 590 1578 625 tlispensabautur
1590 612 1597 621 ,
1612 595 1641 617 ut
1655 590 1697 617 hic
1711 597 1820 625 propter
1835 592 1889 618 vir-

1099 639 1181 662 tutem
1197 635 1310 670 dignus,
1325 635 1435 670 recipiat
1455 635 1676 663 benedictionem.
1700 636 1732 662 Et
1750 637 1892 663 adorabunt

1099 686 1122 708 te
1142 682 1189 716 ﬁlii
1211 683 1289 716 patris
1308 683 1354 708 tui.
1375 681 1458 709 Filios
1478 682 1615 709 consuevit
1638 682 1775 716 Scriptura
1794 690 1892 710 vocare

1099 734 1206 754 omnem
1221 728 1418 761 generationem
1433 735 1439 753 :
1451 727 1519 754 sicut
1532 732 1558 754 et
1572 727 1614 754 bie
1626 748 1633 757 .
1657 728 1724 754 filios
1737 728 1819 762 patris
1834 729 1867 754 tui
1881 737 1890 756 :

1098 778 1130 799 ac
1144 772 1166 798 si
1181 772 1240 806 quis
1250 772 1351 800 diceret
1361 780 1406 799 eos
1418 772 1462 807 qui
1473 781 1504 799 ex
1516 773 1618 800 semine
1633 773 1702 800 Esau
1713 773 1792 801 futuri
1803 780 1890 801 erant.

1099 816 1157 843 Non
1172 817 1242 844 enim
1257 816 1324 844 alios
1343 816 1412 844 filios
1429 817 1521 844 habuit
1544 817 1632 849 Isaac,
1651 825 1729 852 quam
1752 818 1801 846 hos
1822 819 1891 845 duos

1099 861 1184 889 solos.
1197 861 1247 895 Qui
1267 862 1394 888 maledicit
1414 867 1452 895 te,
1472 863 1504 889 sit
1522 863 1689 890 ina/edictus:
1703 864 1747 898 qui
1768 865 1891 891 benedici!

1100 911 1132 939 te,
1149 906 1180 933 sit
1194 906 1336 933 benedictus
1361 907 1430 934 Ecce
1443 907 1596 935 coronidem
1610 907 1812 941 benedictionis,
1827 917 1893 936 cccc

1098 958 1229 979 summam
1245 953 1362 980 omnium
1375 953 1514 986 bonorum,
1530 961 1590 981 esse
1603 953 1782 982 benedictum.
1797 955 1890 982 Vidisti

1101 997 1147 1025 Dei
1161 998 1349 1025 clementiam?
1369 998 1418 1032 Qui
1433 999 1556 1026 timuerat
1571 1006 1604 1026 ne
1618 999 1831 1030 majetlictionem
1846 1008 1894 1027 ac-

1099 1043 1200 1077 ciperet
1212 1051 1260 1078 pro
1273 1044 1467 1076 benedictione,
1482 1052 1534 1071 non
1549 1044 1635 1071 solum
1647 1052 1705 1071 eum
1720 1050 1792 1072 tanta
1810 1046 1891 1080 largi-

1100 1092 1154 1115 tate
1165 1087 1362 1116 benedictiones
1372 1097 1386 1116 a
1399 1094 1471 1122 patre
1482 1093 1600 1123 reportat
1612 1089 1674 1116 :sed
1685 1094 1712 1116 et
1726 1090 1762 1116 illi
1778 1090 1890 1117 maledi-

1099 1137 1205 1166 cuntur,
1216 1134 1260 1168 qui
1271 1138 1402 1161 attentarit
1414 1142 1474 1162 cum
1488 1134 1656 1162 maledicere.
1667 1134 1735 1162 lline
1746 1135 1892 1169 discamus,

1099 1178 1169 1213 quod
1183 1178 1288 1213 quando
1301 1180 1361 1214 quis
1379 1179 1526 1207 secundum
1539 1179 1703 1207 voluntatem
1715 1181 1760 1208 Dei
1772 1189 1818 1208 sua
1833 1182 1890 1208 dis-

1100 1231 1212 1258 pensare
1233 1224 1303 1256 vult,
1329 1229 1401 1252 lauto
1416 1232 1531 1260 superno
1561 1225 1680 1252 subsidio
1692 1226 1847 1261 adiuvatur,
1862 1232 1892 1254 ut

1100 1268 1151 1297 hoc
1168 1269 1245 1304 plane
1262 1271 1348 1305 reipsa
1362 1271 1524 1306 experiatur.
1539 1271 1605 1304 Quis
1619 1271 1689 1298 enim
1706 1279 1758 1298 non
1773 1272 1892 1299 admire-

1100 1318 1142 1341 tur
1162 1318 1190 1341 et
1210 1314 1380 1350 Obstupescat
1402 1316 1447 1343 Dei
1470 1315 1628 1344 ineffabilem
1653 1316 1894 1352 dispensationem,

1099 1359 1169 1394 quod
1188 1367 1240 1388 non
1261 1360 1334 1396 prius
1351 1361 1421 1388 Esau
1436 1363 1470 1390 de
1485 1362 1625 1390 venatione
1642 1362 1796 1396 advenerit,
1812 1372 1894 1399 quam

1099 1405 1248 1434 solveretur
1261 1406 1356 1434 fabulat
1372 1407 1441 1435 illius
1456 1413 1639 1443 argumentum
1650 1429 1658 1442 ,
1680 1413 1706 1436 et
1726 1410 1832 1444 quando
1848 1410 1893 1437 ille

1098 1456 1205 1486 accepta
1219 1452 1403 1480 benedictione
1416 1461 1430 1480 a
1445 1459 1519 1488 patre
1531 1454 1673 1482 discessit?
1685 1455 1740 1483 Hoc
1748 1455 1825 1482 enim
1842 1463 1894 1482 nos

1098 1496 1196 1524 docere
1205 1498 1299 1525 volens
1311 1497 1405 1526 beatus
1419 1499 1505 1526 Moses
1521 1500 1612 1535 adjicit
1621 1510 1630 1528 :
1639 1501 1683 1529 50.
1697 1500 1732 1528 Et
1746 1502 1842 1536 factum
1855 1507 1892 1528 est

1099 1547 1230 1577 postquam
1243 1544 1345 1571 cessavit
1362 1543 1436 1571 Isaac
1451 1544 1594 1573 benedicere
1606 1545 1684 1573 Iacob
1700 1547 1781 1580 ﬁlium
1795 1554 1868 1573 suum
1881 1554 1892 1573 :

1098 1594 1122 1616 et
1137 1589 1231 1623 factum
1250 1595 1286 1616 est
1306 1590 1408 1625 quando
1421 1591 1495 1618 exivit
1509 1591 1587 1619 Iacob
1609 1601 1624 1618 a
1643 1593 1709 1628 fucis
1722 1592 1797 1620 Isaac
1810 1593 1893 1628 panis

1098 1634 1147 1666 sui,
1162 1642 1219 1661 ecce
1231 1634 1302 1662 Esat't
1315 1637 1394 1670 frater
1405 1644 1468 1663 suus
1481 1638 1549 1663 venit
1558 1637 1590 1664 dc
1599 1638 1737 1665 venatione.

1133 1678 1161 1705 4.
1176 1678 1304 1713 Quidquid
1318 1685 1447 1714 peractum
1461 1681 1493 1708 sit
1502 1702 1510 1714 ,
1524 1687 1579 1716 post
1592 1683 1726 1709 adventum
1738 1682 1817 1716 Esm‘s,
1831 1691 1892 1709 nar-

1098 1729 1137 1750 rat
1165 1726 1357 1753 commentando
1384 1726 1591 1762 Chrysoslomus;
1615 1729 1793 1756 benedictionis
1821 1729 1894 1757 Emi

1097 1770 1232 1805 explicatio
1255 1779 1385 1799 numerum
1405 1774 1510 1800 claudit.
1527 1789 1562 1794 —-
1581 1774 1647 1802 Vide
1670 1775 1806 1810 quomodo
1830 1780 1893 1810 post

1098 1815 1170 1843 illius
1186 1817 1288 1844 exitum
1307 1818 1375 1846 alter
1392 1819 1481 1846 statim
1501 1819 1618 1848 advenit.
1641 1820 1699 1848 Non
1719 1821 1770 1848 hoc
1790 1821 1893 1856 absque

1098 1865 1177 1886 causa
1190 1858 1230 1886 vel
1252 1863 1351 1888 temere
1371 1860 1477 1893 factum,
1490 1861 1536 1889 sed
1551 1867 1579 1890 ut
1594 1863 1718 1898 ignorans
1738 1863 1845 1891 alTerret
1862 1869 1891 1891 t-t

1099 1903 1157 1939 ipse
1167 1904 1265 1938 edulia,
1279 1911 1305 1933 ct
1317 1914 1331 1933 ιι
1348 1912 1421 1941 patre
1435 1907 1584 1936 addisecrct
1605 1917 1660 1936 rem
1681 1914 1762 1936 totam
1783 1914 1813 1936 ut
1831 1914 1892 1936 acta

1100 1955 1167 1978 erat.
1183 1950 1249 1978 Nam
1263 1952 1284 1978 si
1299 1952 1324 1978 in
1341 1952 1448 1980 fratrem
1463 1953 1610 1986 incidisset,
1627 1954 1738 1981 forsitan
1754 1960 1781 1981 et
1803 1955 1890 1989 ipsum

1099 1995 1286 2029 interemisset,
1303 1997 1387 2025 rictus
1402 1999 1438 2025 ira
1454 2007 1461 2025 :
1475 1999 1522 2034 qui
1535 1999 1605 2026 enim
1621 1999 1671 2026 boc
1682 2005 1773 2034 postea
1788 1999 1890 2027 delibe—

1099 2043 1176 2076 ravit,
1190 2043 1274 2070 multo
1286 2044 1368 2079 magis
1383 2043 1445 2072 dum
1459 2051 1583 2080 ageretur
1597 2046 1744 2080 negotium,
1758 2046 1783 2073 id
1798 2050 1887 2073 atten-

1100 2092 1191 2116 tasset.
1204 2089 1256 2117 Sed
1271 2097 1367 2117 manus
1388 2090 1433 2117 Dei
1453 2095 1522 2123 erat,
1540 2098 1599 2125 qua:
1615 2098 1725 2125 puerum
1742 2091 1863 2118 servabat
1878 2100 1886 2118 :

1098 2138 1125 2161 et
1149 2134 1218 2161 hunc
1243 2135 1349 2169 quidem
1378 2134 1484 2170 dignum
1509 2136 1694 2164 benedictione
1719 2137 1826 2169 effecit,
1854 2137 1888 2163 ιι-

1099 2179 1153 2207 lum
1179 2185 1267 2208 autem
1277 2188 1304 2210 et
1318 2183 1504 2211 benedictione
1512 2182 1628 2218 privavit
1636 2189 1663 2210 et
1671 2183 1887 2218 primogrnittna.

1098 2226 1143 2254 5|.
1168 2226 1202 2254 Ut
1225 2231 1308 2254 autem
1330 2228 1439 2260 advenit,
1464 2229 1559 2264 inquit,
1584 2229 1641 2264 fecit
1664 2234 1688 2255 et
1712 2229 1768 2263 ipse
1791 2229 1888 2261 edulia,

1098 2277 1122 2298 et
1142 2273 1225 2299 attulit
1244 2274 1310 2306 patri
1330 2281 1386 2306 suo,
1407 2278 1430 2301 et
1449 2274 1512 2301 dixit
1526 2283 1537 2301 :
1549 2275 1644 2310 Surget
1664 2279 1738 2309 pater
1755 2283 1844 2307 meus,
1864 2279 1890 2301 et

1097 2318 1210 2344 comedat
1226 2319 1258 2345 de
1278 2320 1408 2346 venatione
1419 2320 1468 2354 ﬁlii
1485 2320 1533 2352 sui,
1550 2325 1577 2346 ut
1595 2320 1725 2347 benedicat
1746 2329 1786 2347 me
1803 2322 1889 2347 anima

1098 2369 1150 2391 tua.
1165 2364 1370 2399 Vide,obsecro,
1382 2365 1475 2393 iterum
1483 2365 1583 2400 justum
1594 2365 1753 2400 perturbari,
1763 2371 1789 2393 et
1800 2370 1889 2393 mente

1097 2411 1222 2438 cruciari.
1241 2410 1307 2438 Nam
1329 2415 1358 2438 ut
1377 2411 1486 2444 audivit,
1499 2412 1542 2439 32.
1558 2411 1630 2439 Dixit
1646 2420 1653 2438 :
1666 2411 1730 2446 Quis
1739 2421 1766 2439 es
1778 2412 1825 2438 tu?
1839 2411 1890 2438 lll‘e

1096 2461 1180 2483 autem
1199 2456 1263 2483 dixit
1277 2465 1289 2484 :
1302 2456 1358 2492 Ego
1371 2465 1427 2484 sum
1447 2457 1515 2491 ﬁlias
1533 2462 1590 2484 tuus
1609 2458 1791 2492 primogenitus
1806 2456 1887 2483 Emi.

1099 2502 1162 2529 Vide
1174 2501 1307 2536 quomodo
1321 2502 1437 2536 superbe
1449 2509 1479 2529 se
1492 2506 1566 2537 gerat
1579 2502 1605 2529 in
1618 2510 1648 2529 re
1663 2503 1787 2537 praesenti
1807 2511 1814 2529 :
1835 2509 1886 2528 non

1095 2548 1161 2576 satis
1171 2547 1219 2583 ipsi
1236 2547 1285 2574 fuit
1297 2547 1396 2580 dicere,
1410 2547 1465 2583 Ego
1477 2556 1533 2574 sum
1546 2547 1616 2575 Erat”:
1626 2548 1692 2576 :sed
1701 2546 1812 2577 addidit,
1830 2546 1889 2572 Pri-

1095 2595 1245 2630 mogenitus.
1269 2594 1314 2622 55.
1339 2593 1473 2629 Obstupuit
1491 2598 1576 2621 autem
1593 2593 1667 2621 Isaac
1688 2598 1792 2628 stupore
1812 2593 1890 2619 relie-

1095 2639 1183 2671 menti,
1193 2644 1218 2666 et
1231 2639 1294 2666 dixit
1305 2647 1315 2666 :
1325 2638 1388 2672 Quis
1400 2639 1477 2674 igitur
1491 2643 1593 2666 venatus
1603 2643 1638 2666 est
1649 2638 1711 2665 mitti
1720 2638 1887 2669 uenationem,

1094 2689 1119 2712 et
1131 2684 1215 2711 attuls't
1228 2684 1301 2716 mihi,
1315 2689 1338 2711 et
1350 2684 1448 2710 consedi
1460 2684 1492 2710 de
1506 2684 1620 2710 omnibus
1634 2688 1768 2717 antequam
1780 2687 1806 2709 tu
1817 2682 1888 2709 seni-

1093 2739 1134 2758 res
1149 2739 1156 2758 :
1169 2735 1193 2758 et
1207 2730 1322 2758 benedixi
1336 2738 1404 2763 eum,
1417 2735 1442 2757 et
1453 2730 1485 2757 sit
1495 2729 1656 2757 benedictus?
1672 2729 1738 2756 Vide
1752 2728 1889 2764 quomodo

1095 2778 1121 2805 in
1135 2777 1309 2812 perplexitate
1326 2777 1486 2804 constitutus
1501 2777 1599 2810 justus,
1611 2781 1638 2804 et
1651 2783 1763 2803 narrans
1774 2774 1887 2806 factum,

1097 2822 1198 2851 addidit
1216 2828 1306 2851 tamen
1323 2822 1438 2858 graviter
1457 2822 1526 2850 illita
1545 2822 1663 2849 animum
1675 2821 1838 2850 vulnerans:
1853 2818 1887 2846 Et
