2046 3126
179 136 233 166 ιε’

176 194 293 222 benedixi
305 203 370 227 eunt,
387 198 410 222 ct
423 194 456 222 ait
467 193 618 221 benedictus.
634 192 690 220 lloc
701 198 789 220 autem
806 193 915 221 faciebat
929 194 971 229 ju-

175 245 245 274 stus,
261 241 389 275 sapientia
413 240 458 268 Dei
479 240 548 267 illius
572 241 685 274 linguam
705 242 852 276 dirigento.
868 245 896 267 ut
910 249 971 268 cum

178 287 223 313 il‘ie
238 287 327 313 omnia
342 286 483 321 diligenter
494 286 630 313 didicisset
643 307 649 317 ,
671 287 741 314 scire
767 292 853 321 posset
869 286 933 313 nihil
947 286 971 313 ei

176 331 284 365 profore
299 332 338 358 vel
356 331 601 366 primogeniluratu.
615 331 657 358 vel
669 332 845 358 venationem.
860 332 903 359 5i.
919 331 972 357 Λιι-

174 377 237 405 ιὶίιὶε
253 377 410 405 sermonibus
427 377 516 412 patris,
534 377 603 404 Esat't
624 378 740 404 clamavit
763 386 820 404 voce
837 387 930 412 magna
950 381 972 404 'et

174 424 275 450 acerba.
293 422 364 456 Quid
381 429 421 449 est
435 443 442 455 ,
466 422 530 449 Voce
544 431 634 458 magna
649 428 672 449 et
685 423 794 450 acerba?
812 424 972 458 Indignatio-

177 477 238 495 ncm
263 469 421 503 significavit
443 476 491 503 per
511 469 631 502 verbum,
646 473 674 496 et
694 470 758 496 iram
782 477 904 504 tttagnatn
919 477 971 503 qut

175 521 322 541 succensus
335 519 375 540 est
395 521 456 541 cum
472 513 529 540 lucc
542 514 689 541 didicisset.
706 511 739 540 Et
753 513 830 545 dixit,
846 513 954 540 Benedic
965 534 972 545 ,

176 560 289 592 obsecro,
303 564 326 586 et
340 567 388 592 me,
406 565 486 593 pater.
505 559 550 586 55.
570 558 642 586 Dixit
655 564 738 585 autem
754 560 776 585 ei
787 567 796 586 :
810 559 902 585 Frater
915 564 973 586 (nus

176 606 243 631 venit
257 614 314 632 cunt
334 606 403 638 dolo,
422 609 445 632 et
465 605 559 640 accepit
578 605 773 632 benedictionem
789 610 867 631 tuam.
884 604 968 637 l’rinr,

175 650 273 684 lnqnit,
292 650 373 677 ftatcr
392 654 451 677 tuus
469 649 679 677 benedictionem
694 657 800 677 omnem
815 650 928 676 ubcrtitn
943 653 970 676 et.

175 695 285 729 copiose
298 695 421 729 abripuit.
435 695 474 722 .Et
485 699 512 722 ut
521 692 864 730 sciassupernamgratiam
876 695 908 722 ad
921 695 970 722 hoc

176 740 261 766 fuisse
273 745 441 774 cooperatam
452 760 459 772 ,
483 744 511 766 ut
531 740 617 773 justus
636 740 813 774 deciperetur,
829 740 888 767 vide
904 748 971 774 quo-

177 784 260 811 utotlo
273 785 330 819 ipse
345 785 395 811 ltoc
407 784 522 811 fateatur
533 785 625 812 dicens
639 793 646 811 :
669 784 740 811 Venit
756 786 834 819 frater
844 791 902 812 tuus
915 793 971 811 cuin

177 831 239 857 doto
251 838 260 857 :
272 831 345 865 quasi
361 835 469 858 excuset
484 839 513 858 se
527 832 596 866 apud
616 832 696 858 liliutu
710 853 716 864 ,
738 837 764 859 ct
786 832 859 859 illntn
879 833 972 859 doceat

177 877 282 909 dicens,
305 876 428 910 ignorans
442 877 478 902 illi
494 877 693 904 benedictiones
707 877 834 912 impendi,
847 881 874 904 ct
893 885 971 911 para-

177 927 222 949 tus
236 930 309 949 cram
332 923 376 948 libi
396 930 441 949 eas
464 923 551 958 largiri
567 932 574 950 :
589 923 635 950 sed
649 923 692 950 ille
713 923 782 950 Venit
795 932 851 950 cum
868 923 936 955 dolo,
948 928 972 949 et

177 968 275 1002 accepit
290 967 484 994 benedictionem
496 974 582 1002 tuam,-
595 977 653 1003 qum
662 969 709 996 tibi
724 975 870 1004 prmparata
884 974 969 1002 erant,

178 1013 225 1040 ille
239 1013 373 1048 prmripuit
387 1023 394 1040 :
409 1022 460 1040 nott
476 1013 526 1040 hoc
538 1022 598 1041 mea
610 1015 686 1049 culpa
702 1014 798 1042 factum
813 1020 863 1042 est.
878 1015 920 1042 '56.
937 1014 970 1041 Et

178 1061 255 1093 dixit,
271 1061 354 1095 inquit
365 1081 372 1093 ,
387 1059 458 1088 Emit
473 1069 481 1087 :
494 1061 571 1088 Recte
583 1066 696 1087 cacaturit
706 1066 743 1088 est
756 1070 847 1088 nomen
860 1065 914 1095 ejus
926 1061 974 1087 Ja-

178 1105 242 1138 rob;
253 1106 421 1140 supplantavit
436 1107 501 1133 enim
515 1114 554 1133 me
561 1107 619 1141 jam
631 1107 740 1133 secundo
751 1114 761 1133 .'
773 1111 797 1134 et
808 1107 973 1142 primogenita

178 1161 236 1178 mra
250 1153 357 1186 tulerat,
370 1157 392 1179 et
404 1161 470 1179 nunc
483 1153 578 1186 accepit
593 1153 788 1179 benedictionem
802 1161 893 1179 nteant.
914 1152 972 1180 Non

180 1198 208 1224 in
225 1206 332 1232 vattum,
344 1199 438 1233 inquit,
454 1207 550 1226 nomen
567 1198 617 1226 ltoc
629 1199 736 1225 sortitus
749 1204 789 1225 est
804 1199 973 1232 :supplanla-

179 1244 280 1272 tionem
290 1245 361 1272 enim
372 1246 573 1279 interpretamur
582 1253 678 1272 nomen
689 1245 745 1279 ejus
754 1244 807 1281 (tt):
822 1245 846 1271 id
854 1245 923 1279 quod
932 1244 973 1271 hic

171 1290 208 1316 in
223 1298 264 1316 tne
274 1290 426 1322 declaravit,
440 1295 465 1317 et
478 1291 684 1325 primogenitum
696 1295 723 1318 ct
733 1290 917 1317 benedictione
930 1297 973 1317 mc

181 1336 299 1369 privatis.
319 1335 386 1368 Quid
403 1336 480 1370 igitur
490 1336 522 1363 ad
540 1336 612 1363 Isaac
627 1337 697 1363 Esaﬁ
710 1345 716 1362 :
732 1336 793 1363 Non
807 1336 937 1363 rescrvastt'
950 1341 973 1362 ct

181 1381 246 1407 nti/ti
259 1381 462 1414 benedictionem,
475 1382 563 1416 pater?
575 1382 619 1408 37.
632 1381 771 1416 Respondit
789 1387 871 1408 autent
886 1381 972 1412 Isaac,

179 1431 204 1452 et
219 1427 283 1453 dia-it
297 1426 366 1453 Esoit
379 1435 388 1453 :
404 1428 488 1459 Disce,
503 1428 596 1462 inquit,
611 1423 681 1462 quod
700 1435 793 1454 omnes
811 1426 974 1454 benedictio-

181 1479 232 1498 Ites
249 1472 274 1498 in
290 1480 349 1499 cmn
363 1472 454 1504 ell'udi,
469 1472 532 1500 Cum
551 1481 607 1500 eum
627 1473 727 1508 fecerint
744 1473 876 1499 dominum
891 1477 972 1498 Ittutn.

183 1517 250 1544 Vide
261 1517 393 1552 quomodo
407 1519 495 1544 statim
509 1519 542 1544 ab
558 1518 607 1545 ltoc
622 1519 767 1549 exorditur,
780 1522 808 1545 et
821 1517 887 1544 nihil
902 1517 973 1544 aliud

180 1563 207 1590 ei
220 1571 300 1598 quam
314 1564 466 1591 servitutcnt
482 1564 611 1598 significat
626 1569 652 1590 ct
665 1564 856 1597 subjectionem
869 1572 875 1589 :
890 1571 921 1589 ac
934 1562 976 1589 di-

181 1609 220 1635 cit
233 1618 239 1635 :
252 1609 281 1635 Si
294 1617 349 1634 eum
370 1609 417 1644 feci
437 1610 565 1635 dominum
584 1618 662 1641 tamn,
677 1615 699 1635 (Ἰ
713 1618 797 1636 omnes
815 1612 905 1644 fratres
919 1609 974 1643 ejus

181 1662 276 1686 servor,
287 1655 411 1687 [ramento
429 1659 452 1680 et
469 1655 525 1681 vino
539 1655 646 1681 stabilivi
665 1663 742 1681 ettm:
755 1655 799 1681 tibi
818 1661 900 1681 utilem
912 1653 974 1688 quid

183 1700 288 1734 faciam,
300 1700 356 1734 ﬁli?
367 1699 437 1726 Nihil
449 1700 520 1727 aliud
535 1700 602 1727 ultra
616 1700 735 1727 relictum
747 1705 786 1727 est
797 1709 805 1727 ί
817 1708 876 1727 eum
888 1699 975 1726 domi-

181 1754 247 1773 unnt
261 1754 321 1773 eutn
337 1746 441 1773 fecerim
457 1750 540 1779 tuum,
553 1753 580 1773 et
595 1754 687 1774 omnes
700 1746 794 1774 fratres
810 1747 930 1779 tatnnlos,
946 1750 975 1773 ct

182 1799 273 1818 rerum
287 1799 494 1818 necessariarum
508 1793 567 1819 uitet
577 1797 654 1819 tazem
670 1797 792 1826 precatus
802 1793 825 1819 ci
840 1793 900 1826 sint,
910 1793 973 1827 quid

182 1837 255 1863 aliud
269 1837 335 1863 ultra
350 1838 470 1864 relictum
485 1838 544 1864 est?
559 1838 601 1865 58.
615 1838 684 1864 Dixit
697 1843 778 1864 rntlcm
799 1838 867 1865 Esau
882 1839 914 1864 ad
927 1847 974 1872 pa-

182 1889 245 1910 trem
258 1893 330 1911 suum
342 1891 352 1910 :
363 1883 431 1910 Nam
447 1884 585 1911 benedictio
598 1893 649 1911 una
667 1885 710 1910 tibi
724 1890 769 1917 est,
784 1885 872 1918 pater?
890 1884 973 1911 Bene-

182 1930 234 1961 dic,
245 1930 355 1963 obsecro,
367 1935 448 1956 etme.
461 1930 589 1963 Quoniam
603 1930 699 1956 audivit
710 1935 810 1964 patrem
821 1931 951 1956 dicentem
965 1939 971 1956 :

185 1975 217 2002 lit
236 1975 349 2002 benedixi
366 1985 431 2008 cum,
445 1981 467 2002 et
487 1976 628 2002 benedictus
642 1977 697 2008 erit,
713 1982 792 2010 atque
810 1984 915 2002 omnem
937 1976 972 2002 icli

181 2023 279 2049 deinde
294 2022 502 2049 benedictionem
518 2021 695 2048 manifestavit
710 2031 717 2048 :
736 2027 797 2048 tunc
816 2022 908 2056 inquit,
922 2021 973 2048 Be—

183 2069 266 2101 nedic,
279 2069 414 2102 obsecro,et
424 2074 549 2103 me,pater
560 2077 571 2095 .'
580 2076 639 2094 nunt
651 2076 703 2094 una
718 2068 760 2094 tibi
770 2068 906 2094 benedictio
917 2068 973 2094 est?

183 2114 240 2141 Non
257 2120 330 2149 potes
344 2119 370 2142 ct
382 2115 445 2142 Inibi
463 2120 534 2141 tuam
549 2114 758 2142 benedictionem
775 2115 911 2149 intpartiri,
928 2115 971 2149 qtti

182 2161 216 2186 ita
229 2168 243 2187 a
256 2166 281 2187 te
292 2160 396 2195 diligor,
411 2160 455 2194 qtti
472 2160 669 2194 primogcttitns,
682 2161 725 2194 qtti
742 2170 755 2185 a
773 2164 797 2186 te
813 2161 838 2186 in
852 2161 972 2186 venatio-

182 2213 242 2231 ut-nt
267 2205 362 2233 missus
381 2206 458 2232 sunt?
479 2206 654 2232 Conturbavit
674 2212 774 2240 pattctn
788 2205 884 2233 verbis.
899 2206 973 2232 Cont-

182 2257 274 2285 punt'lo
286 2257 369 2278 autent
383 2251 468 2284 Isaac,
481 2252 573 2286 ittqttit,
583 2252 697 2278 clamavit
712 2260 769 2278 rocu
783 2260 873 2287 magna
890 2252 970 2284 Exuit,

180 2304 203 2325 et
227 2300 305 2333 flevit.
328 2298 399 2326 Vidit
423 2304 522 2333 patrem
541 2299 652 2326 consilio
673 2299 705 2325 dc
723 2299 848 2332 titulum,
872 2304 898 2326 et
919 2307 971 2325 non

182 2352 269 2378 posse,
287 2352 373 2379 neque
393 2344 461 2371 velle
481 2352 605 2371 remeare
620 2353 653 2379 qu
665 2354 677 2370 ιι
693 2344 758 2371 facta
771 2350 832 2371 sunt
848 2353 854 2371 :
870 2349 896 2371 ct
915 2345 970 2371 (la-

181 2391 249 2416 tuori
263 2391 342 2416 etiam
356 2390 454 2423 adjecit
471 2390 615 2424 plot-ataui,
632 2396 658 2416 ttt
671 2390 702 2416 ad
716 2390 844 2423 ttutjorem
859 2390 969 2417 (‘Oltlltli'

180 2436 342 2462 scralioncm
370 2441 472 2469 patrem
501 2435 627 2462 ﬂecteret.
655 2436 776 2462 Misct'lus
803 2436 890 2470 itaque
913 2436 970 2470 ejus

181 2481 254 2508 Isaac
267 2481 332 2507 dixit
348 2482 371 2507 ei
389 2490 395 2507 :
411 2481 453 2508 59.
472 2481 534 2507 Ecce
550 2481 580 2507 de
592 2481 745 2516 pinguedine
757 2486 828 2508 terrm
842 2483 887 2508 erit
902 2483 972 2509 Inibi-

181 2527 243 2554 tutio
261 2533 315 2560 tua,
333 2532 356 2554 et
374 2527 406 2553 de
424 2536 481 2554 rore
500 2528 553 2554 (ccli
572 2528 687 2562 desuper,
700 2527 743 2554 40.
756 2533 778 2554 et
792 2530 816 2553 in
830 2529 914 2562 gladio
929 2534 971 2555 ttto

178 2574 256 2605 vires,
273 2577 296 2598 ει
319 2572 392 2607 fratri
408 2578 449 2599 tuo
463 2573 553 2599 servies
568 2580 578 2598 :
591 2573 636 2598 erit
651 2577 735 2599 autem
748 2573 848 2607 quando
863 2573 972 2606 depones

178 2623 203 2644 et
215 2618 328 2644 exsolues
337 2618 429 2652 jagunt
442 2617 497 2652 ejus
509 2626 524 2643 a
535 2618 601 2644 collo
614 2622 665 2644 tuo.
680 2617 820 2650 Quoniam,
837 2618 929 2652 inquit,
945 2622 972 2645 et

180 2664 240 2698 ipse
255 2671 340 2690 meam
355 2663 565 2691 benedictionem
579 2664 725 2694 desideras.
745 2665 817 2692 disce
839 2672 896 2691 non.
912 2672 972 2692 esse
987 2665 991 2669 ’

180 2709 307 2742 possibile
323 2714 350 2735 ut
363 2716 439 2743 agam
453 2717 511 2744 qua:
523 2709 618 2736 divina:
630 2710 756 2736 voluntati
770 2710 880 2737 adversa
894 2715 969 2743 sunt;

177 2754 227 2780 sed
239 2758 265 2780 et
278 2753 323 2780 tibi
336 2754 442 2788 quidem
454 2762 592 2789 apprecor,
600 2759 628 2782 ut
639 2763 697 2782 rore
707 2756 763 2782 cadi
776 2755 872 2783 fruaris
885 2764 891 2782 :
902 2756 971 2783 scias

217 2810 254 2845 (η)
273 2812 332 2853 ᾏΡΏ
350 2813 412 2853 aitet)
421 2816 575 2853 "enemies:
585 2815 665 2848 plttnut
677 2816 758 2848 pedis,
765 2817 818 2842 sive
832 2817 905 2853 etiam
913 2823 968 2850 sup-

178 2851 304 2882 otuntatio,
310 2851 376 2876 unde
383 2851 468 2877 factum
477 2850 555 2890 2,137.

677 135 710 163 ιιι
730 136 804 164 CAP.
824 132 930 165 XXVII;
953 135 1074 167 GENES.
1095 133 1209 166 lmililb.
1231 136 1296 166 bili.

1768 136 1828 164 ιτα·

1025 200 1113 222 autem
1129 199 1154 222 te
1169 195 1309 222 militarem
1324 194 1403 222 vitam
1416 199 1537 223 acturum
1553 201 1613 223 esse
1626 203 1632 222 :
1646 202 1705 222 nam
1722 193 1751 221 lu
1762 198 1818 230 ίμα-

1024 241 1066 266 dio
1080 245 1121 267 tuo
1132 240 1207 270 river,
1217 244 1241 266 et
1251 239 1328 275 fratri
1340 244 1382 266 tuo
1393 240 1493 267 servies.

1059 286 1086 312 5.
1107 284 1239 313 Cancrum
1261 285 1347 312 utullus
1367 285 1425 312 haec
1446 285 1556 313 audiens
1579 286 1698 318 tniretnr,
1722 285 1816 312 videns

1026 336 1086 366 po~t
1099 331 1156 358 inec
1172 331 1279 362 fratrem
1296 331 1354 365 ejus
1367 335 1505 365 vagantem
1520 331 1555 358 ob
1568 331 1639 358 illius
1653 336 1751 358 metunt
1765 353 1772 363 ,
1788 337 1815 358 et

1024 378 1049 404 in
1066 383 1164 404 terram
1177 377 1292 404 alienam
1305 376 1510 404 contendentem
1524 385 1531 403 :
1547 384 1632 410 neque
1645 376 1718 403 initia
1732 381 1818 403 atten-

1024 423 1099 454 dens,
1112 422 1245 460 existimet
1253 422 1406 449 vaticinium
1416 421 1550 449 excidere.
1565 421 1631 448 Nam
1645 423 1750 457 quando
1768 423 1817 448 Ilo-

1024 469 1112 494 minns
1127 467 1226 502 aliquid
1241 467 1396 502 pollicetur,
1410 467 1460 494 ctsi
1474 467 1607 494 contraria
1622 467 1653 493 iis
1667 475 1726 502 ψιιυ
1741 467 1818 501 polli~

1023 518 1098 540 celttr
1111 513 1246 540 videamus
1264 513 1289 539 in
1305 512 1435 547 principio
1448 512 1573 544 evenire,
1589 519 1640 539 non
1657 512 1792 538 turbentur
1809 521 1816 538 :

1024 566 1057 585 ne
1068 566 1110 592 [ne
1122 559 1196 585 enim
1213 558 1337 593 possibile
1351 562 1393 585 cst
1407 564 1436 585 ut
1449 557 1482 585 ad
1495 557 1573 585 linem
1587 565 1670 592 usque
1684 558 1815 592 promissa

1024 604 1158 631 excidant.
1176 604 1231 631 lloc
1243 608 1332 631 atttcm
1349 604 1375 630 fit
1385 624 1392 636 ,
1409 609 1437 630 ut
1451 603 1514 630 dttm
1527 603 1587 638 justi
1602 610 1650 638 per
1663 603 1750 630 omnia
1765 602 1817 629 ful-

1023 650 1138 685 gidiores
1151 649 1312 682 redduntur,
1326 649 1513 676 abundantiam
1524 649 1630 676 virtutis
1644 648 1688 675 Dei
1701 656 1729 675 ιιι
1746 647 1815 676 nifc-

1024 701 1091 722 stattt
1102 696 1177 722 nobis
1189 705 1194 720 ί
1205 696 1309 726 mnibus
1319 695 1424 722 faciant.
1439 695 1471 721 Et
1483 693 1814 729 ittunoquoquejnstomm

1025 741 1076 768 hoc
1092 741 1226 772 invenies,
1241 742 1263 768 si
1279 741 1391 768 volueris
1409 741 1532 767 historias
1545 740 1662 774 singulas
1676 740 1818 774 diligenter

1022 787 1245 820 anitttadverlerc,
1261 787 1330 821 quod
1355 794 1418 813 sane
1438 793 1508 813 nunc
1529 793 1634 820 queque
1653 786 1749 811 factum
1763 789 1815 811 est.

1023 832 1062 860 Ne
1078 833 1127 860 hoc
1137 832 1268 864 attendas,
1281 832 1351 866 quod
1367 823 1534 859 ιιιιιιοέιιιιίιιι
1550 831 1677 866 profugus
1692 831 1746 863 sit,
1768 831 1815 857 sed

1023 879 1108 914 cogita
1133 879 1244 914 gloriam
1264 886 1323 913 qua:
1338 878 1448 913 posthac
1464 882 1605 913 sequetur;
1632 882 1660 904 ut
1683 877 1817 912 quomodo

1024 925 1152 959 temporis
1173 931 1298 958 proccsm
1322 923 1365 950 ltic
1385 924 1442 958 ipse
1465 925 1504 950 sic
1525 923 1650 950 terribilis
1668 922 1704 949 illi
1722 923 1816 954 laetus,

1024 975 1125 997 tantam
1146 978 1207 1005 erga
1230 977 1291 997 eum
1311 969 1426 996 declaret
1449 968 1628 996 reverentiam
1652 976 1658 995 :
1684 967 1816 1002 quomodo

1024 1017 1087 1044 item
1097 1017 1124 1043 in
1139 1021 1238 1043 tantam
1250 1015 1350 1042 \cnerit
1363 1015 1475 1050 gloriam
1488 1018 1548 1050 post
1560 1021 1700 1046 mrumnas,
1711 1020 1777 1048 quas
1789 1013 1814 1039 in

1024 1069 1094 1091 terra
1109 1063 1193 1090 aliena
1206 1062 1275 1095 tulit,
1291 1067 1319 1089 ut
1333 1062 1377 1097 qui
1390 1069 1421 1088 ex
1437 1061 1494 1095 ipso
1509 1061 1561 1087 ttati
1575 1064 1647 1092 sunt,
1660 1059 1685 1086 in
1702 1059 1816 1086 immen-

1024 1117 1081 1136 sam
1094 1108 1289 1135 multitudinem
1311 1111 1490 1142 propagentur
1502 1126 1509 1139 ,
1526 1110 1553 1133 et
1567 1105 1625 1140 ejus
1639 1104 1746 1132 nomine
1762 1109 1815 1132 tota

1022 1162 1089 1190 gens
1103 1153 1303 1189 cognominatur
1313 1157 1339 1180 et
1350 1153 1515 1188 ittsiguiatur.
1531 1151 1605 1178 Nunc
1618 1155 1706 1177 autem
1719 1151 1817 1177 deocus

1024 1209 1072 1228 nos
1091 1200 1180 1227 divina
1200 1199 1336 1233 Scriptura
1361 1198 1449 1225 fratris
1466 1197 1690 1232 indignationem,
1713 1204 1763 1231 qua
1783 1197 1817 1222 ad

1024 1246 1195 1274 homicidium
1213 1245 1363 1280 spectabat,
1381 1244 1466 1279 inquit
1482 1253 1489 1270 :
1505 1244 1549 1271 41.
1564 1242 1598 1270 Ει
1609 1243 1666 1270 odio
1677 1243 1746 1278 gravi
1758 1250 1819 1277 μινυς

1024 1293 1172 1328 sequebatur
1191 1292 1260 1319 Esaii
1280 1291 1361 1318 Jacob
1378 1296 1480 1327 propter
1493 1290 1699 1320 benedictionem,
1712 1298 1760 1324 qua
1775 1289 1816 1316 be-

1024 1341 1154 1367 ncdt'zcrat
1175 1347 1230 1366 cunt
1250 1343 1320 1373 pater
1340 1346 1410 1365 suus.
1432 1337 1465 1365 Et
1486 1341 1514 1364 ut
1534 1337 1650 1364 sciamus
1665 1344 1716 1362 noti
1737 1336 1818 1362 inisse

1024 1386 1172 1420 simplicem
1188 1384 1353 1411 snhitancam
1371 1383 1453 1416 iram,
1469 1390 1517 1418 per
1532 1382 1675 1409 dictionem
1691 1381 1766 1408 nobis
1779 1380 1800 1406 si
1811 1397 1818 1401 η

1024 1431 1158 1466 gniticavit
1170 1430 1277 1457 malitiae
1292 1429 1348 1463 ejus
1362 1436 1510 1455 excessum.
1527 1427 1603 1455 Gravi
1614 1427 1671 1453 odio
1687 1434 1818 1461 pt'oxt’qttc-

1025 1476 1108 1508 batur,
1123 1475 1186 1502 dicit
1201 1484 1208 1501 :
1223 1474 1272 1501 hoc
1283 1478 1333 1506 est,
1348 1474 1462 1501 instabat
1473 1476 1501 1500 et
1514 1472 1701 1508 perseverabat
1713 1471 1814 1502 odium,

1026 1524 1060 1550 ita
1074 1528 1100 1549 u:
1118 1526 1146 1549 ct
1159 1525 1275 1548 tuentem
1288 1523 1312 1547 in
1327 1519 1458 1555 profundo
1478 1519 1604 1546 latentem
1622 1525 1669 1553 per
1681 1518 1759 1544 verba
1781 1517 1816 1543 si-

1024 1569 1172 1604 gnificaret.
1188 1567 1259 1594 Dixit
1270 1567 1336 1594 enim
1351 1567 1376 1593 in
1389 1566 1464 1592 corde
1473 1573 1518 1592 suo
1529 1572 1538 1592 :
1549 1565 1752 1600 Appropinqaent
1763 1563 1817 1590 dies

1026 1615 1107 1642 luctas
1129 1614 1208 1648 patria
1227 1612 1290 1645 mei,
1310 1617 1337 1639 ut
1360 1612 1473 1638 occidam
1495 1610 1575 1637 Jacob
1596 1611 1699 1645 fratrem
1723 1617 1816 1635 ntcttm.

1025 1659 1093 1686 Vere
1106 1659 1214 1685 omnino
1230 1659 1252 1684 is
1268 1658 1312 1692 qui
1328 1657 1451 1684 irascitur
1472 1664 1524 1683 non
1548 1656 1636 1682 minus
1648 1663 1727 1690 qttam
1742 1655 1758 1681 ii
1771 1654 1815 1689 qui

1025 1705 1116 1732 furiosi
1130 1709 1201 1735 sunt,
1212 1703 1318 1730 insanit.
1333 1702 1476 1730 Considera
1487 1701 1558 1728 enim
1569 1700 1701 1735 quomodo
1712 1700 1816 1726 damton

1026 1752 1071 1778 ille
1094 1751 1162 1778 sicut
1183 1750 1344 1776 insanientes
1366 1748 1568 1782 subingressus,
1589 1751 1677 1773 mento
1698 1745 1818 1772 destituit

1025 1805 1091 1832 quos
1104 1796 1230 1830 corripit,
1245 1799 1272 1822 et
1285 1794 1378 1821 suadet
1392 1798 1418 1820 ut
1433 1794 1510 1827 plane
1527 1792 1659 1819 contraria
1674 1791 1767 1818 faciant
1784 1791 1816 1817 iis

1025 1850 1084 1878 qua:
1103 1841 1186 1869 oculis
1209 1840 1341 1867 videntur.
1365 1839 1454 1873 Neque
1477 1839 1546 1865 enim
1570 1837 1743 1864 reetcvident
1761 1836 1815 1866 illi,

1027 1895 1113 1922 neque
1137 1886 1207 1913 aliud
1229 1885 1353 1920 quiddam
1377 1883 1477 1911 faciunt
1494 1892 1500 1910 :
1519 1883 1565 1910 sed
1588 1882 1661 1916 qttasi
1685 1881 1816 1908 hebetatis

1026 1934 1156 1965 sensibus,
1178 1937 1205 1960 ct
1225 1932 1360 1967 judicandi
1377 1931 1401 1958 vi
1422 1931 1530 1962 amissa,
1551 1924 1649 1957 faciunt
1665 1929 1761 1956 onuia.
1779 1927 1815 1955 lta

1025 1988 1089 2008 sane
1102 1985 1129 2007 et
1139 1979 1183 2014 qtti
1198 1979 1357 2011 irascuntur,
1369 1986 1420 2004 tton
1435 1981 1581 2012 agnoscunt
1595 1982 1749 2011 prmst-mcs,
1763 1983 1823 2002 non-

1026 2034 1159 2054 memores
1177 2029 1240 2053 sunt
1258 2024 1433 2059 cognationis,
1446 2032 1498 2050 non
1514 2023 1666 2055 amicitiam,
1683 2030 1735 2049 non
1750 2029 1815 2048 enu-

1025 2073 1202 2103 suetudinem,
1215 2078 1267 2098 non
1281 2071 1445 2105 dignitatem,
1457 2077 1542 2102 neque
1555 2068 1696 2103 qnidquatu
1708 2067 1779 2094 aliud
1789 2068 1814 2094 in

1025 2124 1140 2145 mentem
1154 2117 1310 2149 admittunt,
1325 2116 1371 2142 sed
1387 2115 1432 2142 ira:
1445 2115 1468 2141 vi
1484 2115 1578 2149 pressi,
1594 2115 1618 2140 iu
1636 2121 1752 2148 pra'ceps
1766 2113 1816 2140 mi-

1024 2163 1171 2191 serabiliter
1185 2162 1312 2189 feruntur.
1337 2160 1404 2194 Quid
1420 2161 1499 2194 igitur
1514 2160 1564 2186 illis
1579 2159 1702 2186 miserius
1717 2159 1796 2186 ﬁxerit
1807 2179 1815 2189 ,

1025 2210 1130 2243 quando
1151 2209 1213 2235 victi
1235 2212 1262 2235 et
1283 2208 1351 2241 capti
1372 2207 1405 2233 ab
1425 2206 1579 2239 agritudine
1593 2205 1671 2231 anitni
1688 2205 1767 2231 etiam
1782 2205 1815 2231 ad

1025 2254 1196 2282 ltomicidium
1211 2253 1355 2280 festinant?
1370 2253 1512 2286 Propterea
1528 2251 1620 2277 beatus
1635 2250 1730 2276 l‘anlus
1743 2249 1816 2276 radi-

1024 2308 1081 2327 cem
1096 2299 1173 2334 ltnjus
1187 2298 1247 2325 mali
1264 2299 1354 2325 volens
1365 2297 1511 2331 exstirpare
1523 2317 1529 2328 ,
1546 2295 1678 2326 admonet,
1696 2295 1733 2321 sie
1745 2295 1814 2321 scri-

1025 2345 1109 2372 bens:
1126 2344 1214 2372 Omnis
1229 2345 1267 2370 ira
1283 2350 1307 2370 et
1323 2342 1463 2378 indignatio
1474 2363 1480 2374 ,
1502 2346 1524 2368 et
1546 2341 1640 2367 clamor
1658 2340 1814 2374 attferatnra

1024 2391 1091 2417 vobis
1103 2399 1158 2416 cunt
1173 2390 1240 2416 omni
1256 2389 1350 2415 unt/ilia
1364 2387 1469 2423 (Ep/tes.
1483 2387 1507 2413 lt.
1524 2387 1578 2422 5i);
1595 2386 1651 2412 Non
1665 2385 1761 2418 solttm,
1774 2385 1814 2411 itt-

1024 2437 1090 2470 quit,
1106 2435 1166 2462 uolo
1181 2442 1229 2461 vos
1247 2441 1404 2461 succensere
1426 2437 1453 2460 et
1473 2432 1611 2466 indignari,
1627 2436 1653 2458 et
1667 2430 1755 2463 irasci,
1767 2430 1814 2457 scil

1024 2489 1110 2515 neque
1118 2488 1178 2508 cum
1191 2481 1306 2506 clamore
1322 2479 1447 2513 proximis
1459 2478 1528 2512 loqui
1544 2486 1550 2504 :
1562 2478 1706 2504 clamorem
1720 2476 1762 2503 hic
1773 2476 1814 2503 di-

1023 2534 1107 2559 cens,
1123 2525 1216 2560 quiab
1236 2525 1274 2551 ira
1296 2524 1421 2550 nascitur.
1436 2523 1547 2556 Quando
1560 2523 1630 2550 enim
1646 2522 1755 2549 morbus
1772 2522 1816 2548 hic

1024 2573 1183 2600 intrinsecus
1202 2570 1332 2597 excitatur
1353 2573 1378 2596 et
1401 2575 1447 2595 cor
1467 2573 1564 2600 tumet,
1581 2575 1632 2594 non
1643 2568 1697 2602 jam
1711 2567 1774 2594 sinit
1788 2572 1817 2594 ut

1024 2619 1111 2654 lingua
1132 2616 1233 2652 placide
1255 2616 1391 2650 loquatur;
1416 2614 1461 2640 sed
1480 2614 1647 2641 affectionem
1662 2613 1751 2640 cordis
1765 2612 1814 2640 dc-

1025 2668 1176 2691 mmtstrans
1186 2682 1193 2694 ,
1209 2661 1289 2688 ellicit
1301 2665 1329 2686 ut
1342 2659 1460 2686 elantose
1473 2665 1532 2685 cum
1546 2658 1667 2692 proximo
1679 2658 1813 2692 loquatur.

1027 2709 1122 2736 Volens
1138 2708 1216 2742 igitur
1229 2707 1320 2734 beatus
1336 2705 1378 2731 ille
1392 2705 1440 2731 sibi
1456 2704 1670 2738 obtemperantes
1683 2703 1708 2730 in
1723 2710 1814 2737 perpe-

1024 2760 1068 2782 tua
1079 2754 1178 2781 versari
1190 2751 1386 2787 tranquillitate,
1402 2750 1466 2776 dixit
1481 2759 1486 2776 :
1505 2750 1593 2776 Omnis
1606 2750 1644 2776 ira
1661 2750 1722 2784 (hoc
1734 2754 1784 2780 est,
1797 2757 1813 2776 a

1024 2801 1208 2836 qualicutnqne
1230 2805 1309 2826 causa
1330 2796 1488 2832 moveatur),
1503 2801 1525 2823 et
1537 2797 1623 2824 onmis
1636 2796 1775 2832 indignatio
1790 2800 1813 2822 et

1024 2847 1110 2875 omnis
1129 2846 1224 2873 clamor
1238 2845 1348 2878 tollatur
1363 2852 1379 2870 a
1393 2842 1462 2870 vobis
1475 2851 1484 2869 :
1493 2842 1590 2870 deinde
1603 2842 1719 2870 radicem
1733 2842 1814 2875 hujus
