2046 3126
261 140 310 168 ιη

260 196 320 224 mali
343 196 434 223 volens
458 187 602 227 arefacere,
627 201 654 224 et
675 195 795 222 inutilem
819 195 943 225 reddere,
964 193 1052 221 dicit:

261 242 326 269 Cum
339 242 408 269 omni
425 242 530 268 malitia.
551 241 617 269 Nam
638 242 682 276 qui
705 241 745 268 sic
766 241 890 273 afﬁcitur,
905 247 1012 275 semper
1027 239 1053 266 in

260 293 337 324 portu
353 288 429 316 sedet
439 297 453 315 a
466 288 578 315 terrenis
588 287 710 315 fluctibus
723 287 806 319 liber;
820 291 847 314 et
856 294 942 322 neque
953 292 1054 321 tempe-

261 339 357 361 statem
371 335 456 366 timet,
471 342 556 369 neque
569 333 753 368 naufragium;
775 333 821 361 sed
841 332 915 367 quasi
937 333 963 360 in
979 337 1054 359 tran-

260 379 392 415 quillitate
415 380 559 414 navigans,
575 379 616 408 vel
631 379 656 407 in
672 379 775 414 placido
790 383 867 414 portu
885 378 998 410 sedens,
1017 378 1053 405 ita

262 430 420 459 pra-sentem
433 425 512 452 vitam
527 424 616 458 trahit,
631 433 683 452 nott
697 425 782 452 solum
803 424 837 451 ab
855 423 927 451 omni
948 428 1054 457 pertur-

261 470 370 498 batione
384 471 462 503 liber,
474 471 521 498 sed
533 476 560 498 et
573 471 760 498 immortalium
775 475 802 498 et
819 469 990 498 ineffabilium
1005 469 1052 497 hos

261 524 356 544 norum
370 515 471 543 fructus
488 516 538 544 sibi
560 524 608 551 per
627 517 715 544 omnia
729 517 874 544 concilians
889 524 896 543 :
912 517 956 551 qui
978 515 1054 544 nobis

262 562 385 590 omnibus
399 563 580 590 conccdatttur
590 584 597 596 ,
611 564 695 598 gratia
708 568 735 591 et
751 563 934 591 misericordia
949 562 1054 590 Domini

262 608 345 635 nostri
367 608 429 636 Jesu
449 608 557 642 Christi,
572 609 679 644 quicum
694 609 775 642 Patri,
792 614 818 637 et
835 613 928 637 sancto
944 608 1054 643 Spiritui

261 654 294 680 sit
307 654 408 688 gloria,
431 654 533 686 honor,
553 655 692 690 imperiuttt
702 676 711 689 ,
731 663 801 683 nunc
815 660 841 683 ct
856 662 972 690 Semper,
987 659 1013 682 et
1027 655 1053 682 in

261 700 358 727 arcula
373 701 540 727 seculorum.
555 703 651 728 Amen.

545 766 683 795 llOMlLlA
703 768 770 796 LIV.

333 822 444 850 Rebecca
459 829 541 850 autem
555 830 641 852 vocata
656 825 710 859 [ilio
720 833 765 852 suo
772 826 875 860 jttniore
886 827 949 853 dixit
960 827 982 853 ei

553 869 628 905 (Ceu.
641 870 686 897 27.
703 871 760 907 42).

297 924 323 951 1.
338 923 433 950 Gratia:
443 925 534 953 dirinte
546 926 679 953 auxilium.
697 926 855 954 Conscientia
865 929 988 964 suﬁiciens
999 937 1054 956 ηιιι⁴

259 969 494 1004 ginem—Vidistis
505 970 559 998 lteri
572 971 703 1006 publicani
716 973 784 1000 bene
794 973 1051 1009 all'ectuntanimum,

261 1019 287 1041 ct
299 1014 402 1042 Domini
415 1015 572 1044 ineli‘abilem
580 1017 799 1052 misericordiam,
808 1024 835 1047 et
842 1019 994 1048 ludmorunt
1002 1025 1054 1048 stu-

260 1059 398 1094 piditatem
410 1060 565 1089 immensam
578 1062 634 1098 (a)?
648 1063 754 1092 Vidistis
764 1065 897 1100 quomodo
904 1073 997 1095 omnes
1004 1074 1054 1095 nos

259 1106 387 1134 erudierit
401 1107 492 1135 beatus
503 1108 651 1142 Matthazus,
662 1111 750 1139 statim
762 1112 900 1146 obediens,
913 1118 940 1141 et
951 1118 1052 1142 tantam

260 1159 363 1179 ntorum
377 1153 550 1181 mutationem
564 1162 618 1190 prae
631 1163 661 1183 se
677 1157 764 1185 ferens
779 1166 786 1186 :
801 1159 862 1194 quia
877 1159 903 1186 in
917 1159 1052 1188 voluntate

260 1204 364 1233 nostra,
379 1204 438 1234 post
451 1208 592 1235 supernam
603 1203 726 1238 gratiam,
741 1204 799 1232 sita:
811 1211 872 1233 sunt
886 1211 913 1234 et
924 1207 1050 1242 virtutes,

261 1249 289 1270 et
303 1245 366 1272 vttia
378 1254 384 1272 :
401 1250 428 1273 et
442 1247 502 1282 quia
516 1248 605 1276 studio
619 1254 711 1277 nostro
724 1259 864 1285 possumus
876 1253 933 1280 fiert
949 1254 1052 1281 virtuti-

259 1290 310 1318 bus
323 1293 474 1327 conspicui;
490 1299 516 1322 et
529 1300 622 1323 contra
635 1296 742 1325 desides
754 1298 827 1332 facti,
838 1299 862 1326 in
875 1301 974 1334 peccati
987 1308 1052 1335 pra:-

258 1336 507 1371 eipitium,deferri?
527 1340 582 1368 lloc
602 1341 673 1369 enitn
692 1347 732 1370 est
747 1352 800 1379 quo
813 1352 828 1371 a
844 1345 929 1373 brutis
948 1345 1050 1374 dill‘cri—

257 1392 328 1419 ntus,
340 1385 399 1420 quia
415 1387 516 1415 ratione
527 1388 642 1424 insigniti
657 1397 748 1418 suntns
758 1399 772 1417 a
784 1391 898 1427 benigno
912 1392 976 1426 Deo,
986 1397 1012 1420 et
1024 1393 1049 1421 itt

260 1437 352 1459 natura
367 1438 458 1461 nostra
473 1434 550 1462 insita
571 1441 611 1463 est
628 1436 739 1464 scicntia
755 1438 815 1465 honi
829 1444 856 1466 et
869 1440 941 1466 ntali.
958 1439 1050 1468 Nullus

257 1486 322 1513 ergo
334 1484 475 1513 prtetcxat,
496 1488 526 1508 se
547 1489 581 1508 ex
603 1482 749 1517 ignorantia
765 1486 888 1512 virtutem
904 1487 1047 1522 negligere,

257 1524 300 1550 vel
312 1524 373 1559 quia
390 1525 490 1553 ttullum
505 1526 601 1555 habeat
616 1529 663 1555 via:
678 1528 772 1556 ducem
787 1535 813 1558 et
824 1537 1048 1560 commonstrato-

258 1576 324 1596 rent.
335 1569 515 1598 Suflicientem
526 1575 597 1600 enim
608 1575 762 1610 magistrum
773 1575 901 1604 habemus
911 1579 1049 1606 conscien-

258 1614 331 1646 tiam,
343 1619 369 1641 et
384 1615 440 1643 ﬁeri
454 1624 506 1644 non
517 1623 614 1652 potest,
627 1624 655 1647 ut
668 1621 727 1655 quis
740 1621 784 1649 illo
795 1621 950 1657 adjuntento
960 1624 1048 1659 prive-

259 1664 310 1685 tur.
325 1659 391 1687 Nam
406 1661 485 1689 simul
498 1670 558 1690 cunt
571 1663 730 1694 formatione
742 1666 856 1695 hominis
867 1669 944 1696 insita
958 1674 996 1697 est
1009 1669 1048 1698 illi

255 1705 366 1733 scientia
377 1706 568 1744 faciendorum,
580 1715 608 1737 ut
618 1716 718 1738 rectunt
732 1720 810 1740 suum
825 1714 942 1742 anintum
956 1715 1046 1744 decla-

255 1758 318 1778 rans
332 1751 357 1778 itt
370 1754 494 1787 pra-senti
506 1755 568 1789 vita,
578 1757 652 1791 quasi
668 1757 694 1784 in
708 1758 829 1793 palmstra
843 1760 955 1794 quadam
970 1769 1048 1789 exer-

257 1797 354 1825 eitattts
374 1798 406 1825 ad
427 1799 553 1828 virtutttm
584 1801 688 1830 labores
702 1823 710 1836 ,
731 1805 870 1839 probitatis
889 1806 1046 1843 virtutisque

255 1844 362 1878 prtemia
378 1851 514 1880 reportet,
536 1852 562 1875 et
582 1848 655 1876 brevi
675 1855 793 1886 tempore
807 1852 833 1879 in
848 1853 983 1882 laboribus
996 1855 1045 1882 dc—

252 1897 341 1922 curso,
354 1897 495 1927 perpetuas
505 1901 617 1924 coronas
632 1902 774 1932 tnercatur,
785 1904 864 1934 atque
875 1900 900 1928 in
913 1901 984 1929 ﬂuxo
995 1901 1046 1930 ltoc

252 1937 350 1964 smculo
361 1939 485 1967 virtutem
496 1941 675 1977 amplexatus,
689 1945 796 1973 internis
809 1945 887 1974 hortis
901 1947 927 1974 in
941 1947 1044 1976 infinita

253 1983 349 2009 satcnla
364 1983 473 2012 fruatur.
496 1985 523 2013 Id
537 1994 602 2015 sane
616 1981 741 2022 scientes,
757 1990 860 2024 fratres,
876 1999 993 2021 nostrattt
1010 2003 1044 2023 ne

253 2027 395 2062 perdamus
407 2031 586 2067 nobilitatem,
604 2042 637 2062 ne
651 2035 735 2063 simus
751 2043 809 2072 post
824 2043 922 2066 tantam
942 2040 1043 2068 benefi-

251 2073 366 2102 cetttiam
390 2075 496 2111 ingrati,
518 2086 550 2106 ne
571 2085 704 2108 sectemur
728 2083 884 2118 voluptates,
910 2094 970 2120 qua:
990 2091 1043 2114 tam

253 2119 326 2147 brevi
344 2125 464 2157 tempore
477 2123 586 2158 durant,
605 2133 759 2162 perpetuum
774 2129 892 2158 dolorem
908 2119 985 2160 nobis
997 2141 1043 2161 ac-

250 2170 386 2193 ccrsentes
401 2176 407 2194 :
424 2168 471 2195 sed
495 2174 557 2197 ante
581 2179 629 2198 nos
653 2179 759 2208 semper
782 2174 914 2204 intuentes
937 2178 1042 2206 ocuhtm

251 2210 324 2238 illuttt
337 2211 382 2246 qui
396 2220 539 2249 numquam
553 2216 671 2250 sopitnr,
687 2218 731 2253 qui
743 2223 771 2246 et
783 2220 939 2249 abscondita
954 2224 1042 2252 cordis

251 2259 334 2292 novit,
351 2268 393 2288 res
406 2268 512 2290 nostras
526 2263 560 2290 ita
576 2264 746 2293 instituamus
765 2272 791 2294 et
810 2269 994 2303 moderemur,
1015 2276 1042 2299 ct

251 2306 345 2333 muniti
356 2306 439 2335 armis
448 2307 563 2343 Spiritus
575 2309 642 2337 bene
655 2311 777 2339 allectum
789 2313 905 2342 animum
916 2316 1041 2344 exhibea-

250 2359 320 2385 tttus,
334 2357 364 2380 ut
376 2360 493 2388 superno
509 2354 625 2383 fruentes
642 2357 756 2391 auxilio,
772 2358 876 2387 devicto
895 2360 972 2390 hoste
994 2364 1040 2391 illo

247 2402 275 2424 et
287 2397 441 2427 adversario
460 2397 552 2427 nostro
562 2421 569 2433 ,
585 2401 696 2437 ejusque
710 2404 928 2435 machinamentis
941 2407 1040 2437 inutili-

248 2443 298 2471 bus
318 2444 438 2478 redditis,
455 2446 533 2474 bonis
553 2448 604 2475 illis
625 2447 675 2476 frui
690 2450 833 2485 valeamus,
848 2460 906 2488 qua:
918 2456 1040 2489 promisit

249 2488 377 2516 Dominus
397 2489 567 2525 diligentibus
580 2500 619 2520 se.
636 2493 675 2522 Ne
688 2503 751 2530 ergo
765 2497 824 2532 quis
837 2488 939 2532 spectet
952 2500 984 2527 ad
999 2501 1038 2528 la-

247 2533 339 2561 lmrem
359 2535 504 2571 virtutum,
521 2539 568 2566 sed
590 2539 690 2568 lucrum
711 2542 773 2570 ittde
795 2549 897 2578 partum
918 2547 1039 2580 cogitans

246 2584 367 2614 prompte
382 2581 486 2610 labores
501 2585 636 2619 suscipiat.
650 2587 715 2615 Nam
735 2589 758 2616 si
779 2590 796 2616 ii
815 2591 859 2625 qui
880 2591 907 2619 in
924 2595 1038 2621 terrenis

247 2630 386 2655 versantur
400 2630 522 2664 negotiis,
537 2635 564 2658 et
577 2631 610 2659 ad
624 2633 788 2668 colligendas
802 2643 867 2670 opes
883 2637 1035 2672 insaniunt,

275 2725 314 2771 {'2
328 2727 702 2771 ¹ὲ⁵ξ.ε³2τ31¹ξ¹.¹ἒξ99ῐέξιέῖ.ἓξοῐτιειίει
724 2734 766 2760 ubi
777 2736 810 2761 de
822 2737 949 2771 publicano
960 2741 1037 2771 ρωηί-

376 2760 512 2800 Juldteorutn
523 2758 766 2800 stupidimtendequie
771 2758 1036 2800 tiiu't'ErTaTﬁSsthﬁY-K

243 2791 338 2828 satione
350 2791 467 2828 agebatur
479 2798 485 2816 ε
498 2797 529 2828 an
541 2791 601 2818 vero
613 2791 772 2828 ltmc'honiilia
781 2791 814 2822 ett
820 2791 1034 2828 eatuihﬁi‘ﬁi'uié.

242 2821 436 2859 {tif-llplloutlmn
449 2829 489 2853 ex.
499 2822 579 2850 [orare
591 2826 670 2858 potui;
682 2821 1032 2859 mermoriam-3'6

242 2854 294 2874 runt
306 2857 407 2877 nuntct'o
420 2860 484 2878 035th

614 129 646 167 8..
665 139 803 167 JOANNIS
823 133 1062 165 CllllYSOSTUMI
1086 134 1243 163 ARCHIEP.
1263 135 1527 165 CONSTANTINOP.

1837 140 1891 168 ης

1105 193 1193 221 omnia
1210 199 1332 228 prompte
1349 195 1497 229 suscipiunt
1511 193 1646 227 facienda;
1661 199 1687 222 et
1702 195 1818 230 pericula
1833 204 1889 224 ma-

1106 239 1151 270 ris,
1164 239 1310 274 naufragia,
1327 239 1471 274 piratarum
1493 238 1602 267 insidias
1622 239 1817 274 prospicientes
1836 249 1888 269 non

1106 284 1271 319 franguntur,
1282 292 1331 312 nec
1345 284 1483 319 segniores
1496 285 1700 319 liunt,quantvis
1711 286 1745 313 de
1758 287 1810 313 line
1825 287 1890 314 nihil

1105 331 1170 358 certi
1187 330 1301 358 habeant
1312 324 1436 366 {qualem
1451 337 1503 358 nos
1515 330 1629 358 habituri
1645 338 1740 358 sumus
1753 332 1889 359 defensio-

1107 384 1178 409 nem,
1191 377 1213 404 εἰ
1229 384 1282 405 non
1295 378 1367 404 ontni
1382 377 1472 404 studio
1486 382 1513 405 et
1524 377 1661 405 alacritate
1673 379 1844 413 accingamur
1858 379 1890 406 ad

1106 423 1231 449 virttttunt
1242 422 1329 450 studia
1343 427 1370 450 et
1382 430 1492 458 agattes,
1505 428 1614 458 propter
1634 428 1732 450 acterna
1746 424 1790 451 illa
1806 424 1892 452 bona?

1105 467 1194 502 Quare
1208 467 1243 495 ita
1257 468 1352 503 ingrati
1370 475 1463 495 sumus
1473 468 1636 496 henefacturi
1650 475 1753 501 nosne,
1763 474 1794 498 et
1807 478 1891 505 neque

1106 523 1166 551 quat
1177 515 1229 548 iam
1241 516 1338 544 donata
1347 521 1409 544 sunt
1416 524 1554 545 versamus
1561 517 1662 550 animo,
1669 525 1754 551 neque
1764 516 1893 551 promissa

1105 561 1267 597 cogitamus;
1281 563 1327 591 sed
1341 564 1462 590 omnium
1483 563 1672 598 propentodum
1695 563 1782 595 obliti,
1796 562 1891 592 frustm

1103 610 1131 635 et
1142 607 1167 634 in
1178 613 1288 639 vanum.
1299 607 1374 642 quasi
1387 608 1514 642 pecudes,
1524 609 1602 636 vitatn
1615 612 1695 635 totam
1706 608 1894 642 transigimus:

1104 647 1201 676 animae
1214 647 1322 682 quidem
1337 648 1438 675 nullam
1450 648 1579 676 habentes
1593 655 1700 682 curant,
1717 653 1837 676 ventrem
1851 657 1894 676 att-

1106 696 1159 720 tem
1183 693 1271 721 solum
1290 694 1473 729 dirumpetttes
1492 694 1570 727 cibis,
1584 700 1664 730 atque
1684 695 1765 722 etiam
1788 701 1898 730 propter

1106 737 1157 766 hoc
1179 739 1278 767 misero
1298 740 1404 774 corpori
1424 740 1570 774 perniciem
1589 745 1722 775 parantes,
1737 747 1770 768 ac
1789 746 1897 776 propter

1105 785 1336 821 intemperantiam
1348 791 1376 814 et
1390 786 1533 821 ingluviem
1549 787 1687 814 innumera
1700 786 1777 814 nobis
1792 787 1898 822 negoti?

1105 830 1217 859 facimus
1228 836 1256 859 et
1267 832 1512 865 accersimus,.dum
1524 832 1640 859 animant
1655 832 1723 859 fatne
1733 833 1819 867 perire
1829 834 1897 860 sink

1105 878 1184 905 mus?
1202 878 1308 905 tametsi
1324 878 1494 913 praestantior
1505 878 1593 905 attima
1604 878 1637 905 sit
1651 886 1729 914 quam
1740 885 1837 913 corpus
1846 899 1854 912 ,
1867 884 1897 906 et

1104 923 1191 952 ablata
1215 924 1279 957 illa,
1306 924 1357 952 hoc
1377 929 1511 952 ntortuum
1534 924 1708 959 relinquatur.
1730 925 1797 952 Cum
1818 925 1897 960 igitur

1104 973 1240 1004 oporteret
1260 974 1288 997 et
1306 969 1368 997 huic
1386 974 1465 1004 atque
1483 970 1522 997 illi
1541 977 1656 1006 congrua
1670 975 1698 998 et
1710 971 1897 998 convenientia

1105 1015 1225 1050 pra-here
1238 1015 1373 1048 alimenta,
1388 1016 1495 1044 ntodum
1511 1024 1596 1052 neque
1608 1017 1661 1049 hic,
1675 1025 1761 1052 neque
1777 1017 1830 1044 illic
1842 1025 1898 1045 scr-

1103 1067 1206 1095 vantes,
1224 1062 1328 1097 utrique
1341 1070 1470 1090 noeentus
1485 1072 1492 1090 :
1506 1062 1556 1090 hoc
1572 1063 1630 1098 plus
1645 1071 1723 1098 quam
1738 1068 1843 1098 oportet
1857 1071 1898 1091 sa-

1102 1107 1240 1142 ginantes,
1257 1107 1328 1134 illam
1343 1113 1433 1135 autem
1448 1108 1517 1136 fame
1532 1108 1620 1143 perire
1630 1113 1766 1144 cogentes.
1782 1109 1809 1136 ld
1824 1109 1898 1144 quod

1102 1154 1291 1181 universorum
1317 1155 1446 1182 Dominus
1473 1155 1533 1183 loco
1559 1156 1682 1183 maximat
1707 1156 1898 1192 indignatiOnis

1102 1199 1246 1235 aliquando
1260 1201 1446 1229 interminatus
1455 1205 1498 1229 est
1508 1201 1661 1229 Iudaeorum
1673 1202 1771 1238 populo
1784 1203 1875 1231 «licens
1885 1211 1899 1231 :

1101 1243 1175 1272 Dabo
1188 1245 1256 1273 vobis
1270 1255 1321 1274 non
1333 1240 1426 1282 [autem
1442 1247 1525 1281 panis,
1539 1256 1618 1282 neque
1629 1248 1697 1274 sitim
1706 1256 1790 1283 aquae,
1800 1249 1844 1276 scd
1854 1251 1897 1285 [a-

1101 1298 1166 1318 utem
1175 1291 1295 1318 audiendi
1310 1300 1450 1320 sermonem
1460 1291 1565 1320 Domini
1575 1293 1664 1328 (Amos
1676 1293 1702 1321 8.
1716 1293 1778 1329 ii);
1794 1294 1901 1323 docens,

1101 1343 1161 1367 tios,
1174 1336 1246 1364 illaut
1257 1337 1364 1372 quidem
1375 1337 1473 1366 famem
1483 1346 1580 1373 corpus
1590 1339 1759 1366 macilentam
1770 1340 1897 1373 reddere,

1101 1381 1171 1410 hanc
1182 1387 1270 1410 autem
1287 1383 1404 1411 animant
1420 1388 1560 1412 attenuare
1575 1393 1582 1412 :
1598 1385 1712 1420 idipsunt
1723 1405 1731 1418 ,
1747 1385 1820 1421 quod
1840 1386 1896 1414 Do-

1100 1428 1190 1455 minus
1210 1432 1273 1456 tunc
1292 1429 1415 1464 supplicii
1433 1429 1490 1458 loco
1511 1430 1564 1458 illis
1582 1431 1743 1464 minabatur,
1758 1439 1828 1460 nunc
1844 1440 1898 1460 nos

1099 1477 1195 1508 sponte
1214 1474 1291 1502 nobis
1307 1475 1482 1508 attraltinttts;
1498 1476 1578 1511 idque
1592 1482 1732 1512 postquam
1748 1478 1817 1504 Deus
1832 1482 1894 1505 tan-

1100 1521 1153 1545 tattt
1169 1520 1253 1547 nostri
1266 1527 1358 1548 curam
1373 1520 1519 1549 declaravit
1530 1542 1538 1555 ,
1553 1526 1581 1549 et
1592 1522 1756 1557 dispensavit
1768 1543 1775 1556 ,
1792 1528 1819 1550 ut
1831 1531 1899 1551 Cttlll

1099 1572 1234 1593 sacrarunt
1247 1565 1444 1601 Scripturarum
1456 1567 1570 1596 lectione
1581 1569 1725 1597 habeamus
1735 1574 1763 1597 et
1774 1577 1789 1596 a
1801 1570 1894 1598 docto—

1100 1611 1173 1639 ribus
1186 1613 1392 1642 admonitiones.

1133 1658 1196 1685 Cum
1216 1658 1322 1687 lectione
1345 1660 1486 1696 Scriptura:
1505 1661 1600 1688 muttito
1619 1660 1769 1688 Doctorum.
1780 1677 1817 1682 —
1831 1663 1898 1691 Ideo

1098 1710 1145 1731 oro
1159 1709 1274 1732 vestram
1287 1706 1438 1739 caritatem,
1451 1710 1481 1734 ut
1497 1714 1610 1734 excussa
1630 1707 1734 1735 desidia
1754 1709 1896 1743 paululum

1097 1750 1318 1785 expcrgiscamitti
1332 1771 1341 1784 ,
1354 1757 1380 1779 et
1393 1752 1510 1779 studium
1525 1759 1604 1780 omne
1619 1753 1645 1780 in
1660 1753 1758 1780 animat
1777 1754 1892 1782 salutem

1098 1796 1272 1824 transferatis.
1293 1797 1337 1825 Sic
1357 1797 1430 1825 enim
1444 1803 1471 1825 et
1486 1805 1500 1825 a
1520 1798 1576 1826 Deo
1595 1799 1808 1827 benevolentiant
1826 1800 1892 1828 ube-

1097 1849 1153 1870 rent
1169 1842 1308 1870 attrahctis
1319 1864 1327 1876 ,
1347 1852 1450 1878 nosque
1469 1844 1613 1873 alacriOrcs
1627 1845 1661 1872 ad
1675 1846 1829 1874 docendum
1843 1856 1893 1875 vns

1096 1889 1206 1922 erimus,
1222 1897 1288 1925 quos
1302 1890 1450 1918 videbimus
1463 1892 1575 1920 consilio
1591 1898 1683 1920 nostro
1697 1901 1800 1928 parere.
1818 1894 1891 1928 Quo-

1096 1935 1167 1962 niam
1180 1940 1207 1962 ct
1220 1936 1346 1971 agricola,
1358 1937 1464 1972 quando
1475 1938 1547 1966 videt
1561 1943 1657 1966 tcrrant
1671 1939 1821 1973 fecundam,
1837 1942 1891 1968 cul-

1096 1984 1163 2008 tura:
1184 1981 1307 2009 idoneam
1331 1982 1518 2018 fructuuntque
1537 1984 1662 2017 feracem,
1677 1989 1794 2020 paratse
1807 1987 1889 2013 etiam

1096 2026 1151 2060 ipse
1166 2031 1194 2054 ut
1207 2027 1301 2063 majori
1315 2029 1403 2056 studio
1415 2029 1485 2056 illam
1496 2030 1565 2057 colat
1577 2039 1584 2058 :
1598 2031 1692 2058 eodem
1706 2032 1786 2059 tnodo
1800 2037 1828 2060 et
1840 2040 1890 2060 nos

1094 2074 1115 2100 si
1132 2073 1275 2102 viderimus
1290 2080 1408 2103 vestrum
1422 2076 1448 2103 in
1463 2076 1560 2104 divinis
1575 2078 1720 2112 profectum
1731 2099 1738 2110 ,
1754 2083 1781 2105 et
1795 2087 1843 2105 vos
1857 2087 1888 2106 ea

1093 2126 1153 2154 qnze
1164 2127 1178 2146 a
1193 2120 1269 2147 nobis
1282 2120 1416 2154 dicutttur,
1434 2121 1511 2150 iactis
1527 2123 1647 2151 studiose
1664 2124 1785 2158 implere,
1800 2125 1888 2158 majo-

1093 2171 1149 2191 rem
1163 2164 1275 2192 docendi
1292 2166 1409 2194 laborem
1423 2167 1608 2196 exhibebimus
1623 2177 1632 2196 :
1648 2168 1740 2203 utpote
1753 2170 1886 2202 scientes,

1092 2218 1142 2238 nos
1154 2218 1205 2238 non
1220 2212 1246 2239 in
1262 2212 1343 2247 petris
1353 2213 1497 2248 seminare,
1509 2214 1556 2242 sed
1571 2215 1596 2242 itt
1610 2215 1699 2250 pingui
1712 2220 1739 2243 et
1753 2215 1887 2250 profunda

1094 2262 1174 2286 terra.

1126 2305 1152 2332 2.
1171 2304 1320 2339 Utilitatem,
1331 2314 1381 2334 non
1391 2307 1495 2342 plausus
1505 2309 1661 2344 auditorum,
1675 2311 1765 2345 qutcrit
1776 2311 1885 2347 Chryso—

1091 2358 1196 2382 stomus.
1210 2354 1296 2382 Radix
1311 2357 1440 2384 homicidii
1457 2358 1599 2385 invidia.——
1610 2359 1648 2387 Ea
1667 2361 1739 2387 enim
1757 2362 1791 2389 de
1804 2370 1884 2389 causa

1090 2399 1210 2433 quotidie
1225 2399 1300 2428 vobis
1312 2402 1515 2436 concionatnur,
1541 2409 1570 2431 ut
1591 2405 1692 2440 aliquid
1712 2406 1779 2433 lucri
1803 2407 1884 2434 iacia-

1091 2443 1138 2477 tis,
1154 2449 1181 2471 et
1194 2444 1307 2473 virtutes
1319 2452 1414 2474 vestrae
1428 2454 1550 2477 crescant
1561 2470 1568 2482 ,
1584 2458 1686 2485 nosque
1701 2452 1822 2480 la-tcmttr
1836 2461 1882 2480 ve-

1090 2494 1174 2517 strum
1195 2491 1316 2520 videntes
1332 2494 1489 2527 profectum.
1509 2495 1640 2531 Numquid
1656 2499 1727 2525 enim
1743 2504 1843 2527 tetnt-re
1858 2504 1885 2526 et

1090 2535 1116 2562 itt
1129 2543 1227 2564 vanum
1240 2537 1331 2566 dicere
1345 2539 1479 2573 volumus,
1493 2546 1522 2568 ut
1534 2549 1549 2568 a
1567 2543 1643 2569 vobis
1657 2544 1765 2571 laudum
1781 2545 1884 2572 fructus

1089 2582 1259 2616 recipiamus,
1275 2588 1302 2611 et
1316 2589 1343 2611 ut
1358 2585 1514 2619 plaudentes
1525 2588 1649 2616 manibus
1663 2589 1814 2616 recedatis?
1825 2590 1882 2617 Non

1089 2627 1140 2656 ltoc
1154 2634 1321 2663 spectamus;
1337 2631 1407 2658 absit
1423 2641 1429 2658 :
1449 2633 1496 2660 sed
1517 2638 1632 2661 vestram
1654 2635 1808 2662 utilitatem.
1826 2636 1882 2662 Mra

1089 2676 1205 2703 maxima
1223 2677 1279 2704 laus
1292 2682 1331 2705 est
1348 2683 1375 2705 et
1389 2686 1510 2706 summus
1533 2679 1655 2715 plausus,
1672 2681 1694 2708 si
1708 2682 1768 2715 quis
1782 2690 1795 2707 a
1813 2682 1883 2708 vitiis

1088 2721 1122 2749 ad
1138 2722 1262 2750 virtutem
1283 2730 1463 2758 convm'tatur,
1480 2726 1503 2753 si
1515 2728 1574 2762 quis
1589 2732 1667 2755 antea
1683 2728 1776 2762 deses,
1791 2734 1882 2755 nostra

1087 2767 1274 2797 adhortatione
1283 2770 1420 2798 studiosus
1431 2773 1492 2801 liat:
1503 2772 1554 2800 hoc
1564 2779 1590 2801 et
1599 2773 1663 2800 tttilti
1678 2774 1825 2801 maximum
1841 2775 1881 2800 ειτ-

1088 2814 1139 2841 fert
1152 2815 1275 2843 solatium
1290 2822 1317 2843 et
1332 2817 1448 2851 laudent,
1463 2823 1490 2846 et
1503 2819 1578 2847 vobis
1598 2820 1702 2847 luerunt
1725 2826 1752 2848 ct
1774 2820 1880 2848 divitias

1088 2860 1249 2896 spiritualcs.
1267 2864 1320 2893 Sed
1334 2873 1387 2893 neu
1400 2866 1514 2902 ambigo,
1531 2867 1593 2902 quin
1609 2867 1722 2895 tnultutn
1739 2867 1819 2895 studii
1835 2875 1879 2894 cx-
