2046 3126
189 139 247 170 επ·

189 197 299 224 hibituri
315 197 388 226 sitis:
400 198 457 226 scio
465 198 535 225 enim
546 206 594 226 vos
606 207 621 226 a
633 200 688 228 Deo
698 201 792 228 doctos
804 208 875 235 esse,
887 210 981 236 posse-

188 251 241 278 que
263 243 342 270 ctiam
365 244 431 271 alios
451 244 607 273 admonere.
622 246 735 281 Propter
752 247 803 274 hoc
821 247 864 275 hic
883 248 982 275 sistens

189 297 278 316 meum
302 290 454 322 consilium.
477 299 586 326 pergam
607 292 640 319 ad
659 293 764 320 solitam
783 293 930 321 doctrinam
947 303 978 321 cx

188 335 280 362 verbis
295 335 365 362 beati
385 335 476 367 Mosis,
500 337 554 364 imo
567 338 681 372 Spiritus
700 339 784 366 sancti
802 347 849 374 per
862 347 922 367 eum
938 340 980 367 lo-

192 381 317 415 qucniis:
340 386 367 408 et
390 382 434 408 ubi
451 390 532 417 pauca
549 383 670 417 qua'dam
685 391 858 419 proposuero,
874 385 981 413 hodier-

188 434 253 455 num
268 427 343 454 vobis
358 428 430 454 illinc
448 429 598 456 convivium
610 424 754 463 apponant.
766 430 881 458 Audistis
895 439 981 466 nuper

188 473 324 509 quomodo
337 473 420 501 Iacob
442 475 531 501 omnia
553 475 652 502 faciens
673 476 819 502 secundum
835 478 979 504 consilium

188 520 329 552 Ilebeccm,
345 521 428 555 patris
443 520 654 548 benedictionem
669 523 822 556 arripuerit,
836 523 981 550 laudatum-

186 574 240 602 que
259 566 359 594 furtum
376 567 551 598 commiserit.
567 567 626 595 ideo
640 572 666 595 et
680 573 880 603 cooperatorein
895 570 979 597 Deum

188 613 290 646 habuit,
302 618 329 641 et
339 618 451 640 conatus
461 613 519 648 ejus
531 614 598 641 bene
612 616 739 642 successit
752 623 760 642 :
773 615 820 643 sed
834 616 895 650 quia
909 616 979 644 Esau

188 658 222 684 ob
236 658 262 685 id
276 658 325 693 ipsi
341 659 417 686 valde
433 659 579 692 invidebat,
596 665 621 687 et
637 668 666 687 se
679 660 712 687 ad
728 661 827 688 cn-dcm
841 669 979 696 pricpara-

189 703 251 731 hat:
271 705 306 731 ita
326 705 397 732 enim
418 713 447 732 se
462 705 540 732 habet
554 706 623 732 mala
640 706 697 734 hac
711 707 833 739 affectio;
849 715 902 735 non
916 713 978 737 ante

185 748 301 783 desistit,
317 750 403 777 donec
418 759 432 777 a
446 759 476 778 se
495 757 600 786 captum
617 753 642 779 in
665 761 783 788 praiccps
805 754 924 788 dejiciat,
942 755 978 782 ita

186 801 215 823 ut
228 797 260 824 ad
277 797 412 825 homicidii
431 803 521 826 currat
534 800 630 827 scelus.
650 800 736 827 Radix
755 800 825 827 enini
842 801 977 828 homicidii

186 843 284 870 invidia
306 843 354 882 [ct
375 844 475 872 fruetus
500 845 605 872 invidia:
623 846 829 883 homicidium].
854 847 890 874 Ita
909 851 936 875 et
961 856 977 876 a

187 889 317 925 principio
332 890 378 917 fuit
392 891 461 918 inter
475 892 540 919 Cain
558 897 584 919 et
599 893 674 920 Abel.
692 893 739 920 Ille
756 894 827 920 enim
846 894 912 921 nihil
932 894 979 921 ha-

189 934 256 962 bens
270 936 313 963 vel
330 944 439 971 parvum
453 937 495 964 vel
511 946 646 972 magnum,
663 938 696 966 de
708 947 760 973 quo
773 945 909 967 accusaret
922 940 978 967 fra-

163 1015 168 1019 .
186 982 264 1012 (rem,
278 981 321 1007 ilbi
336 981 398 1008 vidit
414 981 485 1009 illum
501 983 614 1009 Domino
629 984 733 1018 probari
744 990 853 1019 propter
865 985 978 1013 oblatio-

185 1033 247 1052 nein
264 1035 416 1059 ninncruni,
432 1035 461 1054 se
476 1035 541 1055 vero
554 1028 588 1055 ob
600 1029 786 1063 negligentiam
799 1038 874 1057 suam
889 1030 975 1064 rejici,

184 1071 218 1098 ad
234 1072 358 1099 invidiam
374 1074 462 1100 statim
478 1080 636 1108 provocatus
651 1080 689 1101 cst
702 1082 712 1102 τ
725 1081 749 1102 et
766 1081 825 1102 nata
843 1076 977 1104 homicidii

185 1118 276 1145 radice
291 1118 315 1145 in
331 1124 419 1146 mente
433 1119 506 1153 ejus,
524 1120 612 1147 statim
634 1122 810 1155 perniciosum
830 1122 902 1149 illum
924 1121 978 1149 frn-

184 1169 257 1190 Cllllll
272 1164 371 1196 attulit,
385 1170 412 1192 et
425 1164 596 1192 honicidimn
610 1167 753 1192 commisit.
765 1165 802 1192 Ita
818 1174 882 1193 sane
896 1168 976 1194 etiam

186 1208 267 1241 l‘fsai'i,
281 1215 340 1236 cunt
355 1210 456 1237 videret
475 1212 610 1245 aCCcp‘sse
633 1211 740 1238 fratrem
764 1211 976 1238 benedictionem

184 1260 198 1280 a
221 1259 305 1289 patro,
321 1255 354 1282 ab
374 1255 411 1282 ira
433 1259 459 1282 et
479 1256 576 1283 invidia
595 1256 628 1283 ad
647 1256 818 1284 homicidium
843 1257 975 1290 inductus,

185 1303 364 1330 ii‘icilitahatnr
373 1309 484 1330 mortem
499 1304 597 1331 fratris.

222 1349 355 1380 Quomodo
371 1348 482 1376 [ἴοιμι-τη
492 1350 567 1376 saluti
575 1350 686 1386 junioris
697 1350 745 1384 filii
759 1350 797 1377 sui
807 1350 977 1382 consuluerit;

184 1395 319 1421 consilium
338 1395 367 1421 ab
387 1396 444 1430 ipsa
460 1396 548 1422 (latum
569 1396 601 1422 ad
620 1396 751 1423 consilium
765 1396 796 1422 ab
809 1397 863 1431 ipso
878 1395 977 1422 Christo

184 1439 273 1466 (latum
288 1442 403 1474 refrrtur.
417 1456 453 1460 —
470 1441 567 1468 Verum
582 1441 746 1468 admirabilis
764 1441 807 1468 illa
831 1446 914 1467 mater
927 1441 978 1468 hoc

184 1486 314 1518 sentiens,
337 1486 432 1513 iterum
453 1491 602 1513 maternum
622 1494 740 1513 amorem
758 1493 820 1521 erga
836 1486 917 1512 filium
931 1486 978 1513 dc-

184 1531 312 1557 i-lai'avit:
327 1536 353 1557 et
366 1531 506 1558 consilium
521 1532 609 1558 attulit
622 1539 673 1566 quo
688 1535 778 1566 posset
793 1531 881 1558 fratris
891 1530 977 1557 mani-

184 1576 235 1603 bus
259 1577 336 1612 eripi.
357 1577 401 1604 42.
419 1576 513 1604 Vocato
532 1577 607 1610 enim,
627 1577 722 1612 inquit,
739 1577 793 1611 filio
806 1585 851 1604 suo
861 1577 976 1612 jimiorc,

184 1620 248 1648 dixit
262 1623 284 1648 ei
301 1623 388 1649 11ἰσεε
409 1623 478 1649 Esau
497 1625 574 1658 frater
594 1628 651 1650 tuus
667 1624 778 1649 minatur
799 1623 841 1649 tibi
860 1627 976 1650 mortem.

184 1667 230 1694 45.
246 1667 320 1694 Nunc
335 1669 411 1702 igitur
430 1669 489 1695 audi
504 1676 586 1695 vocem
599 1677 689 1695 meum.
702 1669 872 1703 Experientia
885 1673 912 1696 te
926 1668 974 1696 do-

183 1719 243 1740 ceat
264 1722 306 1740 me
328 1714 373 1741 tibi
399 1715 472 1741 utilia
492 1715 650 1747 consulere;
672 1719 700 1742 et.
720 1715 790 1741 sicut
811 1715 866 1748 jam
887 1714 976 1742 audita

184 1768 252 1788 voce
269 1769 338 1794 mea,
361 1769 470 1796 magnas
490 1761 547 1788 illas
561 1768 576 1787 a
590 1766 664 1796 patre
687 1761 885 1788 benedictiones
904 1768 976 1788 asse-

185 1813 284 1840 qnutns
303 1815 331 1834 es
344 1816 350 1833 :
365 1807 400 1834 ita
414 1812 440 1834 ct
460 1815 530 1834 nune
552 1807 611 1834 :iudi
634 1814 725 1834 vocem
746 1815 842 1838 uicani,
860 1811 890 1833 ut
912 1807 978 1833 ell‘u-

183 1862 248 1888 gcre
263 1854 349 1888 possis
366 1853 454 1880 fi'airis
473 1861 575 1880 manus.
592 1854 636 1880 Sic
650 1853 721 1880 enim
735 1858 762 1880 et
778 1853 945 1887 temetipsum
960 1860 975 1879 a

185 1898 310 1933 periculis
331 1899 441 1926 liberum
464 1899 570 1931 reddes,
591 1903 618 1925 ct
641 1906 683 1925 inc
698 1906 712 1925 a
729 1898 808 1925 luctu.
824 1897 977 1925 Verisimile

184 1946 256 1972 ('tlIIll
270 1950 311 1973 est
329 1946 413 1979 illuni,
427 1945 448 1971 si
464 1945 514 1972 hoc
533 1952 613 1972 ausus
627 1945 715 1977 fuerit,
731 1952 835 1978 pinnam
851 1944 975 1971 daturum

184 1999 255 2024 esse,
271 1997 350 2026 atque
365 1992 400 2018 ita
416 1991 532 2026 undique
542 1990 605 2017 mihi
617 1991 705 2026 gravis
715 1990 791 2018 dolor
805 1994 832 2018 et
844 1990 976 2017 cruciatus

184 2038 246 2065 erit.
269 2038 335 2064 Audi
347 2038 424 2073 igitur
436 2046 519 2069 rorem
534 2046 625 2070 meam,
641 2043 663 2064 et
672 2045 754 2072 surge,
769 2037 901 2071 statimque
914 2036 977 2064 vade

183 2083 219 2110 ad
230 2082 316 2110 Laban
329 2083 432 2117 fratrem
447 2091 528 2109 metm:
541 2083 566 2109 in
581 2082 714 2116 Cliarrani,
726 2083 772 2109 41.
787 2087 810 2109 ει
821 2082 905 2108 habita
919 2089 975 2108 cum

183 2138 213 2155 eo
226 2129 260 2155 at!
271 2129 366 2164 aliquot
381 2129 444 2160 dies,
462 2137 589 2164 usquequo
601 2132 728 2155 avertatur
742 2128 780 2154 ira
795 2133 818 2154 et
835 2127 976 2162 indignatio

185 2174 273 2210 fratris
287 2174 324 2205 tui
339 2183 397 2209 erga
415 2179 447 2205 te,
461 2174 504 2201 45.
517 2178 538 2200 et
553 2173 714 2200 obliviscatur
726 2181 782 2208 qua:
799 2173 821 2199 ei
841 2173 939 2208 fecisti:
953 2177 977 2199 et

184 2220 283 2246 mittam
297 2220 449 2246 eireducam
464 2225 487 2245 te
504 2218 573 2252 inde,
593 2227 623 2245 ne
640 2218 704 2253 forte
716 2226 767 2244 uno
778 2217 818 2244 die
837 2217 904 2244 vobis
926 2225 978 2244 am-

185 2267 264 2293 bobus
274 2267 355 2292 orbir.
372 2265 428 2296 Abi,
443 2265 536 2300 inquit,
550 2265 584 2291 ad
603 2267 706 2299 fratrem
728 2272 810 2290 meum
829 2263 928 2295 Laban,
946 2267 969 2290 et

164 2339 169 2344 ,
184 2311 271 2338 habita
286 2311 339 2338 illic
352 2320 409 2337 cum
424 2320 464 2338 co.
482 2311 630 2338 Verisimile
643 2311 713 2338 enim
728 2315 768 2338 est
781 2305 976 2345 separationem

181 2363 210 2386 ct
225 2357 353 2392 temporis
364 2364 522 2392 processum
535 2364 612 2391 posse
625 2356 723 2390 aliquid
739 2356 863 2390 amplius,
879 2363 976 2390 nempe

183 2402 228 2429 mi!
243 2410 306 2438 gare
321 2403 398 2434 iram,
420 2401 544 2429 iniidiam
559 2401 653 2429 sedare
665 2405 692 2429 et
705 2401 865 2428 oblivionem
881 2400 976 2428 afferre

183 2457 276 2475 cornin
290 2457 350 2483 qua:
364 2449 390 2475 in
407 2448 476 2476 furto
490 2448 681 2487 benedictionis
691 2452 763 2483 gesta
777 2453 848 2475 sunt.
865 2447 897 2474 Et
910 2447 975 2474 obli-

182 2496 304 2528 viscatur,
320 2495 414 2530 inquit,
428 2503 485 2529 qua:
497 2495 586 2530 feceris
598 2495 631 2521 ei.
653 2494 800 2522 Verisimile
814 2500 865 2526 est,
879 2494 974 2529 inquit,

182 2550 245 2568 cum
261 2541 339 2568 irasci
356 2542 384 2568 l:
402 2541 462 2568 ideo
481 2549 528 2576 par
540 2546 580 2568 est
600 2546 628 2568 ut
646 2542 711 2568 iram
727 2546 754 2568 ct
773 2541 899 2576 impetum
919 2541 976 2576 ejus

215 2620 225 2635 ¹
243 2622 267 2651 In
282 2625 370 2650 graeco.
381 2626 466 2649 5141a,,
474 2627 533 2651 πηιν,
542 2626 639 2651 ἆργὶζιταιη
650 2620 681 2644 Ad
693 2620 789 2644 literam
800 2619 888 2651 melius
899 2624 975 2651 esset,

217 2634 223 2635 ί
243 2634 267 2643 ΙΙΙ
282 2634 370 2650 ΕΙνιΙΑΙ.
382 2634 466 2649 ια’)τως,
474 2634 533 2651 φησιν,
542 2634 552 2645 'J
563 2634 639 2651 γιμται.
650 2634 681 2644 ΑΗ
695 2634 745 2644 ιιιιῖι
751 2634 789 2643 Ill"
801 2634 888 2643 ΙΙΙΕΙΙΙΙΕ
899 2634 975 2651 μωσιν,

178 2650 238 2680 jure
249 2650 365 2675 irascitur
376 2657 384 2675 :
397 2654 422 2674 et
435 2652 542 2675 IOI‘labSIS
552 2634 597 2676 Iioe
605 2652 688 2675 dicere
699 2650 774 2675 voluit
786 2650 975 2681 (:Iirysostmnus.

181 2684 208 2705 Et
222 2687 291 2709 vero.
299 2685 325 2705 ut
337 2683 417 2705 statim
426 2682 530 2711 videtur,
542 2688 613 2706 causa
621 2681 704 2706 aderat
715 2686 741 2706 ut
753 2683 900 2705 irasceretur
907 2683 975 2710 Esau,

181 2713 215 2735 oh
226 2716 363 2742 surreptam
382 2713 427 2736 sibi
441 2712 524 2736 fraude
541 2713 762 2742 prinuigeniiuram.
781 2712 825 2736 Etsi
839 2712 903 2736 enim
913 2712 977 2737 dicat

182 2744 339 2774 Augustinus,
351 2746 424 2767 Tomo
435 2746 470 2772 tv,
481 2749 534 2773 cap.
550 2743 586 2771 lO,
611 2747 663 2774 p0st
682 2744 784 2770 initium,
809 2742 832 2766 id
844 2743 907 2773 quod
921 2749 976 2766 sua-

181 2772 263 2797 dente
274 2777 351 2797 matre
370 2774 427 2798 fecit
438 2772 518 2801 .tacob,
532 2780 577 2797 non
591 2772 645 2798 i-Sse
659 2774 817 2800 mendacium.
830 2772 874 2796 sed
885 2777 976 2804 myste-

182 2805 257 2831 rium,
269 2808 295 2827 ei
306 2805 356 2834 ipse
367 2805 547 2835 Cln'ysostonius
557 2811 628 2835 supra
641 2805 753 2828 ttclieccw
767 2808 792 2828 et
801 2804 879 2828 Jacobi
890 2804 976 2828 factum

183 2835 355 2863 exeusaverit;
367 2837 443 2865 primo
455 2839 535 2859 tamen
546 2835 632 2860 intuitu
646 2835 760 2860 lallaciam
772 2835 940 2865 conspicimus,
950 2839 975 2860 ct

254 2865 311 2896 jure
323 2865 460 2898 indignatus
471 2865 574 2890 videtur.

586 142 620 171 IN
637 144 713 172 CAP.
732 144 837 173 XXVII.
859 145 901 174 ΕΤ
921 145 1038 174 XXVIII.
1059 147 1178 176 GENES.
1199 149 1313 179 IIOlIIL.
1335 151 1385 180 LI‘

1775 155 1830 185 47.

1039 204 1167 239 declines,
1182 207 1205 234 si
1225 207 1294 236 forte
1307 217 1356 244 per
1375 215 1478 246 tempus
1495 213 1534 240 rei
1549 217 1629 248 gesta:
1644 214 1826 243 obliviscatiiiu

1036 255 1064 278 et
1076 256 1166 286 postea
1181 260 1240 280 cum
1253 254 1375 282 libertate
1387 257 1472 290 possis
1483 257 1525 284 hic
1539 258 1700 286 domicilium
1711 259 1821 286 habere.

1037 296 1071 323 Et
1085 304 1119 325 ne
1135 297 1206 325 ﬁlius
1217 298 1275 333 ejus
1289 301 1416 334 gravatim
1432 301 1509 333 ferat.
1520 303 1589 337 quod
1600 309 1709 339 cogatur
1722 304 1748 331 in
1759 305 1824 331 alic-

1035 349 1096 369 nain
1116 346 1214 370 terram
1227 344 1324 378 :abire:
1340 345 1400 373 vide
1416 347 1549 379 quomodo
1569 348 1669 375 soletur
1680 349 1748 376 illius
1761 350 1822 376 ani-

1034 395 1116 414 mam.
1138 387 1254 416 Primum
1277 389 1383 424 quidem
1404 391 1488 419 dixit:
1503 391 1552 419 Abi
1564 393 1597 419 ad
1609 392 1698 420 Laban
1717 395 1822 429 fratrem

1035 441 1126 461 meum.
1141 434 1208 462 Num
1223 435 1256 462 ad
1271 442 1425 463 extraneum
1441 442 1467 464 et
1484 438 1598 465 alienum
1616 439 1655 466 ire
1676 443 1702 466 te
1719 439 1824 474 jubet)?

1034 479 1074 505 Ad
1084 481 1188 514 fratrem
1201 489 1283 508 meum
1299 482 1349 515 abi,
1361 488 1384 509 et
1394 482 1479 510 habita
1491 492 1548 510 cum
1562 492 1590 511 eo
1604 485 1638 511 ad
1648 485 1701 511 dies
1714 486 1820 520 aliquot.

1034 525 1129 559 Breve,
1144 527 1238 561 inquit,
1260 533 1375 562 tempus,
1393 536 1491 564 paucos
1505 530 1573 562 dies,
1595 538 1733 565 quousque
1747 531 1824 566 quie-

1034 576 1092 598 seat
1105 572 1153 599 ira.
1167 572 1242 600 Nunc
1256 574 1327 601 enim
1340 574 1425 602 fervet
1439 575 1584 609 indignatio
1596 575 1663 609 ejus.
1677 583 1763 610 neque
1776 583 1825 610 pa-

1035 617 1082 644 tris
1097 618 1203 646 habebit
1216 621 1391 647 reverentiam
1411 621 1449 648 ira
1468 621 1552 648 semel
1566 621 1721 654 inuudantc,
1737 629 1824 656 neque

1033 667 1160 698 quantum
1181 665 1304 692 fraterna:
1322 666 1510 693 necessitudini
1535 665 1631 693 debeat
1656 666 1682 693 in
1706 670 1822 693 mentem

1032 709 1161 744 accipiet:
1182 710 1227 737 sed
1248 719 1328 737 unum
1354 711 1404 738 hoc
1424 716 1495 746 aget,
1510 715 1538 738 ut
1555 710 1671 738 furorem
1687 718 1763 738 suum
1777 719 1824 738 ex-

1032 755 1114 789 pleat.
1129 755 1162 781 Et
1175 756 1286 789 mittens,
1301 756 1389 783 statim
1411 756 1468 783 inde
1486 757 1605 783 reducam
1618 761 1651 782 te.
1665 756 1711 788 Te,
1727 756 1822 790 inquit,

1033 800 1176 828 revocabo.
1190 801 1238 828 Abi
1252 801 1332 836 igitur
1346 802 1412 829 bona
1428 809 1488 829 cum
1503 801 1597 829 fiducia
1609 809 1617 830 :
1632 806 1657 828 te
1670 802 1739 828 enini
1753 809 1824 828 nmi-

1033 845 1076 872 tiis
1087 853 1120 872 eo
1135 846 1224 873 missis
1242 847 1386 874 reducam:
1402 854 1462 873 nam
1480 846 1514 873 de
1533 851 1587 873 toto
1603 846 1667 873 mihi
1685 851 1822 883 certamen

1032 895 1082 923 est,
1098 891 1132 918 de
1144 896 1257 927 utroque
1271 893 1348 919 anxia
1362 899 1432 924 sum,
1448 900 1482 920 ne
1497 892 1566 920 forte
1588 897 1700 927 utroque
1723 893 1820 926 priver.

1031 937 1098 965 Vide
1111 939 1266 972 sapientiam
1283 939 1385 971 matris,
1403 946 1463 973 qua:
1480 946 1494 964 a
1511 938 1596 972 seipsa
1611 944 1693 970 mota,
1708 939 1760 964 imo
1775 938 1822 965 Dei

1031 982 1196 1018 priedietioni
1209 984 1290 1011 etiam
1306 991 1376 1010 nune
1395 983 1525 1016 serviens,
1546 983 1590 1010 illa
1609 983 1725 1010 consulit
1739 991 1822 1018 puero

1031 1037 1090 1064 qua:
1103 1029 1226 1057 Christus
1244 1030 1381 1064 discipulis
1403 1030 1459 1058 suis
1479 1029 1646 1062 consulebat,
1668 1037 1700 1056 ne
1723 1033 1822 1056 temere

1032 1075 1156 1109 periculis
1171 1083 1200 1102 se
1215 1075 1404 1108 iininiscerent,
1421 1075 1467 1102 sed
1482 1082 1588 1102 secessu
1608 1075 1736 1101 insaniam
1753 1073 1822 1100 male

1032 1120 1189 1147 alfectorum
1209 1120 1401 1148 demulcerent.
1419 1121 1474 1148 Hoc
1498 1121 1577 1155 igitur
1597 1121 1676 1148 etiam
1700 1120 1743 1146 illa
1766 1120 1821 1146 filio

1029 1167 1153 1199 consulit,
1168 1168 1281 1202 primum
1294 1167 1353 1201 ejus
1365 1167 1454 1194 animo
1469 1167 1590 1194 fiduciam
1607 1166 1702 1193 indens
1721 1171 1749 1193 ut
1764 1166 1822 1192 dis-

1029 1220 1133 1240 cessum
1153 1220 1204 1240 non
1224 1220 1295 1247 :cgre
1316 1212 1414 1244 ferret.
1437 1216 1499 1239 tunc
1517 1212 1643 1245 deinceps
1666 1215 1693 1238 et
1714 1218 1820 1238 causam

1030 1257 1168 1285 honestam
1185 1258 1340 1293 profectioni
1355 1257 1414 1292 ejus
1433 1257 1574 1291 excogitat,
1594 1257 1630 1283 ita
1645 1261 1673 1283 ut
1687 1264 1720 1283 ne
1733 1256 1820 1282 maui-

1029 1304 1096 1331 fi-ste
1110 1304 1229 1331 videatur
1240 1308 1348 1339 propter
1359 1303 1447 1331 fratris
1458 1303 1582 1330 invidiam
1597 1302 1733 1335 recedere,
1752 1310 1821 1329 neve

1030 1355 1105 1386 pater
1112 1351 1178 1378 sciat
1187 1358 1275 1377 veram
1284 1350 1503 1385 peregrinationis
1513 1348 1711 1381 causani,.Esaii
1720 1348 1822 1375 scilicet

1030 1397 1235 1431 indignationem
1249 1401 1340 1424 contra
1351 1396 1432 1423 illum.
1443 1395 1489 1423 46.
1504 1394 1536 1422 Ει
1547 1395 1668 1430 ingressa,
1683 1394 1776 1429 inquit,
1788 1394 1821 1420 ml

1030 1442 1105 1469 Isaac
1117 1442 1229 1469 llebecca
1242 1442 1324 1469 dicit:
1336 1441 1425 1469 Gravis
1440 1441 1500 1467 mihi
1515 1442 1565 1468 vita
1581 1445 1616 1467 est
1634 1444 1736 1475 propter
1756 1440 1823 1473 filias

1031 1490 1141 1523 ﬁliorum
1164 1489 1234 1516 Clict.
1256 1490 1286 1516 Si
1308 1489 1430 1523 acceperit
1447 1488 1528 1515 Iacob
1549 1495 1653 1514 uxorem
1671 1488 1703 1513 de
1719 1486 1820 1521 filiabus

1031 1539 1104 1561 terra:
1116 1535 1197 1568 istius,
1210 1534 1244 1561 ad
1256 1534 1315 1569 quid
1330 1534 1391 1560 milii
1403 1534 1452 1560 vita
1461 1533 1474 1560 7
1742 1551 1747 1557 ι

1067 1580 1093 1606 5.
1104 1580 1247 1607 Considera
1261 1579 1394 1614 quomodo
1406 1579 1546 1606 honestum
1562 1578 1662 1606 invenit
1671 1578 1820 1605 obtentum.

1030 1626 1142 1659 Quando
1159 1627 1229 1653 enim
1243 1626 1318 1653 nobis
1329 1634 1441 1661 superna
1454 1625 1537 1660 gratia
1551 1625 1717 1659 cooperatrix
1728 1628 1778 1656 est,
1793 1628 1820 1650 et

1029 1672 1146 1700 diflicilia
1154 1671 1240 1700 facilia
1251 1673 1327 1706 fiunt,
1337 1678 1363 1700 et
1373 1672 1462 1708 gravia
1472 1673 1550 1700 levia.
1562 1672 1628 1705 Quia
1640 1672 1720 1706 igitur
1727 1676 1754 1698 et
1763 1671 1819 1697 hare

1030 1718 1124 1745 Iialntit
1140 1718 1221 1746 Deum
1238 1718 1377 1745 sententiie
1390 1726 1445 1744 sua:
1460 1721 1632 1748 annuentein,
1645 1716 1744 1748 omnia,
1762 1724 1821 1750 qua:

1029 1764 1062 1790 ad
1084 1763 1199 1791 futuram
1219 1763 1444 1797 dispensationem
1463 1767 1491 1790 et
1515 1762 1548 1789 ad
1567 1763 1678 1789 salutem
1698 1761 1743 1788 lilii
1756 1768 1821 1788 eon-

1030 1810 1128 1836 duccre
1150 1813 1282 1843 poterant,
1302 1809 1433 1843 suggessit
1451 1808 1508 1841 ejus
1530 1808 1622 1834 menti.
1641 1806 1730 1833 Gravis
1744 1806 1816 1837 milii,

1031 1855 1126 1890 inquit,
1141 1860 1176 1881 est
1189 1855 1240 1881 vita
1252 1863 1306 1881 mea
1321 1859 1423 1889 propter
1435 1854 1502 1888 ﬁlias
1515 1854 1624 1888 filiorum
1641 1853 1713 1880 Cliet.
1727 1852 1757 1879 Si
1776 1860 1822 1878 ac-

1030 1902 1122 1936 ceperit
1139 1900 1219 1928 Jacob
1234 1908 1337 1927 uxorem
1357 1899 1388 1926 de
1403 1899 1504 1934 filiabus
1525 1904 1598 1925 terrm
1613 1898 1699 1934 hujus,
1715 1899 1748 1924 ad
1762 1898 1822 1932 quia

1030 1947 1093 1974 milii
1106 1947 1156 1973 vita
1168 1947 1180 1973 .9
1196 1945 1244 1973 Hic
1257 1946 1320 1973 mihi
1335 1945 1486 1980 significare
1498 1944 1602 1971 videtur
1615 1943 1745 1978 pessimos
1759 1951 1823 1968 uxo-

1030 2001 1088 2020 rum
1103 1992 1173 2019 Esai'i
1188 1999 1286 2022 mores,
1298 1998 1357 2025 quin
1371 1990 1412 2017 eis
1426 1989 1522 2016 fuerint
1535 1989 1623 2015 fllllIlil}
1638 1987 1821 2014 amaritudinis

1030 2046 1120 2065 causa.
1137 2038 1240 2064 Etenim
1263 2037 1296 2064 dc
1321 2036 1393 2063 Esaii
1415 2035 1536 2069 superius
1552 2034 1667 2061 narravit
1685 2032 1764 2059 nobis
1781 2031 1822 2058 di-

1030 2085 1090 2112 vina
1111 2084 1259 2118 Scriptura,
1279 2083 1349 2118 quod
1369 2081 1502 2115 acceperit
1515 2088 1529 2106 a
1544 2079 1671 2108 Cheita-is
1686 2084 1712 2106 et
1733 2078 1821 2104 Eva‘is

1029 2137 1136 2160 uxores.
1148 2137 1207 2164 qua:
1215 2128 1406 2163 exasperabant
1415 2127 1486 2154 Isaac
1496 2131 1521 2153 et
1532 2125 1677 2152 ltebcceam
1691 2123 1766 2159 (Gen.
1774 2123 1822 2149 26.

1031 2176 1076 2203 54.
1093 2174 1157 2210 55).
1181 2175 1243 2201 11ίηθ
1257 2174 1336 2208 igitur
1357 2173 1382 2199 in
1398 2171 1552 2199 memoriam
1567 2170 1590 2197 ei
1611 2175 1752 2203 suggerere
1773 2175 1821 2194 ve-

1031 2222 1099 2255 Iens,
1120 2221 1156 2248 ita
1178 2221 1234 2247 fere
1253 2219 1385 2253 loquitur:
1407 2218 1466 2245 Scis
1483 2216 1615 2252 quomodo
1635 2215 1714 2242 vitam
1734 2222 1819 2241 uicani

1031 2267 1227 2294 cxacerbarunt
1239 2272 1335 2292 uxores
1351 2264 1430 2294 Esau.
1446 2269 1473 2290 et
1486 2264 1618 2297 quomodo
1638 2267 1745 2296 propter
1763 2261 1820 2287 illa—

1030 2320 1088 2340 riiin
1109 2312 1236 2338 malitiam
1251 2311 1276 2337 in
1289 2317 1384 2337 omnes
1397 2310 1464 2336 filias
1478 2310 1590 2336 filiorum
1606 2308 1670 2335 Chet
1685 2307 1752 2334 male
1763 2307 1822 2333 alli-

1030 2358 1096 2390 cior,
1106 2361 1132 2385 ct
1144 2361 1252 2392 propter
1261 2356 1319 2383 illas
1332 2363 1437 2382 onmem
1451 2360 1556 2390 gentem
1572 2361 1679 2381 exosum
1694 2352 1816 2383 habeam;

1030 2404 1052 2430 si
1066 2403 1144 2438 igitur
1158 2402 1295 2436 contingat
1308 2406 1335 2428 et
1347 2401 1428 2427 Jacob
1449 2408 1482 2426 ex
1504 2400 1556 2426 illis
1578 2405 1688 2425 uxorein
1709 2397 1818 2429 ducere,

1030 2456 1089 2483 qua:
1099 2448 1166 2475 mihi
1181 2452 1272 2482 postea
1287 2446 1379 2473 salutis
1391 2445 1471 2479 spes?
1483 2444 1524 2470 Ad
1534 2443 1595 2477 quid
1609 2443 1669 2469 milii
1683 2447 1738 2468 tum
1755 2442 1819 2468 ritu?

1030 2496 1095 2523 Nam
1116 2495 1138 2522 si
1161 2495 1219 2521 illas
1233 2494 1301 2520 ferre
1323 2500 1374 2519 non
1390 2498 1539 2526 possumus,
1555 2490 1576 2516 si
1597 2489 1677 2516 etiam
1688 2488 1771 2515 .laeob
1786 2495 1818 2514 cx

1031 2542 1135 2569 filiabus
1156 2545 1233 2567 terra:
1247 2539 1325 2573 hujus
1344 2544 1453 2564 uxorem
1468 2535 1611 2569 acceperit,
1625 2538 1714 2560 actum
1729 2536 1771 2559 est
1784 2532 1819 2559 de

1030 2588 1082 2614 vita
1093 2591 1192 2613 nostra.
1202 2585 1302 2618 Quibus
1312 2583 1409 2610 auditis
1418 2583 1499 2613 Isaae,
1508 2585 1586 2614 atque
1595 2578 1702 2605 malitiae
1713 2577 1818 2604 illarum

1030 2632 1193 2664 recordatus,
1207 2632 1232 2658 ί.
1244 2629 1319 2657 Isaac
1334 2628 1458 2654 aduocans
1465 2625 1559 2656 Iacob,
1570 2624 1694 2652 benedixit
1704 2631 1770 2654 eum,
1780 2622 1820 2649 iii-

1029 2679 1098 2713 quit,
1103 2682 1125 2704 et
1136 2676 1253 2712 prwcepit
1263 2676 1286 2702 ei
1289 2696 1296 2708 ,
1306 2675 1390 2701 dicens
1396 2681 1406 2699 :
1413 2672 1472 2699 Non
1480 2679 1566 2699 sanies
1573 2677 1675 2697 uxorem
1682 2669 1713 2695 de
1718 2668 1820 2702 ﬁliabus

1031 2724 1248 2754 Chunauatorum;
1262 2720 1290 2747 (Ξ.
1301 2719 1345 2747 sed
1353 2726 1437 2753 surge,
1449 2722 1472 2744 et
1485 2717 1548 2743 vade
1560 2716 1586 2742 in
1598 2713 1818 2748 Mesopotamiam,

1029 2770 1055 2796 in
1071 2769 1171 2795 domum
1189 2767 1268 2801 patris
1279 2765 1366 2791 matris
1383 2769 1444 2795 ture,
1460 2767 1484 2789 ct
1495 2761 1580 2796 accipe
1590 2759 1632 2786 tibi
1647 2759 1705 2786 inde
1718 2765 1820 2785 uxorem

1030 2814 1060 2840 il..-
1076 2813 1175 2846 ﬁliabus
1194 2811 1279 2846 fratris
1303 2809 1390 2836 matris
1411 2813 1459 2834 tua:
1479 2806 1556 2843 (Cap.
1578 2804 1642 2840 ΞΒ).
1664 2803 1754 2838 Neque
1777 2801 1820 2828 his

1029 2863 1170 2886 mutemus
1191 2856 1289 2889 verbis,
1309 2854 1391 2882 voluit
1411 2858 1439 2881 et
1459 2852 1618 2880 alacriorcm
1632 2857 1694 2878 cum
1709 2847 1820 2876 reddere
