2046 3126
257 150 288 177 75
591 146 618 174 S.
638 146 776 174 JOA'NNIS
795 140 1031 173 Cll’ltVSOSTOMI
1050 141 1206 171 ARCIIIEP.
1221 145 1488 174 CONSTANTINOP.

238 207 263 232 in
285 204 509 239 peregrinatione,
533 207 561 230 ct
586 211 648 230 eum
674 203 769 230 iterutn
796 200 1024 229 benedictionibus

237 251 376 278 conﬁrmat
389 258 419 276 ac
435 249 497 276 dicit
512 258 518 276 :
532 249 558 276 5.
571 248 640 275 Dem
660 253 742 275 autem
760 256 830 274 mea:
848 247 973 274 benedicct
990 250 1023 278 te,

237 302 260 324 et
272 295 371 330 augebit
380 301 413 328 te,
423 300 447 322 et
459 294 635 328 multiplicabit
647 299 680 327 te,
691 299 714 321 et
724 295 773 321 eris
783 294 809 320 in
823 293 1025 334 congregatione:

237 344 358 376 gentium,
379 342 405 368 4.
427 346 450 368 et
469 341 538 368 dabit
557 340 601 368 tibi
621 340 814 368 benedictionem
827 339 935 366 Abraha
947 339 1026 373 patris

237 388 296 420 mei,
313 388 358 414 tibi
373 391 397 413 et
411 387 501 414 semini
522 392 564 414 tuo
585 391 639 422 post
653 392 693 414 te:
703 391 730 413 ut
742 387 768 413 in
785 386 946 413 hereditatem
960 385 1027 411 acci-

238 432 294 467 pias
318 437 411 459 terram
436 432 642 467 peregrinationis
668 436 734 464 tute,
763 439 839 465 quatit
862 430 930 457 dedit
957 429 1027 457 Deus

222 483 224 487 '
238 477 358 504 Abrahc.
371 476 437 504 Vide
449 477 583 511 quOntodo
595 477 683 511 justus
704 476 822 511 prtedicit
839 476 864 504 ei
881 475 981 508 omnia,
995 482 1027 502 ac

239 522 350 549 liona‘ei
364 522 456 549 viatica
470 522 515 549 dat
529 527 556 549 cl.
581 523 673 550 solatia
685 531 693 549 :
712 522 832 557 prtedicit
844 522 916 550 enim
930 522 954 549 ci
968 521 1028 549 red-

241 567 309 593 itum
328 566 554 601 hereditatemque
575 567 792 601 terrm,futurum
812 574 871 595 esse
893 567 985 594 dicens
999 572 1029 594 ut

238 619 290 637 non
302 612 387 639 solum
402 613 426 639 itt
438 613 632 640 multitudinem
644 617 754 644 crescat,
765 613 811 641 sed
825 614 902 640 etiam
917 620 1028 648 congre-

241 657 361 691 gatioues
381 659 497 692 gentium
521 667 553 686 ex
574 658 677 686 semine
697 659 754 693 ejus
769 659 946 693 egrediantur.
963 659 1027 692 Quae

241 707 270 729 ut
288 702 388 729 audivit
410 703 489 734 filius,
515 704 634 737 implevit
652 704 725 738 jussa
743 704 839 737 patris,
853 708 881 731 et
895 704 1028 738 profectus

238 752 279 773 est
296 748 322 773 itt
345 748 560 782 Mesopotamiam
581 748 613 775 ad
635 748 724 776 Labatt
745 750 838 775 matris
859 749 979 776 fratrem.
994 748 1028 776 Et

240 791 345 825 iterum,
358 797 385 819 ut
398 792 448 820 hoc
461 793 552 820 didicit
567 793 647 825 Esau,
668 801 764 828 nempe
776 793 904 821 Jacobum
920 794 1028 821 benedi-

238 841 309 863 ctum
323 837 404 864 fuisse
416 846 431 864 a
448 842 532 872 patre,
544 842 571 865 et
585 838 737 866 mandatum
751 839 886 873 accepisse
899 847 932 866 ne
945 839 1028 871 duce-

240 886 281 909 ret
292 889 401 909 uxorem
414 891 445 910 ex
461 884 564 911 filiabus
572 883 793 918 Chattanteorum,
801 886 848 912 sed
859 885 1029 912 contcuds<e

240 927 266 953 in
288 927 526 961 Mesopotamiam:
549 930 623 964 quasi
646 930 780 964 corrigere
802 931 892 958 volens
911 936 1028 958 erratum

241 979 318 998 suum
329 976 354 999 et
369 973 473 1003 placare
487 980 598 1008 patrem,
613 975 639 1002 9.
657 976 769 1007 Addidit,
786 975 880 1010 ittquit,
896 981 919 1002 et
934 976 1029 1010 (tm-pit

239 1025 342 1044 uxorem
359 1019 392 1044 ad
409 1019 472 1045 duas
483 1027 572 1046 uxores
581 1028 649 1051 suas,
659 1021 738 1054 ﬁliam
748 1020 843 1047 Ismuc!
851 1021 899 1053 lilii
910 1022 1027 1048 Abrultw.

241 1062 343 1096 Vidisti,
359 1064 464 1097 dilecte,
483 1071 580 1100 quanta
596 1066 736 1101 prudentia
752 1066 833 1093 filium
855 1075 932 1094 suum
947 1067 1029 1096 Jacob

230 1116 255 1136 -e
269 1109 393 1141 periculis
416 1111 597 1137 amantissitttzt
619 1116 703 1139 mater
721 1112 866 1146 eripuerit:
880 1113 1029 1146 speciosam

239 1155 388 1182 ontcndctts
413 1157 634 1191 peregrinationis
659 1164 777 1189 causam,
799 1162 826 1184 ct
847 1165 933 1192 neque
958 1157 1029 1185 Esai’t

241 1200 370 1227 malitiam
397 1202 522 1236 prodens,
542 1211 627 1236 neque
650 1203 715 1237 patri
740 1211 846 1230 causata
861 1204 1029 1231 manifestam

242 1245 375 1277 reddens;
397 1246 443 1273 sed
459 1253 485 1273 et
500 1247 554 1274 tilio
570 1248 732 1275 conveniens
746 1248 813 1275 dans
827 1249 968 1275 consilium
978 1270 984 1280 ,
1001 1252 1030 1276 ut

241 1298 274 1317 ex
288 1295 359 1318 metu
373 1292 406 1318 ad
419 1300 494 1319 suam
510 1293 720 1327 amplectendam
741 1295 898 1321 sententiam
912 1294 1028 1322 adduce-

243 1341 327 1365 retur.
339 1337 401 1363 dum
417 1337 497 1364 etiam
514 1338 580 1372 patri
594 1343 785 1372 congruentem
799 1347 904 1366 causam
920 1347 1029 1374 sugges-

240 1382 292 1408 sit?
304 1382 377 1409 Uttdc
388 1383 509 1417 etjttstus
523 1384 580 1416 ejus
591 1383 668 1410 dictis
679 1391 816 1411 assensum
830 1384 961 1418 pnnbcns,
975 1385 1030 1412 via-

241 1427 294 1454 tico
309 1428 498 1455 benedictionis
514 1429 668 1456 instrttctttnt
682 1429 764 1457 Jacob
777 1429 887 1457 dimisit.

276 1473 450 1508 Peregrinatio
463 1474 552 1502 Jacobi
567 1481 695 1502 narratur.
704 1490 739 1495 -—
751 1475 881 1502 Cznterum
893 1476 915 1503 si
931 1476 1027 1510 placet,

240 1524 267 1546 et
280 1527 331 1547 uon
344 1520 536 1555 deftttigamini,
548 1521 683 1548 videamus
693 1521 827 1556 qttomodo
838 1523 1029 1557 peregrinatio-

242 1573 302 1592 nem
321 1565 519 1594 obicritJacob.
544 1567 602 1593 Non
625 1574 736 1601 parvum
758 1567 830 1594 cttim
851 1571 878 1594 et
898 1567 959 1594 hinc
973 1567 1029 1594 fru-

240 1616 312 1637 ctum
328 1612 449 1645 aeciperc
465 1620 605 1646 possumus
615 1633 622 1644 ,
638 1612 661 1639 si
677 1612 876 1639 attenderintus.
893 1613 1029 1641 Justorum

240 1656 312 1682 enim
327 1659 494 1684 cottverSatio
513 1662 539 1685 ct
557 1658 608 1684 vita
622 1658 703 1684 totius
718 1657 889 1693 philosophia
910 1659 1030 1686 contittct

241 1701 401 1728 doetrinam.
415 1702 480 1730 Vide
495 1703 573 1738 igitur
587 1703 656 1730 huttc
668 1704 803 1738 juvenem,
820 1705 863 1739 qui
877 1704 949 1732 dumi
962 1705 1028 1732 edu-

239 1751 325 1778 catus,
343 1748 386 1781 qui
400 1752 476 1774 antea
494 1756 637 1783 numquam
651 1750 869 1783 peregrinationis
882 1751 1028 1785 cujuspiant

241 1794 387 1827 periculum
406 1794 521 1827 fecerat,
544 1802 688 1829 numquam
715 1796 741 1822 itt
765 1801 894 1823 extranea
919 1797 1028 1831 regione

241 1843 362 1865 versatus
384 1839 479 1872 fuerat,
501 1847 585 1874 neque
607 1848 688 1874 grave
708 1841 806 1875 aliquid
821 1847 946 1875 expertus
957 1847 1025 1876 erat,

239 1884 374 1918 quomodo
389 1885 439 1912 iter
451 1885 570 1918 arripiat,
586 1890 614 1913 et
627 1885 699 1913 disce
715 1886 886 1922 philosophia:
896 1888 966 1915 illius
978 1895 1026 1915 ex-

239 1929 400 1956 cellentiattt.
421 1930 464 1956 ίο.
485 1929 517 1956 Ει
535 1939 646 1965 egressus
660 1930 740 1957 Iacob
756 1940 772 1957 a
795 1933 864 1967 fonte
878 1933 1026 1966 jurantenti,

240 1974 367 2008 profectus
387 1980 422 2002 est
436 1976 462 2001 in
476 1975 600 2008 Charran,
623 1977 666 2003 Η.
681 1981 711 2002 'et
726 1977 834 2003 occurrit
847 1977 919 2010 loco,
935 1982 957 2004 et
968 1978 1028 2004 dar-

240 2020 309 2046 mivit
325 2021 394 2047 illic:
413 2022 539 2048 occidebat
557 2023 624 2048 enim
641 2022 678 2048 sol
689 2029 699 2048 :
713 2027 736 2049 et
748 2024 842 2057 accepit
856 2017 888 2050 de
901 2024 1027 2057 lapidibus

239 2066 297 2099 loci,
308 2073 331 2094 et
346 2068 428 2103 posuit
451 2069 485 2094 ad
502 2074 577 2104 caput
596 2077 678 2101 suum,
694 2074 716 2096 et
729 2069 847 2096 dormivit
860 2070 890 2096 in
903 2071 967 2097 loco.
982 2070 1027 2097 Vi-

238 2113 301 2140 disti
319 2114 479 2141 ineffabilem
499 2115 712 2150 philosophiam?
729 2115 817 2143 vidisti
834 2115 968 2150 quomodo
984 2124 1028 2143 rc—

239 2163 309 2186 teres
323 2160 372 2186 iter
384 2159 537 2187 faciebant?
552 2161 597 2187 Vir
610 2161 681 2187 domi
697 2161 825 2188 educatus
840 2161 944 2196 (rursus
956 2162 1027 2189 enim

237 2212 269 2231 ea
280 2205 388 2240 dicam),
401 2209 526 2240 tantoque
539 2211 660 2233 assuetus
674 2206 804 2233 famulitio
819 2207 947 2241 (Simplex
956 2208 1027 2234 cnitn

237 2254 304 2282 erat,
319 2250 412 2284 inquit,
427 2256 451 2278 et
466 2251 534 2278 danti
547 2251 662 2278 habitans
673 2251 801 2287 [Geu.25.
811 2251 857 2287 27]
872 2253 891 2286 ),
908 2253 1028 2287 percgri~

239 2299 359 2328 naturus,
377 2303 462 2329 neque
471 2296 600 2330 jumentis
614 2297 718 2330 egebat,
731 2304 816 2330 neque
829 2297 967 2331 tniuistris,
981 2306 1028 2324 ne-

237 2346 291 2374 que
310 2340 411 2367 viaticis
424 2349 431 2373 ;
445 2341 491 2368 sed
510 2341 684 2375 apOstolicum
705 2348 808 2369 tttorcm
827 2342 953 2375 imitatus,
976 2344 1027 2371 iter

239 2385 315 2411 facit:
329 2391 357 2412 et
371 2393 432 2413 cum
444 2386 616 2414 occumberet
630 2387 682 2419 snl,
703 2387 736 2414 ibi
751 2388 885 2421 dormivit,
902 2390 945 2416 ubi
965 2397 1026 2417 entn

239 2439 289 2457 ttox
305 2433 516 2466 comprehcndit.
533 2433 644 2468 Accepit,
660 2434 752 2468 inquit,
767 2434 887 2469 lapidem,
904 2441 928 2462 et
944 2437 1026 2469 posuit

237 2476 272 2502 ad
291 2481 366 2511 caput
386 2485 469 2503 suum.
486 2477 551 2505 Vide
569 2479 642 2512 pueri
659 2480 758 2506 robur:
775 2479 861 2514 lapide
880 2488 926 2514 pro
939 2481 1026 2515 pulvi-

239 2522 297 2548 nari
313 2530 376 2549 usus
387 2527 436 2555 est,
449 2527 476 2550 ct
489 2531 568 2558 super
583 2525 761 2558 pavimentum
780 2525 915 2553 dormivit.
933 2525 1023 2560 Igitur,

238 2567 364 2601 quoniam
377 2568 443 2596 bene
457 2574 587 2597 moratam
601 2571 716 2598 animam
738 2570 862 2604 habebat,
878 2576 905 2599 et
921 2571 1026 2599 vitilem

239 2611 371 2647 spiritum,
387 2614 420 2641 ab
435 2615 507 2642 omni
520 2617 639 2643 s:rculari
657 2617 772 2644 vanitate
793 2617 915 2650 libertini,
936 2618 1024 2644 admi-

239 2659 350 2686 rabilcm
364 2660 492 2687 visionem
510 2661 580 2688 illam
602 2662 708 2689 meruit.
732 2662 789 2689 Hoc
803 2662 873 2690 cuitu
887 2670 960 2690 more
972 2665 1026 2698 agit

240 2707 363 2735 Dominus
374 2713 479 2741 noster;
494 2709 599 2743 quando
611 2709 680 2737 videt
690 2710 805 2737 animam
816 2711 883 2738 bene
891 2711 1024 2745 affectam,

238 2753 377 2787 pratscntia
390 2761 442 2780 non
463 2753 551 2789 magni
565 2753 716 2789 facientem,
731 2755 871 2789 plurimam
885 2756 934 2783 sibi
953 2756 1024 2784 illius

238 2805 327 2825 curaui
338 2806 398 2826 esse
410 2799 537 2826 declarat.

272 2845 298 2872 4.
321 2845 385 2873 Vide
407 2845 484 2880 igitur
500 2846 600 2880 justum
618 2845 691 2873 illum
707 2845 732 2873 in
751 2846 809 2875 solo
824 2846 963 2875 cubantem
975 2869 982 2882 ,
997 2853 1024 2875 et

1813 148 1865 175 47G

1077 201 1205 228 visionem
1220 202 1352 229 videntem
1365 223 1372 235 ,
1389 202 1443 230 imo
1458 203 1558 230 visione
1573 202 1674 230 Domini
1693 203 1801 238 dignum
1815 205 1861 230 ba-

1076 244 1169 273 bitum.
1184 246 1251 274 Dicit
1263 247 1333 274 enini
1347 256 1352 273 :
1369 247 1523 274 Ubdormivit
1535 268 1542 280 ,
1557 249 1601 276 12.
1613 251 1636 274 et
1655 257 1711 275 ecce
1731 250 1798 276 scala
1811 257 1861 277 erat

1077 291 1177 324 ﬁrmata
1189 300 1265 325 super
1277 297 1378 325 terram,
1390 294 1462 326 cuius
1477 299 1552 328 caput
1566 294 1717 328 pertingebat
1728 295 1753 320 in
1764 296 1862 326 malum,

1077 341 1100 363 et
1114 337 1198 372 angdi
1217 337 1266 365 Dei
1277 339 1441 366 accendebant
1452 344 1475 366 et
1490 339 1669 366 descendebant
1683 349 1758 372 super
1777 349 1830 366 eam
1842 342 1860 368 ί.

1079 383 1122 410 15.
1137 383 1259 410 Dominus
1272 389 1356 411 autent
1367 385 1469 412 innixus
1485 390 1538 412 erat
1561 393 1636 419 super
1649 393 1703 411 eum
1716 406 1723 416 ,
1736 391 1760 412 et
1778 386 1841 413 dixit
1856 407 1865 413 .

1078 427 1134 462 Ego
1145 428 1214 456 Deus
1223 429 1360 462 Abraham,
1371 435 1394 457 et
1406 430 1474 457 Deus
1485 429 1560 457 Isaac
1570 431 1649 464 patria
1659 431 1695 456 tui
1708 438 1717 456 :
1728 439 1758 457 ne
1768 432 1864 459 timeas.

1078 473 1221 501 Considera
1235 495 1243 508 ,
1257 475 1386 508 obsecro,
1403 475 1446 503 ltic
1469 475 1595 503 eximiam
1620 483 1711 502 curam
1729 477 1866 504 clementis

1080 519 1136 546 Dei.
1151 519 1217 552 Quia
1237 520 1343 548 videbat
1364 528 1425 548 eum
1449 521 1594 548 secundum
1614 522 1753 549 consilium
1776 524 1865 550 matris

1079 570 1187 600 propter
1201 565 1322 593 timorem
1346 566 1433 593 fratris
1453 566 1691 601 peregrinationem
1713 568 1866 601 suscipere,

1078 615 1104 638 et
1117 611 1191 645 quasi
1206 619 1330 639 erronem
1345 611 1486 646 quemdam
1500 612 1549 639 iter
1563 611 1649 640 facere
1661 632 1668 645 ,
1684 613 1769 639 solum
1789 617 1866 647 atque

1079 656 1113 683 ab
1133 657 1191 683 aliis
1204 656 1365 684 abstractum
1382 658 1531 692 nullamque
1551 657 1691 685 habentem
1706 658 1864 685 consolatio-

1080 709 1139 728 nem
1154 702 1207 728 ullo
1221 710 1254 729 ex
1270 702 1339 735 loco,
1356 702 1402 730 sed
1417 707 1499 729 totuttt
1522 703 1548 729 itt
1574 710 1719 736 supernum
1741 703 1866 730 auxilium

1080 746 1260 780 projicietttem
1277 747 1384 774 :5tatint
1403 747 1428 774 itt
1443 748 1500 782 ipso
1513 748 1587 775 initio
1602 749 1693 775 volens
1710 749 1867 776 continuare

1079 791 1242 819 alacritatem
1255 793 1312 827 ejus
1322 813 1330 825 ,
1344 793 1368 820 ei
1385 798 1512 828 apparet,
1524 802 1556 821 ac
1570 794 1652 821 dicit:
1665 794 1720 830 Ego
1732 803 1788 822 sum
1803 794 1867 822 Deus

1080 837 1217 870 Abraham,
1230 843 1252 865 et
1262 837 1331 865 Deus
1344 838 1420 865 Isaac
1431 840 1511 874 patris
1525 840 1570 866 lui.
1583 839 1639 874 Ego
1651 844 1678 866 et
1693 840 1866 874 patriarchattt

1080 887 1106 910 et
1121 888 1219 917 patrem
1239 889 1311 910 tuutn
1332 885 1358 911 itt
1373 889 1473 911 tatttunt
1489 885 1657 919 splendorem
1671 886 1756 912 erexi.
1770 886 1807 912 Ne
1822 887 1869 920 igi-

1081 932 1123 954 tur
1135 928 1237 961 titttcas,
1249 929 1296 956 sed
1310 930 1389 957 crede
1405 938 1456 961 me,
1472 930 1514 964 qui
1528 930 1633 965 implevi
1649 931 1700 958 illis
1713 932 1866 966 promissio-

1081 981 1143 1005 ncs,
1159 978 1185 1000 et
1205 979 1231 1001 te
1249 983 1307 1002 utea
1323 982 1385 1001 cura
1401 980 1427 1002 et
1448 975 1611 1010 providentia
1627 976 1805 1012 digttaturum.
1829 977 1868 1004 Ne

1081 1018 1175 1045 timeas
1199 1027 1280 1054 ergo,
1292 1020 1338 1046 sed
1351 1020 1455 1048 confide
1474 1030 1480 1047 :
1497 1025 1524 1048 ct
1537 1023 1609 1048 omni
1623 1022 1717 1049 timore
1737 1022 1847 1056 depu‘so
1859 1044 1869 1055 ,

1081 1063 1159 1090 crede
1171 1064 1202 1091 iis
1215 1072 1273 1098 qua:
1287 1073 1302 1091 a
1314 1073 1356 1092 me
1370 1065 1502 1093 diettntttr.
1516 1066 1616 1093 Etenim
1628 1072 1730 1099 terram,
1741 1069 1767 1094 in
1781 1077 1830 1103 qua
1842 1074 1868 1095 tu

1081 1108 1186 1142 dormis,
1198 1110 1241 1135 tibi
1253 1110 1318 1137 dabo
1331 1116 1354 1137 et
1369 1112 1457 1138 semini
1473 1116 1516 1138 tuo
1527 1133 1534 1144 ,
1551 1113 1592 1140 Η.
1611 1117 1634 1139 et
1648 1114 1694 1139 erit
1707 1122 1788 1140 semen
1800 1120 1870 1140 luunt

1080 1154 1144 1180 sicut
1167 1163 1244 1181 arena
1262 1157 1350 1183 maris.
1363 1156 1402 1183 Ne
1417 1162 1508 1191 putes,
1525 1158 1625 1192 inquit,
1642 1159 1702 1193 quia
1725 1159 1751 1185 itt
1773 1163 1866 1186 tt-rram

1081 1198 1194 1226 alienam
1209 1207 1279 1227 nunc
1292 1201 1377 1235 vadis,
1393 1202 1547 1236 privandum
1565 1207 1589 1230 te
1603 1208 1672 1230 terra
1688 1203 1713 1230 itt
1728 1212 1778 1238 qua
1793 1209 1870 1231 natus

1080 1252 1120 1277 es,
1135 1245 1179 1272 ubi
1202 1247 1344 1280 educatus,
1369 1248 1413 1275 ubi
1437 1248 1583 1276 adolevisti.
1608 1249 1710 1277 Etenim
1735 1249 1780 1277 tibi
1802 1251 1868 1277 dabo

1081 1299 1139 1318 eam
1155 1298 1180 1319 et
1200 1294 1294 1320 semini
1311 1298 1364 1326 tuo,
1386 1295 1456 1329 quod
1471 1295 1540 1323 sicut
1556 1303 1664 1323 arenam
1683 1297 1764 1323 maris
1781 1297 1869 1330 augeri

1080 1339 1188 1369 curabo,
1201 1338 1235 1365 Et
1249 1339 1394 1366 dilatubitur
1406 1340 1439 1367 ad
1459 1349 1543 1374 mare,
1563 1346 1586 1368 et
1601 1342 1723 1377 africani,
1738 1347 1760 1369 et
1772 1347 1868 1375 septen-

1081 1384 1196 1416 trionem,
1211 1389 1234 1410 et
1248 1385 1366 1412 orientem
1379 1393 1388 1412 :
1403 1385 1453 1413 hoc
1464 1391 1502 1412 est
1512 1405 1523 1419 ,
1543 1386 1639 1420 ubiqtte
1661 1386 1845 1421 propagabitur
1859 1395 1866 1412 :

1081 1427 1114 1455 Et
1123 1429 1296 1456 benedicentur
1305 1431 1332 1457 in
1342 1435 1365 1457 te
1375 1439 1460 1457 omnes
1468 1431 1546 1458 tribus
1559 1437 1640 1463 terrm,
1648 1437 1670 1458 et
1679 1432 1704 1458 in
1714 1432 1807 1458 semine
1817 1437 1866 1457 tuo.

1118 1474 1249 1506 Quomodo
1272 1480 1384 1502 exerceat
1405 1476 1531 1510 iustorum
1551 1477 1717 1503 obedientiam
1734 1476 1811 1502 Deus.
1834 1491 1867 1496 —-

1082 1519 1148 1547 Vide
1161 1520 1294 1555 quomodo
1303 1520 1359 1555 jam
1372 1521 1460 1548 omnia
1475 1521 1498 1548 ci
1510 1529 1568 1556 qua:
1581 1527 1639 1556 post
1650 1522 1755 1556 longum
1767 1527 1868 1555 tempus

1081 1570 1207 1592 eventura
1218 1570 1308 1599 erant,
1325 1566 1456 1600 pratdicit.
1471 1567 1519 1594 llic
1533 1567 1603 1594 enim
1617 1574 1675 1594 mos
1695 1572 1736 1594 est
1751 1567 1866 1593 omnium

1081 1611 1204 1643 Domino,
1216 1615 1245 1638 ut
1256 1611 1365 1646 singulis
1379 1611 1485 1646 quidem
1497 1611 1576 1646 justis
1591 1619 1620 1639 se
1635 1611 1661 1638 id
1672 1612 1798 1638 facturum
1814 1611 1868 1645 pol-

1081 1655 1199 1688 liceatur,
1216 1663 1268 1683 non
1288 1660 1376 1683 autem
1394 1657 1520 1684 continuo
1535 1657 1725 1691 proutissioues
1741 1657 1845 1690 impleat
1859 1664 1866 1686 ;

1080 1700 1127 1728 sed
1140 1706 1263 1728 exerceat
1272 1701 1405 1735 justoruttt
1421 1701 1598 1729 obedientiam
1612 1707 1637 1728 et
1651 1702 1814 1736 patientiam,
1827 1706 1867 1727 at-

1080 1754 1132 1780 que
1153 1746 1192 1774 sic
1215 1746 1297 1773 multa
1323 1754 1383 1773 cutn
1407 1746 1566 1774 liberalitate
1593 1747 1702 1780 impleat
1728 1746 1866 1780 promissa.
1901 1781 1908 1786 _

1080 1791 1181 1819 Dcitldc
1198 1791 1241 1818 ubi
1256 1792 1387 1826 pollicitus
1401 1797 1441 1819 est
1455 1793 1479 1819 ci
1493 1792 1590 1824 futura,
1605 1800 1665 1819 cum
1681 1792 1810 1826 indigeret
1823 1791 1866 1826 ju-

1079 1842 1136 1864 stus
1152 1838 1177 1864 itt
1197 1838 1275 1864 rebus
1297 1838 1470 1872 przesentibns
1484 1845 1536 1864 ttou
1552 1837 1651 1872 vulgari
1666 1837 1846 1864 consolatione
1859 1846 1866 1863 :

1080 1883 1140 1910 vide
1160 1873 1443 1918 quontodoibcnignns
1459 1883 1584 1910 Dominus
1603 1883 1690 1910 futura
1704 1882 1868 1917 polliceatur,

1079 1934 1105 1956 et
1121 1936 1169 1963 per
1179 1929 1222 1956 illa
1236 1929 1290 1964 ipsa
1303 1937 1362 1963 quc
1377 1937 1446 1956 ttunc
1461 1930 1486 1956 in
1500 1938 1560 1956 cunt
1572 1929 1700 1961 declarat,
1719 1929 1753 1957 de
1772 1928 1823 1955 illis
1836 1929 1866 1955 Ιί-

1079 1974 1184 2002 duciam
1198 1975 1273 2002 indit.
1288 1975 1356 2003 Dicit
1369 1976 1438 2002 cuitu
1455 1984 1462 2002 τ
1478 1975 1517 2002 Ne
1531 1980 1608 2010 putes
1627 1983 1670 2002 me
1683 1975 1739 2002 haec
1752 1975 1807 2002 sola
1822 1975 1872 2002 tibi

1081 2021 1197 2055 polliceri
1211 2030 1218 2053 ;
1238 2021 1284 2049 sed
1299 2027 1325 2048 et
1347 2029 1417 2049 nunc
1431 2022 1472 2049 t5.
1493 2021 1584 2048 Tecum
1599 2031 1669 2055 sum,
1682 2022 1822 2048 custodiens
1845 2026 1869 2048 te

1080 2067 1106 2093 in
1120 2068 1187 2094 otmti
1203 2068 1252 2099 via,
1265 2076 1315 2100 quo
1328 2068 1408 2094 vadis.
1425 2067 1463 2095 Ne
1479 2068 1558 2103 igitur
1574 2074 1659 2102 putes,
1676 2068 1770 2102 inquit,
1784 2072 1809 2095 te
1821 2075 1864 2095 so-

1081 2113 1134 2140 Ittm
1155 2113 1204 2140 iter
1226 2113 1314 2141 facere
1335 2122 1342 2140 :
1363 2121 1405 2141 me
1421 2113 1530 2141 habebis
1551 2113 1654 2140 itineris
1673 2113 1812 2144 comitem,
1826 2120 1868 2139 tttc

1081 2158 1189 2185 habebis
1203 2158 1339 2186 custodem
1356 2158 1382 2186 in
1405 2159 1477 2186 omtti
1495 2158 1535 2185 \‘ia
1546 2179 1553 2191 ,
1569 2158 1658 2185 omnia
1681 2158 1727 2185 tibi
1753 2157 1869 2184 difficilia

1081 2203 1165 2231 facilia
1185 2203 1352 2232 reddentem.
1365 2205 1466 2232 Exinde
1489 2205 1572 2240 magis
1593 2212 1694 2240 augens
1707 2204 1868 2232 consolatio-

1080 2259 1156 2283 ncttt,
1168 2250 1223 2285 jatn
1247 2251 1363 2285 prmdicit
1376 2251 1399 2278 ci
1415 2250 1529 2278 reditum
1548 2250 1580 2278 ad
1596 2258 1653 2277 sua.
1668 2250 1702 2277 Et
1721 2250 1808 2277 reverti
1828 2252 1869 2284 fa-

1079 2297 1143 2324 ciant
1157 2301 1189 2329 te,
1202 2296 1297 2332 ittqttit,
1312 2296 1338 2323 in
1358 2301 1450 2323 terram
1461 2299 1535 2323 hanc.
1551 2296 1590 2323 Ne
1605 2296 1730 2324 formidas
1743 2317 1750 2328 ,
1765 2296 1848 2330 inquit
1858 2315 1867 2326 ,

1078 2342 1153 2377 quasi
1169 2342 1195 2369 in
1208 2343 1293 2369 aliena
1309 2347 1376 2370 terra
1391 2347 1552 2369 versaturns.
1568 2341 1599 2368 Et
1609 2342 1728 2368 reducam
1741 2346 1763 2368 te
1776 2342 1802 2367 in
1818 2346 1869 2366 tcr-

1078 2397 1134 2415 ram
1144 2389 1219 2423 hanc,
1231 2393 1254 2415 et
1262 2389 1362 2415 minime
1372 2394 1395 2415 te
1408 2389 1588 2423 derelinquam,
1600 2387 1678 2414 donec
1690 2389 1773 2422 fecero
1788 2387 1870 2413 omnia

1078 2442 1135 2469 quw
1148 2435 1266 2469 loquutus
1289 2443 1345 2461 sum
1364 2435 1416 2461 tibi.
1432 2434 1489 2461 Non
1513 2433 1658 2469 despiciam
1677 2438 1702 2460 te
1715 2454 1722 2466 ,
1739 2441 1824 2467 neque
1844 2437 1870 2459 te

1078 2479 1182 2507 consilii
1196 2480 1300 2514 inopctn
1313 2479 1397 2507 sitiam
1410 2488 1418 2511 ;
1429 2479 1476 2507 sed
1489 2479 1547 2506 lucc
1561 2487 1734 2514 qua'cumque
1747 2479 1792 2505 tibi
1807 2486 1869 2512 pro-

1078 2525 1137 2552 misi
1159 2526 1185 2552 itt
1207 2533 1273 2560 opus
1291 2526 1430 2553 adducam.
1443 2525 1581 2559 Quomodo
1600 2525 1659 2560 quis
1674 2533 1722 2560 pro
1741 2524 1870 2558 dignitate

1078 2571 1252 2599 admirabitur
1270 2577 1297 2599 et
1317 2571 1487 2606 obstupescet
1500 2571 1619 2598 divinam
1631 2571 1823 2607 benignitatem
1841 2573 1870 2595 cl.

1079 2618 1290 2646 inaestimabilem
1316 2617 1527 2653 indulgentiam?
1544 2617 1609 2644 Vide
1637 2616 1707 2644 enim
1739 2620 1868 2651 quantum

1078 2663 1181 2699 pondus
1194 2664 1398 2699 promissionum
1412 2664 1456 2691 dat
1467 2663 1549 2698 justo,
1562 2667 1589 2690 ct
1601 2662 1736 2697 quomodo
1750 2662 1867 2688 animum

1077 2711 1136 2746 ejus
1149 2711 1246 2739 erexit.
1261 2710 1353 2745 Cogita
1375 2710 1437 2737 item
1457 2714 1484 2737 et
1505 2709 1569 2744 justi
1588 2708 1666 2742 hujus
1686 2712 1790 2742 gratum
1805 2706 1869 2733 alle-

1104 2764 1113 2780 ¹
1128 2764 1160 2787 Ita
1173 2763 1255 2787 Codex
1270 2769 1343 2789 unus,
1355 2764 1429 2793 atque
1445 2760 1481 2785 sic
1494 2760 1601 2793 habetur
1614 2761 1636 2793 in
1650 2758 1744 2793 .Bibliis
1760 2757 1866 2793 graecis,

1073 2800 1097 2819 et
1112 2795 1200 2818 eodem
1220 2794 1292 2817 modo
1314 2794 1375 2824 legit
1389 2790 1532 2824 interpres.
1547 2791 1572 2814 ltt
1590 2790 1678 2824 Editis,
1700 2793 1727 2813 et
1743 2790 1800 2824 aliis
1814 2796 1853 2824 oni

1073 2826 1146 2849 nibus
1174 2825 1230 2849 Mss.
1260 2821 1376 2854 haecfel
1405 2821 1579 2849 descendebant
1609 2821 1668 2853 (καὶ
1699 2821 1870 2851 κατέεαινον).

1072 2857 1170 2881 desunt.
