2046 3126
148 118 224 156 Δπει

147 158 156 223 i,
171 182 258 208 ctum,
276 181 303 204 et
321 177 455 212 quomodo
470 181 530 212 post
543 177 603 205 illas
619 178 813 213 promissiones
828 179 896 214 apud
913 179 964 206 La-

172 224 223 249 lum
243 223 335 257 viginti
357 223 435 250 annis
459 223 595 251 laboribus
616 224 744 257 alllictus,
761 233 813 252 non
836 226 964 260 gravatim

155 260 246 299 duiut.
262 277 314 296 non
336 270 442 304 segnior
463 269 512 297 fuit
533 275 586 297 tam]
606 270 731 298 diuturno
756 277 893 306 tempore;
916 272 963 299 sed

168 321 259 341 Ui‘llttla
286 313 390 341 fortiter
413 315 554 347 sustinuit,
575 321 732 350 exspectans
758 317 962 351 promissionum

169 365 276 395 tempus
290 381 297 392 ,
313 365 340 387 et
353 361 440 388 sciens
454 369 505 388 non
520 369 597 396 posse
612 363 769 390 intercidere
790 371 849 397 qua:
870 371 885 389 a
908 363 963 390 Deo

168 407 238 434 dicta
255 412 316 434 sunt
332 415 339 433 :
354 407 469 434 maxime
484 408 505 434 si
519 413 545 435 et.
568 416 616 435 nos
634 408 728 436 afferre
749 415 838 436 nostra
857 409 963 436 studea-

168 460 239 483 nuus,
255 452 332 479 iidem
346 457 372 479 et
388 453 550 487 patientiam,
562 459 588 480 et
603 455 636 480 ita
653 454 720 481 bene
734 455 845 481 lidanms
859 455 890 481 iis
903 463 962 490 qua:

167 505 182 524 a
198 498 311 524 Domino
323 499 452 533 promissa
476 503 537 526 sunt
551 520 557 532 ,
574 504 652 534 a!que
676 502 697 526 si
719 500 773 534 jam
797 500 902 534 impch
917 508 961 528 cs-

166 547 237 570 scnt.
252 543 314 572 llaec
328 544 399 570 enim
416 552 477 571 vera
491 544 556 572 lides
575 550 615 572 cst
625 565 632 578 ,
645 553 697 572 non
710 546 847 573 a:tcndcre
860 554 889 573 ca
901 554 962 581 qum

166 589 291 616 videnlur
301 611 308 622 ,
325 590 403 617 etiam
417 591 439 618 si
454 591 563 618 omnino
580 591 633 619 sint
648 592 757 619 adversa
775 593 941 627 promissiom
951 613 959 626 ,

165 636 213 663 sed
238 637 286 663 soli
309 637 488 671 promittentis
511 639 634 672 potentia:
660 639 803 665 conlidere.
820 639 876 665 Jam
898 647 961 666 vero

166 682 304 710 videamus
315 683 379 717 justi
394 684 472 718 hujus
486 689 588 718 gratum
609 685 737 712 auimmn.
752 686 794 712 lli.
812 685 844 712 Et
857 686 959 721 evigila-

165 727 209 760 vit,
227 728 320 763 inquit,
334 728 413 755 Jacob
427 729 458 756 de
475 738 562 756 somno
575 739 631 762 suo,
647 735 669 757 et
683 731 746 757 dixit
760 738 769 758 :
783 731 906 758 Dominus
924 737 960 758 est

165 775 193 801 in
218 775 272 801 loco
295 775 357 808 isto,
374 784 418 811 ego
440 782 522 802 autem
546 777 693 804 nesciebam.
706 779 749 804 17.
765 778 797 804 Et
823 779 921 809 timuit,
938 783 960 804 ct

165 820 232 846 dixit
245 820 344 852 :Quom
359 821 475 848 terribilis
488 827 523 848 est
539 822 608 849 locus
620 823 682 850 iste!
698 822 757 850 Non
771 828 807 850 est
822 823 868 850 hoc
879 823 957 856 aliud,

165 874 242 900 quum
266 865 354 893 domus
375 865 422 893 Dei
437 875 446 894 :
461 873 483 893 et
496 868 548 894 Ita'o
567 873 603 895 cst
619 874 691 903 porta
714 869 779 896 mli.
799 870 960 904 Stupcsccas

165 911 252 945 iustus
273 916 380 946 propter
400 920 522 947 magnam
544 914 754 941 miscricordiam
776 915 836 948 Dei,
855 915 958 947 timuit,

165 956 262 991 inquit,
273 961 301 984 et
313 957 379 984 dixit
393 966 399 984 :
414 957 472 984 Non
488 963 523 985 est
538 959 585 985 hoc
598 960 647 986 nisi
657 960 745 986 domus
758 960 814 993 Dei,
829 965 852 987 et
867 961 914 987 ista
924 966 960 988 est

164 1006 240 1035 porta
257 1002 321 1029 cwli.
342 1002 391 1030 llic
406 1003 478 1030 locus
493 1003 555 1030 Inibi
576 1004 686 1039 posthac
702 1012 749 1039 pro
762 1005 841 1032 domo
856 1006 901 1033 Dei
917 1014 959 1034 re-

165 1047 309 1081 putabitur.
321 1048 407 1075 Tanta
419 1049 497 1083 igitur
509 1050 611 1077 visione
623 1049 718 1085 dignus
732 1050 845 1083 habitus,
860 1055 886 1079 et
899 1059 958 1079 cum

165 1093 250 1127 ipsam
263 1114 271 1126 ,
285 1099 315 1121 ut
332 1094 367 1121 ita
382 1094 480 1128 dicam,
497 1095 571 1130 quasi
586 1096 644 1123 czcli
658 1101 760 1131 portam
774 1096 884 1124 viderim
895 1118 903 1130 ,
918 1097 960 1132 ju-

164 1143 236 1166 stum
253 1139 340 1171 luerit.
358 1144 386 1167 ut
400 1140 516 1168 debitam
539 1140 582 1168 hic
600 1141 744 1176 gratiarum
760 1143 892 1169 actionem
909 1142 960 1170 θοι

165 1185 240 1212 mino
261 1185 370 1213 reddant
395 1191 421 1214 et
442 1187 562 1214 oll'eram.
579 1187 622 1214 18.
640 1187 673 1214 Et
698 1188 805 1214 surrexit
827 1188 917 1219 .locob,
937 1193 960 1214 et

165 1231 261 1265 πει-ηιὶι
280 1230 388 1266 lapidem
403 1240 476 1266 quem
491 1237 608 1267 posuerat
622 1233 656 1259 ad
673 1237 749 1267 caput
766 1241 856 1266 suum,
871 1237 894 1259 ct
907 1237 959 1259 stt»

165 1278 212 1304 tuit
225 1286 280 1304 eum
294 1278 320 1304 in
333 1278 484 1311 columnam,
500 1283 523 1305 et
537 1279 630 1314 infudit
649 1279 732 1306 oleum
746 1287 822 1313 super
833 1287 960 1306 summum

165 1325 230 1354 eius.
253 1325 297 1352 19.
315 1324 346 1352 Et
369 1326 463 1352 vocavit
482 1325 563 1352 Iacob
578 1334 668 1353 nomen
691 1325 738 1352 loci
759 1325 846 1358 illius,
865 1325 960 1351 Domus

166 1369 223 1397 Dei.
236 1371 313 1397 Aliud
329 1371 394 1398 enim
409 1377 462 1398 erat
475 1379 563 1398 nomen
585 1371 639 1398 loco
655 1376 740 1399 antea.
757 1371 897 1405 Postquam
910 1377 958 1397 au-

166 1422 221 1444 tem
236 1425 284 1452 per
299 1417 428 1444 visionem
442 1423 494 1444 tam
511 1425 605 1453 magna
620 1423 799 1452 consequutus
814 1418 870 1449 iuit,
883 1425 960 1444 voca-

167 1462 230 1489 bulo
243 1463 397 1490 memoriam
412 1463 470 1490 loco
486 1464 631 1491 inscribere
642 1463 706 1495 vult,
720 1463 885 1498 posterisque
898 1471 958 1490 cum

165 1509 255 1536 facere
270 1509 414 1541 celebrem,
432 1509 517 1544 lapide
531 1517 577 1544 pro
590 1510 711 1537 columna
725 1514 826 1543 erecto,
839 1510 960 1545 superfu-

164 1561 249 1588 50i||lc
267 1554 328 1581 oleo
342 1554 496 1589 (verisimile
509 1555 578 1582 enim
601 1555 722 1590 estquod
738 1555 801 1582 illud
816 1555 900 1582 solum
919 1563 962 1582 se-

162 1607 225 1626 cmn
256 1600 361 1633 tulerit,
388 1605 479 1636 utpote
516 1601 566 1628 iter
599 1601 741 1636 faciens),
764 1605 855 1628 votum
883 1601 960 1628 ollert

164 1645 281 1678 ιηηῄηο
297 1645 361 1678 Deo,
376 1645 448 1673 onmi
463 1646 570 1680 plenum
585 1646 761 1681 philosophia.

194 1691 228 1718 ‘5.
250 1691 282 1718 Et
308 1691 329 1717 si
350 1691 445 1724 vultis,
460 1692 540 1718 ctiam
565 1691 620 1725 ipsa
642 1692 781 1719 audiamus
801 1693 892 1720 verba.
912 1692 957 1719 20.

172 1736 244 1762 I'orit
255 1737 320 1763 enim
333 1741 428 1769 uotum,
439 1737 524 1764 dicens
535 1745 544 1764 :
558 1737 588 1764 Si
602 1737 676 1772 fuerit
691 1737 815 1764 Dominus
829 1737 896 1764 Deus
909 1746 960 1764 tne-

164 1791 234 1812 nun,
250 1788 272 1808 ct
283 1782 426 1809 custodierit
437 1791 475 1809 me
484 1783 508 1810 in
519 1783 558 1809 via
573 1783 627 1816 littt',
641 1791 690 1817 qua
703 1791 748 1818 ego
763 1783 872 1810 ambulo.
886 1783 959 1817 Qut.-

165 1828 237 1855 niam
258 1828 378 1862 dixerat,
394 1827 450 1864 Ego
464 1833 544 1856 tecum
558 1837 628 1862 smn,
644 1834 667 1856 ct
682 1829 822 1856 custodiam
839 1834 862 1856 te
882 1829 907 1855 in
920 1829 959 1855 via

162 1874 213 1901 huc
227 1883 276 1909 qua
297 1874 410 1902 ambulas
425 1882 434 1902 :
448 1879 555 1910 propter
577 1875 628 1902 hoc
649 1879 675 1902 et
696 1875 752 1910 ipse
768 1874 833 1902 dicit
849 1883 856 1901 :
872 1874 898 1903 Si
914 1875 958 1902 illa

165 1919 231 1946 mihi
256 1919 394 1952 eveniant,
408 1927 467 1953 qua!
487 1921 589 1947 scilicet
610 1925 636 1947 te
660 1920 782 1947 daturum
804 1919 958 1953 promisisti.

165 1961 267 1988 Dt‘lutic
283 1965 309 1986 ct
324 1959 480 1994 petitionem
496 1959 584 1990 aii'ert,
605 1958 717 1986 dicens:
731 1959 762 1986 Si
777 1958 875 1985 dederit
896 1957 959 1984 mihi

165 2005 292 2032 Dominus
305 2013 396 2040 panem
409 2005 443 2031 ad
455 2005 672 2036 nmnducandum,
683 2008 706 2031 et
720 2009 811 2031 vestem
825 2004 860 2031 ad
875 2010 957 2041 tegen-

163 2053 236 2077 dum.
251 2050 308 2077 Non
322 2050 439 2085 divitias,
453 2058 505 2078 non
521 2049 711 2077 abundantiam
733 2049 876 2085 quamdam
893 2050 960 2084 peti-

164 2097 217 2130 vit;
234 2098 279 2124 sed
297 2104 391 2132 panem
407 2102 435 2125 et
455 2101 557 2124 vestem
573 2102 615 2124 :et
633 2096 700 2124 hanc
716 2097 749 2123 ad
764 2096 958 2131 contegendum

161 2150 274 2178 corpus,
287 2143 360 2170 illum
372 2150 436 2170 vero
449 2142 474 2170 in
487 2142 669 2170 necessarium
683 2142 849 2170 alimentum.
865 2142 958 2169 Consi-

162 2188 229 2216 dera
244 2188 378 2223 quomodo
401 2189 479 2216 nobis
501 2189 676 2224 apostolicum
693 2188 875 2216 characterem
891 2189 959 2223 pcti-

163 2236 238 2263 ti0ne
258 2243 305 2262 sua
320 2235 501 2270 signiﬁcavit:
517 2240 592 2263 tanto
610 2235 748 2269 sapientia:
761 2235 851 2262 smdio
865 2235 958 2269 plenus

162 2288 223 2310 erat
235 2282 301 2316 justi
315 2283 432 2310 animus.
444 2282 510 2310 Nam
524 2282 549 2309 id
565 2282 634 2317 quod
650 2282 772 2309 Christus
787 2281 904 2314 dicebat,
918 2281 959 2307 Ne

162 2330 316 2362 possidentis
340 2338 446 2360 aurum.
472 2329 512 2356 cel
536 2334 686 2364 argentum,
713 2329 752 2356 υι
774 2329 839 2355 dum
860 2329 959 2354 tunicas

161 2375 273 2412 (.llault.
291 2375 335 2403 10.
351 2375 380 2411 9)
393 2385 400 2402 :
414 2375 464 2403 hoc
478 2376 528 2403 iste
546 2375 664 2402 nomium
677 2383 692 2402 a
706 2383 839 2410 quoquam
853 2374 959 2407 doctus,

161 2422 211 2449 sed
225 2429 242 2448 τι
256 2422 358 2457 seipso,
369 2426 396 2449 et
409 2421 444 2449 ab
459 2421 540 2449 insito
552 2426 653 2448 natura:
668 2426 765 2448 nostra:
782 2421 908 2454 magistro
920 2420 960 2446 di-

161 2469 239 2499 dcit,
249 2474 276 2496 et
287 2467 390 2502 optavit
400 2475 415 2494 a
426 2467 539 2495 Dom'no
549 2475 597 2495 suo
609 2467 721 2502 prmberi
734 2473 828 2501 panem
841 2466 874 2494 ad
886 2473 959 2494 cont-

161 2515 317 2548 edendum,
341 2520 368 2542 ct
392 2520 494 2542 vestem
520 2514 553 2541 ad
574 2514 727 2549 tegendum.
756 2514 785 2541 Si
811 2513 870 2540 lucc
893 2513 959 2540 tuihi

162 2560 275 2592 iuerint,
291 2560 388 2594 inquit,
403 2560 429 2586 in
448 2564 517 2587 terra
543 2559 640 2591 aliena,
657 2557 702 2586 21.
723 2557 756 2585 Ει
775 2558 907 2585 reduxerit
921 2566 959 2584 me

165 2605 293 2632 Dominus
300 2606 404 2632 saltum
419 2606 445 2632 in
455 2605 558 2632 domum
570 2605 651 2640 pa.‘ris
663 2605 722 2638 mei,
735 2604 805 2632 sicut
819 2603 959 2638 promisit:

162 2652 211 2678 erit
231 2650 356 2678 Dominus
381 2651 442 2677 nti/ti
459 2651 486 2678 in
509 2650 608 2683 0mm,
624 2650 668 2677 22.
685 2655 709 2677 et
733 2649 800 2684 lupis
819 2651 866 2676 iste
887 2657 961 2684 quem

162 2697 233 2722 ι·νηὶ
251 2697 278 2722 in
300 2697 456 2730 columnam,
473 2697 521 2723 erit
542 2696 604 2722 milii
619 2696 709 2723 domus
727 2695 773 2722 Dei
785 2703 793 2722 :
804 2700 829 2722 et
845 2695 959 2722 omnium

162 2750 221 2774 qua:
232 2742 295 2769 mihi
307 2742 416 2776 dederis,
428 2742 539 2769 decimas
550 2742 595 2769 tibi
610 2741 726 2776 o/feram.
740 2742 807 2770 Vide
820 2742 883 2777 justi
898 2750 959 2777 [ιι-(γ

162 2787 227 2815 hum
241 2788 379 2816 allectum.
399 2788 509 2817 Petebat
523 2788 640 2823 quidem,
659 2793 687 2816 at
709 2788 776 2816 nihil
797 2789 957 2824 pretiosum,

163 2833 212 2861 Sull
225 2842 323 2871 panem
334 2843 360 2865 et
372 2840 473 2864 vestem
491 2842 499 2868 ;
516 2834 687 2870 promittebat
702 2840 790 2863 autem
806 2840 832 2863 et
844 2842 891 2862 sua
908 2835 959 2862 Do-

690 119 723 148 lN
743 119 819 148 CAP.
836 119 955 148 XXVIII.
972 119 1092 150 GENES.
1114 121 1228 152 llOMlL.
1250 125 1317 153 LIV.

1762 135 1814 163 678

1022 180 1104 214 mino,
1116 188 1214 216 gnarus
1233 191 1313 218 quam
1335 190 1419 214 certet
1439 189 1607 223 muneribus,
1622 194 1649 218 et
1661 198 1740 226 quam
1765 201 1814 221 uo-

1018 231 1087 274 stras
1107 229 1282 263 cogitationes
1303 232 1476 261 retribucndo
1491 237 1680 271 transcendat,
1701 239 1790 274 aitque
1807 251 1813 267 :

1018 271 1048 299 Et
1062 274 1211 302 columnam
1226 276 1292 304 hanc
1305 277 1331 304 in
1343 278 1449 306 domum
1461 281 1508 308 Dei
1521 282 1633 316 habebo,
1647 291 1673 312 et
1688 271 1807 314 omnium

1017 325 1076 351 qum
1090 320 1153 346 mihi
1167 327 1180 347 a
1195 324 1221 348 te
1235 322 1473 356 sttppcditabuntur
1487 327 1602 354 decimas
1623 329 1700 358 dabo.
1718 331 1809 359 Vidisti

1016 368 1132 391 tuentem
1155 366 1223 400 piam
1239 375 1269 394 ac
1285 368 1434 401 religiosam
1449 370 1540 398 ?Nil|il
1554 373 1640 400 adhuc
1653 383 1791 411 acceperat
1803 399 1812 412 ,

1016 414 1040 436 et
1057 410 1178 443 promisit
1195 419 1224 439 se
1239 413 1293 440 Dco
1308 413 1426 442 decimas
1441 424 1532 443 eorum
1547 426 1604 452 qu;c
1619 420 1668 447 sibi
1688 410 1810 451 donanda

1015 460 1089 481 erant
1105 456 1265 485 oblaturum.

1051 499 1159 528 Jlorulis
1184 504 1307 539 epilogus.
1323 520 1359 525 —-
1377 505 1416 532 Ne
1432 507 1604 542 simpliciter,
1618 509 1723 544 dilecti,
1739 520 1808 546 pra:-

1016 549 1148 573 lercamus
1162 555 1220 582 qum
1234 549 1302 576 dicta
1316 556 1387 582 sttui,
1400 551 1446 578 sed
1461 553 1617 580 :ctuulcmur
1630 563 1723 583 omnes
1737 557 1807 585 hunc

1012 590 1113 625 justum
1129 600 1136 619 :
1153 597 1181 621 et
1191 601 1240 622 nos
1252 596 1296 630 qui
1310 596 1335 622 in
1347 597 1440 630 gratia,
1452 605 1513 624 eum
1527 600 1571 633 qui
1584 605 1647 627 ante
1662 600 1746 636 legem
1762 610 1769 628 :
1783 608 1811 630 et

1014 637 1080 664 nihil
1101 640 1246 674 temporale
1259 646 1381 675 petamus
1402 650 1416 668 a
1440 643 1561 671 Domino.
1574 645 1664 679 Neque
1677 647 1745 674 enim
1758 656 1807 675 cx-

1015 687 1118 716 spcctat
1133 684 1218 712 donec
1235 694 1248 712 a
1263 687 1339 713 nobis
1350 688 1533 722 admoneatur,
1551 691 1596 717 scd
1611 698 1636 718 et
1651 700 1702 718 non
1716 700 1808 727 peten-

1015 728 1083 755 tibus
1103 730 1178 757 nobis
1200 730 1310 765 largitur
1324 740 1354 759 ea
1373 741 1431 767 qua:
1443 735 1476 760 ad
1492 742 1567 762 usum
1585 738 1726 770 pcrt'ueut.
1740 738 1808 764 Uriri

1012 773 1082 800 enim
1097 775 1156 808 facit
1171 777 1248 803 solt-nt
1260 785 1336 812 super
1351 779 1431 805 malos
1442 784 1464 806 et
1474 779 1560 813 bonos,
1574 786 1596 807 et
1609 782 1672 816 pluit
1682 791 1756 817 super
1764 784 1812 818 ju-

1012 825 1063 847 stos
1076 826 1099 847 et
1119 822 1224 857 injustas
1239 824 1248 858 (
1263 823 1353 850 ΜιιιιΙι.
1368 825 1395 851 5.
1407 826 1464 859 45).
1480 826 1512 852 Et
1524 827 1663 854 credamus
1678 829 1701 854 ci
1716 829 1809 855 adiun-

1013 866 1095 896 neuti.
1111 872 1136 893 et
1147 867 1244 895 dicenti
1260 877 1266 895 :
1283 869 1393 901 Qtucrite
1407 871 1514 904 primum
1527 880 1630 906 regnum
1647 873 1701 906 lici,
1718 879 1739 900 et
1755 875 1808 901 ltwc

1012 912 1096 938 omnia
1117 918 1276 947 opponentur
1300 915 1368 941 vobis
1383 916 1486 949 (Matt/1.
1504 917 1529 944 ϐ.
1545 918 1600 952 55).
1622 918 1699 945 Vides
1723 919 1807 953 ipsum

1013 956 1090 983 nobis
1105 957 1184 984 etiam
1209 959 1252 985 illa
1271 959 1295 985 iu
1312 959 1410 987 donum
1429 963 1637 996 prmparuvisse,
1657 969 1683 990 ct
1704 964 1759 990 hu-c
1782 965 1806 991 iu
1842 960 1847 965 ’

1013 1001 1078 1029 lucri
1102 1007 1128 1030 et
1151 1005 1261 1032 auctarii
1284 1010 1360 1040 parte
1381 1006 1503 1034 daturum
1526 1015 1555 1035 sc
1572 1009 1746 1042 promittere?
1768 1010 1807 1037 Ne

1012 1047 1092 1081 igitur
1112 1056 1142 1076 ea
1162 1057 1221 1084 qua:
1237 1055 1369 1084 tamquam
1391 1053 1501 1078 auctarii
1519 1053 1577 1080 luco
1590 1059 1746 1088 aceepturus
1759 1063 1805 1087 es,

1012 1095 1086 1129 quasi
1115 1096 1238 1130 primaria
1265 1101 1347 1131 pete:
1365 1106 1397 1124 ne
1421 1098 1583 1126 iuvet-tamus
1601 1101 1736 1132 ordinem,
1757 1103 1805 1128 sed

1012 1147 1162 1175 qumramus
1175 1142 1218 1168 illa
1233 1142 1300 1169 sicut
1315 1143 1448 1177 prtccepit,
1464 1149 1492 1170 ut
1507 1150 1533 1171 et
1547 1145 1587 1171 bis
1601 1150 1628 1172 et
1642 1146 1693 1172 illis
1708 1146 1757 1172 frui
1775 1147 1806 1173 li-

1012 1190 1080 1212 ceat.
1095 1186 1131 1212 lia
1147 1186 1217 1213 enim
1232 1187 1265 1213 de
1282 1194 1360 1214 causa
1376 1187 1401 1214 in
1416 1189 1543 1215 oratiunis
1558 1195 1655 1216 nostrm
1671 1191 1759 1217 verbis
1773 1193 1806 1218 li-

1012 1230 1089 1257 mites
1102 1236 1128 1258 ct
1144 1232 1247 1265 regulas
1259 1224 1334 1259 nobis
1350 1232 1477 1259 Domitius
1491 1235 1660 1268 prmscripsit,
1675 1241 1805 1269 quatenus

1013 1276 1124 1310 petenda
1141 1277 1193 1303 sint
1208 1278 1371 1311 temporalia.
1389 1278 1474 1305 Verba
1495 1279 1536 1305 illa
1550 1279 1624 1313 jubet
1645 1288 1693 1307 nos
1705 1281 1805 1314 dicere,

1012 1328 1071 1355 qua:
1087 1322 1159 1349 Omni
1177 1322 1343 1357 philosophia
1359 1324 1365 1338 '
1381 1328 1441 1350 sunt
1453 1323 1561 1357 referta,
1575 1324 1672 1352 Panem
1691 1332 1806 1354 nostrum

1011 1368 1187 1401 quatidiauum
1202 1369 1235 1394 du
1256 1369 1325 1396 nobis
1339 1370 1413 1396 ltodie
1428 1370 1437 1406 (
1451 1370 1543 1397 illailla.
1557 1372 1582 1398 6.
1601 1372 1645 1406 Η)
1658 1381 1664 1398 :
1679 1373 1731 1399 dici
1753 1374 1804 1400 ali-

1012 1417 1130 1439 mentum
1144 1434 1150 1445 ,
1166 1414 1251 1448 inquit
1265 1422 1272 1440 :
1289 1414 1313 1441 id
1330 1417 1399 1449 quod
1421 1416 1508 1450 justus
1533 1417 1598 1449 iste,
1615 1418 1718 1444 tametsi
1740 1419 1806 1446 nihil

1012 1457 1106 1484 horum
1120 1459 1250 1491 audierat,
1266 1465 1387 1494 precatus
1401 1465 1451 1493 est,
1461 1461 1552 1487 dicens
1566 1470 1573 1487 :
1591 1461 1621 1488 Si
1634 1462 1729 1489 dederit
1742 1463 1805 1490 milli

1012 1503 1137 1530 Domitius
1157 1513 1246 1537 partem
1260 1506 1294 1531 ad
1312 1506 1500 1540 comedendum,
1521 1512 1544 1533 et
1564 1513 1652 1534 vastum
1670 1509 1704 1534 tul
1722 1513 1807 1543 tegen-

1012 1549 1082 1577 dum.
1097 1550 1134 1577 Ne
1157 1551 1235 1585 igitur
1251 1553 1396 1586 temporale
1417 1553 1515 1586 aliquid
1538 1553 1607 1580 aliud
1628 1554 1661 1581 ab
1681 1562 1713 1581 co
1733 1561 1806 1588 pcta-

1012 1603 1081 1623 mtts.
1095 1596 1233 1631 indignum
1247 1597 1317 1624 enim
1331 1598 1405 1625 valde
1419 1603 1469 1629 est,
1479 1607 1494 1625 a
1510 1605 1562 1626 tam
1576 1600 1676 1627 liberali
1690 1606 1717 1628 et
1732 1606 1804 1628 tanta

1011 1641 1109 1668 virtute
1133 1643 1266 1676 prxstanti
1289 1643 1438 1677 hujusmodi
1460 1650 1565 1678 petere,
1587 1654 1645 1679 qum
1660 1654 1719 1672 cum
1736 1655 1806 1680 ιιι-ιυ-

1012 1685 1081 1712 senti
1093 1687 1144 1714 vita
1163 1687 1353 1719 dissolvuntur,
1370 1694 1395 1715 ct
1418 1697 1538 1726 magnam
1558 1690 1763 1718 \icirsitudiucm
1777 1696 1804 1718 ct

1011 1733 1183 1760 mutationem
1195 1734 1385 1768 experiuntur:
1401 1735 1426 1761 id
1437 1743 1519 1770 genus
1530 1736 1600 1762 enim
1612 1742 1673 1762 sunt
1686 1736 1802 1764 humana

1012 1778 1111 1810 omnia,
1127 1779 1183 1806 sive
1197 1779 1303 1807 divitias
1317 1780 1426 1812 dixeris,
1442 1783 1497 1808 sive
1509 1783 1665 1816 potentiam,
1681 1783 1735 1809 sive
1753 1783 1803 1809 bu-

1011 1831 1118 1851 manam
1128 1825 1237 1860 gloriam
1255 1834 1261 1852 :
1277 1826 1323 1853 sed
1338 1831 1457 1860 petamus
1471 1834 1576 1862 Semper
1591 1829 1731 1860 mam-ntia,
1748 1831 1803 1856 sni-

1011 1871 1145 1905 licicntia,
1172 1873 1361 1901 vicissitudinis
1383 1875 1481 1901 nescia.
1509 1876 1540 1901 lit
1562 1876 1675 1901 scientes
1701 1876 1805 1903 Domini

1011 1919 1094 1945 nostri
1125 1919 1267 1946 b0uitatcm
1281 1940 1288 1952 ,
1310 1919 1384 1946 nihili
1408 1920 1552 1954 pendamus
1575 1922 1734 1954 prmscntia,
1759 1923 1806 1949 sed

1011 1971 1092 1992 omne
1119 1969 1237 1992 nostrum
1268 1966 1383 1993 studium
1416 1966 1442 1992 in
1471 1966 1615 1993 cadestiutu
1643 1967 1804 1994 desiderium

1011 2010 1213 2038 transferamus.
1229 2011 1294 2039 Nam
1322 2012 1344 2039 si
1369 2012 1454 2039 Solem
1472 2021 1546 2039 suum
1567 2014 1628 2039 oriri
1648 2013 1709 2047 facit
1728 2022 1804 2048 super

1011 2058 1091 2084 malos
1110 2063 1132 2084 et
1147 2058 1234 2092 bonos,
1250 2064 1273 2086 et
1289 2059 1352 2094 pluit
1372 2067 1447 2093 super
1455 2059 1538 2094 justas
1557 2064 1579 2086 ct
1592 2059 1708 2092 injustas,
1723 2060 1806 2087 multo

1011 2104 1095 2138 magis
1109 2104 1273 2132 abstinentes
1294 2113 1308 2132 a
1330 2105 1439 2137 malitia,
1455 2110 1481 2132 et
1497 2105 1652 2139 injustitiam
1674 2105 1806 2139 fugientes

1012 2157 1065 2177 non
1080 2151 1228 2185 despiciet:
1245 2151 1291 2178 sed
1314 2152 1394 2178 multa
1416 2151 1509 2186 dignos
1529 2152 1607 2179 ducet
1627 2152 1806 2186 providentia,

1013 2199 1040 2222 et
1063 2203 1109 2222 sua
1135 2196 1313 2224 sollicitudine
1339 2197 1410 2224 omni
1440 2202 1560 2231 tempore
1591 2197 1751 2230 dignabitur.
1779 2198 1806 2225 Id

1013 2241 1138 2273 scientes,
1153 2241 1251 2272 dilecti,
1266 2249 1298 2269 nc
1317 2242 1444 2268 increduli
1463 2243 1546 2269 simus
1564 2243 1661 2270 divinis
1677 2243 1808 2278 pollicita-

1013 2286 1138 2319 tionibus,
1153 2294 1238 2321 ueque
1251 2287 1382 2314 contraria
1397 2287 1428 2314 iis
1441 2295 1500 2322 qua:
1518 2288 1560 2314 ille
1579 2287 1657 2322 jussit
1668 2288 1805 2315 iaciamus.

1014 2330 1157 2358 Enimvero
1172 2336 1298 2366 quantum
1312 2332 1344 2359 ad
1358 2339 1387 2358 ea
1400 2340 1458 2367 qum
1472 2341 1541 2359 mute
1554 2340 1567 2358 a
1582 2333 1659 2360 nobis
1672 2333 1747 2365 iiunt,
1764 2334 1806 2360 ni-

1014 2375 1050 2403 hil
1073 2377 1106 2404 ab
1130 2377 1279 2404 inﬁdelibus
1295 2377 1450 2404 diil'erimus.
1465 2377 1577 2410 Quando
1589 2377 1660 2404 enim
1676 2378 1732 2412 ipse
1745 2378 1806 2412 qui-

1014 2422 1074 2450 dem
1088 2422 1173 2449 futttra
1185 2423 1261 2450 nobis
1272 2423 1411 2456 promittit,
1425 2431 1473 2449 nos
1486 2428 1574 2449 autem
1590 2422 1714 2450 nolumtts
1727 2423 1809 2450 fidere

1014 2467 1084 2495 illius
1106 2468 1335 2501 promissionilms,
1354 2468 1399 2494 Scd
1421 2476 1494 2502 pra-si
1508 2468 1595 2494 ntibus
1613 2475 1705 2494 sumus
1724 2467 1807 2498 ai'lixi,

1015 2514 1085 2549 quod
1105 2514 1175 2540 aliud
1197 2513 1389 2540 inm-dnlitatis
1406 2513 1466 2539 indi:
1479 2514 1530 2539 ῑιιιιι
1546 2513 1633 2539 adhuc
1648 2513 1804 2546 requiritur,

1014 2559 1096 2586 rebus
1113 2559 1176 2593 ipsis
1192 2563 1244 2585 tam
1260 2558 1332 2585 clara
1348 2565 1412 2585 vnce
1426 2563 1469 2584 att.
1480 2557 1630 2584 stantibus?
1646 2558 1677 2584 Et
1692 2566 1806 2590 rursum,

1016 2605 1121 2632 Christo
1132 2604 1240 2638 jnbenle
1255 2611 1303 2631 nos
1318 2603 1380 2630 nihil
1394 2611 1408 2629 a
1423 2611 1450 2629 sc
1462 2608 1552 2638 petere
1567 2603 1696 2637 fragilium
1712 2603 1806 2630 lim-um

1016 2655 1043 2678 et
1055 2649 1248 2683 temporalium,
1264 2649 1310 2676 sed
1326 2649 1411 2683 potius
1434 2649 1476 2675 illa
1496 2648 1638 2682 postulare,
1654 2657 1700 2675 nos
1718 2649 1741 2675 ci
1762 2657 1806 2676 rc-

1017 2701 1163 2732 pugnantcs
1173 2716 1181 2728 ,
1196 2703 1255 2730 qua:
1270 2700 1361 2730 petere
1381 2694 1513 2729 prohibuit
1523 2715 1530 2724 ,
1544 2694 1586 2720 illa
1600 2702 1649 2728 qua
1659 2694 1743 2721 rimus
1759 2702 1765 2720 :
1780 2699 1807 2721 ct

1018 2750 1077 2777 quae
1088 2741 1165 2777 jussit
1177 2741 1269 2776 qumri,
1286 2740 1329 2768 illa
1347 2747 1399 2767 non
1414 2740 1568 2775 quaerimus.
1583 2739 1616 2766 Et
1635 2739 1692 2767 haec
1707 2739 1806 2767 facien-

1051 2807 1057 2820 |
1080 2803 1123 2827 Sic
1145 2801 1221 2827 savii,
1240 2804 1265 2825 ρι
1286 2798 1397 2830 quinque
1418 2797 1476 2831 iiss.
1499 2797 1585 2831 alorci.
1599 2802 1684 2831 atem,
1707 2800 1808 2826 pltcruo

1017 2835 1102 2868 aﬂ‘crtu
1116 2827 1312 2865 (φιλοστοργίας),
1326 2827 1379 2862 pro,
1397 2827 1551 2861 philosophia
1563 2828 1734 2860 (φιλοσοφίας).
