2046 3126
269 124 320 152 ιτθ

268 185 324 210 tes,
339 182 365 204 et
378 181 430 203 tant
445 176 517 210 pigre
535 175 704 209 segniterque
728 179 816 202 nostra
833 173 1011 204 mstitttentes,
1026 176 1054 198 et

266 222 456 250 exacerbantes
476 221 565 247 mitem
590 225 617 246 et
641 219 784 245 ltumanttm
807 218 963 249 Dominum,
979 217 1053 252 quasi

267 268 341 295 obliti
360 274 453 294 eorum
470 273 528 300 qua:
549 272 598 292 nos
620 264 758 292 fecerimus
770 284 777 295 ,
789 271 895 291 causam
912 263 1055 298 qumrimns

267 313 325 347 ejus
339 320 400 347 erga
416 319 464 338 nos
485 310 681 346 indignationis,
697 315 724 337 et
744 317 825 344 quare
848 317 897 336 nos
920 316 991 343 saepe
1005 308 1054 336 de-

267 358 377 392 spiciat,
392 365 451 384 cum
474 357 499 383 in
513 357 598 383 varias
616 355 755 383 incidimus
773 354 930 382 tentationcs
944 363 950 381 :
962 358 989 381 et
1002 361 1054 380 non

268 403 414 438 cligitantes
443 407 611 437 peccatorum
647 406 796 429 nostrorttm
824 400 1054 435 magnitudinem,

269 450 445 483 nosmetipsos
465 449 534 476 ultro
547 448 701 483 decipimus.
718 447 818 475 Idcirco
836 447 965 479 obsecro,
979 450 1009 472 ut
1024 446 1055 473 iis

268 495 392 522 otnnilnts
413 494 542 528 repulsis,
565 493 630 520 nihil
656 493 733 519 saluti
756 497 853 519 nostra!
873 490 1053 526 prmferamus.

270 539 337 573 Quid
349 540 420 566 enim
433 540 532 573 produt
545 539 648 570 homini,
662 539 684 564 si
703 542 779 564 totum
793 538 913 563 mundum
927 537 1035 563 lucretur
1046 555 1054 568 ,

268 586 360 612 animi:
373 593 430 612 vero
443 592 495 611 sua:
510 584 684 611 detrimentum
697 584 808 617 patiatur
823 582 979 617 (MatthJG.
988 582 1032 616 26)
1044 582 1056 608 ἲ

269 631 302 658 Ει
316 637 494 665 supervacuas
507 629 613 656 dititias
625 629 679 663 jam
692 635 850 655 evacuemus
865 628 890 654 in
906 634 1035 662 pauperes
1046 647 1054 660 ,

270 683 445 710 magnumque
469 674 605 708 sapientia:
624 674 702 700 studii
726 674 859 708 specimen
884 674 910 700 in
933 672 1056 699 omnibus

269 721 456 753 exltibeamus,
469 728 562 747 vanam
581 719 690 754 gloriam
705 719 880 753 despicientes
890 739 897 750 ,
912 718 1055 744 humanum

269 768 363 794 fastum
378 766 572 796 conculcantes,
587 768 614 792 et
625 773 704 791 otune
714 765 830 791 catitatis
842 763 957 791 studium
973 763 1017 790 alii
1030 763 1055 790 in

270 812 336 838 alios
348 817 440 838 mutuo
454 810 636 845 impendentes
650 818 657 836 :
674 814 701 836 ut
713 814 740 837 et
756 809 928 844 pr.rsentihus
942 814 968 835 et
986 808 1055 835 futu-

269 858 307 884 ris
328 857 404 884 honis
425 856 521 891 perfrui
544 863 704 887 mereamur,
727 855 809 887 gratia
829 859 856 881 et
875 854 1056 881 misericordia

270 903 374 931 Domini
389 903 470 929 nostri
486 902 549 929 Jcsu
564 901 680 934 Christi,
698 899 742 927 cui
753 904 815 925 Cum
828 899 906 928 Patre
925 905 952 927 et
964 903 1056 927 saneto

269 949 368 984 Spiritu
381 949 415 975 sit
429 948 521 983 gloria,
537 947 687 982 imperium,
701 946 795 980 honor,
811 953 880 973 nunc
893 950 920 973 et
932 952 1037 979 semper
1047 964 1054 977 ,

269 995 333 1022 etin
348 995 444 1022 stncula
458 993 625 1020 stt-culorum.
641 993 736 1019 Amen.

558 1058 696 1086 ιιυλιιιιΑ
717 1057 770 1084 LV.

269 1114 302 1143 Et
317 1116 378 1142 dixit
393 1115 477 1142 Latum
493 1115 526 1141 ad
542 1114 621 1141 Iacob
635 1122 644 1140 :
659 1114 783 1146 Quoniam
800 1114 879 1147 frater
895 1122 962 1142 meus
977 1122 1002 1140 es
1018 1119 1053 1145 tu,

304 1170 353 1189 non
365 1161 455 1188 servies
476 1160 523 1187 mei
546 1159 643 1194 gratis;
666 1160 706 1185 dic
728 1159 807 1190 nti/ti,
829 1166 885 1193 (μαῖ’
904 1166 996 1185 merces
1011 1163 1054 1184 tua

307 1208 387 1241 (Gen.
464 1206 524 1240 ιδ).

308 1265 333 1292 1,
351 1264 441 1290 Paucis
456 1263 522 1290 dicta
535 1263 588 1289 lteri
603 1263 721 1295 resumit;
736 1263 911 1297 conﬁdentiam
925 1263 1015 1289 Jacobi
1028 1264 1054 1290 in

269 1310 348 1337 Deum
363 1309 493 1342 pra'tlirat.
507 1323 543 1327 —
553 1307 623 1334 Satis
636 1307 692 1334 lteri
709 1316 739 1333 ex
757 1307 891 1341 prmludiis
905 1309 1054 1343 pcregrina-

269 1355 347 1380 tionis
367 1354 429 1388 justi
444 1353 530 1380 edocti
546 1360 636 1379 sumus
657 1358 752 1387 quanta
771 1353 850 1380 fuerit
863 1353 920 1388 ejus
934 1354 1052 1388 philoso-

267 1399 335 1434 phize
351 1399 502 1433 magnitudo
513 1419 519 1429 ,
539 1403 646 1432 promer
659 1406 736 1432 quam
752 1406 858 1425 causam
875 1403 971 1426 tantum
993 1407 1053 1432 pro-

268 1444 422 1472 missionem
437 1453 451 1471 a
468 1445 520 1471 Deo
534 1449 712 1478 consequutus
726 1449 777 1471 est.
794 1445 889 1471 lterum
904 1449 991 1471 autem
1006 1452 1054 1479 per

266 1498 359 1525 preces
379 1495 406 1517 et
427 1495 535 1522 votum,
559 1498 617 1524 qua:
640 1490 701 1517 fecit
725 1490 906 1518 universorum
930 1491 1050 1524 Domino,

265 1535 438 1563 sufﬁcientem
454 1535 603 1562 doctrinam
620 1535 694 1562 nobis
706 1536 828 1562 omnibus
839 1536 920 1567 dedit,
934 1537 956 1564 si
971 1537 1053 1564 velle-

265 1570 324 1607 mus
345 1580 377 1606 ad
403 1580 552 1607 imitantium
577 1580 699 1607 virtutem
722 1580 791 1608 illius
806 1582 924 1608 excitari.
947 1582 1051 1610 Etenim

265 1626 439 1653 admiratione
460 1625 567 1660 dignum
590 1630 646 1658 est,
672 1625 804 1660 quomodo
819 1626 942 1654 virtutem
965 1627 1052 1655 scit-us

263 1672 459 1706 promittentis,
476 1677 501 1698 et
515 1671 625 1698 audiens
647 1671 850 1706 magnitudinem
871 1672 920 1700 sibi
937 1673 1051 1707 promis-

262 1725 364 1749 sorum,
382 1725 468 1751 neque
488 1717 526 1744 sic
541 1724 663 1751 magnum
677 1717 773 1750 aliquid
789 1722 815 1744 et
834 1717 947 1745 sublime
962 1723 1051 1752 postu-

263 1763 318 1790 lare
332 1762 501 1789 attentaverit
516 1771 522 1789 :
535 1763 583 1790 sed
598 1763 641 1788 illa
655 1763 791 1790 dumtaxat
806 1763 889 1797 petiit,
905 1772 964 1799 qua:
976 1764 1052 1791 audi-

262 1807 311 1835 stis
325 1807 380 1834 beri
393 1828 400 1839 ,
417 1815 511 1841 nempe
527 1815 556 1834 ea
570 1815 628 1842 qum
649 1807 681 1834 ad
701 1808 881 1842 quotidiamtm
896 1809 1049 1837 alimentum

262 1852 311 1879 sibi
327 1852 448 1879 sufﬁcere
463 1852 580 1887 possint,
594 1857 621 1879 et
640 1853 824 1879 vestimentum
849 1853 881 1879 ad
900 1861 996 1888 corpus
1010 1859 1049 1881 te-

261 1897 375 1932 gendum
393 1906 399 1924 :
416 1902 442 1924 et
457 1897 599 1932 promittit,
617 1897 639 1924 si
654 1898 767 1925 reditum
783 1898 833 1925 sibi
854 1899 879 1926 in
895 1907 940 1927 sua
955 1907 1049 1927 conce~

261 1942 305 1969 dat
321 1942 399 1973 Deus,
415 1942 483 1969 sicut
497 1943 546 1970 sibi
561 1943 736 1977 promiserat,
758 1944 880 1971 daturum
896 1951 925 1972 se
940 1945 975 1971 illi
991 1953 1048 1972 ont-

261 1987 334 2015 nium
350 1996 408 2022 qua:
429 1988 463 2015 ab
483 1995 515 2015 co
531 1988 641 2022 accipiet
654 1988 770 2015 decimas
785 1997 791 2015 :
806 1997 854 2023 per
868 1990 954 2016 omnia
971 1998 1048 2017 mon-

261 2037 350 2060 strans
363 2033 515 2067 religionem
530 2041 615 2066 suam,
630 2038 656 2060 et
669 2034 752 2068 ipsunt
765 2034 918 2062 adscribens
931 2036 1047 2063 omnium

262 2078 433 2112 largitorem;
458 2078 587 2112 docetque
615 2085 664 2105 nos
685 2083 714 2105 ttt
733 2079 756 2105 ei
781 2084 880 2106 tantum
905 2080 1049 2108 habeamus

261 2123 383 2158 gratiam.
399 2123 514 2150 Noverat
527 2124 596 2149 enim
616 2123 702 2157 justus
724 2124 881 2152 inclTabilcm
900 2126 957 2160 ejus
972 2126 1048 2153 beni-

261 2167 388 2202 gnitatem
398 2188 405 2198 ,
420 2167 471 2194 ltoc
485 2167 636 2201 eonjectans
649 2176 680 2195 ex
695 2168 725 2195 iis
739 2177 798 2204 qua:
814 2170 839 2196 in
854 2176 954 2205 patrem
971 2179 1047 2199 suum

262 2211 429 2244 exhibuerat,
440 2216 467 2238 et
482 2212 581 2239 sciebat
595 2219 654 2240 eum
665 2213 714 2240 sibi
727 2222 847 2249 magnam
858 2216 1046 2244 abundantiam

261 2263 449 2283 concessurum
465 2264 525 2284 esse
539 2266 546 2284 :
563 2263 588 2284 et
605 2258 696 2286 horum
711 2260 816 2294 quidem
833 2261 888 2295 ipse
904 2262 966 2288 nihil
984 2264 1047 2297 petit

261 2308 276 2328 a
293 2302 403 2328 Domino
414 2322 420 2334 ,
435 2310 520 2337 neqttc
534 2303 588 2330 vult
602 2303 635 2331 de
656 2305 686 2331 iis
702 2306 803 2338 precari
815 2326 822 2336 ,
838 2306 884 2333 sed
898 2315 957 2334 eutn
973 2309 1047 2336 deci-

261 2353 319 2374 mas
330 2347 446 2374 onmium
459 2347 579 2375 daturum
593 2357 621 2376 se
632 2349 780 2383 pollicetur,
792 2351 908 2378 ostendit
919 2358 1046 2387 quantum

262 2392 288 2419 in
303 2393 424 2420 omnibus
438 2394 586 2421 confidebat
600 2394 658 2428 ejus
671 2395 793 2428 potentim
813 2397 857 2430 qui
879 2399 1045 2432 promiserat.

261 2437 402 2472 Propterea
416 2443 442 2465 et
454 2440 510 2472 ipse.
523 2439 628 2473 quando
640 2446 699 2466 eum
710 2447 742 2466 eo
756 2440 919 2475 loquebatur,
931 2443 1045 2478 dicebat,

260 2482 315 2518 Ego
328 2492 384 2510 sum
401 2484 467 2510 Deus
479 2483 604 2510 Abraham
619 2489 641 2510 et
654 2483 729 2512 Isaac
742 2486 820 2519 patris
834 2487 870 2513 tui
881 2495 890 2520 ;
911 2496 942 2515 ne
959 2489 1046 2517 timeas

261 2529 343 2564 (Gen.
355 2530 398 2557 26.
413 2530 476 2564 24).
492 2530 582 2566 Cogita
592 2551 600 2564 ,
615 2531 716 2566 inquit,
732 2537 760 2560 et
781 2534 955 2568 patriarcham
970 2538 1044 2572 quasi

260 2576 428 2610 peregrinum
444 2580 471 2602 et
486 2577 603 2610 ignotum
619 2577 644 2603 in
661 2582 758 2605 terram
775 2579 843 2606 hanc
857 2580 1005 2613 advenisse,
1019 2587 1046 2609 et

252 2614 285 2646 in
300 2625 397 2647 tantam
410 2622 512 2648 venisse
523 2622 643 2656 gloriam,
658 2627 686 2650 ut
698 2625 815 2652 omniutn
828 2633 873 2653 ore
885 2628 1043 2655 celebretur.

258 2665 351 2700 Cogita
374 2667 436 2694 item
458 2672 485 2694 et
509 2673 607 2702 patrem
627 2673 716 2702 tuum,
735 2670 760 2697 in
776 2675 894 2698 extrema
910 2678 1045 2702 senectute

260 2712 327 2745 patri
340 2719 387 2738 suo
402 2717 489 2739 nattun
503 2721 573 2745 esse,
587 2719 666 2748 atque
679 2715 714 2742 ita
727 2716 821 2750 opibus
833 2723 937 2744 auctttnt
952 2717 1043 2752 fuisse,

260 2761 288 2784 ut
303 2757 448 2785 invidiosus
463 2758 537 2786 ﬁeret
559 2759 698 2794 indigenis.
722 2761 820 2788 Eadem
843 2762 921 2796 igitur
942 2768 966 2790 ct
989 2764 1045 2797 ipse

259 2807 392 2838 exspecta,
415 2810 572 2839 omnemque
592 2805 711 2832 titmretn
734 2811 760 2833 et
782 2807 940 2835 anxietatem
960 2809 1043 2844 depo-

605 119 633 146 S.
652 119 791 147 JOANNIS
804 116 1038 146 CIIRYSOSTUMI
1059 115 1216 144 ARCIIIEP.
1236 115 1500 144 CONSTANTINOP.

1840 117 1887 144 £80

1108 178 1184 202 nens,
1201 171 1437 205 peregrinationem
1456 170 1511 198 obi.
1527 170 1589 198 lltec
1606 177 1696 198 secum
1710 170 1830 205 cogitans
1847 171 1874 205 jtt

1106 220 1162 242 stus
1173 236 1181 249 ,
1204 223 1255 242 non
1275 215 1309 242 ad
1330 220 1489 251 prtesentem
1505 215 1662 250 respiciebat
1676 220 1789 247 statum,
1807 216 1888 251 (nihil

1105 262 1176 290 enim
1198 262 1307 289 omnino
1320 269 1410 289 secum
1431 262 1558 289 aﬂ‘erebat
1577 271 1583 289 :
1604 262 1737 297 quomodo
1758 263 1828 288 enim
1843 270 1888 296 po-

1107 308 1200 335 tnisset
1212 309 1256 342 qui
1270 309 1342 335 solus
1360 312 1416 335 erat
1434 313 1461 335 et
1474 309 1523 335 iter
1542 307 1630 336 facere
1645 307 1828 342 cogebatur?)
1844 308 1888 335 sed

1104 354 1159 389 jam
1174 354 1233 381 ﬁdei
1249 354 1333 381 oculis
1348 361 1400 381 non
1420 354 1504 381 multo
1525 358 1585 388 post
1608 354 1722 380 futuram
1745 354 1888 387 pra-viden.

1106 399 1294 426 abundantiam
1315 406 1390 426 suam
1401 419 1408 432 ,
1423 399 1574 426 declarabat
1592 403 1693 433 gratam
1708 399 1867 425 voluntatem
1881 408 1888 426 :

1107 450 1134 472 et
1146 445 1191 479 qui
1206 445 1270 471 nihil
1284 444 1370 471 adlutc
1391 449 1540 478 acceperat,
1561 443 1825 479 vovet,,digniorem
1842 444 1891 471 ﬁde

1107 489 1261 516 existimans
1277 488 1478 523 promissionem
1492 489 1613 522 Domini,
1626 496 1704 524 quam
1720 496 1808 516 rerum
1830 496 1889 524 pos-

1107 533 1265 561 sessionem.
1287 534 1377 568 Neque
1389 534 1459 561 enim
1481 534 1514 561 ita
1530 534 1611 562 ﬁdere
1631 533 1759 561 debemus
1772 534 1814 561 his
1834 542 1890 568 qua:

1108 579 1133 606 itt
1157 579 1278 607 manibtts
1293 579 1420 607 habemus
1435 584 1463 607 et
1477 580 1612 612 videmus,
1634 585 1661 607 ut
1675 580 1891 615 promissionibns

1109 624 1173 655 Dei.
1197 625 1299 651 etiamsi
1324 632 1375 652 non
1400 625 1522 652 eveniant
1543 626 1632 652 statim
1655 626 1739 660 primo
1763 630 1889 660 tempore.

1107 669 1197 696 Justus
1219 671 1297 705 igitur
1321 675 1424 705 sumpta
1450 671 1480 697 iis
1502 678 1560 705 qua:
1584 670 1653 698 Deus
1674 670 1777 698 dixerat
1799 670 1890 698 ﬁducia

1107 716 1232 748 maxima,
1250 716 1490 750 peregrinationem
1505 715 1580 742 obiit.
1595 715 1653 749 Quo
1667 721 1744 750 pacto
1756 717 1826 743 enim
1840 724 1889 742 non

1108 759 1203 787 ﬁsurtts
1218 764 1305 792 esset,
1327 760 1369 787 cui
1389 760 1486 787 dictum
1501 765 1554 787 erat
1569 780 1576 792 ,
1597 760 1662 788 Ecce
1676 769 1720 795 ego
1735 765 1814 787 tecum
1827 769 1888 793 sunt,

1107 806 1249 833 custodiens
1264 810 1287 832 te
1298 805 1324 832 in
1335 807 1403 832 omni
1412 806 1461 837 via,
1474 814 1523 840 qua
1534 806 1616 832 iturus
1631 813 1656 832 es
1668 813 1676 832 :
1688 811 1712 832 et
1724 806 1890 841 multiplicabo

1107 859 1190 878 semen
1203 856 1273 878 tuum
1283 872 1290 882 ,
1309 856 1332 878 et
1347 851 1465 878 reducant
1480 856 1503 878 te
1516 852 1605 878 iterant
1620 852 1644 878 in
1660 857 1752 879 terram
1766 852 1846 885 lianc,
1869 857 1890 879 et

1107 905 1157 924 non
1169 902 1192 924 te
1204 898 1375 933 derelinquant
1385 897 1460 932 (Cm.
1472 898 1517 925 28.
1528 898 1583 932 15),
1597 906 1731 933 usquequo
1743 899 1890 932 complean-

1107 946 1150 970 tur
1164 943 1292 977 promissa
1305 943 1416 970 omnia?
1432 943 1529 971 Verum
1539 964 1547 977 ,
1563 949 1592 970 ut
1607 944 1662 984 heri
1677 944 1731 971 diri
1745 965 1752 977 ,
1768 945 1850 979 cogita
1865 949 1890 971 et

1107 989 1316 1022 onmipotentem
1332 989 1378 1016 Dei
1393 989 1560 1023 sapientiam,
1576 994 1603 1017 et
1613 990 1676 1024 justi
1689 990 1757 1016 illius
1772 998 1889 1025 magnam

1107 1034 1261 1068 patientiam
1281 1039 1307 1060 et
1329 1037 1433 1068 gratum
1456 1035 1583 1062 animum.
1607 1035 1726 1062 Surrexit
1748 1036 1818 1062 enint
1833 1041 1888 1070 post

1107 1079 1296 1113 promissiones
1310 1079 1376 1112 illas,
1393 1084 1420 1106 et
1432 1080 1457 1106 in
1467 1079 1584 1107 Cltarran
1598 1081 1743 1113 contendit,
1758 1086 1784 1108 et
1798 1081 1889 1108 iterum

1106 1125 1160 1158 agit
1183 1129 1211 1151 ut
1232 1125 1386 1159 peregrinus
1404 1129 1431 1152 et
1454 1133 1551 1160 vagus,
1576 1130 1603 1153 et
1624 1126 1649 1153 in
1669 1126 1792 1153 omnibus
1805 1127 1889 1153 divina

1105 1170 1190 1204 gratia
1206 1169 1310 1203 fruitur,
1328 1170 1440 1205 benigno
1451 1171 1505 1197 Deo
1518 1170 1566 1205 ipsi
1581 1171 1648 1198 viam
1662 1171 1759 1206 ttbique
1774 1178 1889 1206 parante,

1105 1220 1132 1243 et
1146 1223 1220 1243 suam
1235 1217 1437 1251 promissionem
1448 1216 1617 1250 aditnplcnte.
1632 1217 1680 1250 Qui
1695 1218 1766 1244 enint
1780 1217 1889 1250 dixerat,

1105 1260 1199 1288 Tecum
1213 1268 1278 1295 sum,
1295 1262 1435 1289 custodiens
1450 1267 1474 1288 te
1493 1262 1519 1288 in
1534 1263 1602 1288 ωηιιὶ
1616 1263 1671 1294 ria,
1688 1271 1736 1296 qua
1759 1264 1838 1290 iturus
1856 1272 1889 1297 rs,

1107 1306 1130 1333 is
1144 1305 1219 1332 duxit
1230 1306 1330 1340 justutn
1346 1306 1378 1333 ad
1393 1307 1489 1334 fontem
1503 1315 1588 1341 aqum,
1604 1307 1647 1334 ubi
1661 1308 1793 1342 aquabant
1805 1313 1888 1342 pasto-

1105 1359 1148 1378 res
1170 1356 1248 1378 terrze
1271 1352 1363 1379 incola:
1385 1361 1392 1378 :
1414 1360 1430 1379 a
1449 1353 1544 1387 quibus
1566 1360 1626 1379 ctttn
1651 1353 1838 1389 interrogasset
1860 1355 1889 1382 de

1105 1397 1194 1424 Labatt
1211 1397 1292 1424 fratre
1307 1398 1398 1424 matris
1422 1405 1493 1431 sum,
1518 1404 1543 1425 et
1568 1398 1702 1426 didicisset
1725 1399 1812 1426 omnia
1835 1408 1889 1434 qua-

1104 1441 1174 1469 circa
1189 1442 1261 1469 illum
1276 1442 1435 1477 gerebantur
1450 1451 1456 1470 :
1472 1443 1569 1470 deinde
1583 1451 1642 1470 cum
1662 1449 1688 1470 et
1709 1443 1787 1479 hujus
1801 1445 1889 1475 tiliam,

1104 1492 1132 1514 et
1143 1495 1237 1522 greges
1251 1488 1333 1514 oculis
1348 1493 1509 1522 spectasset,
1525 1488 1677 1524 videretque
1691 1489 1826 1524 indigenas
1840 1498 1890 1517 non

1103 1532 1228 1560 sufﬁcere
1243 1538 1271 1559 ut
1285 1533 1398 1567 lapident
1412 1541 1427 1560 a
1441 1534 1512 1560 fonte
1525 1534 1572 1568 ipsi
1587 1540 1751 1566 amoverent,
1772 1540 1798 1562 et
1812 1543 1889 1570 aqua~

1103 1582 1164 1605 rent
1176 1585 1252 1610 oves,
1266 1579 1392 1611 accurrit,
1409 1583 1436 1606 et
1450 1578 1474 1605 id
1497 1579 1568 1614 quod
1591 1580 1626 1606 illi
1647 1579 1734 1607 facere
1753 1589 1805 1607 non
1819 1581 1888 1608 vale-

1104 1623 1182 1655 bant,
1206 1624 1262 1658 ipse
1283 1632 1399 1659 superno
1422 1625 1520 1652 auxilio
1543 1625 1700 1659 roboratus,
1727 1627 1889 1660 puerei-iens

1103 1670 1239 1697 beneﬁciis
1253 1670 1343 1698 Labatt
1354 1691 1362 1704 ,
1382 1671 1482 1698 amovit
1499 1672 1610 1706 lapidem
1627 1677 1654 1699 et
1672 1672 1812 1707 adaquarit
1828 1681 1889 1701 oves

1103 1723 1168 1750 qttas
1188 1716 1314 1751 pascebat
1328 1716 1438 1743 Rachel.
1460 1717 1523 1744 Dein
1540 1717 1584 1744 ubi
1605 1718 1740 1745 osculatus
1758 1723 1800 1745 est
1819 1719 1889 1753 puel-

1102 1761 1165 1795 lam,
1181 1767 1207 1789 ct
1221 1762 1380 1797 signiﬁcavit
1390 1763 1449 1797 quis
1463 1767 1534 1790 esset
1548 1767 1574 1790 ct
1589 1763 1660 1790 unde
1676 1764 1800 1796 venisset,
1816 1772 1889 1791 man-

1102 1808 1138 1834 sit
1153 1808 1208 1842 ipse
1223 1808 1292 1842 apud
1309 1808 1416 1835 fontem.
1430 1808 1525 1835 Verum
1541 1809 1600 1843 quia
1614 1809 1682 1836 Deus
1696 1818 1726 1836 er
1744 1810 1806 1844 tqni
1820 1810 1890 1844 justo

1101 1852 1259 1887 disponebat
1273 1853 1377 1886 omnia,
1395 1853 1437 1880 ltic
1449 1859 1476 1881 ct
1491 1855 1604 1888 puellam
1620 1855 1744 1882 excitavit
1758 1861 1786 1882 ut
1798 1856 1889 1883 celeri-

1101 1903 1141 1926 ter
1154 1904 1291 1932 curreret,
1305 1904 1383 1934 atqttc
1398 1900 1455 1927 haec
1469 1901 1639 1928 annuntiatet
1653 1902 1718 1936 patri
1730 1922 1737 1934 ,
1751 1902 1795 1937 qui
1809 1903 1889 1929 frater

1100 1949 1158 1971 erat
1171 1944 1248 1979 hujus
1262 1945 1355 1973 matris
1372 1954 1378 1972 :
1394 1951 1566 1981 narraretque
1588 1946 1746 1974 beneﬁcium
1765 1948 1837 1982 quod
1858 1949 1891 1974 ab

1100 1999 1133 2018 co
1147 1992 1293 2026 prtestitum
1314 1997 1385 2020 esset
1403 1998 1430 2020 et
1451 1993 1475 2020 in
1498 1993 1582 2028 ipsam
1601 1997 1628 2020 et
1649 1994 1674 2021 in
1688 2001 1782 2029 greges
1799 2003 1806 2021 :
1821 1999 1847 2022 et
1861 2002 1891 2022 se

1100 2045 1187 2071 neque
1202 2037 1368 2072 peregrinum
1382 2045 1452 2071 esse,
1473 2046 1560 2073 neqtte
1574 2039 1709 2074 ignotum,
1728 2040 1775 2067 sed
1788 2042 1890 2068 sororis

1100 2083 1193 2110 filium.
1859 2114 1862 2115 ,

1137 2130 1237 2162 Quanta
1252 2135 1360 2157 veterum
1375 2131 1543 2166 hospitalitas.
1558 2131 1680 2167 Exemplo
1695 2132 1785 2159 Jacobi
1800 2134 1887 2167 probat

1100 2175 1184 2201 omnia
1196 2175 1302 2211 feliciter
1313 2176 1444 2203 succedere
1460 2177 1482 2203 ci
1495 2185 1568 2212 quem
1583 2177 1651 2204 Deus
1666 2178 1750 2212 juvat.
1764 2193 1800 2198 —
1817 2179 1888 2205 Con-

1099 2222 1185 2250 sidera
1196 2244 1203 2256 ,
1218 2223 1329 2250 obsecro
1339 2243 1346 2254 ,
1361 2223 1458 2250 dilecte
1469 2244 1476 2256 ,
1496 2224 1591 2251 divinze
1605 2223 1751 2258 Seriptura:
1772 2224 1886 2259 diligen—

1100 2269 1179 2301 tiam,
1204 2269 1337 2303 quomodo
1360 2269 1436 2296 nobis
1459 2270 1547 2297 omnia
1570 2270 1709 2297 manifeste
1737 2277 1885 2304 recenseat,

1098 2314 1220 2342 docendo
1233 2322 1281 2342 nos
1293 2322 1381 2342 ntores
1392 2319 1520 2348 veterum,
1531 2321 1556 2342 et
1567 2322 1673 2350 quanta:
1686 2316 1711 2342 in
1722 2315 1888 2350 exeipiendis

1099 2359 1246 2394 hospitibus
1270 2360 1367 2387 fuerint
1381 2361 1534 2388 alacritatis.
1555 2361 1619 2388 Nam
1635 2367 1662 2387 ttt
1677 2362 1771 2396 puellae
1788 2362 1889 2388 indica-

1098 2411 1137 2432 ret
1153 2404 1329 2436 alacritatem,
1345 2413 1397 2431 non
1412 2405 1566 2439 simpliciter
1581 2406 1659 2438 dixit,
1674 2414 1732 2432 eam
1747 2406 1846 2433 abiisse
1859 2411 1888 2433 et

1098 2450 1268 2477 annuntiasse
1287 2459 1345 2484 qua:
1365 2451 1430 2476 facta
1452 2452 1569 2482 fuerant,
1587 2451 1632 2478 sed
1653 2452 1818 2483 cucurrisse,
1836 2452 1891 2481 hoc

1098 2499 1154 2525 est.
1172 2503 1267 2529 magno
1284 2503 1344 2522 eutn
1365 2495 1460 2530 gaudio
1474 2495 1556 2530 (Cap.
1570 2496 1614 2523 29.
1629 2505 1652 2523 ιν.
1668 2495 1729 2532 12).
1747 2497 1846 2524 Deinde
1860 2505 1892 2526 ι·ι

1097 2539 1131 2566 de
1146 2539 1233 2566 Labatt
1244 2560 1251 2573 ,
1266 2541 1309 2574 qtti
1330 2545 1405 2575 pater
1420 2541 1489 2568 illius
1510 2547 1567 2568 crat
1579 2563 1586 2573 ,
1601 2542 1665 2569 dicit
1677 2562 1684 2573 ,
1700 2543 1771 2578 quod
1788 2543 1891 2571 auditis

1100 2585 1141 2613 his
1155 2594 1168 2611 ει
1184 2586 1301 2620 virgine,
1315 2587 1462 2614 cucurrerit
1477 2593 1503 2614 et
1519 2588 1575 2622 ipse
1595 2589 1620 2615 in
1640 2596 1778 2616 occursum
1791 2589 1886 2623 Jacob,

1097 2634 1124 2657 et
1138 2631 1271 2658 osculatus
1286 2631 1318 2658 sit
1333 2639 1411 2665 cum,
1427 2636 1454 2659 et
1478 2632 1611 2660 induxerit
1630 2633 1656 2660 in
1678 2633 1786 2661 domum
1807 2641 1887 2662 suam

1099 2674 1178 2710 (Ibid.
1192 2683 1214 2702 υ.
1232 2675 1286 2711 l3).

1131 2721 1159 2747 2.
1175 2721 1315 2756 Postquam
1331 2727 1419 2750 autem
1432 2723 1520 2751 Labatt
1535 2724 1622 2752 omnia
1637 2725 1778 2760 diligenter
1791 2725 1888 2754 didictt

1097 2766 1130 2792 ab
1143 2774 1175 2794 eo
1186 2787 1193 2798 ,
1218 2767 1260 2794 Η.
1274 2767 1346 2794 Dixit
1356 2789 1362 2800 ,
1383 2769 1468 2803 inquit
1479 2789 1485 2801 ,
1501 2770 1524 2796 ei
1543 2777 1552 2796 :
1568 2769 1607 2796 Ex
1628 2771 1724 2797 ossibus
1737 2772 1799 2798 meis
1816 2778 1839 2798 ει
1853 2779 1886 2798 :5

1096 2819 1172 2838 carae
1183 2818 1236 2839 mea
1249 2820 1274 2840 es
1287 2819 1312 2840 tu
1327 2813 1402 2849 (Cap.
1416 2814 1473 2849 29).
1487 2814 1591 2843 Sororis
1601 2836 1608 2850 ,
1623 2815 1724 2852 inquit,
1739 2825 1806 2844 mem
1821 2824 1885 2844 cum
