  <div class='ocr_page' id='page_1' title='image "/cluster/home/n/w/nwhite01/storage/ocr_20150623/53-54/njp.32101077772638/490.png"; bbox 0 0 2046 3126; ppageno 0'>
   <div class='ocr_carea' id='block_1_1' title="bbox 185 112 230 138">
    <p class='ocr_par' dir='ltr' id='par_1_1' title="bbox 185 112 230 138">
     <span class='ocr_line' id='line_1_1' title="bbox 185 112 230 138; baseline -0.044 0"><span class='ocrx_word' id='word_1_1' title='bbox 185 112 230 138; x_wconf 76' lang='lat' dir='ltr'><strong>m</strong></span> 
     </span>
    </p>
   </div>
   <div class='ocr_carea' id='block_1_2' title="bbox 180 170 974 206">
    <p class='ocr_par' dir='ltr' id='par_1_2' title="bbox 180 170 974 206">
     <span class='ocr_line' id='line_1_2' title="bbox 180 170 974 206; baseline 0 -8"><span class='ocrx_word' id='word_1_2' title='bbox 180 170 221 198; x_wconf 81' lang='lat' dir='ltr'><strong>sis</strong></span> <span class='ocrx_word' id='word_1_3' title='bbox 234 171 321 203; x_wconf 79' lang='lat' dir='ltr'><strong>illius,</strong></span> <span class='ocrx_word' id='word_1_4' title='bbox 338 171 402 199; x_wconf 85' lang='lat' dir='ltr'>nihil</span> <span class='ocrx_word' id='word_1_5' title='bbox 423 171 494 199; x_wconf 97' lang='lat' dir='ltr'><strong>aliud</strong></span> <span class='ocrx_word' id='word_1_6' title='bbox 518 178 595 206; x_wconf 87' lang='lat' dir='ltr'><strong>quam</strong></span> <span class='ocrx_word' id='word_1_7' title='bbox 613 177 674 198; x_wconf 90' lang='lat' dir='ltr'><strong>caro</strong></span> <span class='ocrx_word' id='word_1_8' title='bbox 695 176 784 198; x_wconf 57' lang='lat' dir='ltr'><strong>nn~tra</strong></span> <span class='ocrx_word' id='word_1_9' title='bbox 798 178 827 199; x_wconf 89' lang='lat' dir='ltr'><strong>es</strong></span> <span class='ocrx_word' id='word_1_10' title='bbox 847 175 873 199; x_wconf 91' lang='lat' dir='ltr'><strong>et</strong></span> <span class='ocrx_word' id='word_1_11' title='bbox 893 170 974 198; x_wconf 85' lang='lat' dir='ltr'><strong>frater</strong></span> 
     </span>
    </p>
   </div>
   <div class='ocr_carea' id='block_1_3' title="bbox 182 216 973 251">
    <p class='ocr_par' dir='ltr' id='par_1_3' title="bbox 182 216 973 251">
     <span class='ocr_line' id='line_1_3' title="bbox 182 216 973 251; baseline 0 -8"><span class='ocrx_word' id='word_1_12' title='bbox 182 222 285 244; x_wconf 81' lang='lat' dir='ltr'><strong>noster.</strong></span> <span class='ocrx_word' id='word_1_13' title='bbox 301 216 334 244; x_wconf 83' lang='lat' dir='ltr'><strong>Et</strong></span> <span class='ocrx_word' id='word_1_14' title='bbox 353 223 406 244; x_wconf 78' lang='lat' dir='ltr'><strong>mu</strong></span> <span class='ocrx_word' id='word_1_15' title='bbox 425 225 541 249; x_wconf 76' lang='lat' dir='ltr'><strong>tumea,</strong></span> <span class='ocrx_word' id='word_1_16' title='bbox 563 216 662 251; x_wconf 84' lang='lat' dir='ltr'><strong>inquit,</strong></span> <span class='ocrx_word' id='word_1_17' title='bbox 686 217 719 243; x_wconf 87' lang='lat' dir='ltr'><strong>ad</strong></span> <span class='ocrx_word' id='word_1_18' title='bbox 739 225 846 244; x_wconf 75' lang='lat' dir='ltr'><strong>mensem</strong></span> <span class='ocrx_word' id='word_1_19' title='bbox 867 217 973 243; x_wconf 77' lang='lat' dir='ltr'><strong>dierum.</strong></span> 
     </span>
    </p>
   </div>
   <div class='ocr_carea' id='block_1_4' title="bbox 183 262 975 299">
    <p class='ocr_par' dir='ltr' id='par_1_4' title="bbox 183 262 975 299">
     <span class='ocr_line' id='line_1_4' title="bbox 183 262 975 299; baseline -0.001 -9"><span class='ocrx_word' id='word_1_20' title='bbox 183 262 248 290; x_wconf 82' lang='lat' dir='ltr'><strong>Dein</strong></span> <span class='ocrx_word' id='word_1_21' title='bbox 268 264 344 298; x_wconf 85' lang='lat' dir='ltr'><strong>quasi</strong></span> <span class='ocrx_word' id='word_1_22' title='bbox 367 263 393 290; x_wconf 91' lang='lat' dir='ltr'><strong>in</strong></span> <span class='ocrx_word' id='word_1_23' title='bbox 408 263 488 290; x_wconf 88' lang='lat' dir='ltr'><strong>dettto</strong></span> <span class='ocrx_word' id='word_1_24' title='bbox 501 263 607 299; x_wconf 90' lang='lat' dir='ltr'><strong>propria</strong></span> <span class='ocrx_word' id='word_1_25' title='bbox 622 263 692 298; x_wconf 88' lang='lat' dir='ltr'><strong>apud</strong></span> <span class='ocrx_word' id='word_1_26' title='bbox 713 271 773 290; x_wconf 89' lang='lat' dir='ltr'><strong>eutn</strong></span> <span class='ocrx_word' id='word_1_27' title='bbox 795 263 929 298; x_wconf 83' lang='lat' dir='ltr'><strong>impavide</strong></span> <span class='ocrx_word' id='word_1_28' title='bbox 950 270 975 290; x_wconf 90' lang='lat' dir='ltr'><strong>et</strong></span> 
     </span>
    </p>
   </div>
   <div class='ocr_carea' id='block_1_5' title="bbox 180 310 975 345">
    <p class='ocr_par' dir='ltr' id='par_1_5' title="bbox 180 310 975 345">
     <span class='ocr_line' id='line_1_5' title="bbox 180 310 975 345; baseline -0.001 -8"><span class='ocrx_word' id='word_1_29' title='bbox 180 310 216 338; x_wconf 78' lang='lat' dir='ltr'><strong>ab</strong></span> <span class='ocrx_word' id='word_1_30' title='bbox 230 310 302 338; x_wconf 88' lang='lat' dir='ltr'><strong>omni</strong></span> <span class='ocrx_word' id='word_1_31' title='bbox 317 317 381 337; x_wconf 85' lang='lat' dir='ltr'><strong>cura</strong></span> <span class='ocrx_word' id='word_1_32' title='bbox 397 310 464 337; x_wconf 90' lang='lat' dir='ltr'><strong>liber</strong></span> <span class='ocrx_word' id='word_1_33' title='bbox 482 310 585 344; x_wconf 81' lang='lat' dir='ltr'><strong>agebat.</strong></span> <span class='ocrx_word' id='word_1_34' title='bbox 609 310 739 337; x_wconf 71' lang='lat' dir='ltr'><strong>Caeterum</strong></span> <span class='ocrx_word' id='word_1_35' title='bbox 760 310 884 345; x_wconf 88' lang='lat' dir='ltr'><strong>quoniam</strong></span> <span class='ocrx_word' id='word_1_36' title='bbox 908 310 975 337; x_wconf 84' lang='lat' dir='ltr'><strong>Deus</strong></span> 
     </span>
    </p>
   </div>
   <div class='ocr_carea' id='block_1_6' title="bbox 181 355 973 391">
    <p class='ocr_par' dir='ltr' id='par_1_6' title="bbox 181 355 973 391">
     <span class='ocr_line' id='line_1_6' title="bbox 181 355 973 391; baseline -0.001 -8"><span class='ocrx_word' id='word_1_37' title='bbox 181 361 251 388; x_wconf 84' lang='lat' dir='ltr'><strong>erat,</strong></span> <span class='ocrx_word' id='word_1_38' title='bbox 267 357 312 391; x_wconf 89' lang='lat' dir='ltr'><strong>qui</strong></span> <span class='ocrx_word' id='word_1_39' title='bbox 325 357 414 383; x_wconf 84' lang='lat' dir='ltr'><strong>omnia</strong></span> <span class='ocrx_word' id='word_1_40' title='bbox 427 355 460 383; x_wconf 91' lang='lat' dir='ltr'><strong>ad</strong></span> <span class='ocrx_word' id='word_1_41' title='bbox 475 356 614 383; x_wconf 72' lang='lat' dir='ltr'><strong>utilitatem</strong></span> <span class='ocrx_word' id='word_1_42' title='bbox 629 356 707 391; x_wconf 89' lang='lat' dir='ltr'><strong>hujus</strong></span> <span class='ocrx_word' id='word_1_43' title='bbox 718 356 781 390; x_wconf 89' lang='lat' dir='ltr'><strong>justi</strong></span> <span class='ocrx_word' id='word_1_44' title='bbox 792 355 973 390; x_wconf 88' lang='lat' dir='ltr'><strong>dispensabat,</strong></span> 
     </span>
    </p>
   </div>
   <div class='ocr_carea' id='block_1_7' title="bbox 181 402 976 437">
    <p class='ocr_par' dir='ltr' id='par_1_7' title="bbox 181 402 976 437">
     <span class='ocr_line' id='line_1_7' title="bbox 181 402 976 437; baseline -0.003 -7"><span class='ocrx_word' id='word_1_45' title='bbox 181 408 208 430; x_wconf 87' lang='lat' dir='ltr'><strong>et</strong></span> <span class='ocrx_word' id='word_1_46' title='bbox 222 403 248 430; x_wconf 93' lang='lat' dir='ltr'><strong>in</strong></span> <span class='ocrx_word' id='word_1_47' title='bbox 262 403 387 430; x_wconf 90' lang='lat' dir='ltr'><strong>omnibus</strong></span> <span class='ocrx_word' id='word_1_48' title='bbox 400 402 423 430; x_wconf 89' lang='lat' dir='ltr'><strong>ci</strong></span> <span class='ocrx_word' id='word_1_49' title='bbox 438 410 513 430; x_wconf 90' lang='lat' dir='ltr'><strong>suam</strong></span> <span class='ocrx_word' id='word_1_50' title='bbox 527 402 662 437; x_wconf 60' lang='lat' dir='ltr'><strong>praebebat</strong></span> <span class='ocrx_word' id='word_1_51' title='bbox 675 402 902 437; x_wconf 85' lang='lat' dir='ltr'><strong>eooperationem,</strong></span> <span class='ocrx_word' id='word_1_52' title='bbox 919 402 976 436; x_wconf 89' lang='lat' dir='ltr'><strong>ipse</strong></span> 
     </span>
    </p>
   </div>
   <div class='ocr_carea' id='block_1_8' title="bbox 181 448 975 476">
    <p class='ocr_par' dir='ltr' id='par_1_8' title="bbox 181 448 975 476">
     <span class='ocr_line' id='line_1_8' title="bbox 181 448 975 476; baseline -0.003 0"><span class='ocrx_word' id='word_1_53' title='bbox 181 449 347 476; x_wconf 86' lang='lat' dir='ltr'><strong>alacritatem</strong></span> <span class='ocrx_word' id='word_1_54' title='bbox 360 448 451 476; x_wconf 87' lang='lat' dir='ltr'><strong>Laban</strong></span> <span class='ocrx_word' id='word_1_55' title='bbox 467 448 590 476; x_wconf 83' lang='lat' dir='ltr'><strong>excitavit</strong></span> <span class='ocrx_word' id='word_1_56' title='bbox 609 457 615 475; x_wconf 87' lang='lat'><strong>:</strong></span> <span class='ocrx_word' id='word_1_57' title='bbox 634 452 662 475; x_wconf 88' lang='lat' dir='ltr'><strong>et</strong></span> <span class='ocrx_word' id='word_1_58' title='bbox 677 448 770 475; x_wconf 86' lang='lat' dir='ltr'><strong>videns</strong></span> <span class='ocrx_word' id='word_1_59' title='bbox 783 448 831 475; x_wconf 77' lang='lat' dir='ltr'><strong>viri</strong></span> <span class='ocrx_word' id='word_1_60' title='bbox 852 455 975 475; x_wconf 86' lang='lat' dir='ltr'><strong>mansue-</strong></span> 
     </span>
    </p>
   </div>
   <div class='ocr_carea' id='block_1_9' title="bbox 182 494 975 528">
    <p class='ocr_par' dir='ltr' id='par_1_9' title="bbox 182 494 975 528">
     <span class='ocr_line' id='line_1_9' title="bbox 182 494 975 528; baseline -0.004 -6"><span class='ocrx_word' id='word_1_61' title='bbox 182 495 301 522; x_wconf 84' lang='lat' dir='ltr'><strong>tudinem</strong></span> <span class='ocrx_word' id='word_1_62' title='bbox 312 515 320 528; x_wconf 88' lang='lat'><strong>,</strong></span> <span class='ocrx_word' id='word_1_63' title='bbox 336 494 403 522; x_wconf 88' lang='lat' dir='ltr'><strong>dicit</strong></span> <span class='ocrx_word' id='word_1_64' title='bbox 419 494 444 521; x_wconf 87' lang='lat' dir='ltr'><strong>ei</strong></span> <span class='ocrx_word' id='word_1_65' title='bbox 461 505 467 522; x_wconf 94' lang='lat'>:</span> <span class='ocrx_word' id='word_1_66' title='bbox 485 494 527 526; x_wconf 73' lang='lat'><strong>15.</strong></span> <span class='ocrx_word' id='word_1_67' title='bbox 544 494 669 528; x_wconf 78' lang='lat' dir='ltr'><strong>Quoniam</strong></span> <span class='ocrx_word' id='word_1_68' title='bbox 682 494 747 520; x_wconf 79' lang='lat' dir='ltr'><strong>enim</strong></span> <span class='ocrx_word' id='word_1_69' title='bbox 769 494 847 528; x_wconf 78' lang='lat' dir='ltr'><strong>frater</strong></span> <span class='ocrx_word' id='word_1_70' title='bbox 868 501 936 520; x_wconf 76' lang='lat' dir='ltr'><strong>meus</strong></span> <span class='ocrx_word' id='word_1_71' title='bbox 950 501 975 519; x_wconf 86' lang='lat' dir='ltr'><strong>es</strong></span> 
     </span>
    </p>
   </div>
   <div class='ocr_carea' id='block_1_10' title="bbox 182 540 974 576">
    <p class='ocr_par' dir='ltr' id='par_1_10' title="bbox 182 540 974 576">
     <span class='ocr_line' id='line_1_10' title="bbox 182 540 974 576; baseline -0.004 -7"><span class='ocrx_word' id='word_1_72' title='bbox 182 548 220 575; x_wconf 84' lang='lat' dir='ltr'><strong>tu,</strong></span> <span class='ocrx_word' id='word_1_73' title='bbox 237 551 288 569; x_wconf 85' lang='lat' dir='ltr'><strong>non</strong></span> <span class='ocrx_word' id='word_1_74' title='bbox 303 541 396 569; x_wconf 79' lang='lat' dir='ltr'><strong>servies</strong></span> <span class='ocrx_word' id='word_1_75' title='bbox 410 541 472 568; x_wconf 84' lang='lat' dir='ltr'><strong>milti</strong></span> <span class='ocrx_word' id='word_1_76' title='bbox 490 541 569 576; x_wconf 83' lang='lat' dir='ltr'><strong>gratis</strong></span> <span class='ocrx_word' id='word_1_77' title='bbox 583 548 593 567; x_wconf 90' lang='lat'><strong><em>:</em></strong></span> <span class='ocrx_word' id='word_1_78' title='bbox 605 540 645 567; x_wconf 83' lang='lat' dir='ltr'><strong>dic</strong></span> <span class='ocrx_word' id='word_1_79' title='bbox 658 540 720 567; x_wconf 77' lang='lat' dir='ltr'><strong>milii</strong></span> <span class='ocrx_word' id='word_1_80' title='bbox 730 560 737 572; x_wconf 88' lang='lat'><strong>,</strong></span> <span class='ocrx_word' id='word_1_81' title='bbox 750 548 806 572; x_wconf 71' lang='lat' dir='ltr'><strong>qua:</strong></span> <span class='ocrx_word' id='word_1_82' title='bbox 819 548 912 566; x_wconf 75' lang='lat' dir='ltr'><strong>merces</strong></span> <span class='ocrx_word' id='word_1_83' title='bbox 932 545 974 566; x_wconf 91' lang='lat' dir='ltr'><strong>tua</strong></span> 
     </span>
    </p>
   </div>
   <div class='ocr_carea' id='block_1_11' title="bbox 180 587 973 623">
    <p class='ocr_par' dir='ltr' id='par_1_11' title="bbox 180 587 973 623">
     <span class='ocr_line' id='line_1_11' title="bbox 180 587 973 623; baseline -0.003 -7"><span class='ocrx_word' id='word_1_84' title='bbox 180 589 224 616; x_wconf 72' lang='lat' dir='ltr'><strong>sit.</strong></span> <span class='ocrx_word' id='word_1_85' title='bbox 241 588 307 616; x_wconf 82' lang='lat' dir='ltr'><strong>Vide</strong></span> <span class='ocrx_word' id='word_1_86' title='bbox 320 588 455 623; x_wconf 89' lang='lat' dir='ltr'><strong>quomodo</strong></span> <span class='ocrx_word' id='word_1_87' title='bbox 470 589 526 623; x_wconf 89' lang='lat' dir='ltr'><strong>ipse</strong></span> <span class='ocrx_word' id='word_1_88' title='bbox 541 587 647 623; x_wconf 80' lang='lat' dir='ltr'><strong>quidem</strong></span> <span class='ocrx_word' id='word_1_89' title='bbox 668 587 774 622; x_wconf 90' lang='lat' dir='ltr'><strong>petebat</strong></span> <span class='ocrx_word' id='word_1_90' title='bbox 787 587 869 619; x_wconf 90' lang='lat' dir='ltr'><strong>nihil,</strong></span> <span class='ocrx_word' id='word_1_91' title='bbox 885 587 973 614; x_wconf 86' lang='lat' dir='ltr'><strong>Laban</strong></span> 
     </span>
    </p>
   </div>
   <div class='ocr_carea' id='block_1_12' title="bbox 181 635 972 670">
    <p class='ocr_par' dir='ltr' id='par_1_12' title="bbox 181 635 972 670">
     <span class='ocr_line' id='line_1_12' title="bbox 181 635 972 670; baseline -0.005 -7"><span class='ocrx_word' id='word_1_92' title='bbox 181 641 272 663; x_wconf 84' lang='lat' dir='ltr'><strong>autem</strong></span> <span class='ocrx_word' id='word_1_93' title='bbox 287 643 302 662; x_wconf 88' lang='lat' dir='ltr'><strong>a</strong></span> <span class='ocrx_word' id='word_1_94' title='bbox 318 643 348 663; x_wconf 89' lang='lat' dir='ltr'><strong>se</strong></span> <span class='ocrx_word' id='word_1_95' title='bbox 360 635 412 662; x_wconf 90' lang='lat' dir='ltr'><strong>hoc</strong></span> <span class='ocrx_word' id='word_1_96' title='bbox 426 635 550 670; x_wconf 83' lang='lat' dir='ltr'><strong>proponit</strong></span> <span class='ocrx_word' id='word_1_97' title='bbox 564 635 646 670; x_wconf 90' lang='lat' dir='ltr'><strong>justo.</strong></span> <span class='ocrx_word' id='word_1_98' title='bbox 661 635 694 662; x_wconf 91' lang='lat' dir='ltr'><strong>Et</strong></span> <span class='ocrx_word' id='word_1_99' title='bbox 711 635 834 665; x_wconf 65' lang='lat' dir='ltr'><strong>at‘cnde.</strong></span> <span class='ocrx_word' id='word_1_100' title='bbox 850 635 972 664; x_wconf 83' lang='lat' dir='ltr'><strong>obsecro,</strong></span> 
     </span>
    </p>
   </div>
   <div class='ocr_carea' id='block_1_13' title="bbox 180 679 976 718">
    <p class='ocr_par' dir='ltr' id='par_1_13' title="bbox 180 679 976 718">
     <span class='ocr_line' id='line_1_13' title="bbox 180 679 976 718; baseline -0.001 -11"><span class='ocrx_word' id='word_1_101' title='bbox 180 682 317 718; x_wconf 87' lang='lat' dir='ltr'><strong>quomodo</strong></span> <span class='ocrx_word' id='word_1_102' title='bbox 331 681 373 709; x_wconf 89' lang='lat' dir='ltr'><strong>cui</strong></span> <span class='ocrx_word' id='word_1_103' title='bbox 387 681 474 708; x_wconf 83' lang='lat' dir='ltr'><strong>divina</strong></span> <span class='ocrx_word' id='word_1_104' title='bbox 489 688 584 708; x_wconf 88' lang='lat' dir='ltr'><strong>manus</strong></span> <span class='ocrx_word' id='word_1_105' title='bbox 597 681 707 714; x_wconf 57' lang='lat' dir='ltr'><strong>assistit,</strong></span> <span class='ocrx_word' id='word_1_106' title='bbox 723 681 747 708; x_wconf 91' lang='lat' dir='ltr'><strong>ei</strong></span> <span class='ocrx_word' id='word_1_107' title='bbox 760 680 849 707; x_wconf 83' lang='lat' dir='ltr'><strong>omnia</strong></span> <span class='ocrx_word' id='word_1_108' title='bbox 864 679 976 707; x_wconf 68' lang='lat' dir='ltr'><strong>feliciter</strong></span> 
     </span>
    </p>
   </div>
   <div class='ocr_carea' id='block_1_14' title="bbox 181 726 975 762">
    <p class='ocr_par' dir='ltr' id='par_1_14' title="bbox 181 726 975 762">
     <span class='ocr_line' id='line_1_14' title="bbox 181 726 975 762; baseline -0.004 -7"><span class='ocrx_word' id='word_1_109' title='bbox 181 727 337 756; x_wconf 87' lang='lat' dir='ltr'><strong>succedant.</strong></span> <span class='ocrx_word' id='word_1_110' title='bbox 361 727 422 754; x_wconf 82' lang='lat' dir='ltr'><strong>Non</strong></span> <span class='ocrx_word' id='word_1_111' title='bbox 443 727 534 754; x_wconf 75' lang='lat' dir='ltr'><strong>servies</strong></span> <span class='ocrx_word' id='word_1_112' title='bbox 555 727 634 759; x_wconf 80' lang='lat' dir='ltr'><strong>milii,</strong></span> <span class='ocrx_word' id='word_1_113' title='bbox 651 727 752 762; x_wconf 91' lang='lat' dir='ltr'><strong>inquit,</strong></span> <span class='ocrx_word' id='word_1_114' title='bbox 774 726 852 761; x_wconf 82' lang='lat' dir='ltr'><strong>gratis</strong></span> <span class='ocrx_word' id='word_1_115' title='bbox 868 734 877 753; x_wconf 88' lang='lat'><em>:</em></span> <span class='ocrx_word' id='word_1_116' title='bbox 891 726 975 752; x_wconf 78' lang='lat' dir='ltr'><strong>indica</strong></span> 
     </span>
    </p>
   </div>
   <div class='ocr_carea' id='block_1_15' title="bbox 179 773 975 809">
    <p class='ocr_par' dir='ltr' id='par_1_15' title="bbox 179 773 975 809">
     <span class='ocr_line' id='line_1_15' title="bbox 179 773 975 809; baseline -0.005 -7"><span class='ocrx_word' id='word_1_117' title='bbox 179 775 245 802; x_wconf 74' lang='lat' dir='ltr'><strong>mihi</strong></span> <span class='ocrx_word' id='word_1_118' title='bbox 257 782 314 809; x_wconf 64' lang='lat' dir='ltr'><strong>quia</strong></span> <span class='ocrx_word' id='word_1_119' title='bbox 332 782 425 801; x_wconf 78' lang='lat' dir='ltr'><strong>merces</strong></span> <span class='ocrx_word' id='word_1_120' title='bbox 439 778 482 800; x_wconf 86' lang='lat' dir='ltr'><strong>tua</strong></span> <span class='ocrx_word' id='word_1_121' title='bbox 494 774 537 801; x_wconf 75' lang='lat' dir='ltr'><strong>sit.</strong></span> <span class='ocrx_word' id='word_1_122' title='bbox 556 773 682 808; x_wconf 78' lang='lat' dir='ltr'><strong>Quamvis</strong></span> <span class='ocrx_word' id='word_1_123' title='bbox 695 773 787 800; x_wconf 83' lang='lat' dir='ltr'><strong>beatus</strong></span> <span class='ocrx_word' id='word_1_124' title='bbox 806 773 851 800; x_wconf 87' lang='lat' dir='ltr'><strong>illc</strong></span> <span class='ocrx_word' id='word_1_125' title='bbox 873 779 975 807; x_wconf 79' lang='lat' dir='ltr'><strong>magna:</strong></span> 
     </span>
    </p>
   </div>
   <div class='ocr_carea' id='block_1_16' title="bbox 182 818 974 855">
    <p class='ocr_par' dir='ltr' id='par_1_16' title="bbox 182 818 974 855">
     <span class='ocr_line' id='line_1_16' title="bbox 182 818 974 855; baseline -0.005 -6"><span class='ocrx_word' id='word_1_126' title='bbox 182 821 301 849; x_wconf 86' lang='lat' dir='ltr'><strong>caritatis</strong></span> <span class='ocrx_word' id='word_1_127' title='bbox 321 821 381 848; x_wconf 91' lang='lat' dir='ltr'><strong>loco</strong></span> <span class='ocrx_word' id='word_1_128' title='bbox 399 819 510 847; x_wconf 88' lang='lat' dir='ltr'><strong>haberet</strong></span> <span class='ocrx_word' id='word_1_129' title='bbox 523 819 563 847; x_wconf 91' lang='lat' dir='ltr'><strong>vel</strong></span> <span class='ocrx_word' id='word_1_130' title='bbox 582 819 738 855; x_wconf 80' lang='lat' dir='ltr'><strong>simpliciter</strong></span> <span class='ocrx_word' id='word_1_131' title='bbox 757 819 912 854; x_wconf 80' lang='lat' dir='ltr'><strong>quolidiano</strong></span> <span class='ocrx_word' id='word_1_132' title='bbox 925 818 974 845; x_wconf 85' lang='lat' dir='ltr'><strong>ali-</strong></span> 
     </span>
    </p>
   </div>
   <div class='ocr_carea' id='block_1_17' title="bbox 183 864 973 900">
    <p class='ocr_par' dir='ltr' id='par_1_17' title="bbox 183 864 973 900">
     <span class='ocr_line' id='line_1_17' title="bbox 183 864 973 900; baseline -0.005 -6"><span class='ocrx_word' id='word_1_133' title='bbox 183 872 276 895; x_wconf 92' lang='lat' dir='ltr'><strong>mento</strong></span> <span class='ocrx_word' id='word_1_134' title='bbox 297 866 346 894; x_wconf 94' lang='lat' dir='ltr'><strong>frui</strong></span> <span class='ocrx_word' id='word_1_135' title='bbox 359 887 366 897; x_wconf 84' lang='grc'><em>,</em></span> <span class='ocrx_word' id='word_1_136' title='bbox 389 866 553 900; x_wconf 81' lang='lat' dir='ltr'><strong>multamque</strong></span> <span class='ocrx_word' id='word_1_137' title='bbox 573 872 623 900; x_wconf 89' lang='lat' dir='ltr'><strong>pro</strong></span> <span class='ocrx_word' id='word_1_138' title='bbox 644 873 676 893; x_wconf 90' lang='lat' dir='ltr'><strong>eo</strong></span> <span class='ocrx_word' id='word_1_139' title='bbox 694 865 805 900; x_wconf 80' lang='lat' dir='ltr'><strong>gratiam</strong></span> <span class='ocrx_word' id='word_1_140' title='bbox 829 864 973 891; x_wconf 79' lang='lat' dir='ltr'><strong>redderet:</strong></span> 
     </span>
    </p>
   </div>
   <div class='ocr_carea' id='block_1_18' title="bbox 180 910 974 948">
    <p class='ocr_par' dir='ltr' id='par_1_18' title="bbox 180 910 974 948">
     <span class='ocr_line' id='line_1_18' title="bbox 180 910 974 948; baseline -0.005 -8"><span class='ocrx_word' id='word_1_141' title='bbox 180 921 275 940; x_wconf 82' lang='lat' dir='ltr'><strong>verum</strong></span> <span class='ocrx_word' id='word_1_142' title='bbox 291 912 351 948; x_wconf 85' lang='lat' dir='ltr'><strong>quia</strong></span> <span class='ocrx_word' id='word_1_143' title='bbox 366 913 460 939; x_wconf 87' lang='lat' dir='ltr'><strong>miratu</strong></span> <span class='ocrx_word' id='word_1_144' title='bbox 477 912 666 939; x_wconf 86' lang='lat' dir='ltr'><strong>humanitatem</strong></span> <span class='ocrx_word' id='word_1_145' title='bbox 681 919 734 946; x_wconf 76' lang='lat' dir='ltr'><strong>pra:</strong></span> <span class='ocrx_word' id='word_1_146' title='bbox 748 918 777 938; x_wconf 89' lang='lat' dir='ltr'><strong>se</strong></span> <span class='ocrx_word' id='word_1_147' title='bbox 792 910 902 942; x_wconf 79' lang='lat' dir='ltr'><strong>fert-bat,</strong></span> <span class='ocrx_word' id='word_1_148' title='bbox 915 910 974 937; x_wconf 85' lang='lat' dir='ltr'><strong>ideo</strong></span> 
     </span>
    </p>
   </div>
   <div class='ocr_carea' id='block_1_19' title="bbox 180 957 973 992">
    <p class='ocr_par' dir='ltr' id='par_1_19' title="bbox 180 957 973 992">
     <span class='ocr_line' id='line_1_19' title="bbox 180 957 973 992; baseline -0.004 -6"><span class='ocrx_word' id='word_1_149' title='bbox 180 959 272 986; x_wconf 79' lang='lat' dir='ltr'><strong>Laban</strong></span> <span class='ocrx_word' id='word_1_150' title='bbox 284 958 434 986; x_wconf 77' lang='lat' dir='ltr'><strong>mercedem</strong></span> <span class='ocrx_word' id='word_1_151' title='bbox 445 959 467 985; x_wconf 87' lang='lat' dir='ltr'><strong>ei</strong></span> <span class='ocrx_word' id='word_1_152' title='bbox 482 958 630 992; x_wconf 85' lang='lat' dir='ltr'><strong>pollicetur,</strong></span> <span class='ocrx_word' id='word_1_153' title='bbox 639 965 718 992; x_wconf 89' lang='lat' dir='ltr'><strong>quam</strong></span> <span class='ocrx_word' id='word_1_154' title='bbox 731 958 786 992; x_wconf 91' lang='lat' dir='ltr'><strong>ipse</strong></span> <span class='ocrx_word' id='word_1_155' title='bbox 796 957 973 992; x_wconf 77' lang='lat' dir='ltr'><strong>proposuerit.</strong></span> 
     </span>
    </p>
   </div>
   <div class='ocr_carea' id='block_1_20' title="bbox 182 1003 973 1040">
    <p class='ocr_par' dir='ltr' id='par_1_20' title="bbox 182 1003 973 1040">
     <span class='ocr_line' id='line_1_20' title="bbox 182 1003 973 1040; baseline -0.003 -9"><span class='ocrx_word' id='word_1_156' title='bbox 182 1004 250 1039; x_wconf 87' lang='lat' dir='ltr'><strong>Quid</strong></span> <span class='ocrx_word' id='word_1_157' title='bbox 266 1005 344 1040; x_wconf 80' lang='lat' dir='ltr'><strong>igitur</strong></span> <span class='ocrx_word' id='word_1_158' title='bbox 354 1003 460 1038; x_wconf 70' lang='lat' dir='ltr'><strong>justus?</strong></span> <span class='ocrx_word' id='word_1_159' title='bbox 477 1003 551 1036; x_wconf 75' lang='lat' dir='ltr'><strong>Vide,</strong></span> <span class='ocrx_word' id='word_1_160' title='bbox 566 1004 686 1032; x_wconf 86' lang='lat' dir='ltr'><strong>obsecro.</strong></span> <span class='ocrx_word' id='word_1_161' title='bbox 703 1009 730 1031; x_wconf 86' lang='lat' dir='ltr'><strong>et</strong></span> <span class='ocrx_word' id='word_1_162' title='bbox 744 1003 785 1030; x_wconf 92' lang='lat' dir='ltr'><strong>hic</strong></span> <span class='ocrx_word' id='word_1_163' title='bbox 800 1003 973 1030; x_wconf 81' lang='lat' dir='ltr'><strong>excellentem</strong></span> 
     </span>
    </p>
   </div>
   <div class='ocr_carea' id='block_1_21' title="bbox 181 1048 973 1085">
    <p class='ocr_par' dir='ltr' id='par_1_21' title="bbox 181 1048 973 1085">
     <span class='ocr_line' id='line_1_21' title="bbox 181 1048 973 1085; baseline -0.005 -8"><span class='ocrx_word' id='word_1_164' title='bbox 181 1050 241 1084; x_wconf 87' lang='lat' dir='ltr'><strong>ejus</strong></span> <span class='ocrx_word' id='word_1_165' title='bbox 254 1050 425 1085; x_wconf 75' lang='lat' dir='ltr'><strong>sagacitatem</strong></span> <span class='ocrx_word' id='word_1_166' title='bbox 436 1070 443 1082; x_wconf 93' lang='lat'><strong>,</strong></span> <span class='ocrx_word' id='word_1_167' title='bbox 459 1054 486 1076; x_wconf 84' lang='lat' dir='ltr'><strong>et</strong></span> <span class='ocrx_word' id='word_1_168' title='bbox 506 1049 639 1084; x_wconf 88' lang='lat' dir='ltr'><strong>quomodo</strong></span> <span class='ocrx_word' id='word_1_169' title='bbox 655 1048 753 1075; x_wconf 87' lang='lat' dir='ltr'><strong>ttullatn</strong></span> <span class='ocrx_word' id='word_1_170' title='bbox 773 1048 973 1084; x_wconf 80' lang='lat' dir='ltr'><strong>congreganda-</strong></span> 
     </span>
    </p>
   </div>
   <div class='ocr_carea' id='block_1_22' title="bbox 183 1095 974 1131">
    <p class='ocr_par' dir='ltr' id='par_1_22' title="bbox 183 1095 974 1131">
     <span class='ocr_line' id='line_1_22' title="bbox 183 1095 974 1131; baseline -0.001 -9"><span class='ocrx_word' id='word_1_171' title='bbox 183 1105 241 1123; x_wconf 89' lang='lat' dir='ltr'><strong>rtnn</strong></span> <span class='ocrx_word' id='word_1_172' title='bbox 257 1104 336 1131; x_wconf 88' lang='lat' dir='ltr'><strong>opttttt</strong></span> <span class='ocrx_word' id='word_1_173' title='bbox 351 1096 472 1123; x_wconf 82' lang='lat' dir='ltr'><strong>habuerit</strong></span> <span class='ocrx_word' id='word_1_174' title='bbox 485 1103 588 1123; x_wconf 84' lang='lat' dir='ltr'><strong>curam.</strong></span> <span class='ocrx_word' id='word_1_175' title='bbox 600 1095 658 1122; x_wconf 88' lang='lat' dir='ltr'><strong>Non</strong></span> <span class='ocrx_word' id='word_1_176' title='bbox 672 1095 742 1123; x_wconf 89' lang='lat' dir='ltr'><strong>enint</strong></span> <span class='ocrx_word' id='word_1_177' title='bbox 757 1096 826 1122; x_wconf 87' lang='lat' dir='ltr'><strong>sicut</strong></span> <span class='ocrx_word' id='word_1_178' title='bbox 839 1103 974 1123; x_wconf 86' lang='lat' dir='ltr'><strong>mercena—</strong></span> 
     </span>
    </p>
   </div>
   <div class='ocr_carea' id='block_1_23' title="bbox 179 1141 974 1177">
    <p class='ocr_par' dir='ltr' id='par_1_23' title="bbox 179 1141 974 1177">
     <span class='ocr_line' id='line_1_23' title="bbox 179 1141 974 1177; baseline 0 -9"><span class='ocrx_word' id='word_1_179' title='bbox 179 1143 238 1169; x_wconf 82' lang='lat' dir='ltr'><strong>rius</strong></span> <span class='ocrx_word' id='word_1_180' title='bbox 253 1142 349 1177; x_wconf 83' lang='lat' dir='ltr'><strong>aliquis</strong></span> <span class='ocrx_word' id='word_1_181' title='bbox 369 1149 430 1169; x_wconf 93' lang='lat' dir='ltr'><strong>cum</strong></span> <span class='ocrx_word' id='word_1_182' title='bbox 451 1141 542 1169; x_wconf 83' lang='lat' dir='ltr'><strong>Laban</strong></span> <span class='ocrx_word' id='word_1_183' title='bbox 563 1141 689 1168; x_wconf 84' lang='lat' dir='ltr'><strong>convenit</strong></span> <span class='ocrx_word' id='word_1_184' title='bbox 702 1162 709 1173; x_wconf 90' lang='lat'><strong>,</strong></span> <span class='ocrx_word' id='word_1_185' title='bbox 723 1145 752 1168; x_wconf 83' lang='lat' dir='ltr'><strong>et</strong></span> <span class='ocrx_word' id='word_1_186' title='bbox 766 1149 875 1176; x_wconf 90' lang='lat' dir='ltr'><strong>operatn</strong></span> <span class='ocrx_word' id='word_1_187' title='bbox 898 1148 974 1168; x_wconf 82' lang='lat' dir='ltr'><strong>suam</strong></span> 
     </span>
    </p>
   </div>
   <div class='ocr_carea' id='block_1_24' title="bbox 179 1185 975 1222">
    <p class='ocr_par' dir='ltr' id='par_1_24' title="bbox 179 1185 975 1222">
     <span class='ocr_line' id='line_1_24' title="bbox 179 1185 975 1222; baseline 0 -9"><span class='ocrx_word' id='word_1_188' title='bbox 179 1187 356 1222; x_wconf 79' lang='lat' dir='ltr'><strong>exquisitiore</strong></span> <span class='ocrx_word' id='word_1_189' title='bbox 370 1186 494 1214; x_wconf 87' lang='lat' dir='ltr'><strong>mercede</strong></span> <span class='ocrx_word' id='word_1_190' title='bbox 509 1186 579 1213; x_wconf 83' lang='lat' dir='ltr'><strong>locat</strong></span> <span class='ocrx_word' id='word_1_191' title='bbox 591 1206 598 1218; x_wconf 90' lang='lat'><strong>,</strong></span> <span class='ocrx_word' id='word_1_192' title='bbox 622 1190 649 1214; x_wconf 91' lang='lat' dir='ltr'><strong>et</strong></span> <span class='ocrx_word' id='word_1_193' title='bbox 660 1186 732 1213; x_wconf 81' lang='lat' dir='ltr'><strong>aliud</strong></span> <span class='ocrx_word' id='word_1_194' title='bbox 747 1186 809 1221; x_wconf 89' lang='lat' dir='ltr'><strong>quid</strong></span> <span class='ocrx_word' id='word_1_195' title='bbox 827 1186 892 1221; x_wconf 87' lang='lat' dir='ltr'><strong>petit</strong></span> <span class='ocrx_word' id='word_1_196' title='bbox 907 1195 912 1212; x_wconf 94' lang='lat'><strong>:</strong></span> <span class='ocrx_word' id='word_1_197' title='bbox 927 1185 975 1213; x_wconf 88' lang='lat' dir='ltr'><strong>sed</strong></span> 
     </span>
    </p>
   </div>
   <div class='ocr_carea' id='block_1_25' title="bbox 181 1231 974 1268">
    <p class='ocr_par' dir='ltr' id='par_1_25' title="bbox 181 1231 974 1268">
     <span class='ocr_line' id='line_1_25' title="bbox 181 1231 974 1268; baseline -0.001 -8"><span class='ocrx_word' id='word_1_198' title='bbox 181 1241 286 1260; x_wconf 88' lang='lat' dir='ltr'><strong>tnetnor</strong></span> <span class='ocrx_word' id='word_1_199' title='bbox 308 1233 401 1260; x_wconf 89' lang='lat' dir='ltr'><strong>matris</strong></span> <span class='ocrx_word' id='word_1_200' title='bbox 419 1237 446 1260; x_wconf 91' lang='lat' dir='ltr'><strong>et</strong></span> <span class='ocrx_word' id='word_1_201' title='bbox 467 1236 659 1268; x_wconf 81' lang='lat' dir='ltr'><strong>praeceptorum</strong></span> <span class='ocrx_word' id='word_1_202' title='bbox 681 1232 779 1267; x_wconf 83' lang='lat' dir='ltr'><strong>patris,</strong></span> <span class='ocrx_word' id='word_1_203' title='bbox 795 1237 821 1259; x_wconf 91' lang='lat' dir='ltr'><strong>et</strong></span> <span class='ocrx_word' id='word_1_204' title='bbox 835 1231 974 1259; x_wconf 69' lang='lat' dir='ltr'><strong>miriﬁcam</strong></span> 
     </span>
    </p>
   </div>
   <div class='ocr_carea' id='block_1_26' title="bbox 180 1278 974 1315">
    <p class='ocr_par' dir='ltr' id='par_1_26' title="bbox 180 1278 974 1315">
     <span class='ocr_line' id='line_1_26' title="bbox 180 1278 974 1315; baseline -0.003 -8"><span class='ocrx_word' id='word_1_205' title='bbox 180 1281 374 1308; x_wconf 86' lang='lat' dir='ltr'><strong>continentiam</strong></span> <span class='ocrx_word' id='word_1_206' title='bbox 389 1288 443 1315; x_wconf 65' lang='lat' dir='ltr'><strong>prae</strong></span> <span class='ocrx_word' id='word_1_207' title='bbox 457 1287 486 1307; x_wconf 88' lang='lat' dir='ltr'><strong>se</strong></span> <span class='ocrx_word' id='word_1_208' title='bbox 507 1278 614 1312; x_wconf 81' lang='lat' dir='ltr'><strong>ferens,</strong></span> <span class='ocrx_word' id='word_1_209' title='bbox 628 1279 691 1306; x_wconf 81' lang='lat' dir='ltr'><strong>dicit</strong></span> <span class='ocrx_word' id='word_1_210' title='bbox 705 1279 811 1306; x_wconf 85' lang='lat' dir='ltr'><strong>Labano</strong></span> <span class='ocrx_word' id='word_1_211' title='bbox 828 1287 834 1306; x_wconf 94' lang='lat'>:</span> <span class='ocrx_word' id='word_1_212' title='bbox 851 1279 894 1306; x_wconf 82' lang='lat' dir='ltr'><strong>l8.</strong></span> <span class='ocrx_word' id='word_1_213' title='bbox 911 1279 974 1306; x_wconf 83' lang='lat' dir='ltr'><strong>Ser-</strong></span> 
     </span>
    </p>
   </div>
   <div class='ocr_carea' id='block_1_27' title="bbox 182 1325 975 1361">
    <p class='ocr_par' dir='ltr' id='par_1_27' title="bbox 182 1325 975 1361">
     <span class='ocr_line' id='line_1_27' title="bbox 182 1325 975 1361; baseline 0 -8"><span class='ocrx_word' id='word_1_214' title='bbox 182 1327 250 1353; x_wconf 82' lang='lat' dir='ltr'><strong>t-iam</strong></span> <span class='ocrx_word' id='word_1_215' title='bbox 273 1327 316 1354; x_wconf 84' lang='lat' dir='ltr'><strong>tibi</strong></span> <span class='ocrx_word' id='word_1_216' title='bbox 336 1332 431 1361; x_wconf 78' lang='lat' dir='ltr'><strong>septem</strong></span> <span class='ocrx_word' id='word_1_217' title='bbox 451 1327 523 1353; x_wconf 85' lang='lat' dir='ltr'><strong>annis</strong></span> <span class='ocrx_word' id='word_1_218' title='bbox 544 1335 590 1361; x_wconf 86' lang='lat' dir='ltr'><strong>pro</strong></span> <span class='ocrx_word' id='word_1_219' title='bbox 614 1325 708 1353; x_wconf 75' lang='lat' dir='ltr'><strong>Rat/te!</strong></span> <span class='ocrx_word' id='word_1_220' title='bbox 728 1327 783 1360; x_wconf 77' lang='lat' dir='ltr'><strong>ﬁlia</strong></span> <span class='ocrx_word' id='word_1_221' title='bbox 804 1331 846 1352; x_wconf 86' lang='lat' dir='ltr'><strong>tua</strong></span> <span class='ocrx_word' id='word_1_222' title='bbox 862 1326 975 1360; x_wconf 81' lang='lat' dir='ltr'><strong>juniore.</strong></span> 
     </span>
    </p>
   </div>
   <div class='ocr_carea' id='block_1_28' title="bbox 183 1373 976 1409">
    <p class='ocr_par' dir='ltr' id='par_1_28' title="bbox 183 1373 976 1409">
     <span class='ocr_line' id='line_1_28' title="bbox 183 1373 976 1409; baseline -0.001 -8"><span class='ocrx_word' id='word_1_223' title='bbox 183 1375 256 1401; x_wconf 79' lang='lat' dir='ltr'><strong>lianc</strong></span> <span class='ocrx_word' id='word_1_224' title='bbox 269 1374 338 1401; x_wconf 88' lang='lat' dir='ltr'><strong>euittt</strong></span> <span class='ocrx_word' id='word_1_225' title='bbox 359 1383 419 1401; x_wconf 84' lang='lat' dir='ltr'><strong>mox</strong></span> <span class='ocrx_word' id='word_1_226' title='bbox 435 1378 462 1401; x_wconf 90' lang='lat' dir='ltr'><strong>ut</strong></span> <span class='ocrx_word' id='word_1_227' title='bbox 475 1374 544 1409; x_wconf 86' lang='lat' dir='ltr'><strong>apud</strong></span> <span class='ocrx_word' id='word_1_228' title='bbox 562 1374 661 1401; x_wconf 84' lang='lat' dir='ltr'><strong>fontem</strong></span> <span class='ocrx_word' id='word_1_229' title='bbox 676 1373 746 1407; x_wconf 89' lang='lat' dir='ltr'><strong>vidi,</strong></span> <span class='ocrx_word' id='word_1_230' title='bbox 760 1374 856 1400; x_wconf 89' lang='lat' dir='ltr'><strong>amavi.</strong></span> <span class='ocrx_word' id='word_1_231' title='bbox 872 1373 905 1401; x_wconf 67' lang='lat' dir='ltr'><strong>lit</strong></span> <span class='ocrx_word' id='word_1_232' title='bbox 916 1373 976 1400; x_wconf 86' lang='lat' dir='ltr'><strong>vide</strong></span> 
     </span>
    </p>
   </div>
   <div class='ocr_carea' id='block_1_29' title="bbox 183 1419 975 1456">
    <p class='ocr_par' dir='ltr' id='par_1_29' title="bbox 183 1419 975 1456">
     <span class='ocr_line' id='line_1_29' title="bbox 183 1419 975 1456; baseline 0 -10"><span class='ocrx_word' id='word_1_233' title='bbox 183 1420 396 1448; x_wconf 86' lang='lat' dir='ltr'><strong>benevolentiam</strong></span> <span class='ocrx_word' id='word_1_234' title='bbox 411 1420 470 1447; x_wconf 84' lang='lat' dir='ltr'><strong>viri.</strong></span> <span class='ocrx_word' id='word_1_235' title='bbox 489 1420 597 1455; x_wconf 87' lang='lat' dir='ltr'><strong>Sibiipsi</strong></span> <span class='ocrx_word' id='word_1_236' title='bbox 614 1424 641 1447; x_wconf 73' lang='lat' dir='ltr'><strong>et</strong></span> <span class='ocrx_word' id='word_1_237' title='bbox 655 1425 757 1455; x_wconf 75' lang='lat' dir='ltr'><strong>tempus</strong></span> <span class='ocrx_word' id='word_1_238' title='bbox 769 1419 936 1456; x_wconf 74' lang='lat' dir='ltr'><strong>prrescribit,</strong></span> <span class='ocrx_word' id='word_1_239' title='bbox 949 1425 975 1446; x_wconf 93' lang='lat' dir='ltr'><strong>et</strong></span> 
     </span>
    </p>
   </div>
   <div class='ocr_carea' id='block_1_30' title="bbox 183 1465 976 1501">
    <p class='ocr_par' dir='ltr' id='par_1_30' title="bbox 183 1465 976 1501">
     <span class='ocr_line' id='line_1_30' title="bbox 183 1465 976 1501; baseline 0 -9"><span class='ocrx_word' id='word_1_240' title='bbox 183 1470 257 1493; x_wconf 80' lang='lat' dir='ltr'><strong>tanto</strong></span> <span class='ocrx_word' id='word_1_241' title='bbox 269 1470 388 1500; x_wconf 89' lang='lat' dir='ltr'><strong>tempore</strong></span> <span class='ocrx_word' id='word_1_242' title='bbox 399 1465 534 1494; x_wconf 78' lang='lat' dir='ltr'><strong>sufficiens</strong></span> <span class='ocrx_word' id='word_1_243' title='bbox 544 1471 728 1501; x_wconf 78' lang='lat' dir='ltr'><strong>argumentum</strong></span> <span class='ocrx_word' id='word_1_244' title='bbox 740 1474 794 1493; x_wconf 69' lang='lat' dir='ltr'><strong>sua:</strong></span> <span class='ocrx_word' id='word_1_245' title='bbox 802 1466 976 1493; x_wconf 73' lang='lat' dir='ltr'><strong>continentia:</strong></span> 
     </span>
    </p>
   </div>
   <div class='ocr_carea' id='block_1_31' title="bbox 180 1511 974 1546">
    <p class='ocr_par' dir='ltr' id='par_1_31' title="bbox 180 1511 974 1546">
     <span class='ocr_line' id='line_1_31' title="bbox 180 1511 974 1546; baseline 0 -9"><span class='ocrx_word' id='word_1_246' title='bbox 180 1511 295 1546; x_wconf 80' lang='lat' dir='ltr'><strong>pra-bet.</strong></span> <span class='ocrx_word' id='word_1_247' title='bbox 319 1511 353 1538; x_wconf 77' lang='lat' dir='ltr'><strong>Et</strong></span> <span class='ocrx_word' id='word_1_248' title='bbox 374 1511 437 1546; x_wconf 87' lang='lat' dir='ltr'><strong>quid</strong></span> <span class='ocrx_word' id='word_1_249' title='bbox 464 1511 623 1544; x_wconf 82' lang='lat' dir='ltr'><strong>admiraris,</strong></span> <span class='ocrx_word' id='word_1_250' title='bbox 649 1511 762 1545; x_wconf 79' lang='lat' dir='ltr'><strong>dilecte,</strong></span> <span class='ocrx_word' id='word_1_251' title='bbox 783 1511 894 1539; x_wconf 86' lang='lat' dir='ltr'><strong>audiens</strong></span> <span class='ocrx_word' id='word_1_252' title='bbox 914 1519 974 1538; x_wconf 87' lang='lat' dir='ltr'><strong>eum</strong></span> 
     </span>
    </p>
   </div>
   <div class='ocr_carea' id='block_1_32' title="bbox 181 1558 975 1593">
    <p class='ocr_par' dir='ltr' id='par_1_32' title="bbox 181 1558 975 1593">
     <span class='ocr_line' id='line_1_32' title="bbox 181 1558 975 1593; baseline 0 -9"><span class='ocrx_word' id='word_1_253' title='bbox 181 1562 285 1592; x_wconf 72' lang='lat' dir='ltr'><strong>septem</strong></span> <span class='ocrx_word' id='word_1_254' title='bbox 305 1558 383 1585; x_wconf 91' lang='lat' dir='ltr'><strong>annis</strong></span> <span class='ocrx_word' id='word_1_255' title='bbox 402 1565 432 1585; x_wconf 87' lang='lat' dir='ltr'><strong>se</strong></span> <span class='ocrx_word' id='word_1_256' title='bbox 454 1558 613 1585; x_wconf 86' lang='lat' dir='ltr'><strong>serviturum</strong></span> <span class='ocrx_word' id='word_1_257' title='bbox 636 1558 790 1593; x_wconf 58' lang='lat' dir='ltr'><strong>prandisse</strong></span> <span class='ocrx_word' id='word_1_258' title='bbox 814 1565 860 1592; x_wconf 82' lang='lat' dir='ltr'><strong>|ro</strong></span> <span class='ocrx_word' id='word_1_259' title='bbox 879 1558 975 1585; x_wconf 84' lang='lat' dir='ltr'><strong>dilecta</strong></span> 
     </span>
    </p>
   </div>
   <div class='ocr_carea' id='block_1_33' title="bbox 180 1603 976 1639">
    <p class='ocr_par' dir='ltr' id='par_1_33' title="bbox 180 1603 976 1639">
     <span class='ocr_line' id='line_1_33' title="bbox 180 1603 976 1639; baseline 0 -9"><span class='ocrx_word' id='word_1_260' title='bbox 180 1604 291 1639; x_wconf 69' lang='lat' dir='ltr'><strong>paena?</strong></span> <span class='ocrx_word' id='word_1_261' title='bbox 308 1603 340 1632; x_wconf 87' lang='lat' dir='ltr'><strong>Ut</strong></span> <span class='ocrx_word' id='word_1_262' title='bbox 354 1605 425 1631; x_wconf 88' lang='lat' dir='ltr'><strong>enim</strong></span> <span class='ocrx_word' id='word_1_263' title='bbox 443 1604 568 1632; x_wconf 83' lang='lat' dir='ltr'><strong>ostendat</strong></span> <span class='ocrx_word' id='word_1_264' title='bbox 584 1603 659 1631; x_wconf 74' lang='lat' dir='ltr'><strong>nobis</strong></span> <span class='ocrx_word' id='word_1_265' title='bbox 673 1604 826 1638; x_wconf 82' lang='lat' dir='ltr'><strong>Scriptura,</strong></span> <span class='ocrx_word' id='word_1_266' title='bbox 842 1603 976 1638; x_wconf 88' lang='lat' dir='ltr'><strong>quomodo</strong></span> 
     </span>
    </p>
   </div>
   <div class='ocr_carea' id='block_1_34' title="bbox 181 1650 976 1685">
    <p class='ocr_par' dir='ltr' id='par_1_34' title="bbox 181 1650 976 1685">
     <span class='ocr_line' id='line_1_34' title="bbox 181 1650 976 1685; baseline -0.001 -8"><span class='ocrx_word' id='word_1_267' title='bbox 181 1658 259 1677; x_wconf 76' lang='lat' dir='ltr'><strong>amor</strong></span> <span class='ocrx_word' id='word_1_268' title='bbox 281 1658 391 1685; x_wconf 85' lang='lat' dir='ltr'><strong>magnus</strong></span> <span class='ocrx_word' id='word_1_269' title='bbox 411 1655 439 1677; x_wconf 89' lang='lat' dir='ltr'><strong>et</strong></span> <span class='ocrx_word' id='word_1_270' title='bbox 461 1650 578 1678; x_wconf 89' lang='lat' dir='ltr'><strong>laborctn</strong></span> <span class='ocrx_word' id='word_1_271' title='bbox 601 1655 628 1678; x_wconf 88' lang='lat' dir='ltr'><strong>et</strong></span> <span class='ocrx_word' id='word_1_272' title='bbox 644 1650 770 1684; x_wconf 87' lang='lat' dir='ltr'><strong>temporis</strong></span> <span class='ocrx_word' id='word_1_273' title='bbox 785 1650 976 1685; x_wconf 78' lang='lat' dir='ltr'><strong>longitudinem</strong></span> 
     </span>
    </p>
   </div>
   <div class='ocr_carea' id='block_1_35' title="bbox 181 1695 976 1729">
    <p class='ocr_par' dir='ltr' id='par_1_35' title="bbox 181 1695 976 1729">
     <span class='ocr_line' id='line_1_35' title="bbox 181 1695 976 1729; baseline -0.003 -5"><span class='ocrx_word' id='word_1_274' title='bbox 181 1696 295 1724; x_wconf 77' lang='lat' dir='ltr'><strong>succidit</strong></span> <span class='ocrx_word' id='word_1_275' title='bbox 306 1717 314 1729; x_wconf 85' lang='lat'><strong>,</strong></span> <span class='ocrx_word' id='word_1_276' title='bbox 334 1701 363 1724; x_wconf 87' lang='lat' dir='ltr'><strong>et</strong></span> <span class='ocrx_word' id='word_1_277' title='bbox 377 1701 405 1724; x_wconf 90' lang='grc' dir='ltr'><strong>ιιι</strong></span> <span class='ocrx_word' id='word_1_278' title='bbox 425 1697 507 1724; x_wconf 87' lang='lat' dir='ltr'><strong>breve</strong></span> <span class='ocrx_word' id='word_1_279' title='bbox 519 1696 655 1724; x_wconf 79' lang='lat' dir='ltr'><strong>videretur</strong></span> <span class='ocrx_word' id='word_1_280' title='bbox 668 1696 766 1729; x_wconf 77' lang='lat' dir='ltr'><strong>effecit,</strong></span> <span class='ocrx_word' id='word_1_281' title='bbox 782 1696 846 1724; x_wconf 88' lang='lat' dir='ltr'><strong>dicit</strong></span> <span class='ocrx_word' id='word_1_282' title='bbox 861 1705 867 1723; x_wconf 92' lang='lat'>:</span> <span class='ocrx_word' id='word_1_283' title='bbox 880 1695 925 1723; x_wconf 74' lang='grc' dir='ltr'><strong>ΞΟ.</strong></span> <span class='ocrx_word' id='word_1_284' title='bbox 945 1695 976 1723; x_wconf 77' lang='lat' dir='ltr'><strong>Et</strong></span> 
     </span>
    </p>
   </div>
   <div class='ocr_carea' id='block_1_36' title="bbox 181 1743 977 1778">
    <p class='ocr_par' dir='ltr' id='par_1_36' title="bbox 181 1743 977 1778">
     <span class='ocr_line' id='line_1_36' title="bbox 181 1743 977 1778; baseline -0.001 -8"><span class='ocrx_word' id='word_1_285' title='bbox 181 1743 283 1770; x_wconf 72' lang='lat' dir='ltr'><strong>servivit</strong></span> <span class='ocrx_word' id='word_1_286' title='bbox 296 1743 377 1770; x_wconf 75' lang='lat' dir='ltr'><strong>Iacob</strong></span> <span class='ocrx_word' id='word_1_287' title='bbox 390 1752 436 1778; x_wconf 83' lang='lat' dir='ltr'><strong>pro</strong></span> <span class='ocrx_word' id='word_1_288' title='bbox 449 1743 546 1770; x_wconf 77' lang='lat' dir='ltr'><strong>Rachel</strong></span> <span class='ocrx_word' id='word_1_289' title='bbox 560 1743 633 1770; x_wconf 72' lang='lat' dir='ltr'><strong>armis</strong></span> <span class='ocrx_word' id='word_1_290' title='bbox 645 1747 739 1778; x_wconf 80' lang='lat' dir='ltr'><strong>septem</strong></span> <span class='ocrx_word' id='word_1_291' title='bbox 748 1763 755 1776; x_wconf 95' lang='lat'><strong>,</strong></span> <span class='ocrx_word' id='word_1_292' title='bbox 771 1747 795 1769; x_wconf 90' lang='lat' dir='ltr'><strong>et</strong></span> <span class='ocrx_word' id='word_1_293' title='bbox 807 1747 879 1769; x_wconf 80' lang='lat' dir='ltr'><strong>erant</strong></span> <span class='ocrx_word' id='word_1_294' title='bbox 892 1751 977 1769; x_wconf 82' lang='lat' dir='ltr'><strong>cor/1m</strong></span> 
     </span>
    </p>
   </div>
   <div class='ocr_carea' id='block_1_37' title="bbox 180 1789 976 1826">
    <p class='ocr_par' dir='ltr' id='par_1_37' title="bbox 180 1789 976 1826">
     <span class='ocr_line' id='line_1_37' title="bbox 180 1789 976 1826; baseline -0.001 -9"><span class='ocrx_word' id='word_1_295' title='bbox 180 1798 212 1817; x_wconf 78' lang='lat' dir='ltr'><strong>eo</strong></span> <span class='ocrx_word' id='word_1_296' title='bbox 224 1790 298 1826; x_wconf 80' lang='lat' dir='ltr'><strong>quasi</strong></span> <span class='ocrx_word' id='word_1_297' title='bbox 310 1789 364 1817; x_wconf 81' lang='lat' dir='ltr'><strong>dies</strong></span> <span class='ocrx_word' id='word_1_298' title='bbox 377 1790 470 1825; x_wconf 84' lang='lat' dir='ltr'><strong>pauci,</strong></span> <span class='ocrx_word' id='word_1_299' title='bbox 492 1798 521 1816; x_wconf 81' lang='lat' dir='ltr'><strong>eo</strong></span> <span class='ocrx_word' id='word_1_300' title='bbox 533 1791 602 1825; x_wconf 80' lang='lat' dir='ltr'><strong>quod</strong></span> <span class='ocrx_word' id='word_1_301' title='bbox 617 1790 671 1825; x_wconf 82' lang='lat' dir='ltr'><strong>ipse</strong></span> <span class='ocrx_word' id='word_1_302' title='bbox 690 1789 761 1816; x_wconf 86' lang='lat' dir='ltr'><strong>illam</strong></span> <span class='ocrx_word' id='word_1_303' title='bbox 782 1789 904 1824; x_wconf 81' lang='lat' dir='ltr'><strong>diligeret.</strong></span> <span class='ocrx_word' id='word_1_304' title='bbox 927 1789 976 1817; x_wconf 83' lang='lat' dir='ltr'><strong>Se-</strong></span> 
     </span>
    </p>
   </div>
   <div class='ocr_carea' id='block_1_38' title="bbox 183 1835 976 1871">
    <p class='ocr_par' dir='ltr' id='par_1_38' title="bbox 183 1835 976 1871">
     <span class='ocr_line' id='line_1_38' title="bbox 183 1835 976 1871; baseline -0.001 -8"><span class='ocrx_word' id='word_1_305' title='bbox 183 1840 268 1871; x_wconf 83' lang='lat' dir='ltr'><strong>ptem,</strong></span> <span class='ocrx_word' id='word_1_306' title='bbox 281 1836 378 1871; x_wconf 86' lang='lat' dir='ltr'><strong>inquit,</strong></span> <span class='ocrx_word' id='word_1_307' title='bbox 390 1835 462 1868; x_wconf 85' lang='lat' dir='ltr'><strong>anni,</strong></span> <span class='ocrx_word' id='word_1_308' title='bbox 476 1835 551 1870; x_wconf 86' lang='lat' dir='ltr'><strong>pauci</strong></span> <span class='ocrx_word' id='word_1_309' title='bbox 564 1835 620 1862; x_wconf 91' lang='lat' dir='ltr'><strong>dies</strong></span> <span class='ocrx_word' id='word_1_310' title='bbox 632 1835 790 1862; x_wconf 84' lang='lat' dir='ltr'><strong>videbantur</strong></span> <span class='ocrx_word' id='word_1_311' title='bbox 799 1835 833 1862; x_wconf 89' lang='lat' dir='ltr'><strong>ob</strong></span> <span class='ocrx_word' id='word_1_312' title='bbox 844 1835 976 1870; x_wconf 79' lang='lat' dir='ltr'><strong>ingentem</strong></span> 
     </span>
    </p>
   </div>
   <div class='ocr_carea' id='block_1_39' title="bbox 181 1881 979 1918">
    <p class='ocr_par' dir='ltr' id='par_1_39' title="bbox 181 1881 979 1918">
     <span class='ocr_line' id='line_1_39' title="bbox 181 1881 979 1918; baseline -0.004 -8"><span class='ocrx_word' id='word_1_313' title='bbox 181 1891 246 1918; x_wconf 82' lang='lat' dir='ltr'><strong>erga</strong></span> <span class='ocrx_word' id='word_1_314' title='bbox 261 1882 374 1918; x_wconf 85' lang='lat' dir='ltr'><strong>puellam</strong></span> <span class='ocrx_word' id='word_1_315' title='bbox 397 1890 526 1910; x_wconf 85' lang='lat' dir='ltr'><strong>amorem.</strong></span> <span class='ocrx_word' id='word_1_316' title='bbox 546 1881 657 1916; x_wconf 82' lang='lat' dir='ltr'><strong>Quando</strong></span> <span class='ocrx_word' id='word_1_317' title='bbox 679 1881 749 1908; x_wconf 89' lang='lat' dir='ltr'><strong>enim</strong></span> <span class='ocrx_word' id='word_1_318' title='bbox 765 1881 824 1916; x_wconf 86' lang='lat' dir='ltr'><strong>quis</strong></span> <span class='ocrx_word' id='word_1_319' title='bbox 845 1882 979 1908; x_wconf 78' lang='lat' dir='ltr'><strong>sauciatur</strong></span> 
     </span>
    </p>
   </div>
   <div class='ocr_carea' id='block_1_40' title="bbox 180 1927 977 1962">
    <p class='ocr_par' dir='ltr' id='par_1_40' title="bbox 180 1927 977 1962">
     <span class='ocr_line' id='line_1_40' title="bbox 180 1927 977 1962; baseline -0.003 -6"><span class='ocrx_word' id='word_1_320' title='bbox 180 1929 303 1956; x_wconf 85' lang='lat' dir='ltr'><strong>caritatis</strong></span> <span class='ocrx_word' id='word_1_321' title='bbox 315 1928 459 1961; x_wconf 90' lang='lat' dir='ltr'><strong>desiderio,</strong></span> <span class='ocrx_word' id='word_1_322' title='bbox 473 1928 539 1955; x_wconf 90' lang='lat' dir='ltr'><strong>nihil</strong></span> <span class='ocrx_word' id='word_1_323' title='bbox 552 1928 661 1955; x_wconf 85' lang='lat' dir='ltr'><strong>difficile</strong></span> <span class='ocrx_word' id='word_1_324' title='bbox 674 1931 777 1962; x_wconf 83' lang='lat' dir='ltr'><strong>spectat</strong></span> <span class='ocrx_word' id='word_1_325' title='bbox 790 1937 796 1954; x_wconf 93' lang='lat'>:</span> <span class='ocrx_word' id='word_1_326' title='bbox 811 1928 857 1955; x_wconf 90' lang='lat' dir='ltr'><strong>sed</strong></span> <span class='ocrx_word' id='word_1_327' title='bbox 872 1927 897 1955; x_wconf 90' lang='lat' dir='ltr'><strong>id</strong></span> <span class='ocrx_word' id='word_1_328' title='bbox 909 1927 977 1962; x_wconf 83' lang='lat' dir='ltr'><strong>quod</strong></span> 
     </span>
    </p>
   </div>
   <div class='ocr_carea' id='block_1_41' title="bbox 181 1974 976 2010">
    <p class='ocr_par' dir='ltr' id='par_1_41' title="bbox 181 1974 976 2010">
     <span class='ocr_line' id='line_1_41' title="bbox 181 1974 976 2010; baseline -0.001 -9"><span class='ocrx_word' id='word_1_329' title='bbox 181 1975 265 2002; x_wconf 80' lang='lat' dir='ltr'><strong>fuerit</strong></span> <span class='ocrx_word' id='word_1_330' title='bbox 276 1974 383 2010; x_wconf 86' lang='lat' dir='ltr'><strong>plenum</strong></span> <span class='ocrx_word' id='word_1_331' title='bbox 399 1974 524 2009; x_wconf 88' lang='lat' dir='ltr'><strong>periculis</strong></span> <span class='ocrx_word' id='word_1_332' title='bbox 538 1979 565 2002; x_wconf 91' lang='lat' dir='ltr'><strong>ct</strong></span> <span class='ocrx_word' id='word_1_333' title='bbox 580 1974 662 2001; x_wconf 86' lang='lat' dir='ltr'><strong>multa</strong></span> <span class='ocrx_word' id='word_1_334' title='bbox 677 1974 794 2005; x_wconf 87' lang='lat' dir='ltr'><strong>miseria,</strong></span> <span class='ocrx_word' id='word_1_335' title='bbox 808 1974 902 2001; x_wconf 80' lang='lat' dir='ltr'><strong>leviter</strong></span> <span class='ocrx_word' id='word_1_336' title='bbox 918 1974 976 2007; x_wconf 86' lang='lat' dir='ltr'><strong>fert,</strong></span> 
     </span>
    </p>
   </div>
   <div class='ocr_carea' id='block_1_42' title="bbox 181 2020 979 2055">
    <p class='ocr_par' dir='ltr' id='par_1_42' title="bbox 181 2020 979 2055">
     <span class='ocr_line' id='line_1_42' title="bbox 181 2020 979 2055; baseline 0 -8"><span class='ocrx_word' id='word_1_337' title='bbox 181 2020 218 2047; x_wconf 78' lang='lat' dir='ltr'><strong>ad</strong></span> <span class='ocrx_word' id='word_1_338' title='bbox 231 2020 281 2047; x_wconf 85' lang='lat' dir='ltr'><strong>hoc</strong></span> <span class='ocrx_word' id='word_1_339' title='bbox 293 2028 375 2047; x_wconf 82' lang='lat' dir='ltr'><strong>unum</strong></span> <span class='ocrx_word' id='word_1_340' title='bbox 391 2020 549 2055; x_wconf 64' lang='lat' dir='ltr'><strong>respiciens,</strong></span> <span class='ocrx_word' id='word_1_341' title='bbox 572 2021 705 2055; x_wconf 86' lang='lat' dir='ltr'><strong>quomodo</strong></span> <span class='ocrx_word' id='word_1_342' title='bbox 723 2027 771 2047; x_wconf 90' lang='lat' dir='ltr'><strong>suo</strong></span> <span class='ocrx_word' id='word_1_343' title='bbox 787 2020 902 2054; x_wconf 85' lang='lat' dir='ltr'><strong>potiatur</strong></span> <span class='ocrx_word' id='word_1_344' title='bbox 917 2025 979 2047; x_wconf 81' lang='lat' dir='ltr'><strong>voto</strong></span> 
     </span>
    </p>
   </div>
   <div class='ocr_carea' id='block_1_43' title="bbox 181 2066 370 2094">
    <p class='ocr_par' dir='ltr' id='par_1_43' title="bbox 181 2066 370 2094">
     <span class='ocr_line' id='line_1_43' title="bbox 181 2066 370 2094; baseline 0 0"><span class='ocrx_word' id='word_1_345' title='bbox 181 2071 212 2094; x_wconf 84' lang='lat' dir='ltr'><strong>ct</strong></span> <span class='ocrx_word' id='word_1_346' title='bbox 226 2066 370 2094; x_wconf 85' lang='lat' dir='ltr'><strong>desiderio.</strong></span> 
     </span>
    </p>
   </div>
   <div class='ocr_carea' id='block_1_44' title="bbox 222 2111 979 2148">
    <p class='ocr_par' dir='ltr' id='par_1_44' title="bbox 222 2111 979 2148">
     <span class='ocr_line' id='line_1_44' title="bbox 222 2111 979 2148; baseline 0.001 -9"><span class='ocrx_word' id='word_1_347' title='bbox 222 2111 330 2139; x_wconf 76' lang='lat' dir='ltr'><strong>litoralis</strong></span> <span class='ocrx_word' id='word_1_348' title='bbox 341 2112 464 2148; x_wconf 78' lang='lat' dir='ltr'><strong>epilogus.</strong></span> <span class='ocrx_word' id='word_1_349' title='bbox 486 2112 564 2139; x_wconf 84' lang='lat' dir='ltr'><strong>Amor</strong></span> <span class='ocrx_word' id='word_1_350' title='bbox 577 2111 667 2139; x_wconf 82' lang='lat' dir='ltr'><strong>Jacobi</strong></span> <span class='ocrx_word' id='word_1_351' title='bbox 689 2120 749 2147; x_wconf 86' lang='lat' dir='ltr'><strong>erga</strong></span> <span class='ocrx_word' id='word_1_352' title='bbox 769 2111 865 2139; x_wconf 81' lang='lat' dir='ltr'><strong>Rachel</strong></span> <span class='ocrx_word' id='word_1_353' title='bbox 878 2112 979 2146; x_wconf 76' lang='lat' dir='ltr'><strong>indi/fe-</strong></span> 
     </span>
    </p>
   </div>
   <div class='ocr_carea' id='block_1_45' title="bbox 182 2157 978 2193">
    <p class='ocr_par' dir='ltr' id='par_1_45' title="bbox 182 2157 978 2193">
     <span class='ocr_line' id='line_1_45' title="bbox 182 2157 978 2193; baseline -0.001 -8"><span class='ocrx_word' id='word_1_354' title='bbox 182 2158 291 2185; x_wconf 70' lang='lat' dir='ltr'><strong>rentium</strong></span> <span class='ocrx_word' id='word_1_355' title='bbox 301 2163 413 2185; x_wconf 78' lang='lat' dir='ltr'><strong>nostram</strong></span> <span class='ocrx_word' id='word_1_356' title='bbox 427 2166 487 2193; x_wconf 79' lang='lat' dir='ltr'><strong>erga</strong></span> <span class='ocrx_word' id='word_1_357' title='bbox 501 2158 582 2184; x_wconf 75' lang='lat' dir='ltr'><strong>Deum</strong></span> <span class='ocrx_word' id='word_1_358' title='bbox 594 2158 734 2193; x_wconf 79' lang='lat' dir='ltr'><strong>redarguit.</strong></span> <span class='ocrx_word' id='word_1_359' title='bbox 758 2157 890 2191; x_wconf 84' lang='lat' dir='ltr'><strong>Quomodo</strong></span> <span class='ocrx_word' id='word_1_360' title='bbox 905 2158 978 2185; x_wconf 88' lang='lat' dir='ltr'><strong>Pau-</strong></span> 
     </span>
    </p>
   </div>
   <div class='ocr_carea' id='block_1_46' title="bbox 180 2204 978 2240">
    <p class='ocr_par' dir='ltr' id='par_1_46' title="bbox 180 2204 978 2240">
     <span class='ocr_line' id='line_1_46' title="bbox 180 2204 978 2240; baseline 0 -9"><span class='ocrx_word' id='word_1_361' title='bbox 180 2204 227 2231; x_wconf 70' lang='lat' dir='ltr'><strong>lus</strong></span> <span class='ocrx_word' id='word_1_362' title='bbox 236 2205 351 2231; x_wconf 73' lang='lat' dir='ltr'><strong>dilexerit</strong></span> <span class='ocrx_word' id='word_1_363' title='bbox 362 2204 442 2232; x_wconf 84' lang='lat' dir='ltr'><strong>Deum</strong></span> <span class='ocrx_word' id='word_1_364' title='bbox 454 2213 463 2236; x_wconf 89' lang='lat'><strong><em>;</em></strong></span> <span class='ocrx_word' id='word_1_365' title='bbox 473 2205 556 2240; x_wconf 81' lang='lat' dir='ltr'><strong>ipsum</strong></span> <span class='ocrx_word' id='word_1_366' title='bbox 567 2205 662 2230; x_wconf 77' lang='lat' dir='ltr'><strong>imimri</strong></span> <span class='ocrx_word' id='word_1_367' title='bbox 675 2213 734 2231; x_wconf 80' lang='lat' dir='ltr'><strong>suos</strong></span> <span class='ocrx_word' id='word_1_368' title='bbox 747 2205 874 2232; x_wconf 77' lang='lat' dir='ltr'><strong>auditores</strong></span> <span class='ocrx_word' id='word_1_369' title='bbox 890 2205 978 2232; x_wconf 84' lang='lat' dir='ltr'><strong>[torta-</strong></span> 
     </span>
    </p>
   </div>
   <div class='ocr_carea' id='block_1_47' title="bbox 183 2250 979 2286">
    <p class='ocr_par' dir='ltr' id='par_1_47' title="bbox 183 2250 979 2286">
     <span class='ocr_line' id='line_1_47' title="bbox 183 2250 979 2286; baseline 0.001 -9"><span class='ocrx_word' id='word_1_370' title='bbox 183 2255 236 2277; x_wconf 86' lang='lat' dir='ltr'><strong>tur.</strong></span> <span class='ocrx_word' id='word_1_371' title='bbox 252 2265 288 2270; x_wconf 90' lang='lat'><strong>——</strong></span> <span class='ocrx_word' id='word_1_372' title='bbox 300 2250 447 2277; x_wconf 78' lang='lat' dir='ltr'><strong>Audiamus</strong></span> <span class='ocrx_word' id='word_1_373' title='bbox 459 2258 508 2277; x_wconf 84' lang='lat' dir='ltr'><strong>nos</strong></span> <span class='ocrx_word' id='word_1_374' title='bbox 521 2250 606 2285; x_wconf 79' lang='lat' dir='ltr'><strong>ignavi</strong></span> <span class='ocrx_word' id='word_1_375' title='bbox 622 2255 651 2277; x_wconf 80' lang='lat' dir='ltr'><strong>et</strong></span> <span class='ocrx_word' id='word_1_376' title='bbox 662 2250 760 2284; x_wconf 89' lang='lat' dir='ltr'><strong>supini,</strong></span> <span class='ocrx_word' id='word_1_377' title='bbox 775 2251 905 2285; x_wconf 83' lang='lat' dir='ltr'><strong>ingratum</strong></span> <span class='ocrx_word' id='word_1_378' title='bbox 915 2259 979 2286; x_wconf 79' lang='lat' dir='ltr'><strong>erga</strong></span> 
     </span>
    </p>
   </div>
   <div class='ocr_carea' id='block_1_48' title="bbox 182 2297 981 2333">
    <p class='ocr_par' dir='ltr' id='par_1_48' title="bbox 182 2297 981 2333">
     <span class='ocr_line' id='line_1_48' title="bbox 182 2297 981 2333; baseline 0.001 -8"><span class='ocrx_word' id='word_1_379' title='bbox 182 2298 270 2326; x_wconf 73' lang='lat' dir='ltr'><strong>Deum</strong></span> <span class='ocrx_word' id='word_1_380' title='bbox 283 2298 400 2324; x_wconf 85' lang='lat' dir='ltr'><strong>animum</strong></span> <span class='ocrx_word' id='word_1_381' title='bbox 412 2297 578 2324; x_wconf 77' lang='lat' dir='ltr'><strong>exhibentes.</strong></span> <span class='ocrx_word' id='word_1_382' title='bbox 594 2297 660 2325; x_wconf 82' lang='lat' dir='ltr'><strong>Nam</strong></span> <span class='ocrx_word' id='word_1_383' title='bbox 673 2297 695 2323; x_wconf 89' lang='lat' dir='ltr'><strong>si</strong></span> <span class='ocrx_word' id='word_1_384' title='bbox 709 2298 798 2333; x_wconf 83' lang='lat' dir='ltr'><strong>justus</strong></span> <span class='ocrx_word' id='word_1_385' title='bbox 813 2298 858 2325; x_wconf 86' lang='lat' dir='ltr'><strong>ille</strong></span> <span class='ocrx_word' id='word_1_386' title='bbox 873 2304 981 2332; x_wconf 59' lang='lat' dir='ltr'><strong>propter</strong></span> 
     </span>
    </p>
   </div>
   <div class='ocr_carea' id='block_1_49' title="bbox 184 2343 980 2381">
    <p class='ocr_par' dir='ltr' id='par_1_49' title="bbox 184 2343 980 2381">
     <span class='ocr_line' id='line_1_49' title="bbox 184 2343 980 2381; baseline 0.003 -11"><span class='ocrx_word' id='word_1_387' title='bbox 184 2343 282 2378; x_wconf 78' lang='lat' dir='ltr'><strong>pttellm</strong></span> <span class='ocrx_word' id='word_1_388' title='bbox 292 2351 415 2372; x_wconf 78' lang='lat' dir='ltr'><strong>amorem</strong></span> <span class='ocrx_word' id='word_1_389' title='bbox 428 2345 594 2379; x_wconf 88' lang='lat' dir='ltr'><strong>septennium</strong></span> <span class='ocrx_word' id='word_1_390' title='bbox 609 2346 710 2373; x_wconf 82' lang='lat' dir='ltr'><strong>servire</strong></span> <span class='ocrx_word' id='word_1_391' title='bbox 726 2345 848 2381; x_wconf 82' lang='lat' dir='ltr'><strong>ferreque</strong></span> <span class='ocrx_word' id='word_1_392' title='bbox 860 2350 980 2380; x_wconf 81' lang='lat' dir='ltr'><strong>pastora-</strong></span> 
     </span>
    </p>
   </div>
   <div class='ocr_carea' id='block_1_50' title="bbox 182 2389 980 2423">
    <p class='ocr_par' dir='ltr' id='par_1_50' title="bbox 182 2389 980 2423">
     <span class='ocr_line' id='line_1_50' title="bbox 182 2389 980 2423; baseline 0.004 -8"><span class='ocrx_word' id='word_1_393' title='bbox 182 2390 249 2416; x_wconf 91' lang='lat' dir='ltr'><strong>lium</strong></span> <span class='ocrx_word' id='word_1_394' title='bbox 262 2389 383 2416; x_wconf 84' lang='lat' dir='ltr'><strong>labortuu</strong></span> <span class='ocrx_word' id='word_1_395' title='bbox 397 2397 532 2417; x_wconf 76' lang='lat' dir='ltr'><strong>an-umnas</strong></span> <span class='ocrx_word' id='word_1_396' title='bbox 545 2390 672 2423; x_wconf 89' lang='lat' dir='ltr'><strong>decrevit,</strong></span> <span class='ocrx_word' id='word_1_397' title='bbox 686 2395 712 2417; x_wconf 91' lang='lat' dir='ltr'><strong>et</strong></span> <span class='ocrx_word' id='word_1_398' title='bbox 723 2399 775 2417; x_wconf 91' lang='lat' dir='ltr'><strong>non</strong></span> <span class='ocrx_word' id='word_1_399' title='bbox 791 2391 874 2418; x_wconf 86' lang='lat' dir='ltr'><strong>sensit</strong></span> <span class='ocrx_word' id='word_1_400' title='bbox 884 2391 926 2419; x_wconf 88' lang='lat' dir='ltr'><strong>vel</strong></span> <span class='ocrx_word' id='word_1_401' title='bbox 942 2391 980 2418; x_wconf 87' lang='lat' dir='ltr'><strong>la-</strong></span> 
     </span>
    </p>
   </div>
   <div class='ocr_carea' id='block_1_51' title="bbox 181 2436 981 2472">
    <p class='ocr_par' dir='ltr' id='par_1_51' title="bbox 181 2436 981 2472">
     <span class='ocr_line' id='line_1_51' title="bbox 181 2436 981 2472; baseline 0.004 -10"><span class='ocrx_word' id='word_1_402' title='bbox 181 2436 274 2467; x_wconf 83' lang='lat' dir='ltr'><strong>bores,</strong></span> <span class='ocrx_word' id='word_1_403' title='bbox 289 2436 330 2464; x_wconf 89' lang='lat' dir='ltr'><strong>vel</strong></span> <span class='ocrx_word' id='word_1_404' title='bbox 340 2437 468 2471; x_wconf 81' lang='lat' dir='ltr'><strong>temporis</strong></span> <span class='ocrx_word' id='word_1_405' title='bbox 489 2437 689 2472; x_wconf 83' lang='lat' dir='ltr'><strong>longitudinem,</strong></span> <span class='ocrx_word' id='word_1_406' title='bbox 705 2437 751 2465; x_wconf 83' lang='lat' dir='ltr'><strong>sed</strong></span> <span class='ocrx_word' id='word_1_407' title='bbox 766 2437 854 2464; x_wconf 86' lang='lat' dir='ltr'><strong>omnia</strong></span> <span class='ocrx_word' id='word_1_408' title='bbox 869 2439 891 2465; x_wconf 84' lang='lat' dir='ltr'><strong>ei</strong></span> <span class='ocrx_word' id='word_1_409' title='bbox 912 2437 981 2465; x_wconf 83' lang='lat' dir='ltr'><strong>levia</strong></span> 
     </span>
    </p>
   </div>
   <div class='ocr_carea' id='block_1_52' title="bbox 183 2481 980 2518">
    <p class='ocr_par' dir='ltr' id='par_1_52' title="bbox 183 2481 980 2518">
     <span class='ocr_line' id='line_1_52' title="bbox 183 2481 980 2518; baseline 0.004 -11"><span class='ocrx_word' id='word_1_410' title='bbox 183 2486 213 2507; x_wconf 85' lang='lat' dir='ltr'><strong>et</strong></span> <span class='ocrx_word' id='word_1_411' title='bbox 225 2481 311 2509; x_wconf 78' lang='lat' dir='ltr'><strong>facilia</strong></span> <span class='ocrx_word' id='word_1_412' title='bbox 324 2482 494 2514; x_wconf 77' lang='lat' dir='ltr'><strong>videbantur,</strong></span> <span class='ocrx_word' id='word_1_413' title='bbox 514 2484 764 2518; x_wconf 79' lang='lat' dir='ltr'><strong>exspectationeque</strong></span> <span class='ocrx_word' id='word_1_414' title='bbox 778 2487 804 2510; x_wconf 87' lang='lat' dir='ltr'><strong>et</strong></span> <span class='ocrx_word' id='word_1_415' title='bbox 817 2491 864 2518; x_wconf 89' lang='lat' dir='ltr'><strong>spe</strong></span> <span class='ocrx_word' id='word_1_416' title='bbox 877 2483 980 2511; x_wconf 90' lang='lat' dir='ltr'><strong>fruendi</strong></span> 
     </span>
    </p>
   </div>
   <div class='ocr_carea' id='block_1_53' title="bbox 183 2526 979 2564">
    <p class='ocr_par' dir='ltr' id='par_1_53' title="bbox 183 2526 979 2564">
     <span class='ocr_line' id='line_1_53' title="bbox 183 2526 979 2564; baseline 0.004 -11"><span class='ocrx_word' id='word_1_417' title='bbox 183 2526 277 2560; x_wconf 83' lang='lat' dir='ltr'><strong>fultus,</strong></span> <span class='ocrx_word' id='word_1_418' title='bbox 293 2527 328 2554; x_wconf 89' lang='lat' dir='ltr'><strong>ita</strong></span> <span class='ocrx_word' id='word_1_419' title='bbox 344 2532 372 2555; x_wconf 91' lang='lat' dir='ltr'><strong>ttt</strong></span> <span class='ocrx_word' id='word_1_420' title='bbox 383 2529 441 2556; x_wconf 85' lang='lat' dir='ltr'><strong>dies</strong></span> <span class='ocrx_word' id='word_1_421' title='bbox 464 2536 561 2563; x_wconf 71' lang='lat' dir='ltr'><strong>paucos-</strong></span> <span class='ocrx_word' id='word_1_422' title='bbox 582 2529 688 2564; x_wconf 75' lang='lat' dir='ltr'><strong>longum</strong></span> <span class='ocrx_word' id='word_1_423' title='bbox 702 2529 766 2557; x_wconf 92' lang='lat' dir='ltr'><strong>illud</strong></span> <span class='ocrx_word' id='word_1_424' title='bbox 782 2535 886 2564; x_wconf 85' lang='lat' dir='ltr'><strong>tempus</strong></span> <span class='ocrx_word' id='word_1_425' title='bbox 902 2535 979 2564; x_wconf 86' lang='lat' dir='ltr'><strong>puta-</strong></span> 
     </span>
    </p>
   </div>
   <div class='ocr_carea' id='block_1_54' title="bbox 183 2574 979 2610">
    <p class='ocr_par' dir='ltr' id='par_1_54' title="bbox 183 2574 979 2610">
     <span class='ocr_line' id='line_1_54' title="bbox 183 2574 979 2610; baseline 0.003 -8"><span class='ocrx_word' id='word_1_426' title='bbox 183 2579 226 2602; x_wconf 86' lang='lat' dir='ltr'><strong>ret</strong></span> <span class='ocrx_word' id='word_1_427' title='bbox 241 2583 250 2602; x_wconf 88' lang='lat'><strong>:</strong></span> <span class='ocrx_word' id='word_1_428' title='bbox 272 2574 380 2609; x_wconf 84' lang='lat' dir='ltr'><strong>qualem</strong></span> <span class='ocrx_word' id='word_1_429' title='bbox 395 2583 444 2602; x_wconf 82' lang='lat' dir='ltr'><strong>nos</strong></span> <span class='ocrx_word' id='word_1_430' title='bbox 459 2575 615 2603; x_wconf 87' lang='lat' dir='ltr'><strong>habebimus</strong></span> <span class='ocrx_word' id='word_1_431' title='bbox 635 2577 844 2608; x_wconf 81' lang='lat' dir='ltr'><strong>excusationem,</strong></span> <span class='ocrx_word' id='word_1_432' title='bbox 867 2577 911 2610; x_wconf 89' lang='lat' dir='ltr'><strong>qni</strong></span> <span class='ocrx_word' id='word_1_433' title='bbox 927 2585 979 2604; x_wconf 87' lang='lat' dir='ltr'><strong>non</strong></span> 
     </span>
    </p>
   </div>
   <div class='ocr_carea' id='block_1_55' title="bbox 184 2620 980 2655">
    <p class='ocr_par' dir='ltr' id='par_1_55' title="bbox 184 2620 980 2655">
     <span class='ocr_line' id='line_1_55' title="bbox 184 2620 980 2655; baseline 0.003 -8"><span class='ocrx_word' id='word_1_434' title='bbox 184 2621 242 2655; x_wconf 87' lang='lat' dir='ltr'><strong>pari</strong></span> <span class='ocrx_word' id='word_1_435' title='bbox 256 2620 346 2647; x_wconf 77' lang='lat' dir='ltr'><strong>studio</strong></span> <span class='ocrx_word' id='word_1_436' title='bbox 357 2628 419 2654; x_wconf 78' lang='lat' dir='ltr'><strong>erga</strong></span> <span class='ocrx_word' id='word_1_437' title='bbox 432 2621 572 2648; x_wconf 79' lang='lat' dir='ltr'><strong>Dominum</strong></span> <span class='ocrx_word' id='word_1_438' title='bbox 598 2627 718 2649; x_wconf 83' lang='lat' dir='ltr'><strong>nostrum</strong></span> <span class='ocrx_word' id='word_1_439' title='bbox 732 2627 758 2649; x_wconf 86' lang='lat' dir='ltr'><strong>et</strong></span> <span class='ocrx_word' id='word_1_440' title='bbox 783 2622 980 2650; x_wconf 82' lang='lat' dir='ltr'><strong>benefactorem</strong></span> 
     </span>
    </p>
   </div>
   <div class='ocr_carea' id='block_1_56' title="bbox 184 2667 981 2705">
    <p class='ocr_par' dir='ltr' id='par_1_56' title="bbox 184 2667 981 2705">
     <span class='ocr_line' id='line_1_56' title="bbox 184 2667 981 2705; baseline 0.004 -12"><span class='ocrx_word' id='word_1_441' title='bbox 184 2672 212 2694; x_wconf 86' lang='lat' dir='ltr'><strong>et</strong></span> <span class='ocrx_word' id='word_1_442' title='bbox 224 2671 387 2698; x_wconf 83' lang='lat' dir='ltr'><strong>curatorem.</strong></span> <span class='ocrx_word' id='word_1_443' title='bbox 404 2671 430 2693; x_wconf 85' lang='lat' dir='ltr'><strong>et</strong></span> <span class='ocrx_word' id='word_1_444' title='bbox 445 2667 488 2702; x_wconf 88' lang='lat' dir='ltr'><strong>qni</strong></span> <span class='ocrx_word' id='word_1_445' title='bbox 502 2668 578 2694; x_wconf 86' lang='lat' dir='ltr'><strong>nobis</strong></span> <span class='ocrx_word' id='word_1_446' title='bbox 599 2667 634 2694; x_wconf 77' lang='lat' dir='ltr'><strong>sit</strong></span> <span class='ocrx_word' id='word_1_447' title='bbox 649 2669 749 2700; x_wconf 88' lang='lat' dir='ltr'><strong>omnia,</strong></span> <span class='ocrx_word' id='word_1_448' title='bbox 763 2668 894 2696; x_wconf 88' lang='lat' dir='ltr'><strong>afticinutr</strong></span> <span class='ocrx_word' id='word_1_449' title='bbox 904 2669 981 2705; x_wconf 51' lang='lat' dir='ltr'><strong>{Sed</strong></span> 
     </span>
    </p>
   </div>
   <div class='ocr_carea' id='block_1_57' title="bbox 182 2712 983 2748">
    <p class='ocr_par' dir='ltr' id='par_1_57' title="bbox 182 2712 983 2748">
     <span class='ocr_line' id='line_1_57' title="bbox 182 2712 983 2748; baseline 0.002 -8"><span class='ocrx_word' id='word_1_450' title='bbox 182 2713 230 2740; x_wconf 87' lang='lat' dir='ltr'><strong>ubi</strong></span> <span class='ocrx_word' id='word_1_451' title='bbox 259 2712 416 2748; x_wconf 85' lang='lat' dir='ltr'><strong>proponitur</strong></span> <span class='ocrx_word' id='word_1_452' title='bbox 440 2713 540 2740; x_wconf 90' lang='lat' dir='ltr'><strong>lttcrum</strong></span> <span class='ocrx_word' id='word_1_453' title='bbox 566 2714 721 2748; x_wconf 86' lang='lat' dir='ltr'><strong>temporale,</strong></span> <span class='ocrx_word' id='word_1_454' title='bbox 747 2714 835 2742; x_wconf 82' lang='lat' dir='ltr'><strong>omnia</strong></span> <span class='ocrx_word' id='word_1_455' title='bbox 860 2715 983 2742; x_wconf 81' lang='lat' dir='ltr'><strong>alacriter</strong></span> 
     </span>
    </p>
   </div>
   <div class='ocr_carea' id='block_1_58' title="bbox 183 2758 1010 2794">
    <p class='ocr_par' dir='ltr' id='par_1_58' title="bbox 183 2758 1010 2794">
     <span class='ocr_line' id='line_1_58' title="bbox 183 2758 1010 2794; baseline 0.005 -9"><span class='ocrx_word' id='word_1_456' title='bbox 183 2758 323 2786; x_wconf 83' lang='lat' dir='ltr'><strong>sustinere</strong></span> <span class='ocrx_word' id='word_1_457' title='bbox 347 2758 478 2792; x_wconf 84' lang='lat' dir='ltr'><strong>volumus,</strong></span> <span class='ocrx_word' id='word_1_458' title='bbox 497 2760 601 2787; x_wconf 86' lang='lat' dir='ltr'><strong>etiamsi</strong></span> <span class='ocrx_word' id='word_1_459' title='bbox 617 2760 678 2794; x_wconf 90' lang='lat' dir='ltr'><strong>quid</strong></span> <span class='ocrx_word' id='word_1_460' title='bbox 703 2761 864 2789; x_wconf 68' lang='lat' dir='ltr'><strong>laboriosum</strong></span> <span class='ocrx_word' id='word_1_461' title='bbox 889 2762 933 2794; x_wconf 85' lang='lat' dir='ltr'><strong>sit,</strong></span> <span class='ocrx_word' id='word_1_462' title='bbox 955 2767 982 2789; x_wconf 84' lang='lat' dir='ltr'><strong>et</strong></span> <span class='ocrx_word' id='word_1_463' title='bbox 1006 2767 1010 2772; x_wconf 87' lang='lat'><em>&#39;</em></span> 
     </span>
    </p>
   </div>
   <div class='ocr_carea' id='block_1_59' title="bbox 183 2805 981 2842">
    <p class='ocr_par' dir='ltr' id='par_1_59' title="bbox 183 2805 981 2842">
     <span class='ocr_line' id='line_1_59' title="bbox 183 2805 981 2842; baseline 0.004 -10"><span class='ocrx_word' id='word_1_464' title='bbox 183 2805 263 2832; x_wconf 73' lang='lat' dir='ltr'><strong>valde</strong></span> <span class='ocrx_word' id='word_1_465' title='bbox 279 2812 461 2832; x_wconf 81' lang='lat' dir='ltr'><strong>:eruntnosum</strong></span> <span class='ocrx_word' id='word_1_466' title='bbox 481 2811 507 2832; x_wconf 89' lang='lat' dir='ltr'><strong>et</strong></span> <span class='ocrx_word' id='word_1_467' title='bbox 528 2806 664 2833; x_wconf 88' lang='lat' dir='ltr'><strong>sordidum</strong></span> <span class='ocrx_word' id='word_1_468' title='bbox 678 2827 684 2838; x_wconf 93' lang='lat'><strong>,</strong></span> <span class='ocrx_word' id='word_1_469' title='bbox 701 2811 727 2834; x_wconf 92' lang='lat' dir='ltr'><strong>et</strong></span> <span class='ocrx_word' id='word_1_470' title='bbox 741 2814 846 2842; x_wconf 67' lang='lat' dir='ltr'><strong>prauam</strong></span> <span class='ocrx_word' id='word_1_471' title='bbox 862 2807 888 2835; x_wconf 92' lang='lat' dir='ltr'><strong>iu</strong></span> <span class='ocrx_word' id='word_1_472' title='bbox 913 2816 981 2842; x_wconf 77' lang='lat' dir='ltr'><strong>pra:-</strong></span> 
     </span>
    </p>
   </div>
   <div class='ocr_carea' id='block_1_60' title="bbox 185 2849 981 2889">
    <p class='ocr_par' dir='ltr' id='par_1_60' title="bbox 185 2849 981 2889">
     <span class='ocr_line' id='line_1_60' title="bbox 185 2849 981 2889; baseline 0.005 -10"><span class='ocrx_word' id='word_1_473' title='bbox 185 2851 256 2880; x_wconf 85' lang='lat' dir='ltr'><strong>scnti</strong></span> <span class='ocrx_word' id='word_1_474' title='bbox 265 2855 293 2878; x_wconf 91' lang='lat' dir='ltr'><strong>et</strong></span> <span class='ocrx_word' id='word_1_475' title='bbox 301 2849 390 2878; x_wconf 86' lang='lat' dir='ltr'><strong>futuro</strong></span> <span class='ocrx_word' id='word_1_476' title='bbox 398 2851 494 2879; x_wconf 69' lang='lat' dir='ltr'><strong>smculo</strong></span> <span class='ocrx_word' id='word_1_477' title='bbox 503 2852 625 2887; x_wconf 73' lang='lat' dir='ltr'><strong>prtebcns</strong></span> <span class='ocrx_word' id='word_1_478' title='bbox 636 2862 642 2880; x_wconf 70' lang='grc' dir='ltr'><strong><em>τ</em></strong></span> <span class='ocrx_word' id='word_1_479' title='bbox 653 2858 759 2889; x_wconf 81' lang='lat' dir='ltr'><strong>propter</strong></span> <span class='ocrx_word' id='word_1_480' title='bbox 767 2859 883 2882; x_wconf 84' lang='lat' dir='ltr'><strong>nostram</strong></span> <span class='ocrx_word' id='word_1_481' title='bbox 893 2861 981 2883; x_wconf 88' lang='lat' dir='ltr'><strong>autem</strong></span> 
     </span>
    </p>
   </div>
   <div class='ocr_carea' id='block_1_61' title="bbox 698 112 1298 143">
    <p class='ocr_par' dir='ltr' id='par_1_61' title="bbox 698 112 1298 143">
     <span class='ocr_line' id='line_1_61' title="bbox 698 112 1298 143; baseline 0.005 -3"><span class='ocrx_word' id='word_1_482' title='bbox 698 112 730 140; x_wconf 79' lang='lat' dir='ltr'><strong>IN</strong></span> <span class='ocrx_word' id='word_1_483' title='bbox 749 112 827 140; x_wconf 80' lang='lat' dir='ltr'><strong>CAP.</strong></span> <span class='ocrx_word' id='word_1_484' title='bbox 846 112 942 140; x_wconf 72' lang='lat' dir='ltr'><strong>XXIX.</strong></span> <span class='ocrx_word' id='word_1_485' title='bbox 964 112 1085 141; x_wconf 71' lang='lat' dir='ltr'><strong>CENES.</strong></span> <span class='ocrx_word' id='word_1_486' title='bbox 1109 113 1223 142; x_wconf 76' lang='lat' dir='ltr'><strong>HOMIL.</strong></span> <span class='ocrx_word' id='word_1_487' title='bbox 1244 115 1298 143; x_wconf 70' lang='lat' dir='ltr'><strong>LV.</strong></span> 
     </span>
    </p>
   </div>
   <div class='ocr_carea' id='block_1_62' title="bbox 1775 127 1826 154">
    <p class='ocr_par' dir='ltr' id='par_1_62' title="bbox 1775 127 1826 154">
     <span class='ocr_line' id='line_1_62' title="bbox 1775 127 1826 154; baseline 0 -2"><span class='ocrx_word' id='word_1_488' title='bbox 1775 127 1826 154; x_wconf 56' lang='grc' dir='ltr'><strong>ἀεὶ</strong></span> 
     </span>
    </p>
   </div>
   <div class='ocr_carea' id='block_1_63' title="bbox 1030 172 1866 216">
    <p class='ocr_par' dir='ltr' id='par_1_63' title="bbox 1030 172 1866 216">
     <span class='ocr_line' id='line_1_63' title="bbox 1030 172 1866 216; baseline 0.013 -18"><span class='ocrx_word' id='word_1_489' title='bbox 1030 172 1155 205; x_wconf 85' lang='lat' dir='ltr'><strong>salutem,</strong></span> <span class='ocrx_word' id='word_1_490' title='bbox 1170 178 1196 200; x_wconf 88' lang='lat' dir='ltr'><strong>ct</strong></span> <span class='ocrx_word' id='word_1_491' title='bbox 1212 179 1241 201; x_wconf 89' lang='lat' dir='ltr'><strong>ut</strong></span> <span class='ocrx_word' id='word_1_492' title='bbox 1255 183 1400 209; x_wconf 83' lang='lat' dir='ltr'><strong>supernum</strong></span> <span class='ocrx_word' id='word_1_493' title='bbox 1416 176 1492 205; x_wconf 89' lang='lat' dir='ltr'><strong>nobis</strong></span> <span class='ocrx_word' id='word_1_494' title='bbox 1507 178 1626 208; x_wconf 87' lang='lat' dir='ltr'><strong>favorem</strong></span> <span class='ocrx_word' id='word_1_495' title='bbox 1640 182 1822 216; x_wconf 85' lang='lat' dir='ltr'><strong>conciliemus,</strong></span> <span class='ocrx_word' id='word_1_496' title='bbox 1863 207 1866 209; x_wconf 93' lang='lat'><em>_</em></span> 
     </span>
    </p>
   </div>
   <div class='ocr_carea' id='block_1_64' title="bbox 1032 218 1823 262">
    <p class='ocr_par' dir='ltr' id='par_1_64' title="bbox 1032 218 1823 262">
     <span class='ocr_line' id='line_1_64' title="bbox 1032 218 1823 262; baseline 0.016 -19"><span class='ocrx_word' id='word_1_497' title='bbox 1032 218 1135 244; x_wconf 85' lang='lat' dir='ltr'><strong>remissi</strong></span> <span class='ocrx_word' id='word_1_498' title='bbox 1149 223 1176 246; x_wconf 90' lang='lat' dir='ltr'><strong>et</strong></span> <span class='ocrx_word' id='word_1_499' title='bbox 1189 220 1275 254; x_wconf 91' lang='lat' dir='ltr'><strong>supini</strong></span> <span class='ocrx_word' id='word_1_500' title='bbox 1297 226 1323 248; x_wconf 92' lang='lat' dir='ltr'><strong>ct</strong></span> <span class='ocrx_word' id='word_1_501' title='bbox 1342 221 1463 250; x_wconf 84' lang='lat' dir='ltr'><strong>dissoluti</strong></span> <span class='ocrx_word' id='word_1_502' title='bbox 1482 225 1613 253; x_wconf 85' lang='lat' dir='ltr'><strong>videmur.</strong></span> <span class='ocrx_word' id='word_1_503' title='bbox 1628 227 1660 253; x_wconf 85' lang='lat' dir='ltr'><strong>Et</strong></span> <span class='ocrx_word' id='word_1_504' title='bbox 1675 228 1760 262; x_wconf 86' lang='lat' dir='ltr'><strong>qualis</strong></span> <span class='ocrx_word' id='word_1_505' title='bbox 1782 236 1823 257; x_wconf 87' lang='lat' dir='ltr'><strong>no-</strong></span> 
     </span>
    </p>
   </div>
   <div class='ocr_carea' id='block_1_65' title="bbox 1033 263 1822 309">
    <p class='ocr_par' dir='ltr' id='par_1_65' title="bbox 1033 263 1822 309">
     <span class='ocr_line' id='line_1_65' title="bbox 1033 263 1822 309; baseline 0.016 -19"><span class='ocrx_word' id='word_1_506' title='bbox 1033 263 1072 291; x_wconf 84' lang='lat' dir='ltr'><strong>bis</strong></span> <span class='ocrx_word' id='word_1_507' title='bbox 1087 265 1138 292; x_wconf 88' lang='lat' dir='ltr'><strong>erit</strong></span> <span class='ocrx_word' id='word_1_508' title='bbox 1152 266 1227 293; x_wconf 86' lang='lat' dir='ltr'><strong>venia</strong></span> <span class='ocrx_word' id='word_1_509' title='bbox 1241 286 1248 299; x_wconf 90' lang='lat'><strong>,</strong></span> <span class='ocrx_word' id='word_1_510' title='bbox 1262 268 1382 302; x_wconf 81' lang='lat' dir='ltr'><strong>qualisve</strong></span> <span class='ocrx_word' id='word_1_511' title='bbox 1394 271 1530 298; x_wconf 73' lang='lat' dir='ltr'><strong>excusatio</strong></span> <span class='ocrx_word' id='word_1_512' title='bbox 1543 273 1581 299; x_wconf 91' lang='lat' dir='ltr'><strong>sic</strong></span> <span class='ocrx_word' id='word_1_513' title='bbox 1597 273 1763 309; x_wconf 72' lang='lat' dir='ltr'><strong>negligentia:</strong></span> <span class='ocrx_word' id='word_1_514' title='bbox 1774 275 1822 303; x_wconf 85' lang='lat' dir='ltr'><strong>dc-</strong></span> 
     </span>
    </p>
   </div>
   <div class='ocr_carea' id='block_1_66' title="bbox 1030 309 1822 354">
    <p class='ocr_par' dir='ltr' id='par_1_66' title="bbox 1030 309 1822 354">
     <span class='ocr_line' id='line_1_66' title="bbox 1030 309 1822 354; baseline 0.016 -18"><span class='ocrx_word' id='word_1_515' title='bbox 1030 309 1102 343; x_wconf 89' lang='lat' dir='ltr'><strong>ditis,</strong></span> <span class='ocrx_word' id='word_1_516' title='bbox 1118 311 1161 345; x_wconf 91' lang='lat' dir='ltr'><strong>qui</strong></span> <span class='ocrx_word' id='word_1_517' title='bbox 1182 319 1268 347; x_wconf 84' lang='lat' dir='ltr'><strong>neque</strong></span> <span class='ocrx_word' id='word_1_518' title='bbox 1288 319 1416 348; x_wconf 89' lang='lat' dir='ltr'><strong>quantum</strong></span> <span class='ocrx_word' id='word_1_519' title='bbox 1431 315 1523 344; x_wconf 89' lang='lat' dir='ltr'><strong>beatus</strong></span> <span class='ocrx_word' id='word_1_520' title='bbox 1537 317 1580 345; x_wconf 89' lang='lat' dir='ltr'><strong>ille</strong></span> <span class='ocrx_word' id='word_1_521' title='bbox 1604 318 1630 345; x_wconf 91' lang='lat' dir='ltr'><strong>in</strong></span> <span class='ocrx_word' id='word_1_522' title='bbox 1647 319 1759 354; x_wconf 84' lang='lat' dir='ltr'><strong>puellam</strong></span> <span class='ocrx_word' id='word_1_523' title='bbox 1774 321 1822 349; x_wconf 89' lang='lat' dir='ltr'><strong>de-</strong></span> 
     </span>
    </p>
   </div>
   <div class='ocr_carea' id='block_1_67' title="bbox 1029 355 1822 394">
    <p class='ocr_par' dir='ltr' id='par_1_67' title="bbox 1029 355 1822 394">
     <span class='ocr_line' id='line_1_67' title="bbox 1029 355 1822 394; baseline 0.015 -12"><span class='ocrx_word' id='word_1_524' title='bbox 1029 355 1139 384; x_wconf 84' lang='lat' dir='ltr'><strong>claravit</strong></span> <span class='ocrx_word' id='word_1_525' title='bbox 1148 365 1278 392; x_wconf 89' lang='lat' dir='ltr'><strong>amorem,</strong></span> <span class='ocrx_word' id='word_1_526' title='bbox 1290 363 1388 386; x_wconf 86' lang='lat' dir='ltr'><strong>tantam</strong></span> <span class='ocrx_word' id='word_1_527' title='bbox 1399 361 1424 387; x_wconf 90' lang='lat' dir='ltr'><strong>in</strong></span> <span class='ocrx_word' id='word_1_528' title='bbox 1435 361 1515 388; x_wconf 88' lang='lat' dir='ltr'><strong>Deum</strong></span> <span class='ocrx_word' id='word_1_529' title='bbox 1527 364 1662 392; x_wconf 85' lang='lat' dir='ltr'><strong>caritatem</strong></span> <span class='ocrx_word' id='word_1_530' title='bbox 1675 365 1802 394; x_wconf 87' lang='lat' dir='ltr'><strong>habemus</strong></span> <span class='ocrx_word' id='word_1_531' title='bbox 1815 376 1822 394; x_wconf 91' lang='lat'><strong>:</strong></span> 
     </span>
    </p>
   </div>
   <div class='ocr_carea' id='block_1_68' title="bbox 1030 401 1823 440">
    <p class='ocr_par' dir='ltr' id='par_1_68' title="bbox 1030 401 1823 440">
     <span class='ocr_line' id='line_1_68' title="bbox 1030 401 1823 440; baseline 0.014 -11"><span class='ocrx_word' id='word_1_532' title='bbox 1030 401 1109 436; x_wconf 87' lang='lat' dir='ltr'><strong>idque</strong></span> <span class='ocrx_word' id='word_1_533' title='bbox 1122 410 1182 430; x_wconf 90' lang='lat' dir='ltr'><strong>eum</strong></span> <span class='ocrx_word' id='word_1_534' title='bbox 1197 407 1267 433; x_wconf 85' lang='lat' dir='ltr'><strong>tanta</strong></span> <span class='ocrx_word' id='word_1_535' title='bbox 1284 405 1416 439; x_wconf 81' lang='lat' dir='ltr'><strong>possimus</strong></span> <span class='ocrx_word' id='word_1_536' title='bbox 1431 415 1574 436; x_wconf 86' lang='lat' dir='ltr'><strong>numerare</strong></span> <span class='ocrx_word' id='word_1_537' title='bbox 1589 409 1716 437; x_wconf 86' lang='lat' dir='ltr'><strong>beneficia</strong></span> <span class='ocrx_word' id='word_1_538' title='bbox 1733 412 1758 438; x_wconf 90' lang='lat' dir='ltr'><strong>in</strong></span> <span class='ocrx_word' id='word_1_539' title='bbox 1774 420 1823 440; x_wconf 87' lang='lat' dir='ltr'><strong>nos</strong></span> 
     </span>
    </p>
   </div>
   <div class='ocr_carea' id='block_1_69' title="bbox 1029 448 1823 486">
    <p class='ocr_par' dir='ltr' id='par_1_69' title="bbox 1029 448 1823 486">
     <span class='ocr_line' id='line_1_69' title="bbox 1029 448 1823 486; baseline 0.014 -12"><span class='ocrx_word' id='word_1_540' title='bbox 1029 448 1168 482; x_wconf 85' lang='lat' dir='ltr'><strong>collocata,</strong></span> <span class='ocrx_word' id='word_1_541' title='bbox 1188 454 1215 477; x_wconf 89' lang='lat' dir='ltr'><strong>et</strong></span> <span class='ocrx_word' id='word_1_542' title='bbox 1228 457 1286 485; x_wconf 71' lang='lat' dir='ltr'><strong>qua:</strong></span> <span class='ocrx_word' id='word_1_543' title='bbox 1300 451 1418 486; x_wconf 77' lang='lat' dir='ltr'><strong>quotidie</strong></span> <span class='ocrx_word' id='word_1_544' title='bbox 1437 453 1623 482; x_wconf 88' lang='lat' dir='ltr'><strong>collocantur?</strong></span> <span class='ocrx_word' id='word_1_545' title='bbox 1638 455 1690 483; x_wconf 88' lang='lat' dir='ltr'><strong>Sed</strong></span> <span class='ocrx_word' id='word_1_546' title='bbox 1704 457 1753 484; x_wconf 85' lang='lat' dir='ltr'><strong>etsi</strong></span> <span class='ocrx_word' id='word_1_547' title='bbox 1774 465 1823 485; x_wconf 89' lang='lat' dir='ltr'><strong>nos</strong></span> 
     </span>
    </p>
   </div>
   <div class='ocr_carea' id='block_1_70' title="bbox 1031 494 1822 537">
    <p class='ocr_par' dir='ltr' id='par_1_70' title="bbox 1031 494 1822 537">
     <span class='ocr_line' id='line_1_70' title="bbox 1031 494 1822 537; baseline 0.013 -17"><span class='ocrx_word' id='word_1_548' title='bbox 1031 497 1083 520; x_wconf 87' lang='lat' dir='ltr'><strong>tam</strong></span> <span class='ocrx_word' id='word_1_549' title='bbox 1101 494 1198 530; x_wconf 83' lang='lat' dir='ltr'><strong>ingrati</strong></span> <span class='ocrx_word' id='word_1_550' title='bbox 1215 503 1317 530; x_wconf 74' lang='lat' dir='ltr'><strong>sumus,</strong></span> <span class='ocrx_word' id='word_1_551' title='bbox 1335 505 1388 524; x_wconf 88' lang='lat' dir='ltr'><strong>non</strong></span> <span class='ocrx_word' id='word_1_552' title='bbox 1405 498 1440 525; x_wconf 85' lang='lat' dir='ltr'><strong>ita</strong></span> <span class='ocrx_word' id='word_1_553' title='bbox 1454 504 1526 526; x_wconf 83' lang='lat' dir='ltr'><strong>certe</strong></span> <span class='ocrx_word' id='word_1_554' title='bbox 1548 500 1639 528; x_wconf 88' lang='lat' dir='ltr'><strong>beatus</strong></span> <span class='ocrx_word' id='word_1_555' title='bbox 1654 501 1762 536; x_wconf 74' lang='lat' dir='ltr'><strong>Paulus,</strong></span> <span class='ocrx_word' id='word_1_556' title='bbox 1778 504 1822 537; x_wconf 88' lang='lat' dir='ltr'><strong>qtti</strong></span> 
     </span>
    </p>
   </div>
   <div class='ocr_carea' id='block_1_71' title="bbox 1029 541 1821 582">
    <p class='ocr_par' dir='ltr' id='par_1_71' title="bbox 1029 541 1821 582">
     <span class='ocr_line' id='line_1_71' title="bbox 1029 541 1821 582; baseline 0.014 -16"><span class='ocrx_word' id='word_1_557' title='bbox 1029 544 1082 567; x_wconf 91' lang='lat' dir='ltr'><strong>tam</strong></span> <span class='ocrx_word' id='word_1_558' title='bbox 1098 541 1215 569; x_wconf 89' lang='lat' dir='ltr'><strong>fervebat</strong></span> <span class='ocrx_word' id='word_1_559' title='bbox 1227 543 1356 577; x_wconf 86' lang='lat' dir='ltr'><strong>etignitus</strong></span> <span class='ocrx_word' id='word_1_560' title='bbox 1367 549 1423 571; x_wconf 89' lang='lat' dir='ltr'><strong>erat</strong></span> <span class='ocrx_word' id='word_1_561' title='bbox 1433 546 1543 574; x_wconf 85' lang='lat' dir='ltr'><strong>caritate</strong></span> <span class='ocrx_word' id='word_1_562' title='bbox 1553 547 1580 573; x_wconf 89' lang='lat' dir='ltr'><strong>itt</strong></span> <span class='ocrx_word' id='word_1_563' title='bbox 1597 548 1689 582; x_wconf 84' lang='lat' dir='ltr'><strong>Deum,</strong></span> <span class='ocrx_word' id='word_1_564' title='bbox 1704 554 1732 576; x_wconf 90' lang='lat' dir='ltr'><strong>ttt</strong></span> <span class='ocrx_word' id='word_1_565' title='bbox 1742 549 1821 577; x_wconf 82' lang='lat' dir='ltr'><strong>verba</strong></span> 
     </span>
    </p>
   </div>
   <div class='ocr_carea' id='block_1_72' title="bbox 1029 585 1821 625">
    <p class='ocr_par' dir='ltr' id='par_1_72' title="bbox 1029 585 1821 625">
     <span class='ocr_line' id='line_1_72' title="bbox 1029 585 1821 625; baseline 0.01 -12"><span class='ocrx_word' id='word_1_566' title='bbox 1029 585 1073 614; x_wconf 90' lang='lat' dir='ltr'><strong>illa</strong></span> <span class='ocrx_word' id='word_1_567' title='bbox 1088 591 1160 614; x_wconf 89' lang='lat' dir='ltr'><strong>tanto</strong></span> <span class='ocrx_word' id='word_1_568' title='bbox 1170 588 1258 615; x_wconf 91' lang='lat' dir='ltr'><strong>animo</strong></span> <span class='ocrx_word' id='word_1_569' title='bbox 1271 589 1348 625; x_wconf 81' lang='lat' dir='ltr'><strong>digna</strong></span> <span class='ocrx_word' id='word_1_570' title='bbox 1358 590 1509 625; x_wconf 84' lang='lat' dir='ltr'><strong>loqueretur</strong></span> <span class='ocrx_word' id='word_1_571' title='bbox 1518 597 1547 619; x_wconf 84' lang='lat' dir='ltr'><strong>et</strong></span> <span class='ocrx_word' id='word_1_572' title='bbox 1558 593 1693 624; x_wconf 83' lang='lat' dir='ltr'><strong>clamaret,</strong></span> <span class='ocrx_word' id='word_1_573' title='bbox 1710 594 1801 621; x_wconf 88' lang='lat' dir='ltr'><strong>dicens</strong></span> <span class='ocrx_word' id='word_1_574' title='bbox 1814 603 1821 621; x_wconf 87' lang='lat'><strong>:</strong></span> 
     </span>
    </p>
   </div>
   <div class='ocr_carea' id='block_1_73' title="bbox 1032 632 1823 669">
    <p class='ocr_par' dir='ltr' id='par_1_73' title="bbox 1032 632 1823 669">
     <span class='ocr_line' id='line_1_73' title="bbox 1032 632 1823 669; baseline 0.01 -10"><span class='ocrx_word' id='word_1_575' title='bbox 1032 632 1094 665; x_wconf 84' lang='lat' dir='ltr'><strong>Quis</strong></span> <span class='ocrx_word' id='word_1_576' title='bbox 1121 641 1168 661; x_wconf 80' lang='lat' dir='ltr'><strong>nos</strong></span> <span class='ocrx_word' id='word_1_577' title='bbox 1189 635 1315 669; x_wconf 73' lang='lat' dir='ltr'><strong>separabit</strong></span> <span class='ocrx_word' id='word_1_578' title='bbox 1330 644 1345 661; x_wconf 84' lang='grc' dir='ltr'><strong><em>(ι</em></strong></span> <span class='ocrx_word' id='word_1_579' title='bbox 1361 637 1482 664; x_wconf 70' lang='lat' dir='ltr'><strong>cJtttritate</strong></span> <span class='ocrx_word' id='word_1_580' title='bbox 1492 637 1585 665; x_wconf 87' lang='lat' dir='ltr'><strong>Christi</strong></span> <span class='ocrx_word' id='word_1_581' title='bbox 1594 638 1607 665; x_wconf 65' lang='grc' dir='ltr'><strong><em>Ρ</em></strong></span> <span class='ocrx_word' id='word_1_582' title='bbox 1623 639 1686 666; x_wconf 81' lang='lat' dir='ltr'><strong>Vide</strong></span> <span class='ocrx_word' id='word_1_583' title='bbox 1698 639 1823 666; x_wconf 67' lang='lat' dir='ltr'><strong>dit-tionis</strong></span> 
     </span>
    </p>
   </div>
   <div class='ocr_carea' id='block_1_74' title="bbox 1028 679 1822 714">
    <p class='ocr_par' dir='ltr' id='par_1_74' title="bbox 1028 679 1822 714">
     <span class='ocr_line' id='line_1_74' title="bbox 1028 679 1822 714; baseline 0.009 -8"><span class='ocrx_word' id='word_1_584' title='bbox 1028 679 1175 714; x_wconf 87' lang='lat' dir='ltr'><strong>emphasim</strong></span> <span class='ocrx_word' id='word_1_585' title='bbox 1187 701 1193 713; x_wconf 89' lang='lat'><strong>,</strong></span> <span class='ocrx_word' id='word_1_586' title='bbox 1211 685 1238 708; x_wconf 91' lang='lat' dir='ltr'><strong>et</strong></span> <span class='ocrx_word' id='word_1_587' title='bbox 1258 681 1383 709; x_wconf 89' lang='lat' dir='ltr'><strong>latentem</strong></span> <span class='ocrx_word' id='word_1_588' title='bbox 1412 683 1464 709; x_wconf 90' lang='lat' dir='ltr'><strong>vim</strong></span> <span class='ocrx_word' id='word_1_589' title='bbox 1491 692 1497 709; x_wconf 94' lang='lat'>:</span> <span class='ocrx_word' id='word_1_590' title='bbox 1523 683 1585 711; x_wconf 81' lang='lat' dir='ltr'><strong>vide</strong></span> <span class='ocrx_word' id='word_1_591' title='bbox 1600 686 1699 712; x_wconf 88' lang='lat' dir='ltr'><strong>amoris</strong></span> <span class='ocrx_word' id='word_1_592' title='bbox 1716 686 1822 713; x_wconf 70' lang='lat' dir='ltr'><strong>violenti</strong></span> 
     </span>
    </p>
   </div>
   <div class='ocr_carea' id='block_1_75' title="bbox 1030 725 1820 766">
    <p class='ocr_par' dir='ltr' id='par_1_75' title="bbox 1030 725 1820 766">
     <span class='ocr_line' id='line_1_75' title="bbox 1030 725 1820 766; baseline 0.009 -15"><span class='ocrx_word' id='word_1_593' title='bbox 1030 725 1173 759; x_wconf 90' lang='lat' dir='ltr'><strong>fervorem,</strong></span> <span class='ocrx_word' id='word_1_594' title='bbox 1188 727 1248 754; x_wconf 88' lang='lat' dir='ltr'><strong>vide</strong></span> <span class='ocrx_word' id='word_1_595' title='bbox 1266 728 1403 756; x_wconf 82' lang='lat' dir='ltr'><strong>caritatem</strong></span> <span class='ocrx_word' id='word_1_596' title='bbox 1420 729 1564 756; x_wconf 79' lang='lat' dir='ltr'><strong>incen~am.</strong></span> <span class='ocrx_word' id='word_1_597' title='bbox 1582 730 1643 763; x_wconf 79' lang='lat' dir='ltr'><strong>Quis</strong></span> <span class='ocrx_word' id='word_1_598' title='bbox 1657 740 1701 758; x_wconf 82' lang='lat' dir='ltr'><strong>nos</strong></span> <span class='ocrx_word' id='word_1_599' title='bbox 1719 740 1820 766; x_wconf 73' lang='lat' dir='ltr'><strong>separa-</strong></span> 
     </span>
    </p>
   </div>
   <div class='ocr_carea' id='block_1_76' title="bbox 1028 771 1820 811">
    <p class='ocr_par' dir='ltr' id='par_1_76' title="bbox 1028 771 1820 811">
     <span class='ocr_line' id='line_1_76' title="bbox 1028 771 1820 811; baseline 0.008 -14"><span class='ocrx_word' id='word_1_600' title='bbox 1028 771 1061 797; x_wconf 86' lang='lat' dir='ltr'><strong>bit</strong></span> <span class='ocrx_word' id='word_1_601' title='bbox 1080 771 1090 807; x_wconf 90' lang='lat'>(</span> <span class='ocrx_word' id='word_1_602' title='bbox 1104 771 1178 799; x_wconf 79' lang='lat' dir='ltr'><strong>Rata.</strong></span> <span class='ocrx_word' id='word_1_603' title='bbox 1190 772 1216 799; x_wconf 87' lang='lat'><strong>8.</strong></span> <span class='ocrx_word' id='word_1_604' title='bbox 1231 773 1265 800; x_wconf 81' lang='lat'><strong>55</strong></span> <span class='ocrx_word' id='word_1_605' title='bbox 1278 774 1308 808; x_wconf 86' lang='lat'><strong>)?</strong></span> <span class='ocrx_word' id='word_1_606' title='bbox 1330 774 1407 808; x_wconf 82' lang='lat' dir='ltr'><strong>Quid,</strong></span> <span class='ocrx_word' id='word_1_607' title='bbox 1424 775 1517 809; x_wconf 86' lang='lat' dir='ltr'><strong>inquit,</strong></span> <span class='ocrx_word' id='word_1_608' title='bbox 1529 780 1580 807; x_wconf 88' lang='lat' dir='ltr'><strong>est,</strong></span> <span class='ocrx_word' id='word_1_609' title='bbox 1592 777 1662 811; x_wconf 88' lang='lat' dir='ltr'><strong>quod</strong></span> <span class='ocrx_word' id='word_1_610' title='bbox 1679 778 1761 811; x_wconf 66' lang='lat' dir='ltr'><strong>possit</strong></span> <span class='ocrx_word' id='word_1_611' title='bbox 1773 786 1820 803; x_wconf 70' lang='lat' dir='ltr'><strong>nos</strong></span> 
     </span>
    </p>
   </div>
   <div class='ocr_carea' id='block_1_77' title="bbox 1026 816 1819 857">
    <p class='ocr_par' dir='ltr' id='par_1_77' title="bbox 1026 816 1819 857">
     <span class='ocr_line' id='line_1_77' title="bbox 1026 816 1819 857; baseline 0.01 -15"><span class='ocrx_word' id='word_1_612' title='bbox 1026 824 1042 843; x_wconf 84' lang='lat' dir='ltr'><strong>a</strong></span> <span class='ocrx_word' id='word_1_613' title='bbox 1050 816 1181 844; x_wconf 83' lang='lat' dir='ltr'><strong>charitate</strong></span> <span class='ocrx_word' id='word_1_614' title='bbox 1193 818 1237 845; x_wconf 90' lang='lat' dir='ltr'><strong>Dei</strong></span> <span class='ocrx_word' id='word_1_615' title='bbox 1249 821 1389 853; x_wconf 82' lang='lat' dir='ltr'><strong>separare?</strong></span> <span class='ocrx_word' id='word_1_616' title='bbox 1404 821 1465 856; x_wconf 91' lang='lat' dir='ltr'><strong>quid</strong></span> <span class='ocrx_word' id='word_1_617' title='bbox 1475 821 1544 848; x_wconf 84' lang='lat' dir='ltr'><strong>inter</strong></span> <span class='ocrx_word' id='word_1_618' title='bbox 1554 822 1665 850; x_wconf 84' lang='lat' dir='ltr'><strong>visibilia</strong></span> <span class='ocrx_word' id='word_1_619' title='bbox 1676 823 1694 855; x_wconf 87' lang='lat'><strong>&#39;,</strong></span> <span class='ocrx_word' id='word_1_620' title='bbox 1705 823 1766 857; x_wconf 88' lang='lat' dir='ltr'><strong>quid</strong></span> <span class='ocrx_word' id='word_1_621' title='bbox 1775 823 1819 850; x_wconf 87' lang='lat' dir='ltr'><strong>itt—</strong></span> 
     </span>
    </p>
   </div>
   <div class='ocr_carea' id='block_1_78' title="bbox 1029 863 1244 891">
    <p class='ocr_par' dir='ltr' id='par_1_78' title="bbox 1029 863 1244 891">
     <span class='ocr_line' id='line_1_78' title="bbox 1029 863 1244 891; baseline 0.005 -2"><span class='ocrx_word' id='word_1_622' title='bbox 1029 867 1070 890; x_wconf 89' lang='lat' dir='ltr'><strong>ter</strong></span> <span class='ocrx_word' id='word_1_623' title='bbox 1084 863 1244 891; x_wconf 71' lang='lat' dir='ltr'><strong>imisibilia?</strong></span> 
     </span>
    </p>
   </div>
   <div class='ocr_carea' id='block_1_79' title="bbox 1064 909 1819 946">
    <p class='ocr_par' dir='ltr' id='par_1_79' title="bbox 1064 909 1819 946">
     <span class='ocr_line' id='line_1_79' title="bbox 1064 909 1819 946; baseline 0.008 -10"><span class='ocrx_word' id='word_1_624' title='bbox 1064 909 1089 936; x_wconf 81' lang='lat'><strong>5.</strong></span> <span class='ocrx_word' id='word_1_625' title='bbox 1103 909 1202 938; x_wconf 85' lang='lat' dir='ltr'><strong>Deinde</strong></span> <span class='ocrx_word' id='word_1_626' title='bbox 1216 911 1309 938; x_wconf 85' lang='lat' dir='ltr'><strong>volens</strong></span> <span class='ocrx_word' id='word_1_627' title='bbox 1322 916 1348 938; x_wconf 88' lang='lat' dir='ltr'><strong>et</strong></span> <span class='ocrx_word' id='word_1_628' title='bbox 1362 912 1536 946; x_wconf 88' lang='lat' dir='ltr'><strong>particulatim</strong></span> <span class='ocrx_word' id='word_1_629' title='bbox 1549 914 1637 941; x_wconf 88' lang='lat' dir='ltr'><strong>omnia</strong></span> <span class='ocrx_word' id='word_1_630' title='bbox 1653 922 1819 946; x_wconf 74' lang='lat' dir='ltr'><strong>enumerare.</strong></span> 
     </span>
    </p>
   </div>
   <div class='ocr_carea' id='block_1_80' title="bbox 1028 955 1816 993">
    <p class='ocr_par' dir='ltr' id='par_1_80' title="bbox 1028 955 1816 993">
     <span class='ocr_line' id='line_1_80' title="bbox 1028 955 1816 993; baseline 0.009 -13"><span class='ocrx_word' id='word_1_631' title='bbox 1028 960 1053 981; x_wconf 89' lang='lat' dir='ltr'><strong>et</strong></span> <span class='ocrx_word' id='word_1_632' title='bbox 1064 955 1187 982; x_wconf 88' lang='lat' dir='ltr'><strong>omnibtts</strong></span> <span class='ocrx_word' id='word_1_633' title='bbox 1202 955 1278 982; x_wconf 88' lang='lat' dir='ltr'><strong>nobis</strong></span> <span class='ocrx_word' id='word_1_634' title='bbox 1293 956 1460 984; x_wconf 56' lang='lat' dir='ltr'><strong>manifestum</strong></span> <span class='ocrx_word' id='word_1_635' title='bbox 1475 957 1561 985; x_wconf 84' lang='lat' dir='ltr'><strong>facere</strong></span> <span class='ocrx_word' id='word_1_636' title='bbox 1575 959 1752 993; x_wconf 80' lang='lat' dir='ltr'><strong>insuperabile</strong></span> <span class='ocrx_word' id='word_1_637' title='bbox 1767 960 1816 987; x_wconf 88' lang='lat' dir='ltr'><strong>dc-</strong></span> 
     </span>
    </p>
   </div>
   <div class='ocr_carea' id='block_1_81' title="bbox 1027 999 1821 1038">
    <p class='ocr_par' dir='ltr' id='par_1_81' title="bbox 1027 999 1821 1038">
     <span class='ocr_line' id='line_1_81' title="bbox 1027 999 1821 1038; baseline 0.009 -13"><span class='ocrx_word' id='word_1_638' title='bbox 1027 999 1154 1027; x_wconf 87' lang='lat' dir='ltr'><strong>siderium</strong></span> <span class='ocrx_word' id='word_1_639' title='bbox 1173 1000 1242 1035; x_wconf 86' lang='lat' dir='ltr'><strong>quod</strong></span> <span class='ocrx_word' id='word_1_640' title='bbox 1257 1009 1318 1036; x_wconf 82' lang='lat' dir='ltr'><strong>erga</strong></span> <span class='ocrx_word' id='word_1_641' title='bbox 1340 1002 1479 1029; x_wconf 86' lang='lat' dir='ltr'><strong>Dominum</strong></span> <span class='ocrx_word' id='word_1_642' title='bbox 1507 1003 1678 1038; x_wconf 79' lang='lat' dir='ltr'><strong>possidebat,</strong></span> <span class='ocrx_word' id='word_1_643' title='bbox 1705 1004 1821 1032; x_wconf 70' lang='lat' dir='ltr'><strong>sanitlit</strong></span> 
     </span>
    </p>
   </div>
   <div class='ocr_carea' id='block_1_82' title="bbox 1027 1047 1813 1084">
    <p class='ocr_par' dir='ltr' id='par_1_82' title="bbox 1027 1047 1813 1084">
     <span class='ocr_line' id='line_1_82' title="bbox 1027 1047 1813 1084; baseline 0.005 -11"><span class='ocrx_word' id='word_1_644' title='bbox 1027 1047 1119 1074; x_wconf 84' lang='lat' dir='ltr'><strong>dicens</strong></span> <span class='ocrx_word' id='word_1_645' title='bbox 1133 1056 1139 1073; x_wconf 84' lang='lat'><strong>:</strong></span> <span class='ocrx_word' id='word_1_646' title='bbox 1154 1047 1294 1075; x_wconf 75' lang='lat' dir='ltr'><strong>Tribulatt‘o</strong></span> <span class='ocrx_word' id='word_1_647' title='bbox 1304 1049 1317 1075; x_wconf 86' lang='lat'><strong><em>?</em></strong></span> <span class='ocrx_word' id='word_1_648' title='bbox 1331 1057 1363 1075; x_wconf 85' lang='lat' dir='ltr'><strong>an</strong></span> <span class='ocrx_word' id='word_1_649' title='bbox 1376 1050 1514 1084; x_wconf 74' lang='lat' dir='ltr'><strong>angustia?</strong></span> <span class='ocrx_word' id='word_1_650' title='bbox 1525 1058 1557 1076; x_wconf 85' lang='lat' dir='ltr'><strong>an</strong></span> <span class='ocrx_word' id='word_1_651' title='bbox 1571 1050 1670 1084; x_wconf 76' lang='lat' dir='ltr'><strong>fames?</strong></span> <span class='ocrx_word' id='word_1_652' title='bbox 1682 1059 1715 1077; x_wconf 83' lang='lat' dir='ltr'><strong>un</strong></span> <span class='ocrx_word' id='word_1_653' title='bbox 1729 1059 1813 1084; x_wconf 77' lang='lat' dir='ltr'><strong>purse-</strong></span> 
     </span>
    </p>
   </div>
   <div class='ocr_carea' id='block_1_83' title="bbox 1027 1093 1824 1131">
    <p class='ocr_par' dir='ltr' id='par_1_83' title="bbox 1027 1093 1824 1131">
     <span class='ocr_line' id='line_1_83' title="bbox 1027 1093 1824 1131; baseline 0.004 -12"><span class='ocrx_word' id='word_1_654' title='bbox 1027 1093 1136 1127; x_wconf 78' lang='lat' dir='ltr'><strong>quutio?</strong></span> <span class='ocrx_word' id='word_1_655' title='bbox 1155 1102 1188 1120; x_wconf 86' lang='lat' dir='ltr'><strong>an</strong></span> <span class='ocrx_word' id='word_1_656' title='bbox 1203 1095 1324 1122; x_wconf 72' lang='lat' dir='ltr'><strong>auditas?</strong></span> <span class='ocrx_word' id='word_1_657' title='bbox 1337 1103 1370 1121; x_wconf 87' lang='lat' dir='ltr'><strong>an</strong></span> <span class='ocrx_word' id='word_1_658' title='bbox 1384 1096 1520 1130; x_wconf 69' lang='lat' dir='ltr'><strong>periculum</strong></span> <span class='ocrx_word' id='word_1_659' title='bbox 1529 1096 1541 1123; x_wconf 74' lang='grc' dir='ltr'><strong>Ζ)</strong></span> <span class='ocrx_word' id='word_1_660' title='bbox 1551 1104 1585 1122; x_wconf 86' lang='lat' dir='ltr'><strong>au</strong></span> <span class='ocrx_word' id='word_1_661' title='bbox 1598 1097 1718 1131; x_wconf 77' lang='lat' dir='ltr'><strong>gladius?</strong></span> <span class='ocrx_word' id='word_1_662' title='bbox 1729 1097 1752 1123; x_wconf 90' lang='grc'>0</span> <span class='ocrx_word' id='word_1_663' title='bbox 1766 1097 1824 1123; x_wconf 85' lang='lat' dir='ltr'><strong>ani—</strong></span> 
     </span>
    </p>
   </div>
   <div class='ocr_carea' id='block_1_84' title="bbox 1028 1140 1820 1175">
    <p class='ocr_par' dir='ltr' id='par_1_84' title="bbox 1028 1140 1820 1175">
     <span class='ocr_line' id='line_1_84' title="bbox 1028 1140 1820 1175; baseline 0.004 -9"><span class='ocrx_word' id='word_1_664' title='bbox 1028 1147 1109 1171; x_wconf 87' lang='lat' dir='ltr'><strong>mam,</strong></span> <span class='ocrx_word' id='word_1_665' title='bbox 1127 1140 1238 1173; x_wconf 82' lang='lat' dir='ltr'><strong>insania,</strong></span> <span class='ocrx_word' id='word_1_666' title='bbox 1251 1149 1309 1175; x_wconf 67' lang='lat' dir='ltr'><strong>qua:</strong></span> <span class='ocrx_word' id='word_1_667' title='bbox 1322 1142 1490 1169; x_wconf 70' lang='lat' dir='ltr'><strong>continentia:</strong></span> <span class='ocrx_word' id='word_1_668' title='bbox 1504 1150 1529 1168; x_wconf 89' lang='lat' dir='ltr'><strong>m</strong></span> <span class='ocrx_word' id='word_1_669' title='bbox 1541 1146 1589 1169; x_wconf 49' lang='lat' dir='ltr'><strong>.ter</strong></span> <span class='ocrx_word' id='word_1_670' title='bbox 1603 1147 1653 1174; x_wconf 78' lang='lat' dir='ltr'><strong>cst,</strong></span> <span class='ocrx_word' id='word_1_671' title='bbox 1672 1143 1820 1170; x_wconf 81' lang='lat' dir='ltr'><strong>furentem!</strong></span> 
     </span>
    </p>
   </div>
   <div class='ocr_carea' id='block_1_85' title="bbox 1028 1186 1823 1223">
    <p class='ocr_par' dir='ltr' id='par_1_85' title="bbox 1028 1186 1823 1223">
     <span class='ocr_line' id='line_1_85' title="bbox 1028 1186 1823 1223; baseline 0.004 -11"><span class='ocrx_word' id='word_1_672' title='bbox 1028 1186 1108 1219; x_wconf 85' lang='lat' dir='ltr'><strong>Quid,</strong></span> <span class='ocrx_word' id='word_1_673' title='bbox 1126 1186 1219 1221; x_wconf 89' lang='lat' dir='ltr'><strong>inqttit,</strong></span> <span class='ocrx_word' id='word_1_674' title='bbox 1238 1194 1272 1214; x_wconf 85' lang='lat' dir='ltr'><strong>ex</strong></span> <span class='ocrx_word' id='word_1_675' title='bbox 1290 1187 1321 1214; x_wconf 88' lang='lat' dir='ltr'><strong>iis</strong></span> <span class='ocrx_word' id='word_1_676' title='bbox 1341 1196 1399 1221; x_wconf 71' lang='lat' dir='ltr'><strong>qua:</strong></span> <span class='ocrx_word' id='word_1_677' title='bbox 1420 1189 1496 1215; x_wconf 84' lang='lat' dir='ltr'><strong>nobis</strong></span> <span class='ocrx_word' id='word_1_678' title='bbox 1523 1188 1613 1215; x_wconf 87' lang='lat' dir='ltr'><strong>inferri</strong></span> <span class='ocrx_word' id='word_1_679' title='bbox 1637 1193 1758 1223; x_wconf 84' lang='lat' dir='ltr'><strong>possunt,</strong></span> <span class='ocrx_word' id='word_1_680' title='bbox 1774 1196 1823 1216; x_wconf 90' lang='lat' dir='ltr'><strong>nos</strong></span> 
     </span>
    </p>
   </div>
   <div class='ocr_carea' id='block_1_86' title="bbox 1029 1232 1822 1268">
    <p class='ocr_par' dir='ltr' id='par_1_86' title="bbox 1029 1232 1822 1268">
     <span class='ocr_line' id='line_1_86' title="bbox 1029 1232 1822 1268; baseline 0.004 -11"><span class='ocrx_word' id='word_1_681' title='bbox 1029 1238 1143 1259; x_wconf 76' lang='lat' dir='ltr'><strong>avocare</strong></span> <span class='ocrx_word' id='word_1_682' title='bbox 1165 1239 1181 1258; x_wconf 86' lang='lat' dir='ltr'><strong>a</strong></span> <span class='ocrx_word' id='word_1_683' title='bbox 1196 1232 1305 1259; x_wconf 86' lang='lat' dir='ltr'><strong>caritate</strong></span> <span class='ocrx_word' id='word_1_684' title='bbox 1329 1240 1387 1267; x_wconf 72' lang='lat' dir='ltr'><strong>quae</strong></span> <span class='ocrx_word' id='word_1_685' title='bbox 1406 1238 1447 1260; x_wconf 83' lang='lat' dir='ltr'><strong>est</strong></span> <span class='ocrx_word' id='word_1_686' title='bbox 1461 1233 1485 1260; x_wconf 93' lang='lat' dir='ltr'><strong>in</strong></span> <span class='ocrx_word' id='word_1_687' title='bbox 1508 1233 1588 1260; x_wconf 87' lang='lat' dir='ltr'><strong>Deum</strong></span> <span class='ocrx_word' id='word_1_688' title='bbox 1604 1234 1719 1268; x_wconf 79' lang='lat' dir='ltr'><strong>poterit?</strong></span> <span class='ocrx_word' id='word_1_689' title='bbox 1747 1234 1822 1260; x_wconf 80' lang='lat' dir='ltr'><strong>Afﬂi-</strong></span> 
     </span>
    </p>
   </div>
   <div class='ocr_carea' id='block_1_87' title="bbox 1027 1278 1822 1315">
    <p class='ocr_par' dir='ltr' id='par_1_87' title="bbox 1027 1278 1822 1315">
     <span class='ocr_line' id='line_1_87' title="bbox 1027 1278 1822 1315; baseline 0.003 -10"><span class='ocrx_word' id='word_1_690' title='bbox 1027 1278 1131 1305; x_wconf 85' lang='lat' dir='ltr'><strong>ctiones</strong></span> <span class='ocrx_word' id='word_1_691' title='bbox 1145 1279 1326 1313; x_wconf 74' lang='lat' dir='ltr'><strong>quotidian-e?</strong></span> <span class='ocrx_word' id='word_1_692' title='bbox 1340 1279 1456 1307; x_wconf 87' lang='lat' dir='ltr'><strong>Minime.</strong></span> <span class='ocrx_word' id='word_1_693' title='bbox 1476 1280 1630 1315; x_wconf 74' lang='lat' dir='ltr'><strong>Angustize?</strong></span> <span class='ocrx_word' id='word_1_694' title='bbox 1646 1280 1736 1315; x_wconf 82' lang='lat' dir='ltr'><strong>Neque</strong></span> <span class='ocrx_word' id='word_1_695' title='bbox 1760 1280 1822 1308; x_wconf 81' lang='lat' dir='ltr'><strong>ilhc.</strong></span> 
     </span>
    </p>
   </div>
   <div class='ocr_carea' id='block_1_88' title="bbox 1028 1324 1822 1362">
    <p class='ocr_par' dir='ltr' id='par_1_88' title="bbox 1028 1324 1822 1362">
     <span class='ocr_line' id='line_1_88' title="bbox 1028 1324 1822 1362; baseline 0.004 -11"><span class='ocrx_word' id='word_1_696' title='bbox 1028 1324 1097 1352; x_wconf 88' lang='lat' dir='ltr'><strong>Num</strong></span> <span class='ocrx_word' id='word_1_697' title='bbox 1109 1325 1348 1361; x_wconf 74' lang='lat' dir='ltr'><strong>pcrsequutioncs&#39;i</strong></span> <span class='ocrx_word' id='word_1_698' title='bbox 1361 1325 1452 1361; x_wconf 86' lang='lat' dir='ltr'><strong>Neque</strong></span> <span class='ocrx_word' id='word_1_699' title='bbox 1468 1326 1529 1354; x_wconf 71' lang='lat' dir='ltr'><strong>illm.</strong></span> <span class='ocrx_word' id='word_1_700' title='bbox 1542 1327 1593 1354; x_wconf 88' lang='lat' dir='ltr'><strong>Sed</strong></span> <span class='ocrx_word' id='word_1_701' title='bbox 1607 1327 1689 1362; x_wconf 83' lang='lat' dir='ltr'><strong>quid?</strong></span> <span class='ocrx_word' id='word_1_702' title='bbox 1704 1335 1765 1354; x_wconf 88' lang='lat' dir='ltr'><strong>tttmt</strong></span> <span class='ocrx_word' id='word_1_703' title='bbox 1782 1327 1822 1354; x_wconf 89' lang='lat' dir='ltr'><strong>fa-</strong></span> 
     </span>
    </p>
   </div>
   <div class='ocr_carea' id='block_1_89' title="bbox 1028 1372 1824 1408">
    <p class='ocr_par' dir='ltr' id='par_1_89' title="bbox 1028 1372 1824 1408">
     <span class='ocr_line' id='line_1_89' title="bbox 1028 1372 1824 1408; baseline 0.004 -11"><span class='ocrx_word' id='word_1_704' title='bbox 1028 1372 1103 1398; x_wconf 85' lang='lat' dir='ltr'><strong>mes?</strong></span> <span class='ocrx_word' id='word_1_705' title='bbox 1118 1379 1180 1398; x_wconf 88' lang='lat' dir='ltr'><strong>nutll</strong></span> <span class='ocrx_word' id='word_1_706' title='bbox 1204 1372 1326 1399; x_wconf 80' lang='lat' dir='ltr'><strong>nutlitas?</strong></span> <span class='ocrx_word' id='word_1_707' title='bbox 1349 1380 1411 1399; x_wconf 93' lang='lat' dir='ltr'><strong>num</strong></span> <span class='ocrx_word' id='word_1_708' title='bbox 1427 1373 1561 1407; x_wconf 85' lang='lat' dir='ltr'><strong>pericula?</strong></span> <span class='ocrx_word' id='word_1_709' title='bbox 1579 1373 1674 1402; x_wconf 71' lang='lat' dir='ltr'><strong>Verum</strong></span> <span class='ocrx_word' id='word_1_710' title='bbox 1688 1374 1751 1408; x_wconf 89' lang='lat' dir='ltr'><strong>quid</strong></span> <span class='ocrx_word' id='word_1_711' title='bbox 1766 1374 1824 1400; x_wconf 84' lang='lat' dir='ltr'><strong>dico</strong></span> 
     </span>
    </p>
   </div>
   <div class='ocr_carea' id='block_1_90' title="bbox 1029 1417 1821 1454">
    <p class='ocr_par' dir='ltr' id='par_1_90' title="bbox 1029 1417 1821 1454">
     <span class='ocr_line' id='line_1_90' title="bbox 1029 1417 1821 1454; baseline 0.004 -10"><span class='ocrx_word' id='word_1_712' title='bbox 1029 1417 1136 1451; x_wconf 83' lang='lat' dir='ltr'><strong>famem,</strong></span> <span class='ocrx_word' id='word_1_713' title='bbox 1152 1423 1178 1445; x_wconf 90' lang='lat' dir='ltr'><strong>et</strong></span> <span class='ocrx_word' id='word_1_714' title='bbox 1192 1418 1349 1450; x_wconf 84' lang='lat' dir='ltr'><strong>nuditatem,</strong></span> <span class='ocrx_word' id='word_1_715' title='bbox 1364 1422 1391 1445; x_wconf 90' lang='lat' dir='ltr'><strong>et</strong></span> <span class='ocrx_word' id='word_1_716' title='bbox 1413 1419 1532 1453; x_wconf 90' lang='lat' dir='ltr'><strong>pericula</strong></span> <span class='ocrx_word' id='word_1_717' title='bbox 1543 1419 1554 1446; x_wconf 88' lang='lat'><strong>?</strong></span> <span class='ocrx_word' id='word_1_718' title='bbox 1564 1427 1626 1446; x_wconf 91' lang='lat' dir='ltr'><strong>num</strong></span> <span class='ocrx_word' id='word_1_719' title='bbox 1641 1420 1764 1454; x_wconf 79' lang='lat' dir='ltr'><strong>gladius?</strong></span> <span class='ocrx_word' id='word_1_720' title='bbox 1784 1420 1821 1448; x_wconf 86' lang='lat' dir='ltr'><strong>Ne</strong></span> 
     </span>
    </p>
   </div>
   <div class='ocr_carea' id='block_1_91' title="bbox 1029 1465 1823 1502">
    <p class='ocr_par' dir='ltr' id='par_1_91' title="bbox 1029 1465 1823 1502">
     <span class='ocr_line' id='line_1_91' title="bbox 1029 1465 1823 1502; baseline 0.004 -11"><span class='ocrx_word' id='word_1_721' title='bbox 1029 1472 1101 1492; x_wconf 87' lang='lat' dir='ltr'><strong>mors</strong></span> <span class='ocrx_word' id='word_1_722' title='bbox 1115 1465 1222 1500; x_wconf 89' lang='lat' dir='ltr'><strong>quidem</strong></span> <span class='ocrx_word' id='word_1_723' title='bbox 1235 1465 1302 1501; x_wconf 82' lang='lat' dir='ltr'><strong>ipsa,</strong></span> <span class='ocrx_word' id='word_1_724' title='bbox 1317 1466 1339 1493; x_wconf 92' lang='lat' dir='ltr'><strong>si</strong></span> <span class='ocrx_word' id='word_1_725' title='bbox 1362 1466 1512 1501; x_wconf 81' lang='lat' dir='ltr'><strong>inlligatur,</strong></span> <span class='ocrx_word' id='word_1_726' title='bbox 1526 1467 1576 1494; x_wconf 91' lang='lat' dir='ltr'><strong>hoc</strong></span> <span class='ocrx_word' id='word_1_727' title='bbox 1589 1468 1685 1502; x_wconf 84' lang='lat' dir='ltr'><strong>poterit</strong></span> <span class='ocrx_word' id='word_1_728' title='bbox 1699 1468 1804 1496; x_wconf 82' lang='lat' dir='ltr'><strong>efﬁcere</strong></span> <span class='ocrx_word' id='word_1_729' title='bbox 1816 1477 1823 1493; x_wconf 86' lang='lat'>:</span> 
     </span>
    </p>
   </div>
   <div class='ocr_carea' id='block_1_92' title="bbox 1029 1511 1823 1547">
    <p class='ocr_par' dir='ltr' id='par_1_92' title="bbox 1029 1511 1823 1547">
     <span class='ocr_line' id='line_1_92' title="bbox 1029 1511 1823 1547; baseline 0.005 -10"><span class='ocrx_word' id='word_1_730' title='bbox 1029 1511 1054 1538; x_wconf 91' lang='lat' dir='ltr'><strong>id</strong></span> <span class='ocrx_word' id='word_1_731' title='bbox 1065 1511 1136 1538; x_wconf 89' lang='lat' dir='ltr'><strong>enitn</strong></span> <span class='ocrx_word' id='word_1_732' title='bbox 1157 1519 1268 1546; x_wconf 90' lang='lat' dir='ltr'><strong>prorsus</strong></span> <span class='ocrx_word' id='word_1_733' title='bbox 1284 1512 1450 1547; x_wconf 82' lang='lat' dir='ltr'><strong>impossibile</strong></span> <span class='ocrx_word' id='word_1_734' title='bbox 1472 1518 1523 1540; x_wconf 88' lang='lat' dir='ltr'><strong>est.</strong></span> <span class='ocrx_word' id='word_1_735' title='bbox 1538 1513 1632 1541; x_wconf 79' lang='lat' dir='ltr'><strong>Nullus</strong></span> <span class='ocrx_word' id='word_1_736' title='bbox 1651 1515 1717 1541; x_wconf 87' lang='lat' dir='ltr'><strong>alius</strong></span> <span class='ocrx_word' id='word_1_737' title='bbox 1731 1515 1770 1542; x_wconf 88' lang='lat' dir='ltr'><strong>sic</strong></span> <span class='ocrx_word' id='word_1_738' title='bbox 1782 1515 1823 1542; x_wconf 92' lang='lat' dir='ltr'><strong>di-</strong></span> 
     </span>
    </p>
   </div>
   <div class='ocr_carea' id='block_1_93' title="bbox 1028 1557 1825 1593">
    <p class='ocr_par' dir='ltr' id='par_1_93' title="bbox 1028 1557 1825 1593">
     <span class='ocr_line' id='line_1_93' title="bbox 1028 1557 1825 1593; baseline 0.005 -10"><span class='ocrx_word' id='word_1_739' title='bbox 1028 1562 1123 1591; x_wconf 80' lang='lat' dir='ltr'><strong>gnatus</strong></span> <span class='ocrx_word' id='word_1_740' title='bbox 1136 1561 1178 1584; x_wconf 89' lang='lat' dir='ltr'><strong>est</strong></span> <span class='ocrx_word' id='word_1_741' title='bbox 1201 1557 1311 1593; x_wconf 78' lang='lat' dir='ltr'><strong>diligere</strong></span> <span class='ocrx_word' id='word_1_742' title='bbox 1337 1558 1488 1591; x_wconf 87' lang='lat' dir='ltr'><strong>Dominum,</strong></span> <span class='ocrx_word' id='word_1_743' title='bbox 1508 1563 1540 1586; x_wconf 84' lang='lat' dir='ltr'><strong>ut</strong></span> <span class='ocrx_word' id='word_1_744' title='bbox 1558 1560 1633 1587; x_wconf 89' lang='lat' dir='ltr'><strong>beata</strong></span> <span class='ocrx_word' id='word_1_745' title='bbox 1657 1559 1699 1587; x_wconf 89' lang='lat' dir='ltr'><strong>illa</strong></span> <span class='ocrx_word' id='word_1_746' title='bbox 1726 1560 1825 1588; x_wconf 83' lang='lat' dir='ltr'><strong>anima.</strong></span> 
     </span>
    </p>
   </div>
   <div class='ocr_carea' id='block_1_94' title="bbox 1028 1602 1825 1639">
    <p class='ocr_par' dir='ltr' id='par_1_94' title="bbox 1028 1602 1825 1639">
     <span class='ocr_line' id='line_1_94' title="bbox 1028 1602 1825 1639; baseline 0.008 -11"><span class='ocrx_word' id='word_1_747' title='bbox 1028 1602 1108 1635; x_wconf 84' lang='lat' dir='ltr'><strong>Quasi</strong></span> <span class='ocrx_word' id='word_1_748' title='bbox 1122 1603 1194 1630; x_wconf 91' lang='lat' dir='ltr'><strong>enim</strong></span> <span class='ocrx_word' id='word_1_749' title='bbox 1217 1603 1343 1632; x_wconf 88' lang='lat' dir='ltr'><strong>liberatus</strong></span> <span class='ocrx_word' id='word_1_750' title='bbox 1363 1612 1378 1631; x_wconf 88' lang='lat' dir='ltr'><strong>a</strong></span> <span class='ocrx_word' id='word_1_751' title='bbox 1398 1612 1521 1639; x_wconf 84' lang='lat' dir='ltr'><strong>corpore,</strong></span> <span class='ocrx_word' id='word_1_752' title='bbox 1535 1611 1562 1633; x_wconf 90' lang='lat' dir='ltr'><strong>et</strong></span> <span class='ocrx_word' id='word_1_753' title='bbox 1583 1607 1704 1634; x_wconf 88' lang='lat' dir='ltr'><strong>sublimis</strong></span> <span class='ocrx_word' id='word_1_754' title='bbox 1730 1607 1825 1639; x_wconf 66' lang='lat' dir='ltr'><strong>fartus,</strong></span> 
     </span>
    </p>
   </div>
   <div class='ocr_carea' id='block_1_95' title="bbox 1030 1648 1820 1687">
    <p class='ocr_par' dir='ltr' id='par_1_95' title="bbox 1030 1648 1820 1687">
     <span class='ocr_line' id='line_1_95' title="bbox 1030 1648 1820 1687; baseline 0.006 -12"><span class='ocrx_word' id='word_1_755' title='bbox 1030 1653 1057 1675; x_wconf 93' lang='lat' dir='ltr'><strong>ut</strong></span> <span class='ocrx_word' id='word_1_756' title='bbox 1070 1648 1213 1681; x_wconf 86' lang='lat' dir='ltr'><strong>sicdicam,</strong></span> <span class='ocrx_word' id='word_1_757' title='bbox 1224 1657 1309 1684; x_wconf 84' lang='lat' dir='ltr'><strong>neque</strong></span> <span class='ocrx_word' id='word_1_758' title='bbox 1323 1658 1403 1685; x_wconf 88' lang='lat' dir='ltr'><strong>super</strong></span> <span class='ocrx_word' id='word_1_759' title='bbox 1413 1655 1510 1678; x_wconf 87' lang='lat' dir='ltr'><strong>terram</strong></span> <span class='ocrx_word' id='word_1_760' title='bbox 1523 1651 1658 1680; x_wconf 88' lang='lat' dir='ltr'><strong>ambulare</strong></span> <span class='ocrx_word' id='word_1_761' title='bbox 1669 1661 1698 1680; x_wconf 91' lang='lat' dir='ltr'><strong>se</strong></span> <span class='ocrx_word' id='word_1_762' title='bbox 1713 1658 1820 1687; x_wconf 82' lang='lat' dir='ltr'><strong>putans.</strong></span> 
     </span>
    </p>
   </div>
   <div class='ocr_carea' id='block_1_96' title="bbox 1030 1693 1822 1730">
    <p class='ocr_par' dir='ltr' id='par_1_96' title="bbox 1030 1693 1822 1730">
     <span class='ocr_line' id='line_1_96' title="bbox 1030 1693 1822 1730; baseline 0.008 -10"><span class='ocrx_word' id='word_1_763' title='bbox 1030 1693 1064 1720; x_wconf 90' lang='lat' dir='ltr'><strong>ita</strong></span> <span class='ocrx_word' id='word_1_764' title='bbox 1079 1693 1204 1730; x_wconf 90' lang='lat' dir='ltr'><strong>loquitur.</strong></span> <span class='ocrx_word' id='word_1_765' title='bbox 1222 1696 1304 1722; x_wconf 82' lang='lat' dir='ltr'><strong>Amor</strong></span> <span class='ocrx_word' id='word_1_766' title='bbox 1318 1696 1390 1723; x_wconf 86' lang='lat' dir='ltr'><strong>enim</strong></span> <span class='ocrx_word' id='word_1_767' title='bbox 1409 1697 1436 1723; x_wconf 94' lang='lat' dir='ltr'><strong>in</strong></span> <span class='ocrx_word' id='word_1_768' title='bbox 1463 1697 1547 1724; x_wconf 90' lang='lat' dir='ltr'><strong>Deum</strong></span> <span class='ocrx_word' id='word_1_769' title='bbox 1562 1702 1589 1724; x_wconf 89' lang='lat' dir='ltr'><strong>et</strong></span> <span class='ocrx_word' id='word_1_770' title='bbox 1607 1705 1734 1725; x_wconf 86' lang='lat' dir='ltr'><strong>succensa</strong></span> <span class='ocrx_word' id='word_1_771' title='bbox 1752 1700 1822 1725; x_wconf 78' lang='lat' dir='ltr'><strong>eari-</strong></span> 
     </span>
    </p>
   </div>
   <div class='ocr_carea' id='block_1_97' title="bbox 1030 1740 1825 1777">
    <p class='ocr_par' dir='ltr' id='par_1_97' title="bbox 1030 1740 1825 1777">
     <span class='ocr_line' id='line_1_97' title="bbox 1030 1740 1825 1777; baseline 0.001 -10"><span class='ocrx_word' id='word_1_772' title='bbox 1030 1744 1070 1767; x_wconf 85' lang='lat' dir='ltr'><strong>tas</strong></span> <span class='ocrx_word' id='word_1_773' title='bbox 1091 1745 1207 1769; x_wconf 88' lang='lat' dir='ltr'><strong>mentem</strong></span> <span class='ocrx_word' id='word_1_774' title='bbox 1213 1740 1272 1776; x_wconf 86' lang='lat' dir='ltr'><strong>ejus</strong></span> <span class='ocrx_word' id='word_1_775' title='bbox 1279 1747 1292 1767; x_wconf 88' lang='lat' dir='ltr'><strong>a</strong></span> <span class='ocrx_word' id='word_1_776' title='bbox 1299 1741 1511 1770; x_wconf 80' lang='lat' dir='ltr'><strong>sensibilibusad</strong></span> <span class='ocrx_word' id='word_1_777' title='bbox 1519 1743 1669 1777; x_wconf 85' lang='lat' dir='ltr'><strong>spiritualia</strong></span> <span class='ocrx_word' id='word_1_778' title='bbox 1678 1742 1825 1772; x_wconf 72' lang='lat' dir='ltr'><strong>transtulit,</strong></span> 
     </span>
    </p>
   </div>
   <div class='ocr_carea' id='block_1_98' title="bbox 1029 1787 1824 1821">
    <p class='ocr_par' dir='ltr' id='par_1_98' title="bbox 1029 1787 1824 1821">
     <span class='ocr_line' id='line_1_98' title="bbox 1029 1787 1824 1821; baseline 0.004 -8"><span class='ocrx_word' id='word_1_779' title='bbox 1029 1790 1057 1814; x_wconf 88' lang='lat' dir='ltr'><strong>ct</strong></span> <span class='ocrx_word' id='word_1_780' title='bbox 1069 1794 1083 1813; x_wconf 85' lang='lat' dir='ltr'><strong>a</strong></span> <span class='ocrx_word' id='word_1_781' title='bbox 1098 1787 1272 1821; x_wconf 77' lang='lat' dir='ltr'><strong>praesentibus</strong></span> <span class='ocrx_word' id='word_1_782' title='bbox 1280 1787 1313 1814; x_wconf 89' lang='lat' dir='ltr'><strong>ad</strong></span> <span class='ocrx_word' id='word_1_783' title='bbox 1326 1787 1422 1820; x_wconf 89' lang='lat' dir='ltr'><strong>futura,</strong></span> <span class='ocrx_word' id='word_1_784' title='bbox 1438 1794 1465 1815; x_wconf 88' lang='lat' dir='ltr'><strong>et</strong></span> <span class='ocrx_word' id='word_1_785' title='bbox 1478 1795 1493 1814; x_wconf 86' lang='lat' dir='ltr'><strong>a</strong></span> <span class='ocrx_word' id='word_1_786' title='bbox 1505 1788 1653 1816; x_wconf 83' lang='lat' dir='ltr'><strong>visibilihus</strong></span> <span class='ocrx_word' id='word_1_787' title='bbox 1671 1789 1704 1816; x_wconf 89' lang='lat' dir='ltr'><strong>ad</strong></span> <span class='ocrx_word' id='word_1_788' title='bbox 1718 1796 1770 1816; x_wconf 86' lang='lat' dir='ltr'><strong>non</strong></span> <span class='ocrx_word' id='word_1_789' title='bbox 1786 1789 1824 1816; x_wconf 84' lang='lat' dir='ltr'><strong>vi—</strong></span> 
     </span>
    </p>
   </div>
   <div class='ocr_carea' id='block_1_99' title="bbox 1030 1831 1823 1862">
    <p class='ocr_par' dir='ltr' id='par_1_99' title="bbox 1030 1831 1823 1862">
     <span class='ocr_line' id='line_1_99' title="bbox 1030 1831 1823 1862; baseline 0.005 -4"><span class='ocrx_word' id='word_1_790' title='bbox 1030 1831 1126 1859; x_wconf 85' lang='lat' dir='ltr'><strong>sibilia.</strong></span> <span class='ocrx_word' id='word_1_791' title='bbox 1143 1832 1217 1859; x_wconf 87' lang='lat' dir='ltr'><strong>Talis</strong></span> <span class='ocrx_word' id='word_1_792' title='bbox 1230 1833 1301 1860; x_wconf 85' lang='lat' dir='ltr'><strong>enim</strong></span> <span class='ocrx_word' id='word_1_793' title='bbox 1320 1840 1362 1860; x_wconf 88' lang='lat' dir='ltr'><strong>res</strong></span> <span class='ocrx_word' id='word_1_794' title='bbox 1376 1838 1416 1860; x_wconf 93' lang='lat' dir='ltr'><strong>cst</strong></span> <span class='ocrx_word' id='word_1_795' title='bbox 1431 1833 1495 1861; x_wconf 87' lang='lat' dir='ltr'><strong>fides</strong></span> <span class='ocrx_word' id='word_1_796' title='bbox 1509 1838 1536 1862; x_wconf 86' lang='lat' dir='ltr'><strong>et</strong></span> <span class='ocrx_word' id='word_1_797' title='bbox 1559 1835 1656 1862; x_wconf 87' lang='lat' dir='ltr'><strong>caritas</strong></span> <span class='ocrx_word' id='word_1_798' title='bbox 1676 1835 1703 1862; x_wconf 91' lang='lat' dir='ltr'><strong>itt</strong></span> <span class='ocrx_word' id='word_1_799' title='bbox 1730 1836 1823 1862; x_wconf 85' lang='lat' dir='ltr'><strong>Deum.</strong></span> 
     </span>
    </p>
   </div>
   <div class='ocr_carea' id='block_1_100' title="bbox 1031 1877 1826 1914">
    <p class='ocr_par' dir='ltr' id='par_1_100' title="bbox 1031 1877 1826 1914">
     <span class='ocr_line' id='line_1_100' title="bbox 1031 1877 1826 1914; baseline 0.004 -9"><span class='ocrx_word' id='word_1_800' title='bbox 1031 1877 1061 1905; x_wconf 84' lang='lat' dir='ltr'><strong>Et</strong></span> <span class='ocrx_word' id='word_1_801' title='bbox 1077 1882 1106 1905; x_wconf 87' lang='lat' dir='ltr'><strong>ut</strong></span> <span class='ocrx_word' id='word_1_802' title='bbox 1118 1878 1206 1905; x_wconf 85' lang='lat' dir='ltr'><strong>discas</strong></span> <span class='ocrx_word' id='word_1_803' title='bbox 1219 1886 1345 1914; x_wconf 79' lang='lat' dir='ltr'><strong>magnum</strong></span> <span class='ocrx_word' id='word_1_804' title='bbox 1360 1880 1418 1913; x_wconf 85' lang='lat' dir='ltr'><strong>ejus</strong></span> <span class='ocrx_word' id='word_1_805' title='bbox 1430 1880 1519 1907; x_wconf 85' lang='lat' dir='ltr'><strong>cordis</strong></span> <span class='ocrx_word' id='word_1_806' title='bbox 1534 1880 1676 1914; x_wconf 81' lang='lat' dir='ltr'><strong>affectum,</strong></span> <span class='ocrx_word' id='word_1_807' title='bbox 1693 1881 1826 1909; x_wconf 86' lang='lat' dir='ltr'><strong>videeum</strong></span> 
     </span>
    </p>
   </div>
   <div class='ocr_carea' id='block_1_101' title="bbox 1031 1925 1828 1963">
    <p class='ocr_par' dir='ltr' id='par_1_101' title="bbox 1031 1925 1828 1963">
     <span class='ocr_line' id='line_1_101' title="bbox 1031 1925 1828 1963; baseline 0.006 -12"><span class='ocrx_word' id='word_1_808' title='bbox 1031 1925 1075 1959; x_wconf 83' lang='lat' dir='ltr'><strong>qui</strong></span> <span class='ocrx_word' id='word_1_809' title='bbox 1091 1926 1129 1952; x_wconf 88' lang='lat' dir='ltr'><strong>sic</strong></span> <span class='ocrx_word' id='word_1_810' title='bbox 1142 1926 1283 1954; x_wconf 86' lang='lat' dir='ltr'><strong>Dominum</strong></span> <span class='ocrx_word' id='word_1_811' title='bbox 1298 1927 1400 1961; x_wconf 77' lang='lat' dir='ltr'><strong>dilexit,</strong></span> <span class='ocrx_word' id='word_1_812' title='bbox 1415 1932 1440 1955; x_wconf 86' lang='lat' dir='ltr'><strong>et</strong></span> <span class='ocrx_word' id='word_1_813' title='bbox 1462 1928 1488 1955; x_wconf 94' lang='lat' dir='ltr'><strong>in</strong></span> <span class='ocrx_word' id='word_1_814' title='bbox 1509 1928 1566 1963; x_wconf 82' lang='lat' dir='ltr'><strong>ejus</strong></span> <span class='ocrx_word' id='word_1_815' title='bbox 1582 1929 1720 1956; x_wconf 88' lang='lat' dir='ltr'><strong>caritatem</strong></span> <span class='ocrx_word' id='word_1_816' title='bbox 1749 1936 1828 1956; x_wconf 84' lang='lat' dir='ltr'><strong>exar-</strong></span> 
     </span>
    </p>
   </div>
   <div class='ocr_carea' id='block_1_102' title="bbox 1030 1969 1825 2008">
    <p class='ocr_par' dir='ltr' id='par_1_102' title="bbox 1030 1969 1825 2008">
     <span class='ocr_line' id='line_1_102' title="bbox 1030 1969 1825 2008; baseline 0.006 -12"><span class='ocrx_word' id='word_1_817' title='bbox 1030 1970 1075 2002; x_wconf 89' lang='lat' dir='ltr'><strong>sit,</strong></span> <span class='ocrx_word' id='word_1_818' title='bbox 1091 1969 1185 2006; x_wconf 82' lang='lat' dir='ltr'><strong>fugari,</strong></span> <span class='ocrx_word' id='word_1_819' title='bbox 1199 1973 1433 2007; x_wconf 64' lang='lat' dir='ltr'><strong>per-aequationem</strong></span> <span class='ocrx_word' id='word_1_820' title='bbox 1453 1973 1517 2008; x_wconf 87' lang='lat' dir='ltr'><strong>pati,</strong></span> <span class='ocrx_word' id='word_1_821' title='bbox 1533 1973 1673 2008; x_wconf 83' lang='lat' dir='ltr'><strong>flagellari,</strong></span> <span class='ocrx_word' id='word_1_822' title='bbox 1688 1974 1825 2002; x_wconf 82' lang='lat' dir='ltr'><strong>innumera</strong></span> 
     </span>
    </p>
   </div>
   <div class='ocr_carea' id='block_1_103' title="bbox 1027 2015 1827 2051">
    <p class='ocr_par' dir='ltr' id='par_1_103' title="bbox 1027 2015 1827 2051">
     <span class='ocr_line' id='line_1_103' title="bbox 1027 2015 1827 2051; baseline 0.006 -10"><span class='ocrx_word' id='word_1_823' title='bbox 1027 2015 1120 2049; x_wconf 71' lang='lat' dir='ltr'><strong>gravia</strong></span> <span class='ocrx_word' id='word_1_824' title='bbox 1147 2016 1227 2049; x_wconf 86' lang='lat' dir='ltr'><strong>ferre,</strong></span> <span class='ocrx_word' id='word_1_825' title='bbox 1243 2021 1270 2044; x_wconf 87' lang='lat' dir='ltr'><strong>et</strong></span> <span class='ocrx_word' id='word_1_826' title='bbox 1292 2017 1381 2045; x_wconf 84' lang='lat' dir='ltr'><strong>dicere</strong></span> <span class='ocrx_word' id='word_1_827' title='bbox 1398 2029 1404 2045; x_wconf 90' lang='lat'>:</span> <span class='ocrx_word' id='word_1_828' title='bbox 1420 2018 1455 2045; x_wconf 84' lang='lat' dir='ltr'><strong>In</strong></span> <span class='ocrx_word' id='word_1_829' title='bbox 1471 2018 1596 2045; x_wconf 76' lang='lat' dir='ltr'><strong>laboribus</strong></span> <span class='ocrx_word' id='word_1_830' title='bbox 1609 2019 1786 2051; x_wconf 75' lang='lat' dir='ltr'><strong>abundantius,</strong></span> <span class='ocrx_word' id='word_1_831' title='bbox 1802 2019 1827 2046; x_wconf 79' lang='lat' dir='ltr'><strong>iu</strong></span> 
     </span>
    </p>
   </div>
   <div class='ocr_carea' id='block_1_104' title="bbox 1032 2061 1825 2100">
    <p class='ocr_par' dir='ltr' id='par_1_104' title="bbox 1032 2061 1825 2100">
     <span class='ocr_line' id='line_1_104' title="bbox 1032 2061 1825 2100; baseline 0.005 -12"><span class='ocrx_word' id='word_1_832' title='bbox 1032 2061 1114 2097; x_wconf 79' lang='lat' dir='ltr'><strong>plagis</strong></span> <span class='ocrx_word' id='word_1_833' title='bbox 1127 2071 1204 2097; x_wconf 80' lang='lat' dir='ltr'><strong>supra</strong></span> <span class='ocrx_word' id='word_1_834' title='bbox 1218 2064 1329 2096; x_wconf 86' lang='lat' dir='ltr'><strong>modum,</strong></span> <span class='ocrx_word' id='word_1_835' title='bbox 1348 2064 1374 2091; x_wconf 84' lang='lat' dir='ltr'><strong>in</strong></span> <span class='ocrx_word' id='word_1_836' title='bbox 1387 2064 1509 2091; x_wconf 83' lang='lat' dir='ltr'><strong>mortibus</strong></span> <span class='ocrx_word' id='word_1_837' title='bbox 1520 2066 1662 2100; x_wconf 84' lang='lat' dir='ltr'><strong>frequenter</strong></span> <span class='ocrx_word' id='word_1_838' title='bbox 1675 2073 1685 2092; x_wconf 90' lang='lat'><em>:</em></span> <span class='ocrx_word' id='word_1_839' title='bbox 1699 2073 1715 2091; x_wconf 75' lang='grc' dir='ltr'><strong>τι</strong></span> <span class='ocrx_word' id='word_1_840' title='bbox 1726 2065 1825 2092; x_wconf 73' lang='grc' dir='ltr'><strong>,Ιιιᾱωίε</strong></span> 
     </span>
    </p>
   </div>
   <div class='ocr_carea' id='block_1_105' title="bbox 1031 2109 1829 2146">
    <p class='ocr_par' dir='ltr' id='par_1_105' title="bbox 1031 2109 1829 2146">
     <span class='ocr_line' id='line_1_105' title="bbox 1031 2109 1829 2146; baseline 0.005 -12"><span class='ocrx_word' id='word_1_841' title='bbox 1031 2111 1162 2146; x_wconf 82' lang='lat' dir='ltr'><strong>quinquies</strong></span> <span class='ocrx_word' id='word_1_842' title='bbox 1181 2109 1355 2146; x_wconf 83' lang='lat' dir='ltr'><strong>quadragenas</strong></span> <span class='ocrx_word' id='word_1_843' title='bbox 1377 2119 1428 2137; x_wconf 85' lang='lat' dir='ltr'><strong>una</strong></span> <span class='ocrx_word' id='word_1_844' title='bbox 1451 2111 1533 2138; x_wconf 87' lang='lat' dir='ltr'><strong>minus</strong></span> <span class='ocrx_word' id='word_1_845' title='bbox 1557 2111 1643 2146; x_wconf 71' lang='lat' dir='ltr'><strong>accepi</strong></span> <span class='ocrx_word' id='word_1_846' title='bbox 1663 2118 1674 2138; x_wconf 89' lang='lat'><strong><em>:</em></strong></span> <span class='ocrx_word' id='word_1_847' title='bbox 1688 2115 1724 2138; x_wconf 84' lang='lat' dir='ltr'><strong>ter</strong></span> <span class='ocrx_word' id='word_1_848' title='bbox 1753 2111 1829 2146; x_wconf 79' lang='lat' dir='ltr'><strong>virgis</strong></span> 
     </span>
    </p>
   </div>
   <div class='ocr_carea' id='block_1_106' title="bbox 1031 2156 1827 2192">
    <p class='ocr_par' dir='ltr' id='par_1_106' title="bbox 1031 2156 1827 2192">
     <span class='ocr_line' id='line_1_106' title="bbox 1031 2156 1827 2192; baseline -0.001 -9"><span class='ocrx_word' id='word_1_849' title='bbox 1031 2164 1113 2184; x_wconf 71' lang='lat' dir='ltr'><strong>cwsus</strong></span> <span class='ocrx_word' id='word_1_850' title='bbox 1137 2164 1203 2188; x_wconf 80' lang='lat' dir='ltr'><strong>sum,</strong></span> <span class='ocrx_word' id='word_1_851' title='bbox 1218 2156 1293 2183; x_wconf 78' lang='lat' dir='ltr'><strong>semel</strong></span> <span class='ocrx_word' id='word_1_852' title='bbox 1313 2156 1441 2192; x_wconf 85' lang='lat' dir='ltr'><strong>lapidatus</strong></span> <span class='ocrx_word' id='word_1_853' title='bbox 1461 2164 1527 2189; x_wconf 82' lang='lat' dir='ltr'><strong>sum,</strong></span> <span class='ocrx_word' id='word_1_854' title='bbox 1544 2161 1581 2183; x_wconf 88' lang='lat' dir='ltr'><strong>ter</strong></span> <span class='ocrx_word' id='word_1_855' title='bbox 1593 2156 1755 2192; x_wconf 78' lang='lat' dir='ltr'><strong>naufragium</strong></span> <span class='ocrx_word' id='word_1_856' title='bbox 1769 2156 1827 2191; x_wconf 67' lang='lat' dir='ltr'><strong>feci,</strong></span> 
     </span>
    </p>
   </div>
   <div class='ocr_carea' id='block_1_107' title="bbox 1032 2202 1826 2238">
    <p class='ocr_par' dir='ltr' id='par_1_107' title="bbox 1032 2202 1826 2238">
     <span class='ocr_line' id='line_1_107' title="bbox 1032 2202 1826 2238; baseline -0.001 -9"><span class='ocrx_word' id='word_1_857' title='bbox 1032 2207 1104 2229; x_wconf 83' lang='lat' dir='ltr'><strong>nocte</strong></span> <span class='ocrx_word' id='word_1_858' title='bbox 1131 2206 1154 2228; x_wconf 85' lang='lat' dir='ltr'><strong>et</strong></span> <span class='ocrx_word' id='word_1_859' title='bbox 1184 2202 1224 2228; x_wconf 86' lang='lat' dir='ltr'><strong>die</strong></span> <span class='ocrx_word' id='word_1_860' title='bbox 1247 2202 1274 2228; x_wconf 86' lang='lat' dir='ltr'><strong>in</strong></span> <span class='ocrx_word' id='word_1_861' title='bbox 1297 2202 1426 2237; x_wconf 81' lang='lat' dir='ltr'><strong>profundo</strong></span> <span class='ocrx_word' id='word_1_862' title='bbox 1450 2202 1527 2228; x_wconf 80' lang='lat' dir='ltr'><strong>maris</strong></span> <span class='ocrx_word' id='word_1_863' title='bbox 1553 2202 1611 2238; x_wconf 79' lang='lat' dir='ltr'><strong>fui,</strong></span> <span class='ocrx_word' id='word_1_864' title='bbox 1636 2202 1664 2228; x_wconf 81' lang='lat' dir='ltr'><strong>in</strong></span> <span class='ocrx_word' id='word_1_865' title='bbox 1696 2202 1826 2228; x_wconf 80' lang='lat' dir='ltr'><strong>itincribus</strong></span> 
     </span>
    </p>
   </div>
   <div class='ocr_carea' id='block_1_108' title="bbox 1032 2249 1829 2285">
    <p class='ocr_par' dir='ltr' id='par_1_108' title="bbox 1032 2249 1829 2285">
     <span class='ocr_line' id='line_1_108' title="bbox 1032 2249 1829 2285; baseline 0 -9"><span class='ocrx_word' id='word_1_866' title='bbox 1032 2257 1100 2283; x_wconf 64' lang='lat' dir='ltr'><strong>stupe</strong></span> <span class='ocrx_word' id='word_1_867' title='bbox 1111 2270 1118 2281; x_wconf 90' lang='lat'><strong>,</strong></span> <span class='ocrx_word' id='word_1_868' title='bbox 1146 2249 1264 2283; x_wconf 79' lang='lat' dir='ltr'><strong>periculis</strong></span> <span class='ocrx_word' id='word_1_869' title='bbox 1292 2249 1425 2284; x_wconf 81' lang='lat' dir='ltr'><strong>ﬂuminum</strong></span> <span class='ocrx_word' id='word_1_870' title='bbox 1436 2269 1442 2280; x_wconf 85' lang='lat'><strong>,</strong></span> <span class='ocrx_word' id='word_1_871' title='bbox 1458 2249 1577 2283; x_wconf 75' lang='lat' dir='ltr'><strong>periculis</strong></span> <span class='ocrx_word' id='word_1_872' title='bbox 1592 2249 1719 2276; x_wconf 80' lang='lat' dir='ltr'><strong>latronum</strong></span> <span class='ocrx_word' id='word_1_873' title='bbox 1730 2270 1736 2280; x_wconf 84' lang='grc'><em>,</em></span> <span class='ocrx_word' id='word_1_874' title='bbox 1762 2250 1829 2285; x_wconf 74' lang='lat' dir='ltr'><strong>prri-</strong></span> 
     </span>
    </p>
   </div>
   <div class='ocr_carea' id='block_1_109' title="bbox 1033 2293 1828 2329">
    <p class='ocr_par' dir='ltr' id='par_1_109' title="bbox 1033 2293 1828 2329">
     <span class='ocr_line' id='line_1_109' title="bbox 1033 2293 1828 2329; baseline 0.001 -9"><span class='ocrx_word' id='word_1_875' title='bbox 1033 2293 1097 2321; x_wconf 83' lang='lat' dir='ltr'><strong>culis</strong></span> <span class='ocrx_word' id='word_1_876' title='bbox 1112 2294 1138 2320; x_wconf 87' lang='lat' dir='ltr'><strong>in</strong></span> <span class='ocrx_word' id='word_1_877' title='bbox 1160 2294 1232 2329; x_wconf 80' lang='lat' dir='ltr'><strong>falsis</strong></span> <span class='ocrx_word' id='word_1_878' title='bbox 1251 2293 1387 2328; x_wconf 88' lang='lat' dir='ltr'><strong>fratribus,</strong></span> <span class='ocrx_word' id='word_1_879' title='bbox 1399 2294 1426 2321; x_wconf 83' lang='lat' dir='ltr'><strong>in</strong></span> <span class='ocrx_word' id='word_1_880' title='bbox 1441 2295 1526 2321; x_wconf 79' lang='lat' dir='ltr'><strong>labore</strong></span> <span class='ocrx_word' id='word_1_881' title='bbox 1546 2300 1569 2321; x_wconf 77' lang='lat' dir='ltr'><strong>et</strong></span> <span class='ocrx_word' id='word_1_882' title='bbox 1582 2302 1696 2321; x_wconf 76' lang='lat' dir='ltr'><strong>terumua</strong></span> <span class='ocrx_word' id='word_1_883' title='bbox 1711 2294 1720 2329; x_wconf 91' lang='lat'><strong>(</strong></span> <span class='ocrx_word' id='word_1_884' title='bbox 1733 2293 1759 2320; x_wconf 69' lang='grc'><strong>2.</strong></span> <span class='ocrx_word' id='word_1_885' title='bbox 1769 2293 1828 2322; x_wconf 80' lang='lat' dir='ltr'><strong>Cor.</strong></span> 
     </span>
    </p>
   </div>
   <div class='ocr_carea' id='block_1_110' title="bbox 1034 2339 1824 2375">
    <p class='ocr_par' dir='ltr' id='par_1_110' title="bbox 1034 2339 1824 2375">
     <span class='ocr_line' id='line_1_110' title="bbox 1034 2339 1824 2375; baseline 0.003 -9"><span class='ocrx_word' id='word_1_886' title='bbox 1034 2339 1078 2366; x_wconf 82' lang='grc' dir='ltr'><strong>Η.</strong></span> <span class='ocrx_word' id='word_1_887' title='bbox 1093 2339 1192 2374; x_wconf 72' lang='grc'><strong>25-27)</strong></span> <span class='ocrx_word' id='word_1_888' title='bbox 1205 2347 1214 2366; x_wconf 88' lang='lat'><strong><em>:</em></strong></span> <span class='ocrx_word' id='word_1_889' title='bbox 1232 2344 1258 2367; x_wconf 91' lang='lat' dir='ltr'><strong>et</strong></span> <span class='ocrx_word' id='word_1_890' title='bbox 1273 2340 1333 2367; x_wconf 88' lang='lat' dir='ltr'><strong>talia</strong></span> <span class='ocrx_word' id='word_1_891' title='bbox 1349 2341 1459 2375; x_wconf 77' lang='lat' dir='ltr'><strong>patiens,</strong></span> <span class='ocrx_word' id='word_1_892' title='bbox 1483 2340 1614 2375; x_wconf 85' lang='lat' dir='ltr'><strong>gaudebat</strong></span> <span class='ocrx_word' id='word_1_893' title='bbox 1628 2344 1655 2368; x_wconf 91' lang='lat' dir='ltr'><strong>et</strong></span> <span class='ocrx_word' id='word_1_894' title='bbox 1667 2340 1824 2371; x_wconf 70' lang='lat' dir='ltr'><strong>cxaultabal.</strong></span> 
     </span>
    </p>
   </div>
   <div class='ocr_carea' id='block_1_111' title="bbox 1033 2384 1823 2420">
    <p class='ocr_par' dir='ltr' id='par_1_111' title="bbox 1033 2384 1823 2420">
     <span class='ocr_line' id='line_1_111' title="bbox 1033 2384 1823 2420; baseline 0 -8"><span class='ocrx_word' id='word_1_895' title='bbox 1033 2384 1138 2412; x_wconf 77' lang='lat' dir='ltr'><strong>Sciebat</strong></span> <span class='ocrx_word' id='word_1_896' title='bbox 1150 2385 1232 2418; x_wconf 88' lang='lat' dir='ltr'><strong>enim,</strong></span> <span class='ocrx_word' id='word_1_897' title='bbox 1248 2390 1275 2412; x_wconf 87' lang='lat' dir='ltr'><strong>et</strong></span> <span class='ocrx_word' id='word_1_898' title='bbox 1289 2386 1452 2420; x_wconf 76' lang='lat' dir='ltr'><strong>argumentis</strong></span> <span class='ocrx_word' id='word_1_899' title='bbox 1464 2386 1553 2412; x_wconf 88' lang='lat' dir='ltr'><strong>multis</strong></span> <span class='ocrx_word' id='word_1_900' title='bbox 1566 2390 1655 2412; x_wconf 80' lang='lat' dir='ltr'><strong>certus</strong></span> <span class='ocrx_word' id='word_1_901' title='bbox 1669 2389 1737 2417; x_wconf 86' lang='lat' dir='ltr'><strong>erat,</strong></span> <span class='ocrx_word' id='word_1_902' title='bbox 1750 2385 1823 2412; x_wconf 80' lang='lat' dir='ltr'><strong>labo—</strong></span> 
     </span>
    </p>
   </div>
   <div class='ocr_carea' id='block_1_112' title="bbox 1034 2432 1827 2466">
    <p class='ocr_par' dir='ltr' id='par_1_112' title="bbox 1034 2432 1827 2466">
     <span class='ocr_line' id='line_1_112' title="bbox 1034 2432 1827 2466; baseline 0.001 -8"><span class='ocrx_word' id='word_1_903' title='bbox 1034 2439 1076 2459; x_wconf 89' lang='lat' dir='ltr'><strong>res</strong></span> <span class='ocrx_word' id='word_1_904' title='bbox 1091 2437 1236 2466; x_wconf 68' lang='lat' dir='ltr'><strong>prtescntes</strong></span> <span class='ocrx_word' id='word_1_905' title='bbox 1250 2433 1365 2460; x_wconf 85' lang='lat' dir='ltr'><strong>maxima</strong></span> <span class='ocrx_word' id='word_1_906' title='bbox 1381 2432 1431 2459; x_wconf 85' lang='lat' dir='ltr'><strong>sibi</strong></span> <span class='ocrx_word' id='word_1_907' title='bbox 1453 2432 1560 2466; x_wconf 73' lang='lat' dir='ltr'><strong>prmmia</strong></span> <span class='ocrx_word' id='word_1_908' title='bbox 1573 2432 1727 2464; x_wconf 82' lang='lat' dir='ltr'><strong>conciliare,</strong></span> <span class='ocrx_word' id='word_1_909' title='bbox 1741 2436 1766 2458; x_wconf 90' lang='lat' dir='ltr'><strong>et</strong></span> <span class='ocrx_word' id='word_1_910' title='bbox 1781 2439 1827 2466; x_wconf 76' lang='lat' dir='ltr'><strong>pc-</strong></span> 
     </span>
    </p>
   </div>
   <div class='ocr_carea' id='block_1_113' title="bbox 1034 2478 1825 2512">
    <p class='ocr_par' dir='ltr' id='par_1_113' title="bbox 1034 2478 1825 2512">
     <span class='ocr_line' id='line_1_113' title="bbox 1034 2478 1825 2512; baseline -0.001 -7"><span class='ocrx_word' id='word_1_911' title='bbox 1034 2478 1115 2505; x_wconf 89' lang='lat' dir='ltr'><strong>ricula</strong></span> <span class='ocrx_word' id='word_1_912' title='bbox 1131 2486 1244 2506; x_wconf 89' lang='lat' dir='ltr'><strong>coronas</strong></span> <span class='ocrx_word' id='word_1_913' title='bbox 1259 2486 1361 2512; x_wconf 87' lang='lat' dir='ltr'><strong>parere.</strong></span> <span class='ocrx_word' id='word_1_914' title='bbox 1377 2478 1442 2505; x_wconf 82' lang='lat' dir='ltr'><strong>Nam</strong></span> <span class='ocrx_word' id='word_1_915' title='bbox 1453 2479 1474 2505; x_wconf 90' lang='lat' dir='ltr'><strong>si</strong></span> <span class='ocrx_word' id='word_1_916' title='bbox 1488 2478 1570 2505; x_wconf 85' lang='lat' dir='ltr'><strong>.lacoh</strong></span> <span class='ocrx_word' id='word_1_917' title='bbox 1585 2483 1693 2512; x_wconf 88' lang='lat' dir='ltr'><strong>propter</strong></span> <span class='ocrx_word' id='word_1_918' title='bbox 1706 2485 1825 2504; x_wconf 87' lang='lat' dir='ltr'><strong>amorem</strong></span> 
     </span>
    </p>
   </div>
   <div class='ocr_carea' id='block_1_114' title="bbox 1035 2523 1824 2559">
    <p class='ocr_par' dir='ltr' id='par_1_114' title="bbox 1035 2523 1824 2559">
     <span class='ocr_line' id='line_1_114' title="bbox 1035 2523 1824 2559; baseline 0 -7"><span class='ocrx_word' id='word_1_919' title='bbox 1035 2524 1062 2551; x_wconf 92' lang='lat' dir='ltr'><strong>in</strong></span> <span class='ocrx_word' id='word_1_920' title='bbox 1075 2524 1216 2552; x_wconf 83' lang='lat' dir='ltr'><strong>Racltelem</strong></span> <span class='ocrx_word' id='word_1_921' title='bbox 1228 2524 1303 2559; x_wconf 90' lang='lat' dir='ltr'><strong>quasi</strong></span> <span class='ocrx_word' id='word_1_922' title='bbox 1319 2524 1444 2559; x_wconf 89' lang='lat' dir='ltr'><strong>pauculos</strong></span> <span class='ocrx_word' id='word_1_923' title='bbox 1456 2523 1513 2551; x_wconf 85' lang='lat' dir='ltr'><strong>dies</strong></span> <span class='ocrx_word' id='word_1_924' title='bbox 1524 2525 1691 2558; x_wconf 85' lang='lat' dir='ltr'><strong>septennium</strong></span> <span class='ocrx_word' id='word_1_925' title='bbox 1705 2524 1824 2559; x_wconf 87' lang='lat' dir='ltr'><strong>putabat.</strong></span> 
     </span>
    </p>
   </div>
   <div class='ocr_carea' id='block_1_115' title="bbox 1034 2569 1828 2605">
    <p class='ocr_par' dir='ltr' id='par_1_115' title="bbox 1034 2569 1828 2605">
     <span class='ocr_line' id='line_1_115' title="bbox 1034 2569 1828 2605; baseline -0.001 -8"><span class='ocrx_word' id='word_1_926' title='bbox 1034 2571 1117 2598; x_wconf 91' lang='lat' dir='ltr'><strong>multo</strong></span> <span class='ocrx_word' id='word_1_927' title='bbox 1130 2570 1213 2605; x_wconf 79' lang='lat' dir='ltr'><strong>magis</strong></span> <span class='ocrx_word' id='word_1_928' title='bbox 1226 2570 1318 2597; x_wconf 89' lang='lat' dir='ltr'><strong>beatus</strong></span> <span class='ocrx_word' id='word_1_929' title='bbox 1332 2570 1376 2597; x_wconf 91' lang='lat' dir='ltr'><strong>ille</strong></span> <span class='ocrx_word' id='word_1_930' title='bbox 1389 2570 1476 2597; x_wconf 83' lang='lat' dir='ltr'><strong>omnia</strong></span> <span class='ocrx_word' id='word_1_931' title='bbox 1493 2569 1566 2596; x_wconf 87' lang='lat' dir='ltr'><strong>nihili</strong></span> <span class='ocrx_word' id='word_1_932' title='bbox 1582 2569 1704 2600; x_wconf 81' lang='lat' dir='ltr'><strong>faciebat,</strong></span> <span class='ocrx_word' id='word_1_933' title='bbox 1714 2578 1828 2596; x_wconf 86' lang='lat' dir='ltr'><strong>succen-</strong></span> 
     </span>
    </p>
   </div>
   <div class='ocr_carea' id='block_1_116' title="bbox 1034 2615 1829 2650">
    <p class='ocr_par' dir='ltr' id='par_1_116' title="bbox 1034 2615 1829 2650">
     <span class='ocr_line' id='line_1_116' title="bbox 1034 2615 1829 2650; baseline -0.004 -6"><span class='ocrx_word' id='word_1_934' title='bbox 1034 2624 1080 2644; x_wconf 85' lang='lat' dir='ltr'><strong>sus</strong></span> <span class='ocrx_word' id='word_1_935' title='bbox 1093 2617 1175 2644; x_wconf 85' lang='lat' dir='ltr'><strong>semel</strong></span> <span class='ocrx_word' id='word_1_936' title='bbox 1188 2624 1278 2643; x_wconf 87' lang='lat' dir='ltr'><strong>amore</strong></span> <span class='ocrx_word' id='word_1_937' title='bbox 1289 2616 1314 2643; x_wconf 94' lang='lat' dir='ltr'><strong>in</strong></span> <span class='ocrx_word' id='word_1_938' title='bbox 1331 2616 1425 2647; x_wconf 83' lang='lat' dir='ltr'><strong>Deum,</strong></span> <span class='ocrx_word' id='word_1_939' title='bbox 1442 2619 1469 2643; x_wconf 92' lang='lat' dir='ltr'><strong>et</strong></span> <span class='ocrx_word' id='word_1_940' title='bbox 1489 2621 1597 2650; x_wconf 77' lang='lat' dir='ltr'><strong>propter</strong></span> <span class='ocrx_word' id='word_1_941' title='bbox 1611 2615 1746 2642; x_wconf 77' lang='lat' dir='ltr'><strong>Christum</strong></span> <span class='ocrx_word' id='word_1_942' title='bbox 1761 2615 1829 2641; x_wconf 86' lang='lat' dir='ltr'><strong>dile-</strong></span> 
     </span>
    </p>
   </div>
   <div class='ocr_carea' id='block_1_117' title="bbox 1034 2661 1830 2696">
    <p class='ocr_par' dir='ltr' id='par_1_117' title="bbox 1034 2661 1830 2696">
     <span class='ocr_line' id='line_1_117' title="bbox 1034 2661 1830 2696; baseline -0.004 -7"><span class='ocrx_word' id='word_1_943' title='bbox 1034 2667 1106 2690; x_wconf 87' lang='lat' dir='ltr'><strong>ctttm</strong></span> <span class='ocrx_word' id='word_1_944' title='bbox 1121 2663 1210 2689; x_wconf 85' lang='lat' dir='ltr'><strong>omnia</strong></span> <span class='ocrx_word' id='word_1_945' title='bbox 1221 2662 1319 2689; x_wconf 85' lang='lat' dir='ltr'><strong>ferens.</strong></span> <span class='ocrx_word' id='word_1_946' title='bbox 1334 2661 1589 2696; x_wconf 76' lang='lat' dir='ltr'><strong>Studeamusigitur,</strong></span> <span class='ocrx_word' id='word_1_947' title='bbox 1603 2661 1724 2693; x_wconf 83' lang='lat' dir='ltr'><strong>obsecro,</strong></span> <span class='ocrx_word' id='word_1_948' title='bbox 1741 2665 1768 2687; x_wconf 84' lang='lat' dir='ltr'><strong>et</strong></span> <span class='ocrx_word' id='word_1_949' title='bbox 1782 2668 1830 2688; x_wconf 77' lang='lat' dir='ltr'><strong>nos</strong></span> 
     </span>
    </p>
   </div>
   <div class='ocr_carea' id='block_1_118' title="bbox 1035 2705 1828 2743">
    <p class='ocr_par' dir='ltr' id='par_1_118' title="bbox 1035 2705 1828 2743">
     <span class='ocr_line' id='line_1_118' title="bbox 1035 2705 1828 2743; baseline -0.003 -8"><span class='ocrx_word' id='word_1_950' title='bbox 1035 2708 1145 2743; x_wconf 74' lang='lat' dir='ltr'><strong>diligere</strong></span> <span class='ocrx_word' id='word_1_951' title='bbox 1165 2708 1310 2735; x_wconf 84' lang='lat' dir='ltr'><strong>Christum.</strong></span> <span class='ocrx_word' id='word_1_952' title='bbox 1328 2707 1397 2735; x_wconf 83' lang='lat' dir='ltr'><strong>Nihil</strong></span> <span class='ocrx_word' id='word_1_953' title='bbox 1411 2707 1482 2735; x_wconf 88' lang='lat' dir='ltr'><strong>cnim</strong></span> <span class='ocrx_word' id='word_1_954' title='bbox 1496 2707 1577 2739; x_wconf 85' lang='lat' dir='ltr'><strong>aliud,</strong></span> <span class='ocrx_word' id='word_1_955' title='bbox 1596 2706 1693 2742; x_wconf 62' lang='lat' dir='ltr'><strong>inquit;</strong></span> <span class='ocrx_word' id='word_1_956' title='bbox 1707 2705 1828 2733; x_wconf 78' lang='lat' dir='ltr'><strong>Christus</strong></span> 
     </span>
    </p>
   </div>
   <div class='ocr_carea' id='block_1_119' title="bbox 1065 2794 1828 2826">
    <p class='ocr_par' dir='ltr' id='par_1_119' title="bbox 1065 2794 1828 2826">
     <span class='ocr_line' id='line_1_119' title="bbox 1065 2794 1828 2826; baseline -0.01 -1"><span class='ocrx_word' id='word_1_957' title='bbox 1065 2802 1074 2818; x_wconf 84' lang='grc'>¹</span> <span class='ocrx_word' id='word_1_958' title='bbox 1097 2800 1138 2825; x_wconf 88' lang='lat' dir='ltr'><strong>Sic</strong></span> <span class='ocrx_word' id='word_1_959' title='bbox 1159 2800 1208 2824; x_wconf 87' lang='lat' dir='ltr'><strong>duo</strong></span> <span class='ocrx_word' id='word_1_960' title='bbox 1232 2798 1280 2822; x_wconf 74' lang='lat' dir='ltr'><strong>Mss</strong></span> <span class='ocrx_word' id='word_1_961' title='bbox 1294 2816 1300 2826; x_wconf 86' lang='lat'>.</span> <span class='ocrx_word' id='word_1_962' title='bbox 1321 2800 1395 2826; x_wconf 74' lang='lat' dir='ltr'><strong>atque</strong></span> <span class='ocrx_word' id='word_1_963' title='bbox 1419 2795 1452 2820; x_wconf 84' lang='lat' dir='ltr'><strong>ita</strong></span> <span class='ocrx_word' id='word_1_964' title='bbox 1476 2795 1536 2826; x_wconf 84' lang='lat' dir='ltr'><strong>legit</strong></span> <span class='ocrx_word' id='word_1_965' title='bbox 1559 2797 1631 2818; x_wconf 78' lang='lat' dir='ltr'><strong>vetus</strong></span> <span class='ocrx_word' id='word_1_966' title='bbox 1645 2794 1781 2826; x_wconf 83' lang='lat' dir='ltr'><strong>lnterpres.</strong></span> <span class='ocrx_word' id='word_1_967' title='bbox 1803 2794 1828 2817; x_wconf 77' lang='lat' dir='ltr'><strong>la</strong></span> 
     </span>
    </p>
   </div>
   <div class='ocr_carea' id='block_1_120' title="bbox 1037 2826 1829 2861">
    <p class='ocr_par' dir='ltr' id='par_1_120' title="bbox 1037 2826 1829 2861">
     <span class='ocr_line' id='line_1_120' title="bbox 1037 2826 1829 2861; baseline -0.009 -4"><span class='ocrx_word' id='word_1_968' title='bbox 1037 2833 1113 2857; x_wconf 82' lang='lat' dir='ltr'><strong>Editis</strong></span> <span class='ocrx_word' id='word_1_969' title='bbox 1124 2832 1185 2859; x_wconf 70' lang='lat' dir='ltr'><strong>hmo.</strong></span> <span class='ocrx_word' id='word_1_970' title='bbox 1198 2828 1256 2861; x_wconf 83' lang='lat' dir='ltr'><strong>quid</strong></span> <span class='ocrx_word' id='word_1_971' title='bbox 1268 2828 1331 2861; x_wconf 77' lang='lat' dir='ltr'><strong>inter</strong></span> <span class='ocrx_word' id='word_1_972' title='bbox 1342 2826 1448 2861; x_wconf 75' lang='lat' dir='ltr'><strong>vis‘bilia</strong></span> <span class='ocrx_word' id='word_1_973' title='bbox 1460 2827 1491 2855; x_wconf 83' lang='grc' dir='ltr'><strong>(τί</strong></span> <span class='ocrx_word' id='word_1_974' title='bbox 1504 2827 1551 2851; x_wconf 81' lang='grc' dir='ltr'><strong>τῶν</strong></span> <span class='ocrx_word' id='word_1_975' title='bbox 1563 2826 1708 2857; x_wconf 71' lang='grc' dir='ltr'><strong>ὁρωμένων),</strong></span> <span class='ocrx_word' id='word_1_976' title='bbox 1726 2826 1829 2850; x_wconf 80' lang='lat' dir='ltr'><strong>deﬁcie—</strong></span> 
     </span>
    </p>
   </div>
   <div class='ocr_carea' id='block_1_121' title="bbox 1033 2858 1469 2891">
    <p class='ocr_par' dir='ltr' id='par_1_121' title="bbox 1033 2858 1469 2891">
     <span class='ocr_line' id='line_1_121' title="bbox 1033 2858 1469 2891; baseline -0.016 -3"><span class='ocrx_word' id='word_1_977' title='bbox 1033 2864 1110 2891; x_wconf 81' lang='lat' dir='ltr'><strong>bant;</strong></span> <span class='ocrx_word' id='word_1_978' title='bbox 1126 2862 1169 2886; x_wconf 85' lang='lat' dir='ltr'><strong>sed</strong></span> <span class='ocrx_word' id='word_1_979' title='bbox 1183 2858 1212 2886; x_wconf 78' lang='lat' dir='ltr'><strong>ea</strong></span> <span class='ocrx_word' id='word_1_980' title='bbox 1229 2859 1309 2886; x_wconf 79' lang='lat' dir='ltr'><strong>series</strong></span> <span class='ocrx_word' id='word_1_981' title='bbox 1323 2858 1469 2891; x_wconf 75' lang='lat' dir='ltr'><strong>postulabat.</strong></span> 
     </span>
    </p>
   </div>
  </div>
