2046 3126
193 129 246 157 £85

195 185 249 212 lum
264 184 360 218 reddit,
381 183 427 211 sed
442 190 502 211 cum
523 182 574 210 illis
585 189 695 217 regnum
710 181 834 209 caelorum
846 181 937 214 donat,
952 185 979 208 et

195 231 323 262 celebrat,
337 234 418 265 atque
429 233 549 263 coronat,
571 229 763 263 innumeraque
777 227 843 255 bona
859 227 979 262 largitur,

194 276 274 302 modo
289 283 322 302 ex
333 274 365 302 iis
377 282 436 310 qua:
449 274 483 302 ab
498 275 555 309 ipso
574 274 635 302 data
657 278 719 301 sunt
734 280 842 308 parvum
856 272 980 307 quiddam

194 321 294 348 inferre
306 320 478 348 voluerimus.
492 320 558 348 Num
580 327 660 355 grave
673 319 773 354 aliquid
791 323 818 346 et
839 325 980 346 onerosum

193 375 206 392 a
223 367 299 394 nobis
314 366 447 401 requirit?
467 366 504 393 Ea
519 373 577 401 quae
589 365 724 392 abundant
733 368 760 392 et
784 370 980 399 supervacanea

193 415 256 438 sunt
272 411 357 445 nobis,
371 411 519 439 necessaria
533 411 608 439 nobis
622 410 709 438 lacere
720 410 779 437 vult
791 419 798 437 :
813 414 839 437 et
852 417 911 444 qua:
924 410 980 436 I‘ru-

193 463 248 484 stra
262 457 322 484 etin
332 465 427 484 vanum
439 457 463 484 in
474 456 663 491 promptuariis
674 456 789 491 reposita
801 459 872 486 sunt,
886 462 917 481 ea
926 454 981 481 vult

195 511 208 528 a
223 502 299 529 nobis
313 502 378 529 bene
390 501 523 534 distribui,
537 506 564 528 ut
577 501 714 528 occasione
724 505 831 535 accepta
845 500 916 532 hinc,
932 507 981 527 nos

192 547 333 582 splendide
346 551 464 575 coronet.
482 547 599 574 Festinat
609 547 681 574 enirn
695 551 721 574 et
734 551 817 581 urget,
832 550 911 580 atque
925 553 981 573 om-

195 593 239 619 nia
249 592 310 619 facit
333 597 359 620 et
372 592 488 624 molitur,
509 597 535 619 ut
548 592 701 627 dignOSnos
715 591 806 619 reddat
819 591 849 619 iis
862 598 921 626 quce
939 591 982 619 ille

169 634 171 636 ’
194 638 327 673 promisit.

232 683 258 710 5.
276 683 441 718 Elveniosyna
456 682 653 709 commendatur.
663 696 699 701 —
712 681 751 708 Ne
764 681 852 717 igitur,
868 687 958 716 qumso
971 701 980 714 ,

194 729 317 763 nosipsos
345 728 477 762 prii-emus
504 727 583 754 tantis
606 727 693 754 bonis.
719 726 784 753 Nam
808 726 829 753 si
857 725 981 753 laboriosi

193 773 318 808 agricola:
330 780 427 808 penum
443 780 517 799 suum
526 776 664 804 evacuant,
680 776 707 799 et
720 771 820 798 semina
832 776 909 797 terrae
919 778 982 797 con-

193 818 315 850 credunt,
331 823 357 846 et
370 818 432 845 olim
446 818 556 845 collecta
567 817 733 852 dispergunt,
748 816 826 851 idque
847 823 908 843 cum
932 823 981 843 vo-

196 864 295 898 luptate
312 863 422 895 faciunt,
432 871 479 898 spe
490 863 590 898 majora
601 862 745 897 recipiendi
759 870 788 889 se
803 861 918 888 solantes
934 870 941 888 :
955 866 983 888 et

193 909 315 945 quamvis
323 909 407 936 sciant
419 909 564 943 sarpeaeris
577 908 771 942 intemperiem,
784 914 981 941 nonnumquam

193 960 222 982 et
237 960 314 982 terra:
329 955 495 982 sterilitatem
517 954 623 989 aliaque
636 954 718 981 multa
732 953 887 987 accidentia,
905 958 931 980 ut
943 953 983 981 lo-

193 1006 330 1028 custarum
344 1001 489 1028 exercitum
505 1001 512 1015 ¹
523 1021 530 1033 ,
546 1005 573 1027 et
588 999 715 1034 rubiginis
728 1000 874 1033 incursum,
888 1007 982 1033 exspe-

193 1046 336 1074 ctationem
361 1053 436 1072 suam
461 1045 587 1072 fefellisse
601 1054 608 1078 ;
624 1050 740 1072 attamen
765 1044 834 1072 bona
857 1052 904 1079 spe
923 1052 982 1072 sese

193 1092 309 1124 alentes,
324 1099 354 1118 ea
366 1099 424 1125 qua:
437 1091 463 1117 in
476 1091 665 1125 promptuariis
679 1090 788 1118 collecta
804 1096 864 1118 sunt
875 1111 882 1124 ,
904 1095 982 1118 terra:

193 1138 359 1166 concrcdunt
374 1146 380 1164 :
396 1137 478 1164 multo
489 1137 572 1172 magis
581 1144 629 1164 nos
636 1144 695 1171 quae
707 1136 807 1172 absque
822 1143 871 1163 usu
885 1144 982 1163 recon-

193 1183 249 1210 dita
263 1188 333 1215 sunt,
350 1182 502 1217 dispergere
513 1182 538 1208 in
555 1189 698 1217 pauperum
715 1189 777 1208 usus
796 1185 822 1208 et
845 1181 981 1209 educatio-

195 1235 256 1255 nem
270 1228 402 1261 convenit,
417 1227 460 1254 ubi
473 1234 617 1261 numquam
628 1233 689 1261 spes
699 1226 824 1260 eluditur,
839 1233 924 1261 neque
948 1226 981 1253 ti-

194 1273 289 1300 menda
301 1273 386 1307 aliqua
412 1277 488 1299 terra:
502 1272 637 1299 sterilitas.
653 1272 719 1299 Dicit
733 1271 803 1299 enim
819 1280 826 1298 :
841 1270 979 1306 Dispertil,

193 1320 264 1346 dedit
273 1319 435 1354 pauperibus.
450 1318 503 1346 Sed
518 1318 578 1346 audi
591 1319 671 1345 etiam
683 1326 742 1353 qum
753 1322 899 1353 sequuntur
915 1326 924 1346 :
937 1317 983 1345 Ju-

191 1366 262 1393 stitia
277 1368 330 1400 ejus
339 1370 421 1392 "taliet
432 1366 457 1392 in
469 1365 591 1392 uinculum
602 1365 688 1392 arcu/1'
701 1364 787 1400 (Paul.
807 1364 868 1391 ιιι.
884 1364 900 1392 9
961 1364 982 1391 0

194 1413 341 1439 mirabilem
357 1413 520 1439 sementem!
537 1411 612 1438 Brevi
629 1416 747 1446 tempore
761 1411 906 1444 distribuit,
917 1411 981 1438 etin

194 1463 319 1493 perpetua
332 1457 428 1485 smcula
438 1451 606 1492 justitiaﬁjus
623 1461 769 1491 permanet.
779 1456 846 1490 Quid
856 1455 907 1483 hoc
917 1456 981 1484 bea-

195 1504 249 1530 tius
263 1511 387 1538 umquam
401 1502 498 1530 fuerit?
512 1502 611 1529 Idcirco
624 1509 683 1535 oro,
699 1506 727 1528 ut
739 1501 867 1536 justitiam
881 1508 940 1536 qua:
948 1509 981 1529 ex

193 1548 365 1583 eleemosyna
377 1552 418 1575 est
431 1547 506 1574 nobis
520 1547 699 1582 acquiramus,
712 1551 740 1573 ut
752 1551 778 1574 et
793 1547 826 1573 de
839 1547 914 1574 nobis
940 1546 982 1574 di-

191 1600 287 1622 catur:
306 1594 503 1629 Disperserunt,
527 1593 658 1621 dederunt
683 1593 859 1628 pauperibus,
880 1593 981 1627 justitia

191 1648 286 1667 eorum
300 1644 388 1666 manet
402 1640 427 1666 in
443 1639 568 1666 szcculum
581 1638 681 1666 saeculi.
697 1638 840 1673 Postquam
854 1638 924 1664 enim
942 1637 982 1664 di-

192 1686 241 1716 xit,
256 1684 393 1720 Dlspcrsll,
407 1685 487 1716 dedit,
505 1692 539 1711 ne
558 1688 635 1719 putes
649 1683 768 1718 dispersa
784 1683 905 1717 periisse,
923 1683 981 1709 ideo

192 1731 282 1757 statim
297 1729 412 1757 subdidit
426 1729 549 1756 :Justitia
564 1730 617 1763 ejus
630 1728 980 1755 manetinswculmnsa'culi.

193 1775 258 1807 Illis,
272 1775 367 1809 inquit,
381 1774 519 1808 dispersis,
529 1773 630 1808 justitia
642 1777 749 1800 maneat
758 1772 978 1806 inexpugnabilis,

190 1821 261 1848 etin
275 1828 354 1848 omne
377 1821 504 1847 sazculum
531 1827 560 1846 se
585 1818 712 1846 extendat
733 1825 876 1852 numquam
902 1818 980 1845 linem

191 1867 325 1894 habitura.
344 1867 428 1901 Atque
439 1874 500 1893 cum
514 1865 682 1900 clecmosyua
699 1865 778 1892 etiam
790 1864 855 1891 alias
871 1864 981 1891 virtutes

190 1912 332 1947 diligenter
342 1919 474 1943 curemus,
492 1915 518 1938 et
531 1910 684 1937 aﬂ'ectioncs
696 1909 783 1936 carnis
793 1911 979 1944 reprimamus,

190 1962 220 1985 et
245 1957 414 1984 eliminemus
430 1965 462 1984 ex
481 1957 569 1983 anima
586 1963 693 1983 onmem
715 1955 832 1982 illicitam
853 1955 979 1989 concupi-

190 2003 329 2034 scentiam,
341 2010 446 2030 onmem
455 2002 551 2029 malam
559 2001 756 2037 cogitationem,
771 2001 847 2033 iram,
860 2000 981 2035 indignae

191 2048 303 2081 tionem,
320 2047 445 2075 invidiam
456 2056 464 2080 ;
475 2052 502 2074 et
511 2052 638 2074 ornemus
648 2045 771 2073 omnibus
786 2045 870 2074 modis
884 2046 980 2073 anima:

191 2094 425 2129 pulchritudinem,
438 2098 465 2121 ut
477 2094 598 2120 claritate
615 2093 819 2128 pulchritudinis
838 2093 895 2128 ejus
916 2100 980 2121 cou-

189 2140 314 2167 cilicmus
329 2139 405 2166 nobis
421 2139 547 2166 caelorum
563 2139 714 2172 Dominum,
732 2143 759 2165 et
773 2138 841 2173 apud
865 2146 913 2165 nos
932 2138 980 2165 ha-

190 2186 277 2213 bitare
290 2185 422 2220 dignetur.
440 2185 505 2212 Nam
524 2185 567 2211 uhi
591 2184 786 2211 videritaninne
800 2189 977 2218 venustatem,

190 2231 280 2258 statim
295 2231 427 2258 adveniet.
442 2230 511 2257 Dixit
519 2230 589 2258 enim
604 2239 610 2256 :
628 2229 711 2264 Super
721 2237 794 2265 quem
807 2229 886 2256 alium
896 2231 978 2264 respi-

188 2277 256 2303 ciam
266 2284 341 2312 quant
355 2284 431 2309 super
445 2280 602 2302 mansuetqu
616 2279 639 2301 et
652 2275 762 2309 quietum
776 2279 797 2301 et
810 2275 940 2307 humilem,
954 2279 977 2302 et

187 2325 333 2348 trementem
347 2329 475 2347 sermones
488 2328 555 2346 meo:
566 2319 647 2356 (luti.
661 2319 705 2347 66.
721 2319 749 2355 2)
762 2320 774 2346 ?
802 2320 894 2347 Vidisti
909 2328 977 2354 quo-

189 2367 270 2394 modo
293 2374 342 2393 nos
354 2366 444 2393 docuit
458 2372 551 2393 omnes
570 2365 721 2400 spirituales
741 2365 856 2398 colores,
883 2366 978 2401 quibus

188 2413 285 2439 animze
300 2411 469 2446 pulchritudo
483 2415 570 2446 potest
592 2411 733 2438 decorari?
755 2411 841 2445 Super
859 2419 977 2438 mansuc-

188 2464 253 2491 tnm,
266 2458 360 2492 inquit,
381 2462 403 2484 et
413 2457 535 2493 quietum,
552 2461 574 2483 et
589 2457 719 2483 humilem.
735 2457 835 2484 Deinde
843 2457 913 2492 quod
921 2457 977 2485 ha:c

187 2503 278 2530 otunia
293 2503 377 2530 cilicii.
398 2502 518 2529 addidit:
535 2501 568 2529 Et
590 2507 734 2529 trementem
749 2510 876 2528 sermones
899 2510 975 2530 meos.

187 2550 258 2582 Quid
278 2554 329 2581 est,
358 2549 516 2577 Trcmentem
540 2558 665 2577 sermones
688 2550 776 2576 meos?
794 2549 975 2577 Ohedientiam

189 2596 235 2621 llci
251 2595 382 2622 numdatis
392 2603 438 2630 per
449 2597 504 2631 ipsa
515 2603 595 2630 opera
612 2595 777 2630 implentem,
789 2595 859 2629 quod
874 2599 901 2622 et
913 2595 976 2622 alibi

186 2641 252 2668 dicit
265 2650 271 2667 :
288 2641 381 2668 Beatus
394 2642 436 2676 qui
451 2643 519 2668 timet
532 2642 616 2668 omnia
628 2646 728 2676 propter
745 2642 863 2675 pietatem
876 2641 974 2676 (Prae.

186 2687 285 2721 28.14)
303 2686 369 2714 Nam
376 2687 461 2718 sinos,
473 2695 533 2714 eum
542 2686 661 2713 videmus
667 2686 793 2714 famulum
803 2687 846 2721 qui
855 2687 976 2714 mandata

188 2736 279 2759 nostra
290 2738 349 2758 cum
357 2731 490 2766 diligentia
507 2732 653 2767 timoreque
666 2732 748 2760 multo
757 2740 788 2760 ac
798 2737 915 2761 tremore
925 2733 976 2760 im~
992 2755 997 2758 .

216 2816 221 2829 ¹
239 2813 441 2845 \‘ox,e.t‘en'ilum
452 2815 639 2847 (στρατόπεδον),
649 2816 720 2840 deest
730 2816 754 2840 in
766 2815 909 2846 quihusdam
921 2817 976 2842 lllss.

705 126 737 154 IN
756 125 831 153 CAP.
854 124 948 152 XXIX.
969 122 1091 152 GENES.
1107 124 1219 152 IIOMIL.
1241 125 1306 154 LVI.

1769 129 1819 157 636

1034 180 1107 214 plere
1121 185 1205 215 curat,
1219 182 1346 216 majorem
1359 190 1421 217 erga
1436 183 1509 211 illum
1524 183 1690 213 declaramus
1703 185 1819 214 lit-uero—

1034 225 1142 253 lentiam
1168 231 1196 254 et
1218 228 1476 256 commiserationem
1496 238 1503 257 :
1527 231 1610 258 nmlto
1632 233 1714 267 magis
1735 234 1819 260 bonus

1034 272 1160 300 Dominus
1171 281 1233 309 erga
1245 282 1293 302 nos
1303 274 1328 302 id
1341 275 1495 303 declarabit.
1512 276 1624 312 Propter
1637 277 1687 305 hoc
1702 278 1816 306 dicebat:

1034 316 1118 352 Super
1132 318 1204 346 illum
1219 319 1350 354 respiciant
1371 326 1527 348 mansuetum
1544 328 1567 348 et
1581 323 1689 356 quietum
1701 344 1709 356 ,
1730 328 1753 350 ct
1774 329 1818 350 tre-

1034 369 1138 391 mentem
1147 372 1275 393 sermones
1290 374 1366 393 "I608.
1384 366 1540 394 TI'CIIIRIIIUS
1554 367 1643 402 igitur,
1658 374 1749 400 oro,et
1757 377 1818 396 cum

1034 415 1129 443 magno
1149 410 1243 438 timore
1259 418 1396 439 sermones
1415 412 1472 446 ejus
1491 413 1663 447 impleamus;
1679 421 1738 440 nam
1761 413 1819 448 ejus

1033 459 1095 482 sunt
1108 463 1244 484 sermones
1257 457 1333 484 nobis
1344 457 1379 485 ab
1393 458 1437 485 illo
1450 459 1545 486 tradita
1558 459 1681 486 mandata
1697 469 1703 486 :
1720 464 1747 486 et
1757 467 1817 487 eum

1033 500 1203 528 didicerimus
1213 510 1272 536 qum
1285 502 1321 529 illi
1336 502 1454 537 placent,
1477 508 1578 538 etquae
1600 505 1702 538 probat,
1721 512 1752 531 ea
1773 505 1821 532 ob-

1034 555 1135 580 eamus,
1146 553 1171 575 et
1185 549 1251 576 tales
1265 548 1320 576 licri
1336 549 1507 583 Studeamus;
1523 551 1650 584 quietem,
1666 556 1820 578 mansuetu-

1033 593 1133 626 dinem,
1147 593 1322 621 humilitatem
1334 602 1457 630 magnam
1483 596 1665 628 exhibeamus,
1688 601 1714 623 et
1729 597 1818 624 omnia

1033 647 1092 674 qua:
1112 640 1146 667 ab
1163 648 1196 668 eo
1214 640 1337 668 mandata
1358 647 1420 668 sunt
1434 649 1494 668 cum
1513 644 1662 669 reverentia
1682 648 1709 670 et
1727 643 1822 670 timore

1033 685 1244 720 adimpleamus:
1265 691 1292 713 ut
1320 694 1379 714 eum
1403 688 1555 722 approbarit
1576 688 1699 715 allectum
1725 689 1822 715 tuentis

1034 736 1149 766 postne,
1159 731 1275 765 placatus
1299 738 1387 759 nostra
1404 732 1563 766 obedientia,
1587 733 1718 767 respicere
1740 733 1821 760 etiam

1033 784 1115 811 super
1128 784 1176 804 nos
1190 777 1321 812 dignetur.
1341 777 1417 811 Quod
1427 778 1449 805 si
1469 777 1546 805 nobis
1559 779 1705 813 continget,
1721 778 1821 806 erimus

1035 830 1082 857 per
1095 823 1183 850 omnia
1199 823 1286 850 securi
1299 832 1306 850 :
1321 823 1386 850 dicit
1396 823 1477 856 enim,
1506 824 1649 859 Respiciam
1659 844 1666 856 ,
1693 824 1742 852 hoc
1756 829 1797 851 est
1810 845 1818 856 ,

1034 868 1205 896 Providentia
1216 876 1274 896 mea
1287 868 1425 903 dignabor,
1441 877 1548 896 manum
1564 870 1709 904 porrigant,
1727 870 1818 896 inom-

1034 913 1112 940 nibus
1126 913 1267 940 auxiliator
1279 921 1338 946 ero,
1354 913 1467 942 ubertim
1479 914 1504 940 in
1519 921 1580 941 eum
1596 922 1682 941 meam
1706 914 1821 942 liberali-

1034 964 1115 987 tatem
1123 959 1288 994 profundam.
1299 959 1360 987 Haec
1369 959 1446 995 igitur
1454 961 1542 987 omnia
1553 960 1688 992 l‘acimnus,
1697 961 1822 994 obsecro,

1034 1009 1063 1032 ut
1077 1005 1200 1040 respiciat
1216 1013 1296 1040 super
1313 1013 1360 1032 nos
1376 1005 1517 1038 Dominus,
1544 1013 1596 1040 quo
1614 1010 1641 1033 et
1663 1011 1820 1040 praesentem

1034 1051 1114 1077 vitam
1130 1050 1230 1085 absque
1246 1051 1350 1078 tristitia
1368 1051 1543 1086 trausigamus
1555 1071 1561 1082 ,
1585 1055 1612 1078 et
1637 1051 1723 1078 futura
1749 1052 1818 1079 bona

1033 1096 1159 1130 cornsequi
1172 1096 1313 1130 possimus,
1325 1097 1406 1132 gratia
1431 1102 1458 1123 et
1472 1097 1633 1131 benignitate
1655 1097 1755 1124 Domini
1775 1105 1823 1123 ut»

1034 1143 1082 1169 stri
1092 1141 1154 1169 Jesu
1166 1142 1273 1176 Christi,
1285 1150 1406 1177 cumquo
1421 1143 1491 1169 Patri
1505 1142 1583 1169 simul
1597 1147 1624 1169 et
1639 1142 1747 1176 Spiritui
1761 1150 1823 1170 san-

1033 1191 1077 1214 cto
1090 1187 1124 1215 sit
1134 1187 1228 1222 gloria,
1243 1187 1394 1221 imperium,
1411 1187 1507 1220 honor,
1523 1195 1593 1214 nunc
1608 1192 1634 1214 et
1649 1196 1755 1222 semper
1765 1208 1772 1221 ,
1794 1191 1822 1215 et

1035 1234 1060 1261 iu
1074 1234 1171 1261 smcula
1183 1234 1353 1261 seculorum.
1365 1234 1461 1260 Amen.

1316 1291 1453 1319 HOMILIA
1473 1291 1539 1318 LVI.

1035 1341 1105 1368 Dixit
1117 1345 1198 1367 autent
1212 1339 1291 1366 Iacob
1305 1339 1338 1365 ad
1353 1337 1440 1366 Labun
1454 1347 1463 1366 ;
1480 1338 1519 1364 Da
1531 1338 1590 1364 mihi
1602 1345 1705 1365 uxorem
1721 1345 1801 1364 meam
1811 1346 1821 1364 :

1069 1385 1164 1421 impleti
1174 1390 1232 1412 sunt
1245 1386 1311 1411 enim
1324 1384 1387 1416 dies,
1409 1388 1434 1410 ut
1456 1384 1584 1419 ingrediar
1605 1383 1640 1410 ad
1661 1391 1716 1410 eam
1739 1382 1820 1418 (Gen.

1068 1432 1183 1467 29.21).

1071 1479 1095 1504 I.
1111 1477 1172 1505 Heri
1188 1485 1202 1504 a
1214 1477 1355 1510 dilectione
1369 1476 1461 1510 Iacob,
1487 1483 1565 1511 quam
1590 1483 1652 1510 erga
1678 1475 1821 1502 Rachelrm

1034 1523 1162 1556 exhibuit,
1176 1523 1207 1550 ad
1223 1523 1296 1550 Pauli
1308 1523 1445 1550 caritatem
1454 1527 1481 1549 et
1493 1522 1699 1556 magnitudinem
1713 1521 1822 1554 amoris,

1033 1577 1112 1604 quem
1127 1576 1189 1603 erga
1203 1569 1337 1596 Christum
1350 1567 1467 1603 gerebat,
1490 1571 1657 1594 transeuntes
1667 1588 1674 1600 ,
1698 1567 1773 1602 quasi
1790 1567 1823 1593 ab

1034 1615 1184 1650 impetuoso
1199 1614 1312 1649 quodam
1331 1618 1448 1641 torrente
1461 1613 1539 1648 rapti,
1564 1620 1617 1639 non
1636 1613 1770 1646 potuimus
1790 1611 1823 1638 ad

1032 1662 1130 1689 seriem
1143 1664 1170 1688 et
1180 1665 1332 1688 contextum
1345 1660 1476 1687 sermonis
1489 1659 1602 1694 regredi.
1613 1659 1684 1689 ldeo,
1693 1658 1715 1685 si
1726 1658 1821 1692 placet,

1034 1706 1113 1733 hodie
1135 1706 1273 1741 sequentia
1287 1705 1414 1740 aggressi,
1437 1711 1468 1731 ea
1487 1712 1547 1739 quae
1566 1708 1628 1731 lllllc
1651 1704 1741 1731 relicta
1762 1709 1823 1731 sunt

1033 1752 1192 1786 impleamus
1205 1761 1211 1778 :
1224 1756 1252 1778 ut
1270 1758 1304 1777 ex
1324 1750 1357 1777 iis
1379 1757 1438 1784 qua:
1461 1749 1539 1776 hodie
1562 1748 1685 1776 dicuntur
1700 1753 1823 1783 percepta

1034 1797 1148 1824 utilitate
1172 1796 1269 1831 aliqua,
1287 1796 1394 1823 domum
1410 1799 1574 1829 repetamus.
1592 1794 1670 1829 Igitur
1684 1799 1823 1828 postquam

1034 1842 1159 1877 impletus
1169 1847 1209 1869 est
1222 1847 1322 1876 septem
1338 1848 1467 1868 annorum
1483 1847 1620 1872 numerus,
1646 1839 1691 1867 20.
1715 1839 1750 1866 Et
1770 1841 1823 1874 fue-

1033 1893 1102 1920 runt,
1116 1888 1208 1922 inquit,
1224 1895 1308 1913 curant
1318 1886 1399 1913 Iacob
1409 1886 1480 1921 quasi
1495 1886 1549 1913 dies
1560 1887 1635 1921 pauci
1650 1889 1690 1913 tot
1704 1885 1766 1913 anni
1791 1886 1821 1912 ob

1033 1934 1126 1960 amoris
1138 1933 1328 1966 vehementiam,
1352 1933 1396 1960 21.
1413 1932 1477 1959 dixit
1498 1931 1532 1958 ad
1553 1932 1643 1958 Laban
1668 1939 1677 1958 :
1700 1931 1741 1959 Da
1762 1931 1823 1958 mihi

1033 1988 1137 2007 uxorem
1149 1988 1229 2006 meam
1242 1987 1251 2006 :
1264 1979 1360 2014 impleti
1371 1979 1437 2006 enim
1448 1984 1506 2005 sunt
1519 1979 1572 2005 dies
1581 1978 1638 2009 mei,
1654 1984 1681 2004 ut
1694 1978 1823 2012 ingrediar

1035 2025 1068 2052 ad
1084 2034 1148 2052 eant.
1162 2026 1207 2052 ‘22.
1225 2024 1391 2064 Cougregavit
1401 2030 1484 2051 autent
1498 2024 1585 2050 Laban
1600 2032 1685 2050 omnes
1702 2023 1769 2050 uiros
1784 2023 1823 2049 lo-

1032 2072 1065 2104 ci,
1080 2076 1103 2098 et
1117 2071 1174 2107 fecit
1188 2072 1300 2105 nuptias.
1312 2071 1356 2098 ‘25.
1368 2069 1400 2096 Et
1413 2071 1507 2106 factum
1522 2074 1557 2097 est
1568 2077 1677 2104 uespere,
1690 2073 1713 2095 et
1725 2068 1819 2103 accepit

1032 2117 1121 2144 Laban
1134 2117 1206 2143 Liam
1225 2116 1304 2151 ﬁliani
1315 2124 1398 2148 suam,
1414 2115 1603 2150 introduxitth
1615 2123 1670 2141 eam
1683 2115 1716 2141 ad
1729 2114 1820 2140 Jacob.

1068 2164 1101 2190 In
1115 2164 1241 2190 satanicas
1253 2163 1398 2198 nuptiarum
1414 2170 1519 2197 pompas
1530 2161 1664 2188 invehitur.
1675 2175 1710 2181 —
1726 2160 1820 2188 Vidisti

1032 2219 1091 2237 eum
1106 2215 1201 2245 quanta
1216 2208 1278 2236 olim
1302 2208 1441 2235 honestate
1457 2207 1561 2241 nuptias
1582 2206 1703 2242 egerint?
1725 2205 1821 2232 Audite

1031 2257 1075 2292 qui
1091 2256 1222 2283 satauicas
1235 2261 1344 2289 pompas
1358 2253 1536 2284 admiramini,
1552 2256 1578 2279 et
1594 2252 1683 2279 statim
1698 2251 1731 2278 ab
1745 2250 1822 2278 initio

1032 2302 1182 2337 nuptiarum
1196 2302 1365 2328 honestatem
1375 2299 1506 2327 dedecore
1526 2298 1640 2326 allicitis.
1667 2297 1733 2324 Num
1758 2301 1820 2324 tunc

1032 2348 1120 2375 tibim?
1134 2355 1196 2375 num
1211 2351 1274 2374 tunc
1288 2346 1427 2382 cymbala?
1445 2352 1507 2372 num
1528 2347 1589 2371 tunc
1608 2343 1712 2370 chorem
1726 2342 1820 2368 diabo-

1031 2395 1106 2423 licaz?
1120 2394 1208 2428 Quare
1219 2393 1302 2426 enim,
1317 2392 1360 2419 dic
1374 2392 1450 2424 mihi,
1465 2395 1566 2418 tantum
1582 2389 1671 2416 statim
1685 2389 1720 2415 ab
1743 2388 1818 2415 initio

1029 2442 1156 2469 damnum
1179 2440 1283 2467 inducis
1308 2440 1333 2466 in
1354 2438 1463 2465 domum
1491 2441 1560 2463 tuam
1574 2457 1580 2467 ,
1603 2441 1629 2462 et
1650 2442 1696 2462 eos
1717 2434 1762 2470 qui
1788 2433 1813 2461 in

1030 2488 1118 2515 scenis
1132 2491 1160 2513 et
1174 2484 1319 2512 orchestris
1334 2490 1443 2518 operam
1455 2482 1543 2508 locant
1556 2488 1644 2513 vocas,
1658 2484 1686 2506 ut
1701 2487 1760 2505 cum
1779 2479 1819 2505 in-

1031 2533 1189 2569 tempestivo
1206 2535 1311 2565 sumptu
1334 2529 1443 2564 virginis
1462 2527 1543 2554 lmdas
1563 2525 1771 2556 conitincntiam,
1794 2531 1820 2552 et

1028 2581 1153 2615 juvenem
1168 2576 1389 2612 impudentiorem
1401 2573 1481 2601 facias
1491 2574 1502 2599 ?
1514 2571 1636 2607 Optabile
1651 2571 1721 2598 enim
1734 2575 1761 2598 et
1775 2578 1818 2597 ar-

1030 2627 1111 2654 duum
1123 2629 1191 2658 erat,
1204 2623 1304 2657 absque
1326 2621 1377 2648 illis
1392 2619 1526 2646 inutilibus
1548 2618 1619 2645 illam
1644 2622 1749 2643 a-taiem
1773 2624 1819 2651 po-

1031 2673 1111 2700 tuisse
1122 2670 1257 2698 moderate
1271 2667 1338 2694 l'erre
1350 2669 1534 2699 tempestatem
1550 2662 1717 2689 all'ectionum
1734 2670 1741 2689 :
1757 2669 1816 2688 cum

1029 2722 1117 2745 autem
1143 2720 1170 2743 et
1194 2715 1252 2742 haec
1273 2713 1410 2744 accedant,
1437 2716 1489 2737 tam
1511 2718 1569 2745 qua:
1593 2708 1727 2740 videntur,
1739 2715 1818 2742 quam

1029 2772 1088 2800 quin
1108 2762 1260 2793 audiuntur,
1273 2760 1335 2787 dum
1350 2758 1435 2793 majus
1448 2756 1600 2784 accenditur
1614 2754 1764 2782 incendium
1775 2774 1781 2786 ,
1793 2759 1819 2780 et

1032 2810 1124 2838 “tua:
1149 2804 1423 2842 concupiscentiarum
1437 2802 1520 2838 magis
1536 2802 1728 2833 inﬂammatur,
1749 2809 1818 2835 qun-
