2046 3126
255 133 304 162 ι8¹1

257 190 337 218 modo
347 197 400 217 non
414 195 521 224 pessum
544 186 565 214 it
587 185 764 214 adolescentis
776 185 863 212 anitna
872 184 885 211 ?
898 183 964 211 iline
977 184 1047 209 enim

256 237 344 263 omnia
356 238 469 270 pereunt
480 237 508 261 et
519 236 743 268 corrumpuntur:
758 230 818 266 quia
834 230 868 257 ab
879 229 954 256 initio
968 227 1035 255 casti

261 283 302 307 tas
311 286 403 306 eorum
416 277 461 312 qui
477 277 546 304 inter
556 283 586 303 se
595 274 750 303 eonventuri
761 277 823 301 sunt
836 275 1014 307 oppugnatur,
1023 274 1050 296 et

257 330 329 358 saepe
338 323 424 358 primo
430 322 473 350 die
482 320 598 357 juvenis,
612 319 695 348 oculis
707 318 799 346 videns
812 316 1048 347 iueominentibus,

257 371 312 398 tolo
324 370 455 398 diabolico
469 369 496 396 in
509 368 598 396 anima
612 366 767 394 vulneratur
781 372 787 391 :
803 367 830 391 et
845 362 929 398 puella
951 369 998 396 per
1018 367 1050 387 ea

256 425 318 453 qua:
329 416 402 443 audit
415 420 443 444 et
456 414 529 442 videt
542 413 646 448 captiva
661 412 698 443 fit,
713 410 783 438 etab
796 416 828 437 co
838 409 882 436 dic
893 412 984 442 postea
991 413 1050 433 cre-

260 467 336 490 scunt
349 462 469 493 vulnera,
480 460 619 494 majusque
631 458 659 485 tit
671 457 779 485 malum.
795 454 900 482 Etenim
911 453 982 480 illinc
994 457 1050 479 sta-

260 508 307 535 tim
320 513 348 535 et
369 511 489 535 mutuam
500 504 672 532 concordiam
686 502 854 534 dilacerant,
877 505 904 526 et
931 505 1050 525 amorem

259 553 409 581 debilitant.
421 551 536 586 Quando
543 550 614 578 enim
628 549 672 576 ille
686 552 802 575 mentem
817 545 849 573 ad
865 545 944 572 aliant
959 543 1049 576 vertit,

259 601 322 628 hinc
336 605 363 627 et
376 599 438 627 inde
452 597 574 626 dividens
588 596 716 627 animum,
728 601 743 621 a
754 592 860 620 diabolo
871 592 929 626 ipso
943 590 1048 621 ductus,

260 646 342 673 multa
356 643 534 672 amaritudine
553 643 662 670 dontum
681 640 782 674 implet.
806 637 880 671 Quod
905 637 926 664 si
955 641 982 663 et
1006 635 1051 662 illa

258 691 422 727 tcompcritur
435 690 469 717 ita
481 689 573 716 affecta
589 695 660 719 esse,
676 693 708 713 ex
719 685 784 720 ipsis
797 682 975 711 fundamentis
990 689 1050 708 om-

259 738 314 772 nia,
329 742 357 765 nt
371 738 406 764 ita
420 737 508 764 dicam
519 755 526 768 ,
553 734 763 762 subvertuntur:
780 735 872 766 postea
885 729 953 756 alter
966 727 1000 754 ab
1013 727 1051 754 al-

259 789 317 810 tcro
336 783 494 814 occultatur,
516 785 542 808 et
560 781 605 809 ille
631 777 739 813 quidem
761 776 908 810 su5piciose
928 773 1052 801 observat

261 837 382 862 uxorem,
397 834 425 857 et
449 827 572 855 similiter
584 825 629 852 illa
644 824 740 851 virum.
755 823 841 857 Atque
854 821 898 848 ubi
913 819 1052 855 oportebat

259 876 430 905 concordiam
454 882 514 902 esse
533 878 561 901 et
579 871 710 907 copulam,
727 869 825 905 quippe
839 868 971 896 debebant
991 873 1052 893 esse

259 930 322 951 caro
343 929 395 950 una
410 920 511 956 (Erunt
525 920 607 952 enim,
631 917 725 952 inquit,
745 916 796 942 duo
815 915 841 941 in
861 921 962 941 carnem
976 920 1053 939 unum

260 968 342 1006 [σενι.
355 968 383 995 2.
394 966 469 1003 26]),
489 966 515 993 hi
530 965 556 992 in
571 969 642 992 tanta
660 963 753 990 vivunt
771 961 954 991 dissensione,
977 958 1052 994 quasi

260 1013 373 1049 scjuucti
395 1017 496 1040 essent.
514 1010 639 1038 Diabolus
650 1009 724 1037 enim
738 1007 926 1042 subingressus
951 1009 1052 1031 tantam

260 1061 286 1087 in
302 1060 340 1087 eis
356 1058 501 1094 perniciem
515 1061 651 1092 operatur,
664 1059 693 1082 ut
705 1053 865 1089 quotidiana:
877 1059 972 1087 pugna:
984 1051 1053 1077 inter

261 1113 308 1134 eos
322 1109 466 1132 nascantur
476 1108 503 1131 et
515 1111 529 1130 a
542 1102 620 1130 malis
636 1108 779 1136 numquam
795 1099 911 1126 habeant
923 1098 1050 1132 quietem.

259 1151 329 1187 Quid
352 1151 424 1178 enim
445 1150 506 1186 quis
527 1148 624 1176 dixerit
638 1146 772 1183 quomodo
797 1150 889 1180 postea
911 1153 924 1170 a
947 1143 1053 1170 famulis

259 1201 477 1229 contemnantur,
492 1194 625 1229 quomodo
646 1201 661 1220 a
680 1192 775 1220 vicinis
795 1191 945 1222 rideantur,
973 1196 1052 1224 quam

260 1243 329 1270 fmda
343 1240 510 1277 operentur?
524 1240 592 1267 Nam
605 1239 673 1266 sicut
687 1237 793 1273 quando
807 1236 997 1272 gubernatores
1012 1234 1052 1261 in-

260 1296 300 1318 ter
315 1297 345 1318 se
356 1288 496 1321 dissident,
510 1287 592 1314 etiam
603 1286 646 1321 qui
656 1286 717 1313 navi
727 1284 871 1316 vehuntur,
887 1290 936 1310 una
948 1281 1054 1317 pericli-

261 1341 361 1369 tantur,
374 1342 406 1361 ae
421 1334 515 1361 timent
528 1339 561 1359 ne
573 1339 636 1359 cum
654 1331 713 1358 navi
726 1330 931 1364 submergantur
945 1337 951 1354 :
967 1328 1001 1354 ita
1025 1330 1053 1354 et

261 1382 313 1415 hic,
328 1381 350 1408 si
365 1379 503 1408 discordes
526 1378 580 1405 sint
595 1378 635 1404 vir
646 1383 673 1404 et
694 1375 801 1408 mulier,
825 1380 993 1408 consequens
1012 1376 1053 1400 est

261 1435 355 1455 omnes
369 1427 414 1462 qui
430 1424 502 1461 apud
526 1424 585 1451 illos
598 1427 662 1450 sunt
678 1422 819 1457 participes
833 1428 892 1448 esse
908 1419 1050 1447 malorum.

263 1475 409 1508 Propterea
421 1479 470 1500 ore
484 1475 512 1498 ιιι
525 1470 582 1497 ιιωο
598 1469 686 1496 omnia
699 1467 890 1504 prmvidentes,
914 1469 1054 1493 consuetu-

261 1522 351 1550 dinem
362 1527 396 1548 ne
410 1518 560 1548 scctemini.
575 1517 637 1544 Scio
647 1516 720 1543 enim
731 1514 829 1542 multos
841 1517 980 1548 receptum
993 1518 1052 1539 mo—

262 1575 318 1596 rem
331 1565 488 1597 obtendere,
500 1571 586 1599 neque
600 1562 729 1597 patienter
751 1560 821 1588 ferre
834 1566 862 1586 ut
877 1558 934 1586 hinc
947 1566 962 1586 a
977 1557 1054 1585 nobis

262 1614 384 1641 dicantur
396 1620 403 1638 :
418 1615 538 1638 attamen
549 1615 660 1636 necesse
672 1613 713 1635 est
725 1611 753 1634 ut
766 1613 815 1633 nus
827 1605 899 1632 utilia
913 1604 1034 1632 dicamus
1044 1622 1052 1635 ,

264 1663 291 1687 et
301 1667 361 1695 qua:
376 1658 436 1685 illos
461 1664 476 1683 a
499 1655 587 1683 futuro
600 1653 731 1690 supplicio
756 1652 879 1680 liberem.
905 1649 956 1678 Ubi
981 1649 1053 1676 enim

265 1704 475 1732 tantumanitme
489 1702 625 1733 damnum,
642 1707 693 1735 qua
707 1699 740 1727 de
761 1705 841 1726 causa
861 1696 927 1724 mihi
941 1703 1053 1723 consue-

263 1752 381 1779 tudinem
393 1754 540 1785 praetexere
553 1747 655 1775 audes?
671 1746 739 1773 Ecce
752 1745 824 1772 enim
836 1748 864 1771 et
876 1751 926 1778 ego
935 1742 1054 1770 tibicen-

263 1797 429 1825 suetudinem
443 1795 582 1823 meliorem
594 1793 703 1828 objicio,
719 1799 778 1828 qua:
787 1791 855 1827 apud
870 1795 976 1818 veteres
984 1794 1053 1822 crat,

263 1842 369 1878 quando
382 1841 499 1870 nondum
513 1844 586 1868 tanta
602 1840 651 1875 pia:
664 1838 801 1873 religionis
814 1841 872 1864 erat
894 1836 1004 1871 agnitio.
1021 1835 1056 1862 Et

264 1897 297 1916 ne
309 1889 410 1924 justum
426 1887 468 1914 hic
479 1886 561 1914 Jacob
576 1889 679 1912 tantum
701 1884 811 1919 cogites,
838 1882 885 1910 sed
911 1887 937 1909 et
963 1880 1054 1908 Labau

264 1936 351 1964 adhuc
373 1935 506 1963 idolorum
525 1933 608 1961 cultui
623 1931 753 1964 deditum,
777 1937 827 1958 nec
852 1929 892 1956 vel
917 1929 1056 1956 minimam

264 1990 334 2011 vera:
349 1981 485 2016 religionis
497 1979 620 2008 notitiam
634 1978 788 2010 habentem,
812 1981 839 2004 et
851 1980 939 2003 tamen
954 1979 1054 2001 tantam

265 2037 318 2064 pra:
332 2035 364 2055 se
372 2028 499 2054 ferentem
513 2023 721 2061 philosophiam.
746 2022 838 2057 Neque
850 2021 922 2049 enim
935 2020 993 2047 haec
1007 2019 1055 2047 bo-

264 2079 355 2102 uestas
366 2074 424 2109 ejus
449 2077 518 2105 erat,
549 2071 596 2106 qui
615 2071 745 2098 ducturus
768 2068 894 2103 puellam,
909 2067 957 2094 sed
972 2066 1056 2101 patris

263 2128 323 2149 eam
338 2119 477 2148 tradentis.
490 2118 551 2145 Ideo
565 2121 592 2145 et
606 2117 679 2144 illum
690 2115 740 2143 feci
759 2121 922 2147 sermonem,
947 2120 999 2140 non
1022 2112 1056 2139 ad

264 2172 376 2200 sponsos
388 2169 490 2192 tantum
503 2167 627 2198 spectans
642 2165 771 2196 quantum
781 2160 814 2187 ad
834 2164 968 2194 parentes,
981 2163 1007 2185 ct
1022 2158 1055 2185 ad

266 2216 366 2246 patrem
375 2209 420 2244 qui
430 2209 557 2243 virginem
572 2208 650 2234 locat.
664 2205 805 2239 Quomodo
818 2206 888 2232 enim
901 2212 954 2231 non
965 2205 1058 2232 absur-

265 2257 328 2283 dum
340 2276 348 2289 ,
363 2257 386 2282 si
412 2261 462 2281 nos
481 2253 526 2288 qui
542 2258 642 2280 tantam
657 2251 809 2286 accepimus
832 2250 1054 2283 misericordiam,

264 2307 292 2329 et
314 2306 367 2328 tam
390 2299 549 2327 terribilium
576 2297 803 2332 ineﬂ'abiliumquc
828 2302 1055 2324 sacramentorum

263 2347 408 2383 participes
422 2352 525 2379 sumus,
542 2345 591 2372 hae
602 2345 627 2371 in
641 2352 670 2372 re
685 2343 826 2371 inferiores
838 2343 922 2371 simus
937 2343 1055 2376 Labano,

266 2395 311 2431 qui
325 2395 406 2422 cultui
423 2394 554 2422 idolorum
566 2392 652 2420 adhuc
663 2396 720 2419 crat
733 2391 858 2419 deditus?
871 2392 968 2419 Annon
980 2391 1057 2418 audis

265 2441 376 2469 Paulum
390 2440 522 2468 dicemem
538 2443 735 2466 sacramentum
748 2445 809 2465 esse
829 2437 938 2473 nuptias
953 2443 978 2465 et
991 2437 1059 2464 ima-

265 2487 353 2522 ginem
366 2485 517 2514 dilectionis
530 2485 638 2518 Christi,
654 2492 735 2520 qttam
750 2492 811 2519 erga
833 2484 981 2511 Ecclesiam
1004 2491 1056 2511 ex-

269 2533 353 2560 hibuit
369 2532 479 2568 (Ephes.
495 2532 521 2559 5.
535 2531 601 2567 5‘2)?
614 2531 653 2558 Ne
667 2531 746 2566 igitur
758 2530 953 2558 confundamus
965 2530 1057 2565 nosip-

269 2587 324 2612 sos,
340 2584 367 2607 et
381 2579 547 2606 honestatem
561 2579 712 2613 nuptiarum
726 2586 938 2612 corrumpamus.
954 2578 1020 2606 Nam
1034 2579 1055 2606 si

268 2625 375 2660 quidem
399 2625 500 2651 bonum
525 2628 552 2651 et
575 2624 641 2652 utile
660 2624 740 2652 fuerit
764 2625 927 2658 consilium,
951 2625 1055 2653 etiamsi

266 2677 320 2698 non
334 2670 369 2697 sit
382 2669 558 2704 consuetudo,
572 2670 617 2698 fiat
629 2678 637 2697 :
653 2670 694 2697 sin
707 2670 866 2698 damnosum
882 2675 910 2698 ct
923 2671 1055 2705 pernicio-

266 2722 327 2743 sum
337 2720 378 2743 cst
391 2715 417 2742 id
428 2715 498 2750 quod
507 2723 522 2743 a
536 2716 611 2744 vobis
624 2715 750 2751 efficitur,
766 2717 873 2746 etiamsi
888 2718 1056 2745 consuetudo

265 2762 311 2795 sit,
321 2762 466 2797 rejiciatur.
481 2762 549 2790 Nam
572 2763 595 2791 si
623 2763 673 2790 hoe
686 2763 882 2797 admiserhuus,
905 2769 932 2791 et
955 2764 1008 2797 l'ur,
1030 2769 1056 2791 et

266 2807 381 2840 adulter,
397 2812 425 2835 et
437 2809 606 2843 quantumvis
628 2808 713 2835 malus
725 2809 811 2843 alius,
833 2809 1055 2837 consuetudinem

265 2853 393 2882 obtendet
405 2864 411 2881 ς
424 2860 450 2882 at
466 2854 568 2882 nullum
585 2854 647 2882 hinc
662 2854 712 2881 illis
728 2855 829 2883 lucrutn
844 2860 885 2884 est
898 2856 939 2884 vel
955 2857 1030 2885 venia
1043 2879 1051 2891 ,

621 127 650 156 S.
669 127 808 157 JOANNIS
822 120 1058 154 CllllYSOSTOKl
1078 121 1236 151 ARCHIEP.
1256 119 1522 151 CONSTANTINOP.

1844 125 1898 154 488

1104 180 1150 208 sed
1167 180 1252 216 major
1266 182 1355 216 potius
1367 183 1513 216 accusatio,
1529 181 1600 218 quod
1614 182 1712 211 malam
1725 185 1895 212 consuetudi-

1101 235 1162 254 nem
1178 234 1306 262 superare
1319 235 1372 254 non
1389 228 1534 256 valuerint.

1135 272 1163 300 ‘2.
1183 273 1212 300 Si
1232 273 1303 300 enim
1324 274 1484 302 voluerimus
1501 274 1617 310 vigilare.
1631 279 1659 303 et
1680 283 1773 303 curam
1796 275 1895 304 habere

1103 324 1200 346 tmslrm
1212 319 1316 352 salutis,
1330 327 1473 355 possumus
1485 324 1513 347 et
1530 328 1544 347 a
1558 321 1626 348 mala
1640 321 1834 349 consuetudine
1848 321 1896 348 de-

1101 365 1209 398 sistere,
1228 370 1254 392 et
1275 365 1301 392 itt
1323 365 1418 393 bonam
1440 366 1661 394 consuetudinem
1683 374 1732 393 nos
1745 366 1895 394 reducere:

1102 412 1195 446 sicque
1210 413 1324 447 pasteris
1337 412 1437 440 nostris
1450 420 1503 440 non
1520 420 1627 448 parvam
1642 413 1764 441 dabimus
1778 414 1898 442 occasio-

1102 465 1163 486 nem
1177 457 1270 485 eadcm
1289 458 1420 491 imitandi,
1436 463 1463 486 et
1477 459 1640 494 accipiemus
1657 461 1738 487 etiam
1760 467 1809 486 nos
1824 467 1898 487 men-

1101 504 1194 531 ccdcm
1207 512 1299 531 eorum
1318 512 1377 540 qua:
1397 504 1431 532 ab
1447 505 1480 532 iis
1495 509 1619 540 aguntur.
1640 505 1707 532 Nam
1729 505 1774 540 qui
1791 505 1897 533 initium

1102 551 1178 579 bona:
1193 551 1242 578 vim
1255 551 1378 587 prazbuit,
1396 551 1440 579 hic
1462 557 1555 579 auctor
1574 556 1615 579 est
1628 559 1721 579 eorum
1743 560 1802 586 qua:
1823 557 1850 579 et
1864 551 1898 580 ab

1101 598 1161 626 aliis
1177 603 1249 626 recte
1261 597 1338 630 fiunt,
1352 603 1379 626 et
1393 598 1525 633 duplicem
1538 598 1648 633 recipiet
1662 598 1825 631 mercedem,
1843 603 1898 624 tam

1103 651 1151 678 pro
1167 643 1199 671 iis
1213 652 1273 679 qum
1294 644 1351 678 ipse
1373 648 1445 672 recte
1467 643 1542 677 facit,
1564 651 1643 679 quam
1664 643 1761 678 quibus
1778 642 1846 670 alios
1871 643 1901 669 in

1102 690 1229 724 Optimam
1250 690 1320 717 illam
1333 689 1434 717 inducit
1455 689 1663 724 philosophiam.
1678 688 1717 716 Nc
1731 688 1897 724 praetextatis,

1102 736 1225 768 obsecro,
1241 735 1335 770 frigida
1349 739 1377 762 et
1390 734 1500 762 ridicula
1514 735 1595 762 verba
1610 734 1677 768 limc,
1693 734 1815 762 dicentes
1830 733 1897 768 legi-

1103 782 1165 809 tima
1182 781 1302 815 quaedam
1321 788 1382 808 esse
1399 781 1468 815 Ιιωρ,
1489 785 1516 808 et
1537 784 1676 815 propterea
1691 780 1794 815 impleri
1815 787 1899 814 opor-

1103 833 1169 855 tere.
1184 827 1241 855 Non
1254 828 1323 854 enim
1335 827 1393 855 hate
1402 827 1547 863 legitimum
1562 827 1661 854 faciunt
1673 826 1838 861 conjugium,
1849 825 1901 852 sed

1102 875 1124 903 si
1139 874 1283 902 secundum
1297 874 1368 910 leges
1384 873 1430 901 Dei
1445 881 1505 901 cum
1519 874 1642 902 castitate
1655 878 1682 900 et
1695 873 1836 900 honestate
1854 871 1899 898 fiat

1103 925 1262 955 conventus,
1283 927 1310 949 et
1325 921 1347 948 si
1362 920 1504 948 concordia
1527 927 1626 955 magna
1643 918 1798 946 cohmreant
1819 917 1836 944 ii
1853 917 1898 952 qui

1103 967 1274 994 conveniunt.
1296 965 1434 994 Noverunt
1453 965 1503 993 hoc
1517 965 1598 993 etiam
1624 970 1742 992 externa:
1758 963 1832 998 leges
1849 970 1861 989 ξ
1872 967 1900 990 et.

1103 1013 1196 1041 audies
1216 1021 1273 1046 eos,
1296 1013 1341 1047 qui
1369 1013 1411 1040 his
1432 1011 1599 1044 studuerunt,
1622 1010 1722 1043 dieere,
1742 1009 1897 1043 conjugiutn

1103 1059 1169 1087 nihil
1183 1058 1258 1086 aliud
1274 1058 1437 1086 constituere
1450 1065 1530 1092 quam
1547 1055 1781 1084 conSuetudinem.
1796 1054 1835 1082 Ne
1851 1054 1899 1089 igi-

1103 1111 1146 1134 tur
1161 1106 1264 1134 divittas
1277 1106 1350 1141 leges
1369 1112 1429 1132 cum
1445 1104 1569 1131 humanis
1593 1102 1832 1137 transgrediuntur,
1849 1108 1898 1127 nec

1104 1153 1278 1188 pra'feramus
1300 1152 1444 1179 diabolicas
1471 1151 1543 1186 leges
1575 1154 1602 1178 et
1627 1149 1805 1184 perniciosam
1831 1147 1898 1175 hanc

1103 1199 1322 1228 consuetudinem
1339 1208 1345 1225 :
1361 1198 1431 1225 illius
1442 1198 1514 1224 enim
1529 1197 1571 1223 lex
1585 1201 1646 1223 sunt
1660 1195 1729 1228 hmc,
1741 1195 1786 1230 qui
1800 1193 1898 1229 gaudet

1103 1245 1136 1273 de
1147 1246 1255 1273 interitu
1270 1250 1372 1272 nostro.
1388 1243 1458 1278 Quid
1477 1243 1556 1278 igitur
1570 1242 1620 1269 hac
1631 1240 1827 1269 consuetudine
1842 1247 1898 1267 ma-

1103 1292 1142 1327 gis
1156 1292 1308 1320 ridiculum.
1327 1290 1433 1326 quando
1446 1290 1487 1317 vir
1507 1294 1535 1317 et
1555 1297 1626 1316 uxor
1640 1287 1790 1315 innumeris
1806 1286 1899 1313 convi-

1103 1338 1151 1366 ciis
1162 1343 1189 1365 et
1203 1337 1356 1365 scommntis
1366 1343 1381 1363 a
1395 1335 1480 1363 servis
1491 1334 1642 1369 ttulliusque
1654 1333 1731 1368 pretii
1747 1331 1899 1359 hominibus

1104 1385 1282 1417 incessuntur,
1297 1391 1328 1410 ac
1342 1390 1420 1410 nemo
1434 1381 1532 1417 estqui
1548 1381 1688 1415 increpet:
1703 1379 1751 1406 sed
1766 1378 1828 1405 licet
1843 1378 1898 1404 cui-

1104 1432 1143 1458 vis
1156 1430 1255 1458 volenti
1270 1429 1303 1456 ad
1319 1436 1458 1464 vesperam
1474 1428 1562 1457 omnia
1581 1427 1663 1462 loqui,
1685 1431 1712 1454 et
1727 1425 1847 1453 convicia
1860 1424 1898 1458 ja-

1103 1486 1165 1506 cere
1180 1477 1205 1505 in
1227 1483 1354 1512 sponsum
1369 1480 1396 1503 et
1410 1474 1557 1511 sponsam?
1572 1474 1606 1501 Et
1628 1474 1654 1500 in
1669 1473 1722 1500 alio
1737 1472 1781 1499 die
1803 1471 1825 1499 si
1840 1471 1897 1506 quis

1103 1528 1247 1552 conaretur
1259 1523 1294 1550 ita
1309 1521 1408 1550 salibus
1423 1520 1558 1553 mordere,
1578 1518 1786 1554 periclitaretur,
1800 1516 1834 1543 ad
1853 1516 1898 1543 tri-

1105 1569 1184 1597 bunal
1199 1569 1378 1596 abduceretur
1390 1571 1417 1594 ct
1432 1567 1570 1602 puniretur
1583 1574 1589 1592 :
1605 1569 1668 1592 tunc
1687 1569 1776 1591 autem
1792 1562 1898 1598 quando

1105 1615 1245 1650 plurimam
1267 1613 1408 1648 oportebat
1428 1620 1487 1639 esse
1507 1611 1695 1643 reverentiam,
1715 1609 1898 1644 majoremque

1105 1661 1272 1688 honestatem
1287 1663 1315 1687 et
1328 1659 1488 1691 castitatem,
1505 1662 1576 1685 tanta
1591 1656 1768 1684 obscccnitate
1784 1655 1897 1690 implen-

1105 1711 1148 1734 tur
1165 1705 1255 1734 omnia
1279 1705 1334 1738 illa,
1363 1710 1391 1732 ut
1408 1704 1545 1740 probabile
1566 1704 1601 1730 sit
1622 1702 1728 1730 diabolo
1749 1701 1819 1729 duce
1844 1701 1899 1727 ba'c

1105 1752 1193 1780 omnia
1210 1751 1316 1779 inventa
1331 1758 1400 1778 esse.
1416 1749 1515 1777 Verum
1524 1757 1557 1776 ne
1572 1756 1643 1784 aegre
1656 1748 1756 1780 feratis,
1770 1754 1819 1774 oro
1830 1756 1836 1773 :
1847 1754 1898 1774 non

1105 1798 1176 1827 enim
1190 1798 1292 1833 absque
1302 1804 1382 1824 causa
1394 1797 1420 1824 in
1434 1796 1503 1824 hunc
1511 1803 1661 1824 sermonem
1673 1795 1786 1830 digressi
1797 1801 1897 1825 sumus,

1106 1843 1154 1872 sed
1178 1851 1268 1871 curant
1285 1842 1388 1870 habens
1412 1846 1507 1869 vestr-.2
1517 1841 1611 1870 salutis
1625 1845 1652 1868 et
1667 1840 1832 1873 honestatis,
1846 1839 1896 1866 vel-

1106 1890 1159 1918 lem
1171 1889 1299 1925 optimam
1317 1888 1386 1916 hanc
1399 1888 1572 1916 mutationem
1587 1887 1654 1920 fieri,
1678 1894 1779 1920 vosque
1792 1887 1896 1921 optim-1

1107 1937 1186 1972 hujus
1197 1935 1400 1964 consuetudinis
1414 1942 1474 1962 esse
1487 1935 1578 1962 duces.
1600 1934 1667 1961 Nam
1681 1934 1703 1961 si
1725 1933 1812 1960 solum
1827 1933 1894 1967 prin-

1106 1984 1204 2019 cipium
1217 1987 1245 2011 et
1259 1983 1300 2010 via
1315 1982 1360 2010 fiat
1375 1983 1474 2017 operis,
1492 1982 1619 2016 paulatim
1643 1988 1696 2008 tino
1711 1981 1826 2008 alterum
1842 1980 1895 2008 lau-

1107 2030 1186 2058 dabili
1194 2029 1244 2057 hac
1250 2029 1420 2057 mmulatioue
1433 2029 1587 2062 aemulante,
1595 2036 1689 2055 ountes
1696 2027 1848 2055 laudatores
1855 2026 1900 2053 ha-

1106 2076 1203 2104 bebitis
1211 2087 1218 2104 :
1225 2082 1250 2103 et
1258 2083 1310 2104 non
1319 2079 1420 2102 tantum
1427 2075 1473 2110 qui
1481 2074 1615 2102 civitatem
1623 2074 1750 2106 incolunt,
1761 2073 1896 2100 imitaban-

1108 2126 1150 2150 tur
1157 2122 1284 2157 optimam
1297 2122 1365 2148 ltanc
1375 2121 1572 2148 innovationem
1580 2141 1588 2154 ,
1604 2119 1650 2147 sed
1659 2125 1685 2147 et
1693 2127 1742 2148 eos
1751 2119 1795 2154 qui
1811 2119 1901 2154 procul

1108 2168 1225 2196 habitant
1248 2167 1432 2199 conciliabitis,
1458 2171 1485 2194 et
1508 2167 1656 2194 imitatores
1677 2170 1782 2193 vestros
1801 2164 1898 2192 consti<

1108 2215 1188 2242 tuetis
1202 2223 1209 2242 :
1224 2218 1303 2249 atque
1316 2214 1426 2249 insuper
1439 2213 1516 2248 longe
1529 2212 1686 2248 ampliorem
1706 2220 1720 2239 a
1737 2212 1793 2239 Deo
1810 2219 1899 2246 repor-

1108 2263 1198 2290 tabitis
1216 2269 1353 2293 coronam,
1373 2260 1443 2296 quod
1459 2265 1568 2296 propter
1589 2260 1634 2287 Dei
1657 2260 1780 2286 timorem
1803 2265 1830 2286 et
1844 2259 1899 2293 ejus

1108 2308 1262 2336 mandatum
1273 2307 1431 2335 diabolicam
1451 2307 1518 2334 hanc
1528 2306 1718 2341 superaveritis
1731 2304 1899 2333 consuetudi-

1108 2363 1180 2383 nem.
1194 2355 1247 2383 Sed
1261 2355 1332 2390 quod
1343 2355 1495 2390 suscepturi
1510 2355 1569 2382 sitis
1583 2361 1678 2389 magna
1698 2354 1837 2381 alacritate
1851 2353 1898 2380 hoc

1108 2406 1228 2429 nostrum
1250 2401 1403 2432 consilium,
1423 2405 1452 2428 et
1472 2407 1554 2435 opere
1570 2399 1714 2434 impleturi,
1741 2399 1819 2426 valde
1839 2406 1896 2425 con-

1108 2447 1171 2475 fido.
1188 2446 1289 2474 Videtis
1303 2447 1374 2473 enim
1400 2453 1448 2473 vos
1469 2453 1563 2481 magna
1586 2453 1646 2473 cum
1660 2445 1797 2479 voluptate
1811 2444 1899 2471 audire

1108 2502 1138 2522 ea
1151 2502 1210 2529 qtae
1221 2494 1354 2526 dicuntur,
1371 2493 1397 2519 id
1408 2500 1440 2519 ex
1451 2492 1580 2527 applausu
1594 2496 1620 2518 et
1635 2491 1758 2519 laudibus
1768 2491 1898 2525 conjecto,

1107 2547 1156 2567 vos
1168 2540 1249 2567 etiam
1263 2539 1388 2574 operibus
1402 2538 1473 2565 idem
1491 2538 1578 2572 ipsmn
1593 2537 1820 2572 eomprabaturos
1832 2543 1899 2563 esse.

1109 2586 1253 2621 Propterea
1271 2590 1413 2613 contentus
1425 2584 1514 2617 dictis,
1537 2584 1570 2611 ad
1591 2587 1734 2612 contextus
1749 2582 1847 2610 seriem
1861 2590 1899 2608 rc-

1107 2631 1223 2667 grediar.
1237 2630 1272 2658 El
1288 2633 1355 2666 facta
1367 2635 1413 2662 est,
1430 2630 1524 2664 inquit,
1538 2638 1652 2664 vespera,
1666 2634 1688 2656 et
1704 2628 1802 2663 accepi!
1816 2627 1899 2654 Labmt

1108 2677 1180 2704 Liam
1195 2678 1276 2712 ﬁliam
1290 2685 1373 2709 suam,
1387 2682 1411 2704 et
1423 2676 1562 2704 introduxit
1575 2684 1631 2702 eam
1645 2675 1679 2701 ad
1694 2673 1787 2701 Iacob.

1144 2722 1278 2755 Quomodo
1286 2731 1302 2750 α
1314 2722 1420 2749 Labano
1433 2722 1552 2757 deceptus
1564 2721 1639 2757 fuerit
1649 2720 1731 2748 Iacob
1743 2728 1753 2752 ,'
1768 2719 1824 2754 ejus
1840 2719 1900 2746 cim-

1108 2769 1217 2803 plicilas.
1231 2784 1268 2789 —
1279 2768 1317 2796 Ne
1337 2769 1424 2796 obiter
1445 2769 1526 2795 etiam
1547 2767 1598 2795 hoc
1614 2771 1804 2802 przetercatuus
1821 2776 1828 2794 :
1843 2772 1898 2792 nam

1108 2815 1150 2843 hic
1163 2823 1270 2850 quoque
1282 2816 1364 2843 multa
1379 2816 1542 2843 considerari
1559 2820 1669 2850 possunt
1683 2824 1690 2842 :
1705 2814 1821 2849 primum
1841 2812 1901 2840 sint-

1111 2861 1214 2896 plicitas
1228 2860 1321 2896 Jacob,
1344 2866 1370 2889 ct
1389 2861 1522 2897 quomodo
1538 2861 1572 2889 ab
1586 2861 1658 2889 omni
1680 2860 1780 2888 malitia
1801 2859 1900 2886 alienus
