2046 3126
156 180 208 207 689

156 237 284 272 deceptus
304 237 339 264 sit
353 247 359 264 :
374 237 531 272 secundum,
547 237 619 274 quod
633 242 705 266 tanta
716 237 844 266 facilitate
856 235 946 264 omnia

158 283 174 308 ιι
185 287 233 314 unt,
247 287 274 309 et
284 289 414 318 nusquam
429 283 574 318 lampades,
589 284 704 316 choreae,
719 284 842 319 facesque
854 288 950 318 pra-ter

157 335 221 355 usus
242 328 447 356 necessitatem:
462 329 496 356 ita
517 334 545 357 ut
566 334 593 357 et
611 329 732 365 deceptio
751 329 841 357 Lahm
856 329 946 356 locum

159 374 293 401 habuerit.
315 375 462 402 Possumus
484 379 573 403 autem
594 380 621 403 et
635 375 678 403 hic
695 375 793 408 videre,
816 373 951 410 quomodo

159 419 250 447 Lahan
274 427 369 455 magna
391 419 531 449 allectione
550 416 672 449 dileierit
691 420 782 449 Jacob.
805 420 861 448 lloc
879 420 952 448 enim

158 471 327 494 commentus
347 471 397 499 est,
413 472 442 495 ut
453 467 552 495 diutius
573 468 644 503 apud
658 475 687 495 se
698 468 800 503 justum
814 467 950 495 retineret.

154 511 263 539 Sciebat
274 512 381 547 quidem
394 513 465 548 quod
483 513 592 541 alterius
607 521 699 541 amore
718 513 853 548 ﬂagraret,
869 519 950 548 atque

157 559 181 584 si
194 557 248 585 voti
266 565 378 593 compos
392 559 477 592 ﬁeret,
493 567 546 587 non
556 559 666 595 eligeret
677 559 786 595 posthac
796 559 952 586 servitutem

161 608 272 639 propter
287 604 362 631 Liam
376 605 520 637 sustinere,
537 613 587 633 nec
599 605 678 633 vellet
690 613 751 632 eum
764 612 797 633 eo
809 604 929 633 habitare
942 612 951 631 :

157 654 187 676 ct
200 655 340 685 propterea
359 649 419 685 quia
436 650 500 677 vidit
514 650 604 677 Lahan
620 651 746 678 virtutem
759 650 819 684 viri,
834 655 859 678 et
876 649 952 685 cogi-

160 695 225 722 tavit
239 702 269 722 se
283 702 337 722 non
356 696 434 723 aliter
449 702 511 723 eum
528 696 636 724 vincere
651 701 677 723 et
690 696 852 731 persuadere
862 703 951 731 posse,

157 740 196 768 ita
207 748 269 768 eum
281 740 396 776 decepit,
408 745 433 769 et
445 741 517 768 dedit
528 742 552 769 ei
566 741 640 769 Liam
655 749 716 769 cum
731 742 829 776 chpha
845 741 951 768 ancilla.

160 787 262 814 Deinde
276 795 336 814 cum
349 791 505 822 argueretur
517 795 532 814 a
546 787 618 822 justo
633 787 704 822 quod
720 795 781 815 eum
792 787 951 822 decepisset,

160 834 301 861 honestam
314 833 402 861 attulit
425 834 636 861 excusationem.
652 834 717 861 Nam
729 839 870 869 postquam
885 833 952 860 dixit

156 879 240 907 Jacoh
255 888 262 906 :
277 880 323 907 25.
338 879 422 913 Quare
435 879 497 906 mihi
509 880 556 907 hoc
568 880 670 916 fecisti?
683 888 766 907 nonne
782 885 884 914 propter
897 879 952 906 Ra-

157 925 214 951 chel
229 925 317 952 servivi
336 924 401 952 tibi?
413 929 437 952 et
451 933 530 960 quare
543 925 662 958 ἀπερίειὶ
676 925 737 952 me?
747 925 809 960 quid
824 933 887 960 ergo
901 924 952 951 La-

158 969 231 996 han?
250 969 295 997 26.
316 969 377 997 Non
398 974 435 997 est
452 970 488 997 sic
509 970 536 996 in
551 969 598 996 hoc
623 970 678 997 loco
699 973 726 996 ut
742 969 853 997 elacetur
862 969 953 1004 junior

157 1016 229 1050 prius
241 1025 315 1051 quam
329 1017 412 1052 major
426 1021 496 1044 natu.
507 1016 552 1043 27.
567 1016 667 1051 Perﬁce
677 1016 756 1052 igitur
769 1015 952 1043 hebdomadam

157 1062 242 1094 istius,
265 1067 288 1088 et
309 1062 375 1089 dabo
397 1062 441 1089 tibi
461 1062 537 1089 etiam
559 1062 625 1088 hanc
644 1070 690 1097 pro
705 1061 799 1094 labore.
823 1065 847 1088 et
866 1068 950 1095 opere,

157 1108 226 1141 quod
239 1107 381 1142 operubcris
402 1107 473 1142 apud
494 1116 534 1135 me
555 1107 639 1134 adhuc
661 1107 734 1134 armis
753 1111 856 1142 septem.
873 1107 954 1134 Vides

159 1154 235 1181 illum
250 1161 281 1181 ea
295 1153 329 1181 de
339 1161 418 1181 cauSa
434 1154 490 1181 haec
501 1154 591 1182 omnia
606 1157 785 1181 commentum
800 1160 869 1180 esse.
886 1152 952 1180 Nam

160 1199 222 1234 quia
237 1199 302 1226 vidit
323 1206 442 1227 amorem
459 1206 539 1234 quem
560 1206 622 1234 erga
636 1198 751 1234 puellam
767 1197 892 1230 habebat,
913 1197 954 1225 in-

157 1245 217 1280 quit
231 1253 239 1272 :
253 1244 291 1272 Ne
303 1249 379 1279 putes
401 1244 495 1279 injuria
517 1249 543 1272 te
554 1244 624 1271 affici
640 1253 646 1271 :
663 1243 792 1277 Quoniam
808 1242 867 1270 hmo
883 1242 953 1277 apud

159 1299 209 1318 nos
224 1291 269 1318 lex
283 1294 333 1323 est,
350 1294 378 1318 ut
389 1289 502 1325 primum
517 1289 616 1324 nuptiis
636 1288 755 1316 tradatur
770 1288 855 1323 major
870 1292 931 1315 natu
945 1296 952 1315 :

161 1341 301 1372 propterea
318 1337 369 1364 hoc
385 1336 492 1372 quidem
510 1336 607 1364 factum
625 1340 683 1369 est;
698 1335 813 1371 accipies
826 1341 915 1363 autem
927 1340 955 1364 et

160 1383 229 1411 hanc
243 1390 322 1418 quam
334 1389 418 1416 amas,
430 1383 451 1410 si
465 1382 567 1410 similes
578 1386 680 1417 septem
692 1389 777 1409 annos
789 1389 838 1417 pro
849 1389 879 1410 ea
894 1389 954 1410 ser-

159 1429 253 1456 vieris.
272 1429 374 1463 Quibus
395 1428 491 1456 auditis
501 1429 589 1464 justus
609 1429 698 1456 omnia
720 1432 843 1463 prompto
865 1428 955 1456 animo

159 1475 278 1510 suscepit
290 1483 297 1502 :
313 1479 340 1502 et
350 1479 410 1509 post
422 1474 471 1502 hos
483 1474 550 1502 alios
561 1481 646 1501 annos
665 1478 767 1509 septem
780 1473 829 1509 (a),
845 1474 892 1502 28.
906 1474 955 1502 De-

159 1521 209 1553 dit,
225 1520 318 1555 inquit,
335 1520 423 1547 Laban
436 1520 533 1548 Rachel
543 1521 624 1555 ﬁliam
634 1528 706 1547 suam
718 1521 741 1547 ei
752 1528 866 1547 umorem.

196 1567 225 1594 5.
238 1566 387 1602 Polygamia
395 1567 472 1600 aliut;
489 1575 555 1594 nunc
573 1566 751 1601 monogamia;
762 1574 817 1592 cur.
829 1580 864 1586 —-
876 1566 956 1594 Vides

161 1613 259 1640 iterum
270 1613 375 1648 nuptias
387 1613 443 1640 ﬁeri
451 1620 510 1640 cum
522 1619 615 1648 magna
627 1612 774 1640 honestate.
784 1612 838 1640 Sed
846 1612 956 1640 audiens

161 1666 224 1686 eum
236 1659 372 1694 accepisse
385 1659 516 1693 majorem
529 1663 602 1692 natu,
618 1662 646 1685 et
658 1662 749 1693 postea
763 1659 905 1691 minorem,
922 1666 957 1686 ne

162 1704 296 1732 turberis:
311 1712 396 1739 neque
409 1704 554 1731 secundum
568 1708 666 1731 statum
679 1704 724 1739 qui
734 1711 804 1731 nunc
814 1709 866 1737 est,
876 1711 957 1739 opera

161 1758 222 1784 qua:
237 1754 300 1777 tunc
313 1749 379 1777 facta
394 1749 580 1784 suntjudices.
604 1749 679 1776 Tunc
692 1749 762 1776 enim
779 1750 841 1784 quia
856 1749 957 1784 princi-

164 1797 206 1831 pia
222 1801 310 1829 erant,
326 1796 486 1830 permissum
500 1795 550 1823 fuit
562 1803 623 1823 cum
645 1795 747 1822 duabus
761 1795 802 1822 vel
817 1795 900 1822 tribus
914 1794 958 1822 vel

163 1842 284 1877 pluribus
301 1842 428 1869 uxoribus
442 1841 566 1874 misceri,
586 1845 616 1868 ut
632 1840 779 1867 humanum
793 1847 876 1874 genus
896 1847 959 1874 pro-

165 1893 306 1923 pagaretur
318 1896 325 1920 ;
340 1895 410 1915 nunc
423 1895 487 1915 vero
500 1887 561 1922 quia
573 1894 620 1922 per
630 1887 676 1914 Dei
688 1888 799 1922 gratiam
814 1886 957 1914 humanum

164 1942 249 1969 genus
268 1934 344 1961 valde
359 1934 563 1968 multiplicatum
577 1937 618 1960 est
628 1954 635 1966 ,
650 1933 734 1960 virtus
755 1940 859 1968 quoque
873 1932 959 1959 incre-

165 1984 284 2006 mentum
298 1979 410 2014 aecepit.
434 1978 586 2007 Adveniens
601 1978 671 2006 enim
687 1978 818 2010 Christus,
833 1981 860 2005 et
874 1979 959 2005 virtu-

166 2030 220 2052 tem
237 2025 262 2051 in
279 2024 430 2051 hominibus
445 2023 759 2059 plantans,angelosque,
771 2027 800 2050 nt
813 2023 847 2050 ita
860 2022 958 2056 dicam,

165 2078 197 2098 ex
211 2071 364 2097 hominibus
379 2069 489 2103 faciens,
504 2077 613 2097 omnem
629 2069 700 2097 illam
713 2073 831 2096 veterem
846 2076 961 2096 consue-

167 2116 285 2145 tudinem
300 2116 425 2143 abolevit.
439 2115 521 2143 Vides
537 2115 672 2150 quomodo
688 2123 740 2142 non
755 2119 876 2149 oporteat
894 2121 961 2141 con-

166 2162 333 2189 suetudinem
350 2166 518 2199 praztexeren,
541 2161 588 2188 sed
608 2160 679 2196 quod
696 2161 796 2195 justum
815 2165 857 2188 est
871 2160 959 2196 inqui~

166 2209 247 2236 rere?
259 2208 329 2235 Ecce
340 2208 410 2235 enim
423 2207 547 2242 quoniam
559 2207 628 2234 mala
643 2210 699 2234 erat
714 2206 770 2234 haec
784 2206 958 2240 consuetudo,

166 2255 276 2289 explosa
298 2259 349 2286 est,
374 2259 401 2281 et
415 2261 468 2280 non
489 2253 551 2281 licet
566 2253 612 2280 ulli
631 2260 689 2280 eam
712 2256 869 2288 praetexere.
888 2252 960 2280 Nus-

167 2308 246 2334 quam
263 2299 341 2335 igitur
352 2320 359 2332 ,
376 2299 489 2327 obsecro
500 2319 508 2331 ,
524 2298 745 2326 consuetudinem
759 2298 896 2333 inquiras;
913 2297 961 2326 sed

167 2345 237 2381 quod
249 2345 284 2373 sit
298 2345 363 2372 utile
376 2352 466 2380 quaere
476 2365 484 2378 ,
505 2352 558 2371 non
571 2343 642 2379 quod
657 2344 753 2371 animae
767 2344 959 2379 perniciosum;

168 2391 228 2418 etsi
245 2390 308 2426 quid
321 2394 365 2418 est
373 2390 481 2422 bonum,
498 2389 602 2417 etiamsi
617 2396 671 2416 non
691 2389 724 2416 sit
741 2388 920 2421 censuetudo,
935 2387 961 2415 id

169 2437 215 2464 ﬁat
227 2446 241 2465 a
257 2437 333 2464 nobis
348 2436 388 2463 :si
399 2443 462 2463 vero
477 2434 655 2471 perniciosum
670 2438 722 2468 est,
733 2434 837 2461 etiamsi
848 2441 962 2461 consue—

169 2483 234 2510 tudo
248 2483 293 2515 sit,
305 2482 435 2517 fugiamus
450 2486 477 2509 et
491 2488 656 2509 aversemur.
670 2480 716 2507 29.
729 2479 762 2506 Et
770 2480 849 2511 dedit,
865 2479 959 2514 inquit,

172 2527 254 2555 Jacob
269 2526 405 2555 Rachelem
419 2535 477 2554 cum
489 2526 565 2553 Balta
578 2525 683 2552 ancilla.
705 2524 800 2552 Vidisti
815 2530 912 2559 quanta
927 2525 962 2553 sit

169 2574 228 2602 lucc
240 2573 407 2609 philosophia
416 2572 466 2608 (lt)?
477 2572 544 2600 Num
557 2579 695 2599 servorum
703 2570 815 2605 greges?
824 2578 885 2597 num
896 2578 961 2606 syn-

200 2641 237 2672 (a)
255 2641 296 2665 llic
307 2640 427 2672 memoria
434 2639 514 2672 lapsus
524 2638 619 2672 videtur
626 2637 806 2672 chrysoswmns
813 2643 868 2672 cum
879 2636 962 2661 sitta-

169 2668 258 2696 bantim
274 2672 361 2696 iambo
378 2668 504 2695 Itachelem
515 2669 612 2702 dedisse
627 2668 681 2699 post
699 2668 758 2702 alios
774 2671 870 2702 septem
887 2673 963 2702 armos

169 2703 301 2727 sorvitutis.
322 2706 377 2726 Nam
395 2708 420 2726 tn
436 2700 554 2725 Hebraieo
571 2698 638 2723 textu
661 2702 688 2724 et
704 2700 728 2723 in
747 2698 857 2729 Vulgata,
874 2698 963 2729 quibus

169 2734 242 2758 etiam
255 2733 611 2761 mnsonantlmxtuterpretes.
620 2729 716 2761 ductam
727 2730 752 2753 in
764 2735 866 2761 uxorem
872 2728 962 2753 ttae-lte-

170 2763 219 2788 lem
231 2770 287 2788 esse
299 2764 385 2788 dicitur
401 2767 459 2787 ante
477 2759 531 2786 illos
542 2764 639 2791 septem
657 2759 717 2785 alios
733 2759 858 2785 servitutis
868 2765 961 2788 annos,

170 2798 199 2830 9t
207 2795 346 2826 conjugium
353 2794 458 2824 septimo
469 2795 524 2824 post
534 2790 630 2816 ductam
646 2791 709 2815 Liam
719 2790 760 2815 die
771 2793 961 2815 consummatum

168 2824 401 2886 milii-Philosophia
417 2854 456 2879 hic
472 2853 586 2886 accipitur
609 2859 652 2886 pro
663 2851 817 2886 simplicitate
829 2857 922 2875 morum
935 2853 962 2886 et

167 2881 212 2916 pro
225 2881 364 2917 frugalitate
373 2904 380 2916 ,
394 2890 419 2910 ut
429 2891 495 2916 saepe
516 2881 574 2909 alias
585 2881 647 2915 apud
657 2881 847 2915 ctujsostomuu:
860 2886 886 2907 et
897 2881 961 2912 apud

168 2921 271 2942 veteres

709 181 742 210 ΙΝ
761 180 837 209 CAP.
859 175 955 206 XXlX.
971 174 1091 204 GENES.
1114 176 1231 205 llOMlL.
1252 176 1317 206 LVI.

1747 179 1800 209 493

1004 235 1126 271 grapho?
1143 240 1170 262 et
1184 241 1259 271 pacta
1271 257 1278 270 ,
1293 241 1372 272 atque
1392 237 1558 267 conditiones
1584 238 1635 267 illa:
1657 239 1774 268 ridicula:
1788 251 1796 269 ι

968 318 978 325 1
1005 284 1037 312 Si
1045 284 1092 311 hoc
1105 284 1191 319 fuerit,
1202 284 1223 310 si
1232 283 1280 310 hoc
1290 284 1419 311 evenerit?
1427 284 1459 311 Et
1468 285 1618 321 priusquam
1627 287 1797 319 conveniant,

991 327 994 330 ⁴
1007 330 1157 357 nescientes
1172 337 1205 356 an
1222 337 1304 364 usque
1317 329 1349 357 ad
1364 337 1501 364 vesperam
1518 337 1652 361 maneant.
1664 341 1724 368 qua:
1738 337 1798 368 post

1007 376 1089 402 multa
1098 380 1222 410 tempora
1243 380 1354 402 ventura
1378 381 1462 410 sunt,
1487 376 1512 404 in
1528 377 1612 405 literis
1633 379 1688 406 suis
1707 381 1796 408 consl-

1005 426 1088 457 gnant
1102 431 1108 449 :
1130 422 1161 449 Si
1174 422 1258 450 liberis
1271 431 1373 456 carens,
1393 423 1477 458 inquit
1487 445 1493 454 ,
1514 423 1647 459 defunctus
1665 426 1741 459 fuerit
1755 434 1766 454 :
1776 427 1798 454 ll

1007 467 1074 502 ﬁlios
1085 467 1210 502 habuerit,
1226 473 1252 495 et
1265 476 1439 504 qnzecumque
1455 469 1525 496 talia.
1549 471 1581 497 At
1596 470 1638 497 hic
1654 471 1718 498 nihil
1734 471 1797 505 tale,

1007 513 1053 540 Sed
1067 521 1126 540 eum
1141 514 1246 548 utrique
1259 521 1334 541 suam
1349 514 1472 541 ancillam
1483 514 1610 548 dedisset,
1627 516 1694 543 ﬁlias
1708 517 1798 544 eloca-

1005 560 1041 587 vit
1056 565 1140 595 pater.
1168 560 1213 588 30.
1239 559 1333 587 Dilexit
1351 565 1435 587 autem
1449 582 1455 593 ,
1475 561 1575 595 inquit,
1602 561 1698 589 Rachel
1719 563 1799 597 magis

1006 614 1082 641 quam
1106 605 1178 632 Liam
1201 611 1248 633 εει
1270 606 1369 633 servivit
1391 607 1414 633 ei
1427 611 1521 641 septem
1542 608 1616 635 annis
1638 608 1706 635 aliis.
1731 608 1798 642 Quia

1006 652 1077 679 enim
1101 652 1136 678 ab
1158 651 1233 678 initio
1249 651 1382 679 adamavit
1397 652 1509 686 puellam
1531 657 1638 687 propter
1661 658 1797 681 venustam

1006 697 1132 730 formam,
1146 701 1172 724 et
1183 697 1225 724 vix
1236 705 1294 725 eam
1305 703 1484 733 consequutus
1497 703 1538 725 est
1550 707 1556 724 :
1573 698 1634 726 ideo
1646 707 1704 726 eam
1715 700 1799 735 magis

1006 742 1099 770 dilexit
1123 750 1200 777 quam
1226 743 1311 770 Liam.
1338 743 1442 770 Etenim
1467 743 1536 771 illius
1560 751 1684 772 renus'as
1707 746 1800 773 allcxit

1007 796 1068 815 eum
1090 788 1123 815 ad
1147 796 1205 815 eam
1227 788 1378 816 amandum.
1397 789 1493 816 Verum
1507 790 1548 817 hic
1561 790 1656 817 iterum
1671 790 1731 818 vide
1746 790 1798 818 Do-

1008 834 1071 862 mini
1085 833 1244 861 ineffabilem
1261 835 1468 862 miscricordiam
1480 856 1488 869 ,
1507 841 1533 862 et
1547 836 1681 871 quomodo
1694 845 1752 872 quae
1764 837 1799 865 ab

1006 879 1064 915 ipso
1088 880 1192 907 fuerant
1212 880 1343 914 promissa
1369 881 1494 916 paulatim
1510 882 1652 917 compleat.
1675 883 1740 910 Nam
1753 884 1799 919 qui

1006 925 1073 953 dixit
1088 935 1095 952 :
1112 925 1168 953 Ero
1181 931 1273 958 tecum,
1287 927 1428 954 custodiens
1441 932 1464 954 te
1478 927 1503 954 in
1515 929 1583 955 onmi
1596 929 1635 956 via
1648 937 1698 964 qua
1711 929 1799 956 ambu-

1007 971 1098 998 laverit
1111 979 1121 998 :
1132 975 1170 1005 et,
1186 971 1287 1007 Augebo
1305 977 1328 999 et
1349 972 1522 1008 multiplicabo
1537 978 1561 1000 te
1581 973 1656 1010 (Gen.
1671 974 1717 1002 28.
1733 974 1798 1011 15):

1008 1017 1065 1052 ipse
1075 1018 1155 1045 etiam
1167 1026 1237 1045 nunc
1252 1018 1341 1045 omnia
1356 1018 1500 1054 dispensat.
1517 1019 1551 1046 Et
1563 1024 1590 1046 ut
1603 1020 1628 1046 id
1644 1020 1723 1054 scias,
1738 1021 1799 1048 audi

1007 1064 1091 1098 ipsam
1116 1064 1231 1091 divinam
1245 1064 1407 1099 Scripturam
1422 1065 1473 1091 hoc
1494 1065 1634 1093 manili:le
1655 1065 1798 1094 dicentem.

1008 1110 1053 1137 5i.
1069 1109 1103 1137 Ut
1117 1110 1179 1137 vidit
1189 1115 1272 1137 autem
1285 1109 1410 1138 Dominus
1425 1110 1503 1142 Deus,
1518 1111 1586 1144 quod
1599 1112 1656 1138 odio
1668 1112 1802 1140 haberetur

1007 1151 1065 1185 Lia,
1081 1152 1179 1186 aperuit
1194 1153 1292 1179 vulvam
1307 1153 1362 1187 ejus
1377 1160 1387 1180 .'
1407 1152 1503 1180 Rachel
1525 1158 1608 1180 autem
1627 1159 1680 1181 erat
1695 1155 1800 1182 sterilis.

1006 1199 1051 1226 52.
1073 1198 1106 1226 Et
1120 1200 1234 1235 concepit
1255 1199 1322 1233 Lia,
1345 1205 1368 1227 et
1392 1200 1487 1235 peperit
1509 1200 1589 1234 ﬁlium
1602 1200 1708 1228 Iacobo.
1734 1201 1802 1230 Vide

1006 1244 1132 1272 solertem
1157 1245 1203 1272 Dei
1226 1245 1393 1280 sapientiam.
1416 1246 1546 1279 Quoniam
1566 1246 1610 1274 illa
1622 1247 1728 1282 quidem
1744 1248 1801 1283 pul-

1006 1290 1158 1318 chritudine
1170 1298 1217 1317 sua
1231 1291 1385 1318 conciliarat
1399 1291 1449 1319 sibi
1462 1292 1574 1327 gratiam
1588 1293 1649 1327 viri,
1669 1292 1726 1321 hmc
1738 1301 1802 1322 vero

1007 1336 1117 1364 minime
1138 1336 1253 1364 formosa
1269 1336 1331 1364 odio
1344 1336 1435 1364 haberi
1446 1337 1500 1364 visa
1515 1342 1577 1366 est:
1593 1338 1660 1366 hanc
1677 1339 1800 1367 idoneam

1007 1382 1069 1410 facit
1080 1383 1185 1418 partui,
1205 1383 1276 1410 illam
1291 1391 1355 1411 vero
1369 1383 1488 1412 inutilem
1501 1392 1508 1418 ;
1529 1384 1585 1412 hmc
1599 1385 1679 1413 ambo
1693 1393 1739 1413 sua
1753 1386 1804 1413 nti-

1008 1428 1153 1456 scricordia
1168 1429 1327 1464 dispensans
1339 1434 1366 1457 ut
1376 1434 1402 1457 et
1413 1429 1472 1457 hinc
1483 1438 1530 1464 per
1542 1430 1642 1461 liberos
1656 1431 1700 1466 qui
1716 1439 1749 1459 ex
1771 1439 1802 1460 ea

1009 1475 1186 1503 nascebantur
1203 1476 1326 1503 solatium
1345 1475 1470 1509 haberet,
1485 1476 1511 1503 in
1526 1477 1566 1504 sui
1581 1484 1699 1504 amorem
1715 1478 1802 1506 virum

1008 1521 1145 1554 alliciens;
1160 1525 1187 1549 et
1201 1521 1246 1549 illa
1259 1529 1293 1550 ne
1306 1526 1413 1557 propter
1426 1522 1648 1557 pulchritudinem
1662 1527 1690 1551 et
1704 1523 1803 1551 formo-

1010 1568 1115 1596 sitatem
1137 1568 1265 1596 adversus
1289 1576 1410 1597 sororem
1436 1568 1594 1604 insurgeret.
1622 1569 1655 1596 Et
1678 1571 1778 1606 aperuit
1794 1591 1803 1604 ,

1010 1614 1111 1649 inquit,
1135 1615 1235 1642 vulvam
1254 1615 1319 1649 ejus.
1340 1614 1418 1642 Disce
1436 1614 1489 1647 hic,
1504 1614 1617 1649 dilecte,
1631 1615 1804 1643 Conditorem

1010 1661 1130 1688 omnium
1146 1660 1234 1687 omnia
1254 1660 1386 1688 moderari
1400 1668 1431 1687 ac
1450 1661 1622 1695 dispensare,
1641 1666 1666 1689 et
1684 1667 1803 1689 naturam

1011 1706 1095 1741 ipsam
1108 1706 1140 1733 ad
1155 1711 1257 1742 partum
1269 1706 1396 1739 excitare,
1408 1707 1560 1742 nullamque
1575 1715 1635 1735 esse
1647 1709 1803 1736 concubitus

1011 1752 1162 1786 utilitatem,
1178 1753 1200 1780 si
1213 1753 1280 1781 absit
1294 1753 1382 1780 divina
1397 1754 1560 1788 cooperalio.
1578 1754 1720 1790 Propterea
1732 1756 1802 1782 enim

1012 1798 1089 1831 dixit,
1105 1798 1209 1834 Aperuit
1223 1799 1322 1826 vulvam
1335 1799 1401 1834 ejus,
1414 1804 1444 1826 ut
1454 1800 1570 1827 sciamus
1585 1801 1700 1828 voluisse
1712 1801 1803 1828 Domi-

1012 1852 1075 1872 num
1091 1844 1165 1871 Liam
1180 1843 1352 1879 procreandis
1377 1844 1467 1872 liberis
1481 1849 1570 1880 aptam
1596 1845 1664 1877 ﬁeri,
1680 1853 1733 1880 quo
1746 1846 1804 1881 ejus

1013 1897 1113 1917 tumror
1128 1889 1266 1916 leniretur.
1289 1888 1348 1923 Ipse
1370 1889 1440 1916 enim
1455 1893 1496 1916 est
1508 1890 1553 1924 qui
1577 1890 1602 1916 in
1615 1890 1692 1917 vulva
1708 1890 1805 1925 ﬁgurat

1012 1940 1039 1963 et
1052 1935 1153 1963 animat
1167 1934 1248 1963 fretus
1260 1956 1268 1969 ,
1290 1935 1358 1962 sicut
1371 1939 1398 1963 et
1412 1935 1493 1963 David
1509 1936 1572 1963 dicit
1587 1945 1593 1963 :
1616 1937 1755 1972 Suscepisti
1766 1946 1806 1965 me

1012 1981 1044 2009 tle
1057 1986 1128 2009 utero
1139 1982 1226 2009 matris
1241 1990 1303 2008 mea:
1313 1981 1398 2017 (Psal.
1414 1982 1476 2009 158.
1491 1983 1543 2018 15).
1557 1982 1591 2010 Ει
1603 1983 1662 2010 vide
1669 1984 1807 2018 quomodo

1013 2031 1142 2055 monstrat
1162 2027 1239 2055 nobis
1254 2027 1341 2055 divina
1359 2026 1496 2062 Scriptura
1515 2033 1617 2055 natura:
1631 2028 1805 2058 Conditorem

1014 2077 1125 2108 utraque
1141 2080 1189 2100 sua
1205 2073 1303 2100 virtute
1316 2073 1494 2106 efﬁcientem;
1512 2081 1606 2108 nempe
1621 2074 1730 2102 alterius
1745 2075 1805 2103 vul-

1014 2127 1072 2145 vam
1091 2118 1213 2146 idoneam
1233 2118 1388 2146 reddentem
1399 2139 1407 2152 ,
1424 2119 1548 2146 Rachelis
1569 2124 1657 2148 autem
1673 2122 1806 2149 constrin-

1013 2169 1129 2199 grntem.
1151 2164 1286 2200 Siquidem
1301 2169 1403 2192 naturae
1423 2165 1550 2192 Dominus
1563 2174 1623 2193 cum
1641 2167 1691 2200 sit,
1716 2168 1807 2196 omnia

1015 2210 1091 2237 facile
1104 2215 1239 2245 operatur.
1262 2210 1295 2237 Et
1315 2211 1438 2245 concepit,
1457 2211 1561 2246 inquit,
1587 2211 1646 2245 Lia,
1668 2217 1692 2239 et
1711 2214 1806 2248 peperit

1015 2257 1095 2290 [ilium
1106 2255 1223 2289 Iacobo;
1238 2257 1383 2292 vocavitque
1395 2265 1487 2285 nomen
1502 2258 1557 2292 eius
1573 2257 1661 2285 Ruben
1671 2279 1678 2290 .
1695 2259 1780 2286 dicens
1797 2267 1807 2286 :

1017 2303 1082 2337 Quia
1097 2303 1157 2330 vidit
1173 2303 1297 2331 Dominis
1309 2303 1431 2331 vilitatem
1448 2312 1540 2338 meam,
1565 2313 1632 2332 nunc
1654 2305 1742 2340 diliget
1766 2313 1806 2332 me

1014 2351 1051 2377 vir
1067 2359 1147 2378 meus.
1173 2350 1236 2378 Vide
1249 2358 1327 2385 quam
1347 2354 1423 2385 grata
1446 2350 1542 2377 mulier
1562 2350 1626 2378 dicit
1648 2359 1655 2377 :
1679 2351 1808 2378 Dominus

1014 2398 1069 2425 visa
1094 2396 1242 2424 humilitate
1263 2403 1321 2423 mea
1344 2395 1455 2430 praebuit
1471 2395 1535 2422 mihi
1550 2401 1674 2430 partum,
1698 2401 1807 2431 propter

1014 2452 1092 2480 quem
1107 2442 1211 2477 diligor.
1227 2442 1261 2469 Et
1273 2445 1363 2476 specta
1385 2441 1428 2468 hic
1442 2442 1537 2468 iterum
1549 2462 1557 2474 ,
1579 2441 1713 2476 quomodo
1736 2441 1808 2469 Deus

1015 2489 1169 2518 muneribus
1194 2492 1298 2516 certare
1323 2486 1458 2514 contendit
1481 2494 1541 2514 cum
1557 2494 1606 2520 eo,
1629 2491 1656 2514 et
1677 2486 1810 2514 beneﬁcia

1014 2535 1173 2567 accumulat,
1185 2533 1263 2561 simul
1278 2538 1302 2560 et
1311 2533 1375 2568 jllSll
1389 2540 1480 2560 semen
1494 2532 1595 2568 augeri,
1607 2537 1633 2559 et
1645 2532 1713 2559 hanc
1723 2533 1811 2568 magis

1014 2581 1114 2609 Jacoho
1123 2579 1264 2607 amabilem
1278 2577 1352 2606 reddi
1362 2578 1463 2605 volens.
1472 2578 1517 2605 35.
1533 2577 1568 2611 Et,
1576 2578 1697 2613 concepit,
1711 2578 1810 2613 inquit,

1014 2629 1114 2660 iterum,
1139 2630 1162 2653 et
1184 2624 1280 2660 peperit
1302 2623 1384 2658 [ilium
1397 2622 1537 2650 secundum
1549 2623 1664 2657 Jacobo,
1683 2629 1706 2650 et
1719 2624 1782 2650 dixit
1797 2629 1813 2651 ι

1014 2673 1117 2701 Audiuit
1139 2672 1263 2699 Dominus
1283 2670 1350 2706 quod
1364 2670 1423 2696 odio
1437 2669 1530 2697 habeor
1541 2690 1549 2703 ,
1570 2675 1592 2696 et
1612 2670 1729 2705 apposuit
1744 2670 1810 2697 mihi

1015 2720 1133 2751 ethunc;
1147 2723 1169 2745 et
1182 2716 1280 2744 vocavit
1298 2723 1387 2743 nomen
1398 2716 1453 2751 ejus
1476 2715 1597 2751 Symeon.
1613 2716 1726 2743 Attende
1737 2723 1810 2751 quo-

1016 2765 1096 2793 modo
1111 2772 1158 2800 per
1173 2762 1292 2798 singulos
1306 2768 1404 2797 pueros
1416 2761 1516 2796 gratias
1529 2761 1583 2797 agit
1597 2761 1719 2795 Domino,
1732 2766 1760 2790 et
1773 2761 1816 2790 ob:

1017 2810 1145 2839 beneﬁcia
1171 2813 1273 2844 gratum
1292 2807 1411 2835 animum
1436 2807 1563 2834 declarat.
1579 2806 1691 2841 Audiuit,
1713 2810 1785 2835 enim
1798 2827 1816 2841 ν

1016 2857 1117 2892 inquit,
1140 2856 1274 2888 Dominus,
1288 2854 1355 2890 quod
1375 2853 1434 2881 odio
1455 2853 1557 2887 habeor,
1577 2858 1600 2881 et
1613 2854 1730 2889 apposuit
1746 2854 1814 2881 mihi

1015 2905 1091 2932 etiam
1104 2903 1171 2930 hunc
1185 2910 1194 2930 :
1209 2905 1349 2936 propterea
1363 2898 1465 2928 Vocavit
1479 2907 1567 2927 nomen
1581 2899 1635 2935 ejus
1650 2899 1775 2934 Syrtico".
