2046 3126
275 172 324 199 491
628 172 654 200 S.
676 172 814 200 JOANNIS
833 171 1073 200 CHRYSOSTOMI
1093 171 1249 200 AilCllliil".
1266 173 1532 206 CONSTANTINOP.

311 229 337 256 6.
355 228 447 256 Vidisti
461 229 594 264 quomodo
607 237 658 256 non
671 230 839 264 simpliciter,
857 237 942 264 neque
964 235 1064 257 temere

276 275 380 300 numina
389 274 455 301 natis
464 273 792 302 intliderit?Voeavitcnim
802 283 860 302 cum
869 276 940 310 Syun
950 283 995 308 on,
1003 283 1065 309 quo-

277 319 345 345 niam
364 319 463 346 audivit
482 319 606 346 Dominus
620 319 667 355 (u).
688 319 767 347 Nobis
786 320 915 354 siquidem
937 320 1064 346 llelu-aico

276 364 400 392 idiomate
417 372 462 399 per
476 364 525 392 hoc
547 373 642 392 nomen
665 365 793 399 signatur,
816 365 885 400 quod
907 365 995 391 audita
1018 364 1062 390 sit.

275 408 319 436 51.
334 408 366 435 Et
382 410 494 444 concepit
515 410 622 443 iterum,
649 415 671 436 et
693 410 788 445 peperit
811 410 892 444 ﬁlium
905 429 912 442 ,
934 414 956 435 et
979 409 1063 436 dixit:

277 454 302 481 Ν
306 464 352 481 unc
368 456 484 490 temporis
497 456 566 489 apud
577 465 615 482 me
636 456 680 482 erit
701 456 737 482 t'ir
754 464 841 488 meus;
863 456 948 490 peperi
962 456 1028 482 enim
1041 455 1064 482 ei

275 506 323 527 lies
337 501 424 534 ﬁlios:
438 507 538 537 propter
553 504 600 529 hoc
610 503 704 528 vocavit
720 511 808 529 nomen
820 503 888 529 illius
901 501 970 528 Levi.
986 502 1064 529 Vide-

276 553 318 573 tur
331 547 394 573 mihi
417 547 459 575 hic
474 547 624 583 signiﬁcari,
640 556 698 574 eam
710 548 778 575 natis
793 548 895 575 duobus
918 547 978 574 ﬁliis
997 555 1064 574 non-

274 594 337 621 dum
354 595 468 629 potuisse
482 595 589 622 allicere
603 596 702 628 virum,
717 595 759 629 qui
777 594 862 622 adhuc
880 595 904 621 in
920 594 1063 621 liacltclcm

276 640 431 674 propensior
441 643 498 667 erat
512 649 518 666 :
536 640 595 667 ideo
607 640 671 667 dicit
682 660 690 673 ,
709 640 784 666 Nunc
802 641 920 675 temporis
937 640 1006 674 apud
1025 648 1063 666 nte

274 686 319 711 erit
335 685 371 712 vir
388 694 466 713 ntetts.
490 685 622 712 Fortassis
644 687 762 712 accessio
785 686 853 712 tcrtii
871 686 956 712 virum
975 692 1062 712 meum

276 731 367 758 reddet
390 731 567 762 benevolum,
595 735 622 758 et
648 731 742 758 melius
754 732 817 757 ntihi
839 731 970 758 allectum.
996 731 1063 757 Ecce

274 776 343 802 enim
365 782 418 803 tres
434 775 501 803 [llius
515 776 538 803 ci
560 776 660 811 peperi.
683 777 727 803 55.
745 776 778 802 Et
793 777 904 811 concepit
925 776 1008 802 adhuc
1028 777 1058 810 ﬁ-

276 822 336 847 liam
345 841 351 853 ,
368 829 397 847 ac
410 822 515 856 peperit,
527 827 549 848 et
564 822 627 848 dixit
640 830 650 848 :
663 821 739 848 Nunc
751 822 833 848 adhuc
848 822 916 848 istud
929 821 1063 856 con/itibor

275 866 405 893 Domino:
422 872 552 901 prapterea
576 868 669 893 vocavit
691 875 779 893 nomen
799 868 854 901 ejus
872 866 977 894 Jndmn.
994 866 1061 899 Quid

273 918 322 943 est,
340 912 413 939 Istud
427 913 563 946 conﬁtebor
575 912 703 939 Domino?
719 912 861 947 Conﬁtcbur
875 913 917 939 ltie
934 913 1001 939 idem
1023 917 1063 938 est

273 967 316 990 ac,
327 959 430 987 Gratias
443 967 529 994 agam,
542 964 568 986 ct.
579 959 734 995 glorificabo
745 967 816 993 eum,
831 960 891 994 quia
903 965 929 987 ct
940 965 1062 994 quartum

274 1006 336 1031 mihi
351 1005 447 1040 adjecit
462 1005 555 1036 tilium,
568 1010 594 1032 et
606 1010 704 1032 tantam
721 1005 784 1032 tuihi
799 1005 985 1032 almndautiun
999 1012 1064 1032 con-

273 1052 351 1078 εε›δὶι
368 1060 374 1078 :
390 1056 417 1078 et
431 1058 490 1086 qua:
505 1050 539 1078 ob
551 1051 671 1085 corporis
685 1050 880 1077 deformitatem
894 1050 927 1077 de
940 1051 987 1077 viri
1001 1058 1062 1085 erga

274 1105 316 1124 tne
336 1096 519 1124 benevolentia
536 1096 713 1131 periclitatum
734 1104 823 1128 eram,
849 1104 917 1122 nune
938 1104 1062 1131 procrea-

274 1144 345 1170 tioue
366 1143 477 1170 filiorum
489 1151 502 1168 a
525 1143 578 1169 Deo
594 1141 658 1168 inihi
673 1142 749 1174 data,
773 1146 800 1169 et
812 1142 935 1169 mwroris
950 1150 1062 1168 excessu

272 1189 412 1220 discusso,
435 1194 493 1220 me,
509 1195 568 1221 qua:
585 1187 620 1213 ob
633 1187 829 1214 deformitatem
850 1186 911 1213 odio
936 1187 1061 1219 halicbar,

272 1233 422 1260 consolatus
433 1236 483 1262 est.
496 1232 639 1266 odiumque
649 1231 782 1258 transtulit
793 1232 818 1258 in
830 1239 949 1258 sororem
964 1239 1062 1258 nteant.

274 1278 307 1306 Ut
324 1278 417 1313 peperit
427 1283 510 1303 autent
529 1276 624 1303 Jadam
638 1297 645 1308 ,
672 1277 757 1311 inquit
769 1297 776 1309 ,
796 1277 899 1303 cessavit
922 1286 1019 1312 parcre.
1037 1278 1061 1303 1.

272 1324 334 1352 Cant
348 1329 430 1349 antem
445 1323 544 1349 vidisset
558 1322 653 1349 [lac/tul
666 1323 724 1358 quia
735 1331 784 1349 non
798 1323 933 1357 peperisset
949 1323 1044 1350 Jucobo
1054 1344 1061 1356 ,

272 1371 389 1397 a'muluta
403 1374 437 1396 est
455 1369 526 1395 Limn
543 1377 654 1396 sororem
667 1377 738 1395 suum
749 1390 756 1402 ,
778 1374 800 1396 ct
812 1370 874 1396 dixit
893 1369 988 1397 Iacobo
999 1391 1005 1403 ,
1023 1370 1062 1397 Da

272 1416 333 1442 nti/ti
348 1415 434 1450 ﬁlios:
450 1415 488 1441 sin
503 1415 595 1447 minus,
613 1415 707 1441 moriar
719 1424 765 1450 ego
784 1414 860 1450 (Cap.
875 1415 930 1450 50).
943 1416 1061 1444 luconsi-

271 1461 362 1488 derata
376 1465 402 1488 ct
416 1461 552 1487 ntuliebris
566 1465 606 1487 c~t
625 1460 682 1487 hare
695 1461 786 1496 petitio
801 1462 949 1496 aniuta‘qnc
963 1463 1064 1499 zeloty-

271 1508 314 1542 pia
330 1507 499 1541 impugnata',
516 1505 555 1532 Da
567 1506 628 1532 milii
641 1506 717 1536 ﬁlios.
732 1506 788 1534 Non
805 1507 911 1539 audisti,
928 1508 996 1542 quod
1010 1517 1062 1535 non

271 1553 320 1579 viri
344 1551 499 1579 concubitus
520 1551 558 1578 illi
582 1557 685 1586 partum
699 1551 850 1586 pricbuerit,
872 1553 918 1580 sed
936 1553 1062 1580 Dominus

273 1599 342 1626 Deus
354 1607 362 1626 :
375 1598 419 1633 qui
432 1597 464 1625 Ut
480 1598 556 1630 t'idit,
573 1597 671 1632 inquit,
687 1597 753 1633 quod
767 1598 825 1624 odio
841 1598 982 1630 ltabrremr,
1002 1607 1062 1633 ape-

271 1646 322 1672 ruit
345 1645 444 1671 vulvam
458 1644 535 1680 ejus?
554 1645 642 1677 Quare
666 1651 680 1670 a
705 1644 761 1670 viro
776 1644 843 1678 petis
857 1651 886 1670 ea
900 1651 958 1678 qua-
982 1652 1062 1678 supra

272 1696 393 1718 naturam
408 1695 480 1722 sunt,
495 1694 522 1717 et
536 1689 628 1716 relicto
649 1693 749 1715 natura:
774 1689 886 1715 Domino
911 1689 994 1715 virum
1017 1697 1061 1716 ar-

271 1736 330 1771 guis
345 1757 352 1768 ,
367 1735 410 1770 qui
421 1735 453 1762 ad
472 1735 521 1761 hoc
534 1734 599 1761 nihil
619 1733 740 1761 conferre
754 1733 798 1760 tibi
815 1735 930 1768 poterit?
946 1734 984 1760 Du
1001 1734 1062 1761 mihi

272 1783 349 1818 filios:
367 1783 404 1809 sin
419 1782 511 1814 minus,
525 1781 617 1806 moriar
631 1789 686 1815 ego.
700 1779 785 1807 Grave
799 1780 896 1807 malum
908 1785 949 1807 est
963 1781 1062 1816 zeloty-

272 1829 325 1863 pia,
342 1833 367 1855 et
383 1827 480 1855 desiuit
495 1827 520 1853 in
535 1827 714 1861 insipientiam
730 1834 736 1852 :
752 1826 777 1852 id
794 1826 864 1860 quod
883 1832 909 1853 et
926 1827 985 1853 lmic
999 1834 1061 1853 eve—

271 1875 318 1902 nit.
335 1874 431 1901 Videtis
442 1874 512 1900 enim
523 1874 634 1900 chorum
650 1873 763 1899 ﬁliorum
778 1881 823 1900 sor
842 1873 889 1906 ris,
905 1879 931 1900 ct
942 1873 1060 1908 cogitans

270 1929 346 1948 suam
368 1920 539 1947 solitudinem
551 1941 558 1952 ,
584 1927 635 1946 non
651 1919 750 1946 ferebat
771 1919 839 1947 hanc
852 1920 1038 1946 contumeliam
1051 1940 1060 1954 ,

271 1974 356 2001 neque
370 1966 506 1993 continere
521 1970 626 2000 poterat
639 1965 826 1999 cogitationem
840 1973 898 1999 qum
921 1974 950 1991 se
971 1966 1060 1992 turba-

270 2014 330 2044 bat,
346 2012 392 2040 sed
413 2013 455 2039 illa
469 2012 627 2047 insipientia:
647 2011 722 2046 plena
739 2012 816 2038 verba
831 2012 898 2046 lnqw
911 2012 1006 2039 batur:
1022 2012 1061 2039 Da

270 2059 332 2085 mihi
346 2059 412 2092 ﬁlios
428 2066 436 2085 :
450 2058 488 2084 sin
503 2058 594 2089 minus,
609 2057 702 2083 moriar
715 2065 770 2092 ego.
789 2057 919 2084 Fortassis
933 2057 996 2084 \idit
1010 2058 1061 2085 viri

270 2112 331 2139 erga
347 2104 418 2131 illam
432 2112 548 2130 amorem
563 2123 570 2136 ,
594 2108 618 2130 cl
633 2102 738 2137 putabat
754 2111 784 2130 ca
796 2102 829 2129 de
844 2111 921 2130 causa
937 2103 1007 2130 illant
1024 2108 1062 2131 tot

272 2151 341 2177 ﬁlios
354 2150 487 2182 habuisse,
503 2154 529 2176 ct
543 2157 572 2176 se
593 2149 710 2176 nondum
721 2149 855 2184 peperisse
873 2159 878 2176 ι
897 2150 965 2177 ttnde
976 2150 1058 2184 dicit,

272 2195 312 2221 Da
327 2195 388 2220 mihi
402 2195 478 2228 ﬁlios.
505 2194 603 2221 Deinde
619 2199 716 2221 terrere
740 2194 831 2221 volens
844 2195 939 2228 virum,
951 2196 1038 2223 subdit
1052 2205 1058 2223 :

272 2241 347 2273 Quod
359 2240 380 2266 si
394 2240 475 2266 minus
487 2260 494 2270 ,
520 2240 614 2265 moriar
626 2248 679 2274 ego.
703 2239 770 2272 Quid
785 2240 862 2274 igitur
877 2241 933 2274 pius
949 2246 975 2268 ct
997 2242 1059 2268 teli-

270 2285 358 2320 giosus
372 2285 474 2312 .Iacob?
488 2285 514 2311 ‘2.
532 2285 680 2311 Succensuit
691 2305 697 2316 ,
711 2285 805 2319 inquit,
820 2285 854 2311 at!
868 2285 940 2312 verba
955 2286 1022 2317 lucc.
1037 2292 1060 2315 ct

270 2332 333 2358 dixit
348 2332 370 2358 ei
384 2339 393 2358 :
411 2330 539 2365 Numquid
550 2338 595 2364 pro
612 2329 663 2356 Deo
674 2338 717 2364 ego
729 2338 782 2356 sum
796 2351 802 2363 ,
816 2331 860 2364 qui
872 2331 955 2365 fructu
969 2334 1060 2360 ventris

270 2382 292 2403 te
303 2377 407 2412 priravit
417 2377 428 2403 .7
439 2376 524 2409 Quare
535 2375 662 2401 derelicto
675 2380 775 2401 natura:
790 2375 900 2403 Domino
913 2378 1058 2411 reprehen-

269 2425 370 2450 sionem
394 2422 457 2449 mihi
481 2421 601 2448 inducis?
617 2421 662 2448 Ille
681 2425 722 2447 est
743 2421 786 2455 qui
801 2423 911 2455 privavit
936 2428 961 2450 te
973 2423 1057 2451 l'rnctu

269 2469 378 2496 \entris.
393 2468 480 2500 Quare
495 2475 547 2493 non
567 2466 600 2493 ab
614 2466 658 2493 illo
671 2467 737 2501 petis
748 2488 755 2499 ,
780 2467 823 2501 qui
848 2473 933 2502 potest
953 2470 1058 2503 aperire

269 2518 372 2541 natura!
385 2512 528 2544 ofﬁcinam,
542 2516 567 2538 et
578 2511 727 2539 fwcundam
743 2512 830 2540 facere
841 2514 965 2540 vulvam?
980 2515 1058 2542 Disce

268 2560 347 2594 igitur
360 2559 433 2586 illum
447 2566 506 2586 esse
520 2559 562 2593 qui
578 2564 602 2585 te
619 2559 728 2593 privavit
744 2559 829 2586 fructu
843 2562 942 2589 ventris
956 2562 1008 2594 tui,
1030 2568 1057 2589 ct

267 2606 352 2633 sorori
369 2611 419 2633 lucc
434 2609 532 2633 tantam
548 2605 744 2633 fmcunditatcm
760 2608 890 2642 prmstitit.
902 2608 940 2634 Ne
953 2607 1031 2643 igitur
1042 2617 1056 2636 a

267 2659 309 2679 Ille
323 2659 426 2687 quarras
437 2659 494 2686 qua:
509 2651 627 2685 praebere
641 2659 693 2678 non
709 2659 825 2685 possunt,
838 2658 863 2680 Cl
877 2661 988 2688 qllOl'lllll
1003 2662 1055 2681 non

265 2705 322 2724 sum
338 2697 469 2724 dominus.
486 2696 551 2723 Nam
568 2696 591 2724 si
607 2697 656 2724 ltoc
670 2697 696 2724 in
712 2705 754 2724 me
777 2697 886 2731 fuisset,
907 2699 1015 2726 omnino
1030 2705 1056 2727 te

265 2742 348 2770 sorori
365 2743 538 2778 prmtulissem
551 2765 557 2777 ,
575 2743 702 2778 majorem
723 2751 785 2779 erga
804 2749 829 2772 te
843 2745 1053 2774 benevolentiam

265 2788 372 2816 habens.
400 2791 433 2816 At
453 2792 559 2824 quando
579 2789 681 2816 etiamsi
709 2790 735 2817 in
762 2791 891 2818 infinitum
913 2794 1004 2827 majori
1030 2799 1055 2822 te

294 2885 330 2916 (tl)
342 2890 356 2908 Α
366 2891 423 2909 voce
434 2889 537 2915 namque
546 2883 617 2912 ‘JDVJ
626 2883 724 2915 audit-it,
733 2884 855 2910 derivatur
864 2885 937 2922 312?:
945 2892 1051 2918 :‘ymcon.

1855 182 1906 210 49¢

1116 232 1277 266 complectar
1292 233 1473 263 benevolentia
1486 257 1494 269 ,
1518 236 1584 263 nillil
1607 237 1652 264 tibi
1667 238 1693 264 in
1710 238 1760 266 hoe
1781 240 1904 273 prodesse

1117 282 1228 311 potero,
1250 279 1283 306 ab
1298 280 1342 306 illo
1357 289 1446 315 qtaere
1458 303 1464 314 ,
1486 283 1529 317 qui
1545 287 1570 310 et
1586 284 1754 312 sterilitatem
1772 286 1867 314 aﬁ'crre
1879 293 1902 313 ct

1116 323 1221 351 solvere
1233 330 1328 358 potest.
1343 326 1409 354 Vide
1419 328 1481 361 justi
1494 328 1670 363 prudentiam,
1683 331 1816 365 quomoda
1827 333 1902 359 etiam

1116 368 1150 394 ob
1166 369 1238 396 illius
1251 370 1319 398 dicta
1333 379 1501 405 succensens,
1520 382 1675 408 respnnsmn
1694 376 1729 403 illi
1743 377 1790 403 dat
1800 377 1903 411 sapien-

1117 413 1225 441 tissimis
1240 417 1326 443 verbis
1341 425 1347 443 :
1362 417 1460 445 docens
1476 419 1616 454 diligenter
1631 421 1730 452 omnia,
1745 430 1904 457 causmnqne

1116 459 1299 494 manifestans,
1316 467 1343 488 ut
1355 471 1406 489 non
1422 464 1515 496 relicto
1527 465 1638 492 Domino
1650 473 1750 501 quawat
1763 468 1797 494 ab
1809 469 1862 494 alio
1875 478 1903 496 ea

1116 512 1174 539 qua:
1190 505 1233 532 ille
1246 506 1318 533 solus
1337 513 1462 541 pra-stare
1477 514 1572 544 potest.
1597 510 1677 545 Igitur
1692 517 1718 539 ut
1732 513 1824 539 didicit
1836 515 1905 548 quod

1115 551 1212 578 sterilis
1223 552 1291 580 facta
1304 559 1374 581 esset
1387 562 1401 580 a
1419 555 1473 582 Deo
1485 576 1492 588 ,
1516 561 1543 583 et
1564 557 1656 585 videns
1675 566 1794 586 SOI‘Ol't'lll
1815 561 1903 588 liberis

1116 595 1212 624 ﬂorere
1225 618 1232 629 ,
1258 598 1298 626 vel
1320 599 1454 627 mediocre
1476 601 1598 629 solatium
1617 604 1773 638 requirens,
1798 606 1862 633 dicit
1874 608 1904 634 ad

1115 641 1197 669 Jacob
1212 651 1218 669 :
1234 643 1364 676 Quoniam
1379 653 1449 672 ttuuc
1461 646 1575 674 docuisti
1596 656 1638 675 me
1651 657 1703 676 non
1725 650 1802 685 culpa
1817 656 1859 678 tua
1875 652 1905 678 li-

1118 686 1133 713 b
1153 687 1187 714 ris
1202 695 1310 720 carere,
1328 690 1420 717 saltem
1437 692 1559 719 ancillam
1572 701 1656 720 meam
1669 695 1769 729 accipe,
1786 696 1906 731 ﬁliosque

1115 741 1147 760 cx
1162 742 1192 761 ea
1207 743 1316 769 procrea
1327 756 1333 767 ,
1359 741 1385 763 ut
1396 744 1505 771 parvum
1529 738 1634 773 aliquod
1649 740 1771 767 solatium
1789 742 1906 771 invenire

1117 781 1225 814 possim,
1238 782 1340 809 eamihi
1354 783 1488 811 vindicans
1500 793 1559 820 qua:
1569 786 1602 813 ab
1614 786 1657 813 illa
1671 793 1822 816 nascentur.
1835 790 1861 816 ι.
1873 789 1906 817 Et

1115 826 1183 852 dcait
1203 828 1236 860 ei,
1253 827 1336 862 inquit
1346 849 1352 860 ,
1372 828 1473 856 Ballam
1485 831 1605 858 ancillam
1617 841 1689 859 suam
1704 842 1807 860 uxorem
1820 843 1829 861 :
1840 836 1868 862 5.
1885 841 1906 862 et

1116 873 1216 899 intravit
1231 873 1265 900 ad
1280 882 1351 907 eant;
1370 880 1393 902 et
1407 877 1518 912 concepit
1528 897 1536 910 ,
1559 882 1581 904 et
1596 880 1690 914 peperit
1701 880 1783 914 ﬁlium
1794 881 1906 916 Iacobo,

1116 918 1140 946 6.
1158 924 1179 945 et
1190 919 1254 946 dixit
1269 919 1364 947 [lac/tet
1377 921 1525 950 :Jndicarit
1547 925 1608 951 nti/Ii
1630 925 1699 952 Deus
1710 947 1717 960 ,
1739 932 1762 954 ct
1780 928 1907 955 exaudivit

1116 973 1199 992 vocem
1212 975 1304 1000 meant,
1319 968 1436 1003 deditque
1447 971 1508 997 milii
1522 971 1614 1004 ﬁlium.
1634 971 1741 1008 Propter
1756 974 1802 1001 hoc
1812 977 1907 1002 uocauit

1115 1019 1205 1038 nomen
1219 1013 1273 1048 ejus
1286 1013 1343 1040 Dan
1361 1014 1410 1050 (a).
1432 1015 1527 1043 Habuit
1540 1017 1628 1052 aliquo
1639 1018 1718 1046 modo
1729 1021 1848 1054 pariente
1860 1028 1907 1048 att-

1115 1059 1175 1086 cilla
1196 1060 1237 1087 vel
1261 1061 1367 1088 brevem
1391 1064 1624 1093 consolationem:
1647 1067 1707 1094 ideo
1730 1069 1787 1103 ipsa
1809 1077 1905 1097 nomen

1117 1115 1199 1141 puero
1215 1108 1343 1142 ὶιιιριτιιὶι,
1358 1111 1509 1146 gratiasque
1529 1113 1582 1147 agit
1601 1113 1712 1141 Domino
1730 1123 1777 1150 pro
1793 1120 1865 1143 nato.
1881 1117 1905 1143 7.

1117 1151 1148 1178 Et
1163 1154 1287 1187 coitat'pit,
1298 1155 1392 1189 inquit,
1404 1156 1492 1183 iterum
1507 1157 1581 1184 Bulla
1592 1179 1599 1191 ,
1617 1164 1640 1185 et
1655 1161 1749 1194 peperit
1760 1161 1863 1195 ﬁlium;
1877 1163 1904 1189 8.

1115 1204 1138 1224 et
1153 1198 1216 1226 dixit
1233 1199 1328 1227 Rachel
1341 1209 1350 1228 .'
1366 1202 1467 1236 Adjat'it
1481 1211 1519 1230 me
1537 1203 1605 1231 Deus
1615 1225 1622 1236 ,
1647 1211 1670 1232 et
1688 1212 1838 1234 conversam
1852 1216 1906 1234 sum

1114 1252 1172 1271 cum
1187 1253 1272 1272 sorore
1284 1254 1348 1278 mea,
1362 1252 1384 1274 et
1398 1247 1503 1275 invalui.
1525 1248 1557 1275 Et
1575 1251 1671 1277 vocavit
1686 1259 1776 1278 nomen
1786 1253 1840 1288 ejus
1855 1253 1906 1280 Ne-

1116 1289 1250 1323 plitltatim.
1271 1290 1303 1318 Et
1325 1292 1413 1319 didicit
1433 1298 1522 1328 postea
1543 1295 1682 1323 manifeste
1701 1305 1748 1331 per
1765 1299 1906 1333 ancillam,

1114 1335 1242 1363 Jacohum
1263 1344 1315 1363 non
1337 1338 1363 1364 in
1384 1346 1463 1365 causa
1484 1339 1565 1367 fuisse
1580 1348 1662 1375 quare
1683 1342 1772 1369 liberis
1792 1349 1904 1371 careret.

1115 1380 1178 1408 Ideo
1193 1386 1270 1409 natus
1280 1383 1354 1417 quasi
1368 1391 1431 1410 suos
1450 1384 1518 1411 ﬁlios
1532 1385 1672 1419 educavit,
1697 1392 1725 1415 et
1746 1389 1854 1415 nomina
1869 1389 1907 1416 eis

1118 1426 1254 1461 imposuit,
1272 1429 1413 1456 maximam
1430 1429 1491 1458 inde
1504 1432 1552 1458 sibi
1565 1432 1614 1467 ipsi
1627 1434 1836 1462 consolationem
1848 1443 1907 1463 esse

1116 1477 1183 1498 rata.
1195 1471 1223 1499 9.
1237 1472 1270 1499 Ut
1283 1479 1365 1500 autent
1378 1475 1437 1502 vidit
1448 1476 1496 1502 Lia
1507 1477 1574 1510 quod
1583 1484 1702 1505 cessasset
1713 1488 1812 1513 parere,
1823 1485 1844 1506 et
1852 1481 1907 1515 ipsa

1115 1518 1235 1544 ancillam
1259 1527 1331 1545 suam
1354 1519 1477 1555 Zelplmm
1496 1522 1564 1549 dedit
1577 1522 1673 1550 Iacobo
1688 1532 1789 1552 uxorem
1801 1534 1811 1552 :
1826 1527 1867 1553 10.
1885 1532 1907 1553 et

1115 1564 1245 1597 concepit,
1259 1569 1283 1591 et
1299 1567 1408 1600 peperit,
1428 1567 1469 1593 11.
1484 1567 1517 1594 Et
1532 1568 1594 1594 dixit
1605 1569 1652 1595 Lia
1666 1578 1676 1596 :
1693 1569 1835 1598 Fortunata
1849 1573 1888 1607 fui
1898 1593 1906 1604 ,

1116 1608 1166 1635 hoc
1179 1614 1238 1641 est,
1273 1610 1329 1638 Voti
1352 1619 1461 1646 compOs
1475 1613 1542 1640 facta
1561 1622 1631 1641 sum.
1655 1615 1687 1641 Et
1701 1618 1796 1643 voctwit
1818 1626 1907 1644 nomen

1114 1655 1169 1689 ejus
1191 1654 1258 1682 Gud.
1283 1656 1314 1683 Et
1330 1658 1453 1692 quoniam
1476 1660 1562 1694 reipsa
1584 1661 1672 1688 evenit
1691 1663 1760 1696 quod
1781 1664 1905 1697 optabat,

1115 1700 1214 1726 vocavit
1238 1708 1334 1728 nomen
1353 1702 1410 1736 ejtts
1430 1703 1495 1730 Gad.
1515 1705 1557 1731 12.
1584 1704 1616 1731 Et
1634 1707 1746 1741 concepit
1767 1709 1869 1742 adhuc,
1884 1716 1907 1737 ct

1115 1747 1210 1780 peperit
1232 1746 1311 1774 alium
1327 1756 1336 1774 :
1352 1750 1394 1776 15.
1422 1750 1534 1784 dixitque
1556 1751 1604 1778 Lia
1628 1761 1638 1780 .'
1660 1752 1737 1780 Beata
1759 1763 1826 1790 ego,
1848 1757 1906 1791 quia

1114 1791 1210 1818 beatam
1224 1801 1263 1819 me
1272 1793 1354 1820 dicent
1368 1795 1484 1823 mulieres
1498 1805 1507 1823 :
1520 1802 1543 1823 et
1555 1799 1650 1824 vocavit
1664 1807 1752 1826 nomen
1766 1802 1821 1835 ejus
1835 1802 1903 1828 Aser.

1149 1838 1176 1865 5.
1199 1839 1292 1866 Vidisti
1308 1841 1442 1874 quomodo
1455 1846 1481 1868 et
1494 1841 1551 1870 ha'c
1565 1849 1641 1870 natos
1654 1852 1687 1871 ex
1704 1846 1798 1872 ancilla
1815 1852 1842 1873 ut
1857 1848 1903 1874 sibi

1115 1886 1236 1920 proprios
1248 1886 1366 1920 haberet,
1381 1892 1406 1914 cl
1422 1887 1525 1915 beatam
1542 1897 1570 1916 se
1584 1897 1643 1916 esse
1656 1890 1737 1923 dicat,
1751 1896 1778 1918 et
1792 1892 1903 1919 beatitu-

1114 1932 1175 1958 dine
1188 1931 1291 1967 dignant
1308 1934 1341 1959 ob
1356 1934 1565 1967 procreationem
1586 1935 1710 1963 filiornnt.
1728 1937 1781 1964 Sed
1804 1938 1864 1965 vide
1875 1946 1904 1966 ea

1114 1985 1218 2012 quoque
1229 1985 1286 2012 qua:
1299 1984 1358 2012 post
1373 1978 1430 2006 lucc
1444 1985 1517 2014 gesta
1533 1986 1604 2015 sunt,
1618 1987 1643 2008 ut
1659 1982 1747 2010 discas
1771 1984 1904 2018 quomodo

1114 2024 1251 2059 zelotypize
1263 2024 1367 2052 affectio
1381 2025 1432 2053 huc
1443 2031 1470 2054 et
1483 2026 1544 2054 illuc
1558 2029 1694 2059 transibat,
1711 2033 1739 2055 ct.
1753 2037 1824 2056 nunc
1838 2030 1902 2062 ιιι-ε,

1114 2077 1184 2097 nunc
1205 2069 1246 2097 illa
1266 2070 1476 2105 impugnabatur.
1491 2073 1533 2099 1-1.
1548 2072 1581 2099 Et
1596 2073 1649 2106 ivit,
1666 2074 1760 2109 inquit,
1779 2075 1865 2102 Ruben
1879 2076 1903 2102 in

1113 2115 1200 2142 diebus
1213 2117 1299 2143 messis
1314 2118 1428 2150 triticea,
1445 2124 1468 2145 et
1482 2119 1573 2145 invatt't
1593 2120 1661 2146 mala
1676 2121 1902 2155 mundrngorarunt

1113 2161 1139 2187 in
1153 2170 1224 2197 agro,
1239 2167 1263 2189 et
1277 2163 1360 2189 attulit
1373 2172 1402 2190 ea
1416 2165 1490 2190 matri
1503 2173 1566 2192 saw.
1583 2165 1701 2200 Dixitque
1715 2166 1810 2193 Rachel
1829 2166 1883 2194 Liw
1895 2175 1904 2194 :

1113 2208 1154 2235 Da
1170 2209 1231 2235 milii
1244 2209 1275 2234 de.
1287 2210 1461 2245 mandragoris
1475 2212 1522 2245 ﬁlii
1535 2212 1582 2238 tui.
1596 2212 1636 2239 15.
1652 2212 1724 2238 Dixit
1737 2219 1823 2239 autent
1838 2213 1884 2239 Lia
1897 2223 1903 2240 :

1115 2256 1173 2283 Non
1186 2257 1246 2283 satis
1259 2256 1301 2282 tibi
1312 2257 1379 2291 quod
1390 2258 1506 2292 accepisti
1522 2258 1602 2284 virum
1614 2267 1695 2285 meum
1706 2259 1718 2285 .9
1732 2267 1791 2285 nunt
1802 2264 1826 2285 et
1837 2267 1903 2285 man-

1112 2303 1233 2338 dragorae
1248 2303 1295 2336 ﬁlii
1309 2304 1358 2330 mei
1372 2304 1498 2337 accipies?
1520 2303 1599 2330 Vides
1619 2304 1752 2338 quomodo
1767 2305 1902 2338 a-gritudi-

1113 2356 1173 2375 nem
1195 2349 1276 2375 animi
1292 2349 1379 2375 verbis
1392 2349 1558 2376 manifestam
1585 2349 1662 2376 facit?
1685 2349 1745 2377 Non
1765 2351 1827 2377 satis
1848 2350 1900 2382 tibi,

1111 2395 1205 2428 inquit,
1221 2395 1288 2429 quod
1297 2396 1415 2430 accepisti
1428 2396 1509 2422 uirum
1522 2396 1623 2422 meatu?
1638 2405 1698 2422 nunt
1710 2401 1732 2422 et
1748 2397 1899 2431 mandrago-

1111 2448 1153 2466 rae
1169 2441 1216 2474 ﬁlii
1230 2441 1278 2467 mei
1290 2441 1417 2475 accipit-5?
1435 2441 1505 2468 Dixit
1529 2446 1613 2468 autem
1640 2441 1737 2468 lluc/tel
1749 2450 1758 2468 :
1773 2441 1833 2468 Non
1847 2443 1882 2468 sic
1892 2450 1901 2468 :

1112 2486 1220 2512 dormiat
1234 2493 1315 2513 tecum
1331 2492 1402 2513 nocte
1415 2487 1463 2514 hac
1477 2496 1522 2522 pro
1538 2487 1713 2523 mandragoris
1733 2488 1781 2522 ﬁlii
1803 2495 1850 2514 tut.
1867 2488 1900 2514 Da

1111 2532 1174 2559 tnihi
1183 2533 1215 2558 dc
1225 2533 1416 2568 mandragoris,
1428 2539 1454 2560 et
1462 2534 1553 2568 accipe
1565 2533 1643 2561 hodie
1655 2539 1742 2561 tecuttt
1757 2543 1767 2559 \
1775 2535 1843 2561 iram
1854 2535 1900 2569 (ὑ).

1113 2578 1176 2606 Vide
1191 2578 1324 2613 quomodo
1337 2579 1476 2606 exhibetur
1484 2579 1587 2607 alfectui
1601 2580 1722 2606 ltachelis
1735 2580 1847 2607 onutiuo
1857 2581 1902 2607 de-

1110 2624 1189 2650 ditus.
1208 2625 1273 2651 Nam
1288 2626 1309 2651 si
1326 2629 1398 2652 tanto
1409 2625 1492 2652 choro
1507 2626 1619 2653 liltortttu
1635 2625 1689 2653 Lia:
1705 2630 1778 2657 nato,
1793 2627 1842 2653 fuit
1854 2627 1900 2653 ad-

1140 2735 1175 2766 (a)
1194 2736 1311 2760 llebraice
1329 2739 1365 2776 71.
1383 2737 1452 2762 Radix
1472 2743 1509 2762 est
1522 2741 1569 2780 ῘῚἸ,
1574 2737 1703 2768 judicavit.
1728 2739 1788 2763 Itittc
1814 2746 1900 2763 nomen

1109 2787 1185 2812 puero
1196 2782 1285 2812 datutn,
1297 2787 1323 2808 ut
1335 2784 1359 2807 in
1372 2787 1441 2808 textu
1453 2784 1549 2809 dicitur.

1139 2823 1175 2855 (l1)
1193 2825 1339 2849 Existimavit
1352 2829 1422 2850 vetus
1441 2830 1562 2856 mterpres
1579 2827 1630 2851 lucc
1645 2827 1718 2852 verba
1729 2834 1761 2852 ex
1776 2832 1848 2853 testu
1866 2829 1902 2852 ιιίρ

1108 2854 1169 2879 blico
1182 2861 1246 2879 esse.
1267 2856 1311 2880 Sed
1331 2860 1387 2881 sunt
1406 2863 1418 2881 a
1438 2854 1601 2888 Chrysostomo
1619 2858 1711 2889 adjecta
1734 2859 1903 2890 explicationis

1107 2891 1186 2911 eausa.
