2046 3126
180 74 234 101 4113

182 130 235 157 huc
251 139 342 160 amore
355 132 438 167 magis
454 140 599 168 propensus
614 133 640 161 in
655 133 796 163 Rachelcm
807 145 812 163 :
824 137 846 164 si
862 136 911 164 hoc
919 145 972 165 non

182 178 277 205 fuisset
292 178 399 211 factum,
416 179 547 213 quomodo
568 179 637 208 ferre
660 184 788 216 potuisset
810 182 854 210 Lia
874 184 973 211 sororis

694 76 724 105 IN
742 76 817 106 CAP.
841 79 924 107 XXX.
945 79 1066 108 GENES.
1088 80 1200 108 llOMIL.
1222 81 1300 109 LVII.

1761 88 1812 116 ωδ

1027 146 1084 165 mus
1096 138 1257 173 principatus
1266 159 1274 172 ,
1289 147 1374 175 neque
1388 140 1490 169 illorum
1502 143 1652 177 prmaidinm
1663 149 1806 175 sectemur;

1025 183 1089 211 nihil
1104 185 1174 212 enim
1190 186 1381 220 periculosius;
1407 187 1432 214 id
1446 188 1515 223 quod
1537 197 1626 217 rerum
1649 191 1813 225 experientia

182 224 404 252 ciuitubernium?
418 225 452 252 Ut
470 226 540 253 enim
562 234 668 254 omnem
687 227 735 255 viri
752 233 905 263 potestatem
925 229 973 256 ha-
982 227 1087 256 "rsatis
1101 229 1239 257 discimus.
1254 231 1355 258 Etenim
1372 232 1490 261 videmus
1509 235 1625 269 quotidie
1638 224 1724 264 resse
1739 242 1809 265 tanta

184 270 259 302 hens,
273 270 306 296 ita
319 271 446 304 permittit
459 272 483 298 ei
499 279 546 306 pro
557 273 740 308 mandragoris
753 274 847 307 virum,
862 280 889 302 et
899 275 971 302 dicit:

183 314 301 342 Dormiat
309 316 382 343 hodie
390 321 470 343 tecum
483 325 528 351 pro
541 319 725 354 mandragoris.
739 320 861 354 Satisfac,
878 321 972 356 inquit,

185 369 245 389 meo
258 361 400 395 desiderio,
416 368 442 390 et
455 364 546 398 accipe
555 365 651 392 virum.
662 366 703 393 16.
719 367 870 395 Adveniente
878 373 972 402 autem,

185 406 280 442 inquit,
295 406 386 440 Iacob,
403 416 502 443 egressa
522 409 548 436 in
564 418 695 436 occursum
709 411 764 445 ejus
778 411 825 438 Lia
837 413 902 439 dixit
913 421 923 439 :
935 413 974 440 Ad

186 460 226 479 me
237 453 385 487 ingredieris
397 453 485 486 hodie;
501 455 612 482 mercede
621 456 687 482 enim
700 456 808 484 conduxi
821 462 844 484 te
857 458 917 484 mihi
927 467 973 493 pro

185 498 362 533 mandragoris
374 499 423 531 lilii
434 500 500 526 mei:
514 504 537 527 et
557 500 674 527 dormivit
697 510 754 528 cum
778 510 808 529 ea
832 508 905 530 nocte
916 504 970 531 illa.

186 544 230 570 17.
248 543 280 571 ΕΙ
293 545 419 571 exaudivit
434 545 500 572 Deus
515 545 597 579 Liam,
613 551 636 573 et
655 547 767 582 concepit
780 552 803 574 et
817 548 911 583 peperit
923 548 973 575 Ia-

184 590 246 617 cobo
258 591 371 625 quintum
385 591 475 625 filium.
490 592 531 619 i8.
546 591 579 618 Et
592 592 656 619 dixit
669 592 716 619 Lia
725 601 734 620 .'
744 592 819 620 Dedit
833 594 895 621 mihi
905 594 974 622 Deus

185 635 324 662 mercedem
334 644 423 668 meam,
436 645 464 663 eo
474 637 541 672 quod
550 637 608 664 dedi
620 639 739 665 ant-illam
752 647 833 666 meam
848 640 899 666 viro
908 648 972 667 meo.

186 681 220 708 Et
233 682 327 708 vocavit
339 690 429 708 nomen
444 683 498 716 ejus
511 682 628 717 hac/iur,
640 684 706 718 quod
718 689 754 711 est
768 693 869 712 merces.
887 685 975 712 Exan-

186 727 257 759 divit,
273 727 366 762 inquit,
383 726 450 754 Deus
465 727 546 754 Liam.
563 728 627 762 Quia
639 729 745 757 videbat
756 738 814 757 eam
828 730 971 763 dolentem,

186 780 272 807 neque
287 772 363 799 valde
376 773 471 800 marito
485 779 631 809 acceptam,
648 775 781 802 exaudivit
794 783 863 808 eam,
879 776 972 811 inquit,

187 819 266 851 Deus,
281 824 307 846 et
322 820 433 853 peperit,
449 827 480 846 ac
493 819 644 848 dixitzTuli
665 821 826 855 mercedem,
847 830 881 850 co
902 822 973 858 quod

184 864 244 890 dedi
262 864 382 891 ancillam
404 872 500 891 meam.
527 865 668 900 Propterea
690 867 793 894 vocavit
808 875 902 894 nomen
916 867 973 901 ejus

185 908 301 936 lsachar.
318 910 361 937 i9.
379 909 411 936 Et
432 911 545 945 concepit
565 911 648 937 adhuc
672 911 729 943 Lia,
746 917 768 938 et
781 912 877 946 peperit
891 912 973 946 [ilium

184 959 290 982 sextum.
307 955 351 982 20.
371 955 406 982 Et
423 956 486 983 dixit
501 955 569 983 Lia:
582 955 689 983 Donavit
708 956 771 983 milii
791 957 857 984 Deus
879 957 973 984 donum

185 1001 287 1027 bonunt.
304 1000 380 1027 Nunc
393 1001 511 1036 temporis
525 1010 563 1028 me
577 1002 648 1037 eliget
661 1003 698 1028 vir
710 1011 793 1036 meus;
810 1003 893 1037 peperi
906 1003 973 1029 enim

184 1047 207 1074 ei
221 1048 289 1080 ﬁlios
302 1056 355 1074 sex.
370 1047 403 1074 Et
418 1048 513 1074 vocavit
531 1056 619 1074 nomen
632 1049 688 1083 ejus
698 1048 823 1075 Zabulon.
848 1048 972 1082 Posthac,

183 1094 278 1128 inquit,
290 1094 411 1121 amabilis
424 1102 470 1121 cro
484 1098 510 1121 et
524 1102 583 1129 ego,
595 1094 655 1129 quia
667 1096 754 1128 peperi
768 1102 814 1121 scx
826 1095 901 1122 lilios.
913 1094 973 1122 ldeo

183 1139 288 1166 vocavit
303 1147 397 1167 nomen
411 1140 468 1174 cjns
486 1139 612 1166 Zabulon.
634 1139 678 1166 2|.
694 1139 796 1173 Peperit
808 1144 890 1166 autem
903 1145 926 1167 et
941 1141 973 1174 ﬁ-

183 1184 254 1217 liam,
267 1188 291 1210 et
308 1185 402 1211 rocueit
417 1193 505 1211 nomen
527 1185 581 1221 ejus
606 1184 682 1212 Dina.
703 1184 748 1211 22.
771 1185 924 1212 lit-cordatus
937 1190 973 1213 est

183 1234 267 1256 autem
279 1229 347 1256 Dens
361 1229 488 1258 Rachelis.
502 1235 524 1257 et
539 1230 667 1257 exaudivit
680 1239 746 1264 eam,
768 1235 790 1257 ct
805 1231 903 1266 aperuit
916 1232 971 1267 ejus

183 1276 292 1303 vulvam.
303 1276 348 1304 25.
362 1276 394 1303 Et
409 1278 531 1312 concepit,
547 1281 570 1304 et
582 1277 675 1312 peperit
688 1277 769 1312 ﬁlium
780 1277 886 1305 Iacobo.
901 1278 973 1306 Dixit

182 1327 265 1350 autem
291 1323 385 1350 Rachel
393 1331 402 1350 :
413 1324 522 1351 Abstulit
534 1332 550 1350 a
564 1332 602 1351 me
622 1323 691 1351 Deus
704 1325 866 1359 opprobrium
879 1333 970 1352 meum.

182 1368 226 1396 Ἠ.
250 1368 282 1395 Et
308 1369 402 1395 vocavit
423 1377 513 1396 nomen
536 1369 592 1404 ejus
611 1368 715 1405 Ioseph,
735 1369 972 1405 dicem:.4pposuit

182 1414 245 1440 mihi
258 1413 324 1441 Deus
335 1415 416 1450 ﬁlium
430 1415 519 1442 alium.
536 1415 644 1442 Abstulit
656 1424 671 1442 a
684 1424 732 1448 me,
743 1416 838 1451 inquit,
851 1415 918 1442 Deus
926 1424 969 1451 op-

181 1460 326 1495 probrium;
337 1461 414 1488 solvit
424 1462 587 1489 sterilitatem
597 1469 604 1488 :
616 1462 744 1496 propititts
752 1462 836 1489 factus
845 1466 886 1489 est.
894 1461 971 1495 mihi,

181 1510 208 1532 ct
220 1505 341 1533 idoneam
355 1505 417 1534 fecit
436 1506 468 1534 ad
483 1506 674 1541 procreandum
693 1506 761 1534 filios
771 1507 891 1541 vulvam,
906 1507 973 1535 lihe-

182 1560 292 1586 ram-juc
306 1560 348 1579 me
362 1552 422 1580 fecit
431 1552 466 1579 ab
486 1553 629 1588 opprobrio
640 1560 710 1580 meo.
724 1553 758 1579 Et
771 1554 864 1580 vacarit
882 1562 971 1581 nomen

179 1598 236 1633 ejus
249 1597 355 1633 Ioseph,
368 1598 474 1625 dicens:
490 1598 613 1633 Apposuit
630 1598 691 1625 mihi
702 1597 771 1626 Deut
784 1599 865 1632 ﬁlium
879 1598 968 1627 alium.

181 1642 262 1670 Vides
276 1643 408 1678 quomodo
427 1643 553 1678 paulatim
576 1644 766 1678 promissiones
789 1645 835 1672 Dei
860 1645 885 1672 in
904 1652 972 1680 opus

179 1695 294 1723 egressa:
307 1688 385 1715 sunt?
399 1688 467 1716 Ecce
488 1689 559 1716 enim
581 1693 708 1723 quantum
726 1694 836 1724 repente
859 1690 971 1717 chorum

181 1733 297 1761 lilii-rum
312 1734 381 1762 circa
403 1742 432 1761 se
447 1734 538 1761 habuit
558 1734 657 1769 justus,
676 1740 785 1770 propter
805 1735 971 1763 manifestam

182 1779 227 1806 Ilei
248 1787 309 1814 erga
324 1787 354 1807 se
376 1780 576 1815 providentiam.
599 1780 729 1813 Quoniam
752 1781 822 1808 enim
848 1788 970 1816 magnam

180 1833 235 1859 pne
249 1832 278 1852 se
294 1826 351 1852 tulit
365 1826 526 1860 patientiam,
542 1826 742 1861 qualuordecim
761 1827 837 1854 annis
854 1828 970 1854 servitu-

180 1875 234 1898 tem
245 1871 341 1905 ferens,
353 1876 491 1906 propterea
501 1877 528 1899 et
541 1872 725 1899 universorum
740 1872 866 1899 Dominus
877 1880 968 1900 remn-

180 1917 350 1951 neransjusli
365 1918 502 1952 pietatem,
527 1918 552 1945 in
574 1922 676 1945 tantum
688 1926 750 1945 eum
762 1925 883 1946 crescere
897 1918 968 1952 fecit,

180 1968 208 1989 ut
224 1967 250 1989 et
263 1964 372 1998 posthac
385 1964 529 1991 invidiosus
550 1964 607 1991 aliis
626 1964 713 1997 ﬁeret,
728 1964 795 1991 sicut
809 1972 841 1992 ex
855 1972 970 2000 sequen-

180 2009 251 2036 tibus
265 2009 406 2043 discemus,
421 2017 481 2045 qua:
494 2009 589 2037 vellem
603 2014 772 2045 pertractare.

233 2055 259 2083 6.
290 2056 396 2083 Μοναιῑε
427 2056 570 2092 epilogus;
601 2057 739 2084 luottanunt
765 2057 887 2084 annalium
918 2065 968 2084 non

177 2102 485 2137 maerentium—Verum
503 2110 535 2129 ne
555 2103 682 2137 prolixius
703 2110 854 2130 sermonem
874 2108 969 2130 exten-

177 2146 290 2179 damus,
313 2155 380 2174 neve
402 2147 529 2174 molcstus
550 2155 609 2175 csse
624 2148 714 2175 videar
735 2148 837 2174 caritati
856 2152 967 2181 vestrae,

178 2192 200 2219 si
218 2193 313 2227 placet,
338 2201 397 2228 qua:
412 2194 510 2228 reliqua
524 2199 585 2221 sunt
597 2194 623 2220 in
643 2198 797 2228 sequentem
813 2194 967 2221 concionem

179 2239 339 2266 reservaturi
351 2260 358 2272 ,
376 2239 496 2266 liniamns
524 2239 567 2267 hic
588 2247 739 2267 sermonem
753 2261 760 2272 ,
782 2240 844 2267 illud
861 2240 965 2267 interim

177 2285 313 2312 caritatem
338 2290 451 2312 vestram
466 2286 656 2319 admonentes,
673 2290 701 2312 ut
712 2293 803 2313 corum
819 2293 877 2320 qua:
897 2285 966 2313 dicta

177 2335 240 2357 sunt
254 2338 399 2363 memores,
416 2331 553 2358 imitemini
575 2331 721 2366 priscorum
742 2332 884 2364 virtutem,
900 2332 967 2359 lilias
998 2363 1001 2367 ν

176 2375 307 2402 clocando
321 2396 329 2408 ,
351 2384 449 2411 pueros
472 2376 562 2411 utlptui
588 2376 731 2408 tradendo,
760 2381 849 2404 vestra
870 2377 967 2404 virtute

178 2421 223 2448 llei
239 2422 350 2455 gratiam
366 2422 508 2449 conciliare
526 2422 600 2450 vobis
612 2421 752 2449 studendo.
772 2421 837 2449 Nam
849 2430 908 2449 cum
922 2422 967 2449 ille

176 2467 254 2494 nobis
266 2467 367 2494 amicus
381 2467 467 2498 fuerit.
482 2467 586 2495 etimnsi
602 2468 626 2494 in
638 2468 722 2495 aliena
738 2472 807 2495 terra
820 2467 947 2495 fuerimus
957 2487 964 2500 ,

176 2513 281 2540 etiamsi
295 2513 329 2540 ab
350 2514 472 2541 omnibus
483 2514 618 2547 destituti,
635 2514 737 2541 etiamsi
756 2515 837 2542 nullis
850 2514 966 2549 cogniti,

175 2559 299 2586 omnibus
320 2559 419 2586 erimus
444 2559 580 2586 clariores.
603 2559 670 2586 Nihil
693 2560 763 2587 cnim
787 2559 889 2587 beatius
910 2560 967 2587 viro

175 2612 289 2640 Superua
304 2614 383 2633 manu
408 2607 508 2640 adjuto.
526 2607 628 2634 Etenim
645 2606 737 2634 beatus
755 2606 838 2634 Iacob
852 2606 897 2634 illo
913 2606 965 2634 frc-

177 2657 218 2678 tus
240 2652 383 2686 prsesidio,
409 2652 435 2679 in
459 2657 555 2680 tantam
578 2653 702 2687 paulatim
723 2653 834 2689 gloriam
859 2658 966 2681 evectus

175 2703 231 2729 cst,
248 2703 315 2725 utet
338 2699 369 2725 iis
389 2700 431 2734 qui
453 2703 505 2726 tam
530 2699 613 2726 amicc
634 2704 805 2733 exceperant,
822 2699 967 2726 invidiosus

175 2743 210 2770 sit
224 2743 316 2770 factus.
332 2743 386 2770 lloc
400 2744 478 2778 igitur
491 2748 518 2771 ct
530 2751 577 2771 nos
592 2744 746 2771 Studeamus
758 2765 766 2777 ,
781 2749 809 2770 ut
822 2752 965 2779 supernum

174 2789 345 2825 acquiramus
362 2790 505 2823 auxilium,
521 2794 547 2817 ct
568 2796 619 2817 non
632 2789 665 2817 ad
681 2789 809 2817 humanos
832 2789 967 2825 confugia-

1025 275 1162 303 velocitate
1175 276 1207 303 ad
1220 277 1391 304 mutationem
1406 279 1548 313 inclinare,
1561 286 1587 308 et
1601 282 1666 309 verti
1682 283 1706 309 in
1720 283 1808 310 diver—

1024 327 1083 348 sum
1096 321 1199 354 omnia,
1215 329 1329 356 eumque
1342 322 1386 358 qui
1402 323 1428 350 in
1442 331 1544 352 summa
1558 327 1733 361 prosperitate
1749 336 1811 362 pau-

1025 365 1050 393 lo
1065 370 1125 393 ante
1138 371 1209 399 erat,
1227 367 1314 394 subito
1327 367 1352 394 in
1367 373 1510 396 extremam
1525 370 1702 398 infelicitatem
1716 373 1808 407 dejici,

1024 418 1056 439 ac
1071 420 1145 439 reum
1158 419 1229 447 smpe
1252 413 1303 448 agi.
1317 413 1427 446 Quanta;
1449 414 1528 449 igitur
1547 415 1704 450 insipientia:
1718 418 1808 446 fuerit,

1025 456 1118 484 horum
1131 465 1248 492 qna-rere
1263 459 1413 493 prmidium
1424 479 1431 491 ,
1447 460 1490 494 qui
1505 461 1529 486 in
1544 465 1596 487 tam
1620 462 1720 489 incerto
1743 469 1813 490 Slnlll

1025 509 1163 531 versantur
1174 525 1182 537 ,
1199 512 1230 532 ac
1242 512 1275 532 ne
1297 513 1344 532 sua
1366 506 1472 540 quidem
1488 511 1597 540 possunt
1621 507 1646 534 in
1663 512 1717 534 tuto
1731 509 1813 535 collo-

1025 548 1112 576 care?
1133 548 1194 576 Ideo
1215 550 1248 576 ab
1261 550 1332 577 omni
1358 551 1473 578 humano
1495 551 1615 586 prmsidio
1637 552 1812 587 desistamue,

1025 601 1157 621 memores
1170 596 1248 622 etiam
1260 595 1396 630 prophetm
1408 596 1520 623 dicentis
1535 605 1542 623 ε
1559 597 1708 625 Maledictus
1722 598 1812 631 homol

1024 639 1067 672 qui
1085 647 1155 673 spent
1176 641 1246 674 ponit
1268 641 1293 667 in
1313 641 1413 668 homine
1427 641 1491 675 (.Ier.
1511 643 1552 669 l7.
1567 643 1606 677 5).
1624 643 1704 670 Vides
1728 643 1808 670 talctn

1026 684 1159 712 hominem
1175 693 1227 712 non
1250 686 1335 713 solum
1360 687 1525 721 insipientem
1537 708 1544 719 ,
1569 688 1614 715 sed
1629 689 1709 715 etiam
1728 689 1813 716 male-

1025 729 1122 756 dictum
1136 737 1194 757 esse
1206 739 1213 757 :
1227 735 1318 766 utpote
1332 732 1376 766 qui
1391 732 1481 759 relicto
1496 733 1607 760 Domino
1621 734 1738 760 omnium
1752 754 1759 766 ,
1780 734 1812 761 ad

1025 782 1181 802 conservum
1204 777 1305 809 currit,
1328 777 1372 812 qui
1394 778 1564 813 semetipsum
1584 779 1677 813 juvarc
1703 780 1814 814 nequit?

1025 820 1167 855 Fugiamus
1182 822 1260 856 igitur
1287 823 1498 852 maledictionem
1522 824 1604 857 hanc,
1628 834 1692 857 oro,
1714 831 1815 852 clom-

1025 873 1085 893 nent
1109 873 1184 901 spem
1198 867 1224 894 in
1245 868 1327 895 Deum
1347 870 1546 896 transferamus.
1571 870 1621 897 lsta
1642 871 1713 897 cuitu
1729 871 1811 898 solida

1025 915 1065 938 cst
1079 916 1103 938 et
1126 912 1268 939 immobilis
1281 917 1307 940 et
1323 915 1410 940 nescia
1428 915 1631 948 vicissitudinis,
1647 916 1721 950 cujus
1737 917 1813 950 plena

1026 961 1066 983 est
1081 957 1123 983 illa
1136 965 1214 992 quam
1229 959 1254 984 in
1276 958 1426 986 hominibus
1439 959 1577 987 habemus.
1596 961 1642 987 Vel
1657 962 1727 988 enim
1743 970 1815 988 mors

1026 1002 1093 1029 tollit
1107 1002 1249 1030 humanum
1273 1005 1436 1039 praesidium,
1452 1010 1478 1032 ct
1492 1013 1538 1032 eos
1551 1006 1595 1040 qui
1611 1006 1643 1032 ad
1659 1008 1707 1033 hoc
1720 1006 1814 1033 coal‘u-

1025 1047 1114 1082 giunt,
1139 1049 1273 1076 solitarios
1296 1049 1431 1084 nudosque
1451 1050 1576 1085 relinquit
1599 1055 1650 1078 :et
1674 1051 1712 1078 vel
1737 1051 1814 1077 etiam

1024 1097 1086 1119 ante
1110 1099 1222 1121 mortem
1245 1095 1354 1121 mutatio
1376 1103 1464 1122 rerum
1489 1097 1618 1124 ambobus
1641 1097 1728 1123 omnia
1749 1104 1814 1123 vana

1024 1138 1119 1165 reddit.
1147 1139 1226 1166 Plena
1240 1143 1282 1166 est
1307 1140 1362 1167 haec
1384 1141 1434 1167 vita
1451 1142 1578 1176 exemplis
1593 1142 1698 1169 talibus.
1717 1142 1777 1169 Ideo
1794 1143 1810 1168 ii

1025 1188 1083 1218 post
1094 1188 1192 1211 tantatn
1206 1185 1397 1219 experientiam
1416 1186 1489 1213 nulla
1503 1187 1577 1213 venia
1593 1191 1653 1213 sunt
1668 1187 1754 1221 digni,
1773 1187 1814 1220 qui

1023 1229 1110 1256 adhuc
1132 1229 1246 1257 humano
1271 1231 1390 1258 nituntur
1413 1231 1551 1265 prmaidio,
1567 1236 1593 1258 et
1613 1239 1683 1265 θωνα
1697 1232 1731 1257 ab
1745 1232 1811 1263 illis,

1024 1275 1069 1309 qui
1094 1275 1133 1302 eis
1148 1275 1271 1310 opitulari
1295 1275 1469 1310 videbantur,
1497 1276 1597 1303 inﬁnita
1622 1276 1691 1303 mala
1715 1276 1814 1303 ferunt.

1023 1321 1147 1355 ansque
1159 1322 1229 1348 enim
1240 1321 1323 1348 crevit
1337 1322 1444 1354 malitia,
1457 1326 1483 1348 ul
1496 1322 1563 1349 mala
1579 1322 1724 1357 rependant
1736 1322 1814 1349 etiam

1025 1367 1059 1394 iis
1071 1367 1115 1402 qui
1132 1369 1203 1402 ipsos
1226 1375 1395 1403 summopere
1410 1368 1542 1395 colebant.
1561 1368 1657 1395 Verum
1671 1368 1739 1402 apud
1755 1368 1815 1394 uni-

1024 1420 1160 1440 versorum
1176 1413 1257 1440 Deum
1273 1421 1350 1440 secus
1367 1421 1410 1440 rcs
1425 1421 1454 1440 se
1467 1413 1545 1440 habet
1559 1421 1566 1446 ;
1584 1421 1643 1440 nam
1657 1414 1717 1440 licet
1729 1413 1815 1448 quoti-

1023 1458 1067 1486 die
1079 1458 1174 1494 ingrati
1188 1459 1271 1487 simus
1281 1480 1288 1491 ,
1303 1459 1433 1487 benefacit
1447 1464 1553 1493 tamen,
1567 1466 1669 1494 suoque
1690 1459 1815 1495 praesidio

1024 1512 1073 1532 nos
1085 1512 1137 1532 non
1151 1505 1283 1536 destituit.
1300 1513 1352 1533 non
1375 1505 1409 1532 ad
1437 1506 1567 1541 ingratum
1583 1510 1702 1533 noslrttm
1727 1505 1813 1540 respi-

1023 1551 1096 1578 ciens
1109 1552 1236 1583 animum,
1246 1552 1291 1578 scd
1306 1551 1331 1578 in
1343 1551 1466 1579 omnibus
1482 1559 1529 1586 pro
1539 1559 1586 1578 sua
1600 1558 1681 1586 agens
1693 1551 1809 1578 clemen-

1024 1596 1077 1623 tia:
1093 1604 1144 1631 qua
1159 1597 1235 1624 nobis
1260 1597 1384 1624 omnibus
1409 1597 1458 1624 frui
1483 1597 1643 1624 concedatur
1656 1618 1663 1629 ,
1679 1597 1764 1630 gratia
1785 1600 1812 1623 el

1023 1642 1203 1669 misericordia
1229 1642 1331 1669 Domini
1354 1643 1437 1669 nostri
1452 1642 1515 1669 Iesu
1537 1641 1654 1676 Christi,
1678 1650 1738 1668 cum
1760 1649 1813 1675 quo

1024 1687 1093 1713 Patri
1114 1687 1192 1714 simul
1207 1693 1233 1714 et
1255 1687 1362 1722 Spiritui
1374 1692 1465 1715 sancto
1485 1688 1519 1715 sit
1533 1687 1614 1724 gloria
1628 1708 1635 1720 ,
1652 1687 1791 1721 imperium
1803 1707 1811 1719 ,

1023 1733 1122 1766 honor,
1147 1741 1217 1760 nunc
1231 1738 1258 1760 ct
1279 1741 1400 1768 semper,
1421 1738 1448 1761 et
1472 1734 1498 1761 in
1518 1733 1614 1761 stecula
1642 1733 1810 1760 saeculorum.

1022 1778 1116 1806 Amen.

1289 1833 1428 1862 liO.\llLlA
1466 1834 1544 1862 LVII.

1022 1892 1132 1919 Factum
1143 1896 1178 1919 est
1192 1897 1276 1918 autem
1289 1897 1419 1926 postquam
1433 1891 1527 1926 peperit
1542 1891 1637 1918 Rachel
1650 1889 1756 1926 Ioseph,
1769 1891 1810 1917 di-

1055 1939 1091 1965 :rit
1105 1937 1185 1964 Iacob
1196 1937 1229 1963 ad
1243 1937 1328 1963 Luban
1344 1944 1353 1963 :
1366 1936 1470 1963 Dimitte
1483 1944 1529 1967 me,
1545 1941 1573 1962 ut
1587 1936 1674 1962 abeam
1688 1937 1713 1962 in
1727 1936 1809 1962 locum

1056 1992 1138 2011 incutit
1148 1988 1171 2010 et
1185 1984 1211 2010 in
1224 1988 1315 2010 terram
1328 1991 1407 2010 nteant
1417 1982 1492 2018 (Gen.
1500 1983 1544 2010 50.
1557 1982 1611 2017 25).

1057 2046 1215 2086 LExempla
1226 2055 1371 2077 sanctorum
1383 2050 1505 2076 imitanda
1523 2049 1594 2077 nobis
1614 2049 1730 2085 proponit
1742 2048 1811 2077 Scri-

1020 2102 1106 2131 ptura.
1122 2096 1316 2123 Mausuetudiue
1336 2096 1400 2122 nihil
1419 2095 1534 2122 validius.
1551 2095 1731 2129 ——Rcliqnias
1752 2094 1809 2122 heri

1019 2142 1149 2169 dictorum
1176 2146 1295 2169 nostrum
1313 2147 1353 2169 est
1366 2141 1444 2169 hodie
1458 2145 1552 2168 vestra:
1565 2141 1666 2168 caritati
1679 2140 1808 2174 reddere,

1020 2194 1048 2215 ut
1065 2196 1098 2214 cx
1120 2188 1162 2215 his
1177 2196 1234 2223 qua:
1250 2196 1320 2214 nunc
1342 2187 1466 2214 dicuntur
1480 2187 1613 2214 discentes
1627 2191 1654 2214 et
1667 2186 1808 2222 providen-

1021 2235 1082 2262 tiam
1098 2235 1142 2262 Dei
1152 2255 1158 2266 ,
1172 2242 1251 2270 quam
1269 2242 1331 2269 erga
1344 2233 1427 2261 Iacob
1440 2233 1597 2266 declaravit,
1607 2237 1633 2260 et
1644 2233 1707 2267 justi
1724 2232 1809 2268 pieta-

1020 2285 1073 2307 tem
1088 2285 1253 2315 spectantes,
1270 2280 1402 2307 imitemur
1417 2279 1473 2314 ejus
1487 2279 1619 2306 virtutem.
1635 2278 1725 2313 Neque
1734 2279 1806 2306 enim

1019 2328 1120 2362 absque
1141 2335 1220 2356 causa
1245 2328 1330 2355 sancti
1356 2327 1470 2362 Spiritus
1489 2327 1573 2362 gratia
1597 2326 1709 2361 scriptas
1732 2325 1811 2352 nobis

1019 2374 1125 2408 reliquit
1148 2374 1227 2401 hasce
1251 2374 1391 2406 historias,
1407 2372 1454 2400 sed
1476 2377 1504 2399 ut
1518 2372 1551 2399 ad
1570 2371 1765 2399 aemulationem
1782 2373 1810 2397 ct

1020 2421 1192 2448 imitationem
1219 2425 1350 2447 tantorum
1385 2420 1501 2446 virorum
1532 2421 1667 2452 provocet.
1697 2416 1809 2450 Quando

1019 2466 1090 2493 enim
1120 2466 1242 2493 audimus
1269 2465 1347 2500 hujus
1379 2464 1485 2499 quidem
1514 2462 1708 2496 obedientiam,
1733 2462 1809 2488 istius

1019 2517 1107 2540 autem
1129 2511 1335 2544 continentiam,
1351 2510 1422 2538 illius
1444 2517 1507 2536 vero
1521 2509 1546 2536 in
1570 2509 1717 2543 hospitibus
1731 2507 1807 2535 colli-

1019 2559 1111 2595 gt-ntlis
1124 2557 1329 2585 sollicitudinem
1340 2577 1348 2591 ,
1364 2563 1539 2591 magnamque
1550 2554 1714 2589 singulorum
1727 2554 1810 2581 virtu-

1021 2611 1123 2635 tem.ac
1147 2603 1279 2639 quomodo
1309 2603 1473 2635 claruerint,
1505 2601 1538 2629 ad
1564 2601 1661 2629 similia
1689 2599 1809 2628 iacienda

1019 2652 1177 2680 excitamur.
1198 2651 1253 2686 Age
1268 2650 1347 2685 igitur
1360 2649 1393 2676 ad
1409 2657 1439 2677 ea
1455 2657 1515 2684 qua:
1531 2648 1621 2676 relicta
1637 2652 1698 2675 sunt
1720 2647 1746 2674 in
1768 2641 1810 2674 lti-

1019 2697 1100 2725 storia
1116 2697 1188 2724 illius
1198 2696 1262 2730 justi
1276 2695 1355 2722 hodie
1364 2694 1533 2727 accedentes,
1549 2694 1629 2721 ﬁnem
1642 2694 1809 2728 imponamus

1019 2743 1144 2771 sermoni.
1165 2741 1210 2770 25.
1236 2740 1344 2768 Factum
1372 2745 1408 2767 est
1429 2745 1530 2773 autent,
1555 2740 1656 2775 inquit,
1680 2745 1809 2774 postquam

1018 2791 1114 2825 peperit
1131 2788 1224 2817 Rachel
1237 2787 1332 2823 Ioseph
1342 2808 1350 2822 ,
1362 2786 1426 2814 dixit
1439 2785 1518 2814 Iacob
1531 2786 1564 2814 ad
1581 2785 1666 2813 Laban
1682 2793 1691 2811 :
1708 2784 1811 2812 Dimitte
