  <div class='ocr_page' id='page_1' title='image "/cluster/home/n/w/nwhite01/storage/ocr_20150623/53-54/njp.32101077772638/506.png"; bbox 0 0 2046 3126; ppageno 0'>
   <div class='ocr_carea' id='block_1_1' title="bbox 170 122 218 150">
    <p class='ocr_par' dir='ltr' id='par_1_1' title="bbox 170 122 218 150">
     <span class='ocr_line' id='line_1_1' title="bbox 170 122 218 150; baseline -0.021 0"><span class='ocrx_word' id='word_1_1' title='bbox 170 122 218 150; x_wconf 75' lang='grc'><strong>(97</strong></span> 
     </span>
    </p>
   </div>
   <div class='ocr_carea' id='block_1_2' title="bbox 167 169 950 212">
    <p class='ocr_par' dir='ltr' id='par_1_2' title="bbox 167 169 950 212">
     <span class='ocr_line' id='line_1_2' title="bbox 167 169 950 212; baseline -0.014 -6"><span class='ocrx_word' id='word_1_2' title='bbox 167 179 321 206; x_wconf 76' lang='lat' dir='ltr'><strong>dicentium:</strong></span> <span class='ocrx_word' id='word_1_3' title='bbox 337 176 436 212; x_wconf 71' lang='lat' dir='ltr'><strong>Accepit</strong></span> <span class='ocrx_word' id='word_1_4' title='bbox 450 175 529 202; x_wconf 68' lang='lat' dir='ltr'><strong>Iacob</strong></span> <span class='ocrx_word' id='word_1_5' title='bbox 543 174 627 202; x_wconf 84' lang='lat' dir='ltr'><strong>onmia</strong></span> <span class='ocrx_word' id='word_1_6' title='bbox 634 181 690 209; x_wconf 68' lang='lat' dir='ltr'><strong>qua</strong></span> <span class='ocrx_word' id='word_1_7' title='bbox 697 177 753 200; x_wconf 83' lang='lat' dir='ltr'><strong>sunt</strong></span> <span class='ocrx_word' id='word_1_8' title='bbox 767 171 846 206; x_wconf 85' lang='lat' dir='ltr'><strong>patris</strong></span> <span class='ocrx_word' id='word_1_9' title='bbox 860 169 950 200; x_wconf 74' lang='lat' dir='ltr'><strong>uestri,</strong></span> 
     </span>
    </p>
   </div>
   <div class='ocr_carea' id='block_1_3' title="bbox 166 216 950 258">
    <p class='ocr_par' dir='ltr' id='par_1_3' title="bbox 166 216 950 258">
     <span class='ocr_line' id='line_1_3' title="bbox 166 216 950 258; baseline -0.011 -6"><span class='ocrx_word' id='word_1_10' title='bbox 166 231 189 252; x_wconf 80' lang='lat' dir='ltr'><strong>ct</strong></span> <span class='ocrx_word' id='word_1_11' title='bbox 204 232 236 251; x_wconf 77' lang='lat' dir='ltr'><strong>ea:</strong></span> <span class='ocrx_word' id='word_1_12' title='bbox 252 225 291 251; x_wconf 83' lang='lat' dir='ltr'><strong>his</strong></span> <span class='ocrx_word' id='word_1_13' title='bbox 305 231 361 258; x_wconf 64' lang='lat' dir='ltr'><strong>qua</strong></span> <span class='ocrx_word' id='word_1_14' title='bbox 377 228 435 249; x_wconf 85' lang='lat' dir='ltr'><strong>sunt</strong></span> <span class='ocrx_word' id='word_1_15' title='bbox 448 221 527 257; x_wconf 84' lang='lat' dir='ltr'><strong>patris</strong></span> <span class='ocrx_word' id='word_1_16' title='bbox 540 221 618 247; x_wconf 79' lang='lat' dir='ltr'><strong>nostri</strong></span> <span class='ocrx_word' id='word_1_17' title='bbox 634 219 691 254; x_wconf 79' lang='lat' dir='ltr'><strong>fecit</strong></span> <span class='ocrx_word' id='word_1_18' title='bbox 705 227 803 246; x_wconf 83' lang='lat' dir='ltr'><strong><em>onmem</em></strong></span> <span class='ocrx_word' id='word_1_19' title='bbox 816 219 881 244; x_wconf 85' lang='lat' dir='ltr'><strong>hanc</strong></span> <span class='ocrx_word' id='word_1_20' title='bbox 894 216 950 252; x_wconf 82' lang='lat' dir='ltr'><strong>glo-</strong></span> 
     </span>
    </p>
   </div>
   <div class='ocr_carea' id='block_1_4' title="bbox 165 262 952 304">
    <p class='ocr_par' dir='ltr' id='par_1_4' title="bbox 165 262 952 304">
     <span class='ocr_line' id='line_1_4' title="bbox 165 262 952 304; baseline -0.01 -8"><span class='ocrx_word' id='word_1_21' title='bbox 165 271 230 296; x_wconf 82' lang='lat' dir='ltr'><strong>riam</strong></span> <span class='ocrx_word' id='word_1_22' title='bbox 251 269 333 304; x_wconf 87' lang='lat' dir='ltr'><strong>(Cap.</strong></span> <span class='ocrx_word' id='word_1_23' title='bbox 346 267 402 304; x_wconf 77' lang='lat'><strong>3|).</strong></span> <span class='ocrx_word' id='word_1_24' title='bbox 422 268 487 295; x_wconf 84' lang='lat' dir='ltr'><strong>Vide</strong></span> <span class='ocrx_word' id='word_1_25' title='bbox 500 265 632 302; x_wconf 85' lang='lat' dir='ltr'><strong>quomodo</strong></span> <span class='ocrx_word' id='word_1_26' title='bbox 648 264 744 292; x_wconf 75' lang='lat' dir='ltr'><strong>invidia</strong></span> <span class='ocrx_word' id='word_1_27' title='bbox 759 264 877 298; x_wconf 83' lang='lat' dir='ltr'><strong>ingratos</strong></span> <span class='ocrx_word' id='word_1_28' title='bbox 894 262 952 289; x_wconf 89' lang='lat' dir='ltr'><strong>illos</strong></span> 
     </span>
    </p>
   </div>
   <div class='ocr_carea' id='block_1_5' title="bbox 166 307 952 346">
    <p class='ocr_par' dir='ltr' id='par_1_5' title="bbox 166 307 952 346">
     <span class='ocr_line' id='line_1_5' title="bbox 166 307 952 346; baseline -0.01 -4"><span class='ocrx_word' id='word_1_29' title='bbox 166 315 299 346; x_wconf 83' lang='lat' dir='ltr'><strong>reddidit;</strong></span> <span class='ocrx_word' id='word_1_30' title='bbox 314 321 366 341; x_wconf 91' lang='lat' dir='ltr'><strong>non</strong></span> <span class='ocrx_word' id='word_1_31' title='bbox 381 313 439 340; x_wconf 85' lang='lat' dir='ltr'><strong>illos</strong></span> <span class='ocrx_word' id='word_1_32' title='bbox 448 316 536 340; x_wconf 87' lang='lat' dir='ltr'><strong>autem</strong></span> <span class='ocrx_word' id='word_1_33' title='bbox 550 311 635 338; x_wconf 91' lang='lat' dir='ltr'><strong>solum</strong></span> <span class='ocrx_word' id='word_1_34' title='bbox 645 330 653 343; x_wconf 90' lang='lat'><strong>,</strong></span> <span class='ocrx_word' id='word_1_35' title='bbox 669 310 715 337; x_wconf 89' lang='lat' dir='ltr'><strong>sed</strong></span> <span class='ocrx_word' id='word_1_36' title='bbox 729 314 756 337; x_wconf 90' lang='lat' dir='ltr'><strong>et</strong></span> <span class='ocrx_word' id='word_1_37' title='bbox 766 309 852 343; x_wconf 89' lang='lat' dir='ltr'><strong>ipsum</strong></span> <span class='ocrx_word' id='word_1_38' title='bbox 865 307 952 335; x_wconf 81' lang='lat' dir='ltr'><strong>Laba-</strong></span> 
     </span>
    </p>
   </div>
   <div class='ocr_carea' id='block_1_6' title="bbox 166 354 955 393">
    <p class='ocr_par' dir='ltr' id='par_1_6' title="bbox 166 354 955 393">
     <span class='ocr_line' id='line_1_6' title="bbox 166 354 955 393; baseline -0.011 -5"><span class='ocrx_word' id='word_1_39' title='bbox 166 368 242 388; x_wconf 75' lang='lat' dir='ltr'><strong>nttzn.</strong></span> <span class='ocrx_word' id='word_1_40' title='bbox 260 360 328 387; x_wconf 88' lang='lat' dir='ltr'><strong>Vidit</strong></span> <span class='ocrx_word' id='word_1_41' title='bbox 343 359 424 392; x_wconf 90' lang='lat' dir='ltr'><strong>enim,</strong></span> <span class='ocrx_word' id='word_1_42' title='bbox 439 358 534 393; x_wconf 78' lang='lat' dir='ltr'><strong>inquit,</strong></span> <span class='ocrx_word' id='word_1_43' title='bbox 546 357 627 384; x_wconf 69' lang='lat' dir='ltr'><strong>Iacob</strong></span> <span class='ocrx_word' id='word_1_44' title='bbox 638 356 728 392; x_wconf 77' lang='lat' dir='ltr'><strong>[aciem</strong></span> <span class='ocrx_word' id='word_1_45' title='bbox 739 354 842 386; x_wconf 78' lang='lat' dir='ltr'><strong>Laban,</strong></span> <span class='ocrx_word' id='word_1_46' title='bbox 859 357 882 381; x_wconf 89' lang='lat' dir='ltr'><strong>et</strong></span> <span class='ocrx_word' id='word_1_47' title='bbox 899 360 955 380; x_wconf 77' lang='lat' dir='ltr'><strong>erce</strong></span> 
     </span>
    </p>
   </div>
   <div class='ocr_carea' id='block_1_7' title="bbox 166 397 953 440">
    <p class='ocr_par' dir='ltr' id='par_1_7' title="bbox 166 397 953 440">
     <span class='ocr_line' id='line_1_7' title="bbox 166 397 953 440; baseline -0.01 -8"><span class='ocrx_word' id='word_1_48' title='bbox 166 414 218 432; x_wconf 74' lang='lat' dir='ltr'><strong>non</strong></span> <span class='ocrx_word' id='word_1_49' title='bbox 230 409 285 433; x_wconf 82' lang='lat' dir='ltr'><strong>erat</strong></span> <span class='ocrx_word' id='word_1_50' title='bbox 299 413 357 440; x_wconf 73' lang='lat' dir='ltr'><strong>erga</strong></span> <span class='ocrx_word' id='word_1_51' title='bbox 371 412 397 432; x_wconf 81' lang='lat' dir='ltr'><strong>se</strong></span> <span class='ocrx_word' id='word_1_52' title='bbox 409 403 473 430; x_wconf 73' lang='lat' dir='ltr'><strong>sicut</strong></span> <span class='ocrx_word' id='word_1_53' title='bbox 487 403 540 430; x_wconf 75' lang='lat' dir='ltr'><strong>lteri</strong></span> <span class='ocrx_word' id='word_1_54' title='bbox 551 406 576 429; x_wconf 81' lang='lat' dir='ltr'><strong>et</strong></span> <span class='ocrx_word' id='word_1_55' title='bbox 589 399 868 429; x_wconf 77' lang='lat' dir='ltr'><strong>nudiustertius.Verha</strong></span> <span class='ocrx_word' id='word_1_56' title='bbox 882 397 953 425; x_wconf 84' lang='lat' dir='ltr'><strong>enim</strong></span> 
     </span>
    </p>
   </div>
   <div class='ocr_carea' id='block_1_8' title="bbox 168 444 953 483">
    <p class='ocr_par' dir='ltr' id='par_1_8' title="bbox 168 444 953 483">
     <span class='ocr_line' id='line_1_8' title="bbox 168 444 953 483; baseline -0.009 -6"><span class='ocrx_word' id='word_1_57' title='bbox 168 450 282 478; x_wconf 85' lang='lat' dir='ltr'><strong>filiorum</strong></span> <span class='ocrx_word' id='word_1_58' title='bbox 293 450 361 477; x_wconf 84' lang='lat' dir='ltr'><strong>illius</strong></span> <span class='ocrx_word' id='word_1_59' title='bbox 375 453 490 477; x_wconf 85' lang='lat' dir='ltr'><strong>mentem</strong></span> <span class='ocrx_word' id='word_1_60' title='bbox 504 448 561 483; x_wconf 78' lang='lat' dir='ltr'><strong>eius</strong></span> <span class='ocrx_word' id='word_1_61' title='bbox 574 447 752 476; x_wconf 70' lang='lat' dir='ltr'><strong>turbaverant.</strong></span> <span class='ocrx_word' id='word_1_62' title='bbox 762 449 788 473; x_wconf 87' lang='lat' dir='ltr'><strong>et</strong></span> <span class='ocrx_word' id='word_1_63' title='bbox 796 444 953 472; x_wconf 85' lang='lat' dir='ltr'><strong>oblivionem</strong></span> 
     </span>
    </p>
   </div>
   <div class='ocr_carea' id='block_1_9' title="bbox 168 488 956 528">
    <p class='ocr_par' dir='ltr' id='par_1_9' title="bbox 168 488 956 528">
     <span class='ocr_line' id='line_1_9' title="bbox 168 488 956 528; baseline -0.008 -6"><span class='ocrx_word' id='word_1_64' title='bbox 168 495 328 522; x_wconf 79' lang='lat' dir='ltr'><strong>induxerant</strong></span> <span class='ocrx_word' id='word_1_65' title='bbox 343 501 435 521; x_wconf 89' lang='lat' dir='ltr'><strong>eorum</strong></span> <span class='ocrx_word' id='word_1_66' title='bbox 449 500 508 528; x_wconf 66' lang='lat' dir='ltr'><strong>quas</strong></span> <span class='ocrx_word' id='word_1_67' title='bbox 528 492 629 527; x_wconf 79' lang='lat' dir='ltr'><strong>pridem</strong></span> <span class='ocrx_word' id='word_1_68' title='bbox 643 490 734 518; x_wconf 88' lang='lat' dir='ltr'><strong>Laban</strong></span> <span class='ocrx_word' id='word_1_69' title='bbox 747 490 850 517; x_wconf 80' lang='lat' dir='ltr'><strong>dixerat</strong></span> <span class='ocrx_word' id='word_1_70' title='bbox 863 488 896 516; x_wconf 90' lang='lat' dir='ltr'><strong>ad</strong></span> <span class='ocrx_word' id='word_1_71' title='bbox 911 488 956 516; x_wconf 81' lang='lat' dir='ltr'><strong>Ja-</strong></span> 
     </span>
    </p>
   </div>
   <div class='ocr_carea' id='block_1_10' title="bbox 167 535 955 570">
    <p class='ocr_par' dir='ltr' id='par_1_10' title="bbox 167 535 955 570">
     <span class='ocr_line' id='line_1_10' title="bbox 167 535 955 570; baseline -0.009 -3"><span class='ocrx_word' id='word_1_72' title='bbox 167 541 219 568; x_wconf 87' lang='lat' dir='ltr'><strong>cob</strong></span> <span class='ocrx_word' id='word_1_73' title='bbox 232 539 273 567; x_wconf 88' lang='lat' dir='ltr'><strong>his</strong></span> <span class='ocrx_word' id='word_1_74' title='bbox 288 539 375 567; x_wconf 83' lang='lat' dir='ltr'><strong>verbis</strong></span> <span class='ocrx_word' id='word_1_75' title='bbox 389 547 395 564; x_wconf 95' lang='lat'>:</span> <span class='ocrx_word' id='word_1_76' title='bbox 411 538 541 565; x_wconf 72' lang='lat' dir='ltr'><strong>Bcnedizit</strong></span> <span class='ocrx_word' id='word_1_77' title='bbox 554 545 592 564; x_wconf 87' lang='lat' dir='ltr'><strong>me</strong></span> <span class='ocrx_word' id='word_1_78' title='bbox 607 535 674 563; x_wconf 83' lang='lat' dir='ltr'><strong>Deus</strong></span> <span class='ocrx_word' id='word_1_79' title='bbox 687 535 720 562; x_wconf 89' lang='lat' dir='ltr'><strong>ad</strong></span> <span class='ocrx_word' id='word_1_80' title='bbox 733 535 873 570; x_wconf 82' lang='lat' dir='ltr'><strong>ingressum</strong></span> <span class='ocrx_word' id='word_1_81' title='bbox 885 538 955 561; x_wconf 78' lang='lat' dir='ltr'><strong>tuum</strong></span> 
     </span>
    </p>
   </div>
   <div class='ocr_carea' id='block_1_11' title="bbox 169 580 956 620">
    <p class='ocr_par' dir='ltr' id='par_1_11' title="bbox 169 580 956 620">
     <span class='ocr_line' id='line_1_11' title="bbox 169 580 956 620; baseline -0.008 -8"><span class='ocrx_word' id='word_1_82' title='bbox 169 585 245 620; x_wconf 84' lang='lat' dir='ltr'><strong>(Gen.</strong></span> <span class='ocrx_word' id='word_1_83' title='bbox 260 585 304 613; x_wconf 76' lang='lat'><strong>50.</strong></span> <span class='ocrx_word' id='word_1_84' title='bbox 318 584 375 620; x_wconf 71' lang='lat'><strong>27),</strong></span> <span class='ocrx_word' id='word_1_85' title='bbox 387 588 414 612; x_wconf 88' lang='lat' dir='ltr'><strong>et</strong></span> <span class='ocrx_word' id='word_1_86' title='bbox 423 584 522 619; x_wconf 77' lang='lat' dir='ltr'><strong>gratias</strong></span> <span class='ocrx_word' id='word_1_87' title='bbox 534 586 624 618; x_wconf 87' lang='lat' dir='ltr'><strong>egerat</strong></span> <span class='ocrx_word' id='word_1_88' title='bbox 634 581 756 614; x_wconf 88' lang='lat' dir='ltr'><strong>Domino,</strong></span> <span class='ocrx_word' id='word_1_89' title='bbox 767 580 837 616; x_wconf 92' lang='lat' dir='ltr'><strong>quod</strong></span> <span class='ocrx_word' id='word_1_90' title='bbox 848 584 956 615; x_wconf 87' lang='lat' dir='ltr'><strong>propter</strong></span> 
     </span>
    </p>
   </div>
   <div class='ocr_carea' id='block_1_12' title="bbox 169 626 957 665">
    <p class='ocr_par' dir='ltr' id='par_1_12' title="bbox 169 626 957 665">
     <span class='ocr_line' id='line_1_12' title="bbox 169 626 957 665; baseline -0.006 -8"><span class='ocrx_word' id='word_1_91' title='bbox 169 631 311 658; x_wconf 83' lang='lat' dir='ltr'><strong>adventum</strong></span> <span class='ocrx_word' id='word_1_92' title='bbox 330 630 395 665; x_wconf 81' lang='lat' dir='ltr'><strong>justi</strong></span> <span class='ocrx_word' id='word_1_93' title='bbox 413 629 551 656; x_wconf 79' lang='lat' dir='ltr'><strong>facultates</strong></span> <span class='ocrx_word' id='word_1_94' title='bbox 569 636 624 656; x_wconf 66' lang='lat' dir='ltr'><strong>sua:</strong></span> <span class='ocrx_word' id='word_1_95' title='bbox 642 632 726 655; x_wconf 64' lang='lat' dir='ltr'><strong>aucte</strong></span> <span class='ocrx_word' id='word_1_96' title='bbox 746 626 867 654; x_wconf 80' lang='lat' dir='ltr'><strong>fuerant:</strong></span> <span class='ocrx_word' id='word_1_97' title='bbox 886 633 957 653; x_wconf 92' lang='lat' dir='ltr'><strong>nunc</strong></span> 
     </span>
    </p>
   </div>
   <div class='ocr_carea' id='block_1_13' title="bbox 170 671 953 710">
    <p class='ocr_par' dir='ltr' id='par_1_13' title="bbox 170 671 953 710">
     <span class='ocr_line' id='line_1_13' title="bbox 170 671 953 710; baseline -0.008 -7"><span class='ocrx_word' id='word_1_98' title='bbox 170 680 271 703; x_wconf 74' lang='lat' dir='ltr'><strong>nudato</strong></span> <span class='ocrx_word' id='word_1_99' title='bbox 292 683 337 710; x_wconf 88' lang='lat' dir='ltr'><strong>per</strong></span> <span class='ocrx_word' id='word_1_100' title='bbox 351 675 464 702; x_wconf 85' lang='lat' dir='ltr'><strong>filiorum</strong></span> <span class='ocrx_word' id='word_1_101' title='bbox 479 674 549 701; x_wconf 87' lang='lat' dir='ltr'><strong>dicta</strong></span> <span class='ocrx_word' id='word_1_102' title='bbox 573 673 662 700; x_wconf 87' lang='lat' dir='ltr'><strong>animo</strong></span> <span class='ocrx_word' id='word_1_103' title='bbox 677 677 704 700; x_wconf 93' lang='lat' dir='ltr'><strong>et</strong></span> <span class='ocrx_word' id='word_1_104' title='bbox 718 671 814 699; x_wconf 81' lang='lat' dir='ltr'><strong>invidia</strong></span> <span class='ocrx_word' id='word_1_105' title='bbox 829 671 953 706; x_wconf 79' lang='lat' dir='ltr'><strong>ﬂagrans,</strong></span> 
     </span>
    </p>
   </div>
   <div class='ocr_carea' id='block_1_14' title="bbox 170 714 955 756">
    <p class='ocr_par' dir='ltr' id='par_1_14' title="bbox 170 714 955 756">
     <span class='ocr_line' id='line_1_14' title="bbox 170 714 955 756; baseline -0.006 -8"><span class='ocrx_word' id='word_1_106' title='bbox 170 721 239 749; x_wconf 83' lang='lat' dir='ltr'><strong>forte</strong></span> <span class='ocrx_word' id='word_1_107' title='bbox 252 714 313 756; x_wconf 74' lang='lat' dir='ltr'><strong>quia</strong></span> <span class='ocrx_word' id='word_1_108' title='bbox 324 720 430 747; x_wconf 76' lang='lat' dir='ltr'><strong>videbat</strong></span> <span class='ocrx_word' id='word_1_109' title='bbox 443 719 542 754; x_wconf 90' lang='lat' dir='ltr'><strong>justum</strong></span> <span class='ocrx_word' id='word_1_110' title='bbox 553 719 630 746; x_wconf 84' lang='lat' dir='ltr'><strong>valde</strong></span> <span class='ocrx_word' id='word_1_111' title='bbox 643 718 794 751; x_wconf 78' lang='lat' dir='ltr'><strong>abundare,</strong></span> <span class='ocrx_word' id='word_1_112' title='bbox 810 725 862 745; x_wconf 89' lang='lat' dir='ltr'><strong>non</strong></span> <span class='ocrx_word' id='word_1_113' title='bbox 876 718 955 744; x_wconf 86' lang='lat' dir='ltr'><strong>talem</strong></span> 
     </span>
    </p>
   </div>
   <div class='ocr_carea' id='block_1_15' title="bbox 171 764 953 800">
    <p class='ocr_par' dir='ltr' id='par_1_15' title="bbox 171 764 953 800">
     <span class='ocr_line' id='line_1_15' title="bbox 171 764 953 800; baseline -0.005 -6"><span class='ocrx_word' id='word_1_114' title='bbox 171 774 202 794; x_wconf 78' lang='lat' dir='ltr'><strong>se</strong></span> <span class='ocrx_word' id='word_1_115' title='bbox 216 767 253 794; x_wconf 87' lang='lat' dir='ltr'><strong>illi</strong></span> <span class='ocrx_word' id='word_1_116' title='bbox 266 766 426 798; x_wconf 77' lang='lat' dir='ltr'><strong>exhibebat,</strong></span> <span class='ocrx_word' id='word_1_117' title='bbox 438 766 542 800; x_wconf 87' lang='lat' dir='ltr'><strong>qualem</strong></span> <span class='ocrx_word' id='word_1_118' title='bbox 557 769 644 792; x_wconf 84' lang='lat' dir='ltr'><strong>antea.</strong></span> <span class='ocrx_word' id='word_1_119' title='bbox 668 764 735 792; x_wconf 83' lang='lat' dir='ltr'><strong>Vidit</strong></span> <span class='ocrx_word' id='word_1_120' title='bbox 749 764 819 792; x_wconf 91' lang='lat' dir='ltr'><strong>enim</strong></span> <span class='ocrx_word' id='word_1_121' title='bbox 829 785 838 797; x_wconf 93' lang='lat'><strong>,</strong></span> <span class='ocrx_word' id='word_1_122' title='bbox 854 764 953 799; x_wconf 81' lang='lat' dir='ltr'><strong>inquit,</strong></span> 
     </span>
    </p>
   </div>
   <div class='ocr_carea' id='block_1_16' title="bbox 170 808 967 846">
    <p class='ocr_par' dir='ltr' id='par_1_16' title="bbox 170 808 967 846">
     <span class='ocr_line' id='line_1_16' title="bbox 170 808 967 846; baseline -0.005 -8"><span class='ocrx_word' id='word_1_123' title='bbox 170 811 251 838; x_wconf 81' lang='lat' dir='ltr'><strong>Jacob</strong></span> <span class='ocrx_word' id='word_1_124' title='bbox 265 811 355 846; x_wconf 79' lang='lat' dir='ltr'><strong>{aciem</strong></span> <span class='ocrx_word' id='word_1_125' title='bbox 366 810 453 837; x_wconf 87' lang='lat' dir='ltr'><strong>Laban</strong></span> <span class='ocrx_word' id='word_1_126' title='bbox 463 830 470 843; x_wconf 91' lang='lat'><strong>,</strong></span> <span class='ocrx_word' id='word_1_127' title='bbox 481 815 504 837; x_wconf 85' lang='lat' dir='ltr'><strong>et</strong></span> <span class='ocrx_word' id='word_1_128' title='bbox 517 818 573 837; x_wconf 78' lang='lat' dir='ltr'><strong>ecce</strong></span> <span class='ocrx_word' id='word_1_129' title='bbox 583 818 632 837; x_wconf 89' lang='lat' dir='ltr'><strong>non</strong></span> <span class='ocrx_word' id='word_1_130' title='bbox 644 814 697 837; x_wconf 86' lang='lat' dir='ltr'><strong>erat</strong></span> <span class='ocrx_word' id='word_1_131' title='bbox 709 818 769 845; x_wconf 82' lang='lat' dir='ltr'><strong>erga</strong></span> <span class='ocrx_word' id='word_1_132' title='bbox 782 817 808 837; x_wconf 86' lang='lat' dir='ltr'><strong>se</strong></span> <span class='ocrx_word' id='word_1_133' title='bbox 820 809 883 836; x_wconf 84' lang='lat' dir='ltr'><strong>sicut</strong></span> <span class='ocrx_word' id='word_1_134' title='bbox 903 808 967 836; x_wconf 80' lang='lat' dir='ltr'><strong>heri.</strong></span> 
     </span>
    </p>
   </div>
   <div class='ocr_carea' id='block_1_17' title="bbox 171 855 955 890">
    <p class='ocr_par' dir='ltr' id='par_1_17' title="bbox 171 855 955 890">
     <span class='ocr_line' id='line_1_17' title="bbox 171 855 955 890; baseline -0.001 -7"><span class='ocrx_word' id='word_1_135' title='bbox 171 862 195 883; x_wconf 85' lang='lat' dir='ltr'><strong>et</strong></span> <span class='ocrx_word' id='word_1_136' title='bbox 210 855 494 883; x_wconf 65' lang='lat' dir='ltr'><strong>nudiustertiusNidisti</strong></span> <span class='ocrx_word' id='word_1_137' title='bbox 507 855 570 890; x_wconf 88' lang='lat' dir='ltr'><strong>justi</strong></span> <span class='ocrx_word' id='word_1_138' title='bbox 584 863 705 890; x_wconf 84' lang='lat' dir='ltr'><strong>magnam</strong></span> <span class='ocrx_word' id='word_1_139' title='bbox 716 855 955 887; x_wconf 83' lang='lat' dir='ltr'><strong>mansuetudinem,</strong></span> 
     </span>
    </p>
   </div>
   <div class='ocr_carea' id='block_1_18' title="bbox 171 900 956 936">
    <p class='ocr_par' dir='ltr' id='par_1_18' title="bbox 171 900 956 936">
     <span class='ocr_line' id='line_1_18' title="bbox 171 900 956 936; baseline -0.001 -8"><span class='ocrx_word' id='word_1_140' title='bbox 171 907 199 929; x_wconf 87' lang='lat' dir='ltr'><strong>et</strong></span> <span class='ocrx_word' id='word_1_141' title='bbox 213 902 316 928; x_wconf 91' lang='lat' dir='ltr'><strong>illorum</strong></span> <span class='ocrx_word' id='word_1_142' title='bbox 330 901 460 936; x_wconf 87' lang='lat' dir='ltr'><strong>ingratum</strong></span> <span class='ocrx_word' id='word_1_143' title='bbox 471 901 587 928; x_wconf 85' lang='lat' dir='ltr'><strong>animum</strong></span> <span class='ocrx_word' id='word_1_144' title='bbox 598 921 605 933; x_wconf 93' lang='lat'><strong>,</strong></span> <span class='ocrx_word' id='word_1_145' title='bbox 622 908 654 928; x_wconf 87' lang='lat' dir='ltr'><strong>ac</strong></span> <span class='ocrx_word' id='word_1_146' title='bbox 665 900 799 936; x_wconf 88' lang='lat' dir='ltr'><strong>quomodo</strong></span> <span class='ocrx_word' id='word_1_147' title='bbox 813 907 874 928; x_wconf 92' lang='lat' dir='ltr'><strong>cum</strong></span> <span class='ocrx_word' id='word_1_148' title='bbox 886 900 956 927; x_wconf 88' lang='lat' dir='ltr'><strong>invi-</strong></span> 
     </span>
    </p>
   </div>
   <div class='ocr_carea' id='block_1_19' title="bbox 169 945 956 981">
    <p class='ocr_par' dir='ltr' id='par_1_19' title="bbox 169 945 956 981">
     <span class='ocr_line' id='line_1_19' title="bbox 169 945 956 981; baseline 0 -8"><span class='ocrx_word' id='word_1_149' title='bbox 169 947 243 973; x_wconf 82' lang='lat' dir='ltr'><strong>diam</strong></span> <span class='ocrx_word' id='word_1_150' title='bbox 256 946 326 974; x_wconf 77' lang='lat' dir='ltr'><strong>i&#39;erre</strong></span> <span class='ocrx_word' id='word_1_151' title='bbox 346 953 399 973; x_wconf 82' lang='lat' dir='ltr'><strong>non</strong></span> <span class='ocrx_word' id='word_1_152' title='bbox 415 949 533 981; x_wconf 81' lang='lat' dir='ltr'><strong>possent,</strong></span> <span class='ocrx_word' id='word_1_153' title='bbox 549 946 630 980; x_wconf 83' lang='lat' dir='ltr'><strong>patris</strong></span> <span class='ocrx_word' id='word_1_154' title='bbox 651 949 766 973; x_wconf 87' lang='lat' dir='ltr'><strong>mentem</strong></span> <span class='ocrx_word' id='word_1_155' title='bbox 781 945 956 981; x_wconf 88' lang='lat' dir='ltr'><strong>perturbave-</strong></span> 
     </span>
    </p>
   </div>
   <div class='ocr_carea' id='block_1_20' title="bbox 172 990 958 1024">
    <p class='ocr_par' dir='ltr' id='par_1_20' title="bbox 172 990 958 1024">
     <span class='ocr_line' id='line_1_20' title="bbox 172 990 958 1024; baseline 0 -6"><span class='ocrx_word' id='word_1_156' title='bbox 172 995 233 1019; x_wconf 89' lang='lat' dir='ltr'><strong>runt</strong></span> <span class='ocrx_word' id='word_1_157' title='bbox 243 992 254 1017; x_wconf 83' lang='lat'><strong>‘!</strong></span> <span class='ocrx_word' id='word_1_158' title='bbox 266 991 342 1024; x_wconf 75' lang='lat' dir='ltr'><strong>Vide,</strong></span> <span class='ocrx_word' id='word_1_159' title='bbox 353 991 464 1018; x_wconf 84' lang='lat' dir='ltr'><strong>obsecro</strong></span> <span class='ocrx_word' id='word_1_160' title='bbox 475 1011 483 1024; x_wconf 84' lang='lat'><strong>,</strong></span> <span class='ocrx_word' id='word_1_161' title='bbox 496 997 567 1018; x_wconf 89' lang='lat' dir='ltr'><strong>nunc</strong></span> <span class='ocrx_word' id='word_1_162' title='bbox 578 997 606 1018; x_wconf 82' lang='lat' dir='ltr'><strong>et</strong></span> <span class='ocrx_word' id='word_1_163' title='bbox 619 990 665 1018; x_wconf 85' lang='lat' dir='ltr'><strong>Dei</strong></span> <span class='ocrx_word' id='word_1_164' title='bbox 681 990 840 1018; x_wconf 69' lang='lat' dir='ltr'><strong>ineffabilem</strong></span> <span class='ocrx_word' id='word_1_165' title='bbox 853 991 958 1019; x_wconf 87' lang='lat' dir='ltr'><strong>miseri-</strong></span> 
     </span>
    </p>
   </div>
   <div class='ocr_carea' id='block_1_21' title="bbox 170 1036 959 1072">
    <p class='ocr_par' dir='ltr' id='par_1_21' title="bbox 170 1036 959 1072">
     <span class='ocr_line' id='line_1_21' title="bbox 170 1036 959 1072; baseline 0 -8"><span class='ocrx_word' id='word_1_166' title='bbox 170 1037 301 1068; x_wconf 83' lang='lat' dir='ltr'><strong>cordiam,</strong></span> <span class='ocrx_word' id='word_1_167' title='bbox 318 1041 345 1064; x_wconf 80' lang='lat' dir='ltr'><strong>et</strong></span> <span class='ocrx_word' id='word_1_168' title='bbox 354 1041 452 1072; x_wconf 86' lang='lat' dir='ltr'><strong>quanta</strong></span> <span class='ocrx_word' id='word_1_169' title='bbox 466 1036 685 1072; x_wconf 85' lang='lat' dir='ltr'><strong>attemperatione</strong></span> <span class='ocrx_word' id='word_1_170' title='bbox 699 1040 801 1069; x_wconf 88' lang='lat' dir='ltr'><strong>utatur,</strong></span> <span class='ocrx_word' id='word_1_171' title='bbox 812 1044 872 1064; x_wconf 91' lang='lat' dir='ltr'><strong>cum</strong></span> <span class='ocrx_word' id='word_1_172' title='bbox 887 1037 959 1064; x_wconf 88' lang='lat' dir='ltr'><strong>videt</strong></span> 
     </span>
    </p>
   </div>
   <div class='ocr_carea' id='block_1_22' title="bbox 172 1078 958 1118">
    <p class='ocr_par' dir='ltr' id='par_1_22' title="bbox 172 1078 958 1118">
     <span class='ocr_line' id='line_1_22' title="bbox 172 1078 958 1118; baseline 0 -8"><span class='ocrx_word' id='word_1_173' title='bbox 172 1091 223 1110; x_wconf 88' lang='lat' dir='ltr'><strong>nos</strong></span> <span class='ocrx_word' id='word_1_174' title='bbox 237 1091 296 1118; x_wconf 65' lang='lat' dir='ltr'><strong>quae</strong></span> <span class='ocrx_word' id='word_1_175' title='bbox 306 1089 395 1110; x_wconf 86' lang='lat' dir='ltr'><strong>nostra</strong></span> <span class='ocrx_word' id='word_1_176' title='bbox 408 1078 469 1110; x_wconf 84' lang='lat' dir='ltr'><strong>sunt</strong></span> <span class='ocrx_word' id='word_1_177' title='bbox 485 1082 584 1110; x_wconf 86' lang='lat' dir='ltr'><strong>facere.</strong></span> <span class='ocrx_word' id='word_1_178' title='bbox 601 1082 699 1110; x_wconf 87' lang='lat' dir='ltr'><strong>Videns</strong></span> <span class='ocrx_word' id='word_1_179' title='bbox 716 1083 788 1110; x_wconf 83' lang='lat' dir='ltr'><strong>enim</strong></span> <span class='ocrx_word' id='word_1_180' title='bbox 806 1082 907 1118; x_wconf 83' lang='lat' dir='ltr'><strong>justum</strong></span> <span class='ocrx_word' id='word_1_181' title='bbox 925 1082 958 1110; x_wconf 88' lang='lat' dir='ltr'><strong>ab</strong></span> 
     </span>
    </p>
   </div>
   <div class='ocr_carea' id='block_1_23' title="bbox 173 1126 957 1161">
    <p class='ocr_par' dir='ltr' id='par_1_23' title="bbox 173 1126 957 1161">
     <span class='ocr_line' id='line_1_23' title="bbox 173 1126 957 1161; baseline -0.001 -6"><span class='ocrx_word' id='word_1_182' title='bbox 173 1128 225 1155; x_wconf 87' lang='lat' dir='ltr'><strong>illis</strong></span> <span class='ocrx_word' id='word_1_183' title='bbox 239 1128 300 1156; x_wconf 90' lang='lat' dir='ltr'><strong>odio</strong></span> <span class='ocrx_word' id='word_1_184' title='bbox 314 1127 416 1161; x_wconf 86' lang='lat' dir='ltr'><strong>haberi,</strong></span> <span class='ocrx_word' id='word_1_185' title='bbox 432 1127 496 1155; x_wconf 88' lang='lat' dir='ltr'><strong>dicit</strong></span> <span class='ocrx_word' id='word_1_186' title='bbox 509 1127 541 1155; x_wconf 91' lang='lat' dir='ltr'><strong>ad</strong></span> <span class='ocrx_word' id='word_1_187' title='bbox 553 1126 634 1156; x_wconf 78' lang='lat' dir='ltr'><strong>Jacob</strong></span> <span class='ocrx_word' id='word_1_188' title='bbox 648 1135 655 1154; x_wconf 90' lang='lat'><strong>:</strong></span> <span class='ocrx_word' id='word_1_189' title='bbox 669 1126 696 1155; x_wconf 74' lang='grc'><strong>5.</strong></span> <span class='ocrx_word' id='word_1_190' title='bbox 711 1126 842 1155; x_wconf 77' lang='lat' dir='ltr'><strong>Revertere</strong></span> <span class='ocrx_word' id='word_1_191' title='bbox 861 1127 888 1154; x_wconf 80' lang='lat' dir='ltr'><strong>in</strong></span> <span class='ocrx_word' id='word_1_192' title='bbox 906 1132 957 1154; x_wconf 81' lang='lat' dir='ltr'><strong>ter-</strong></span> 
     </span>
    </p>
   </div>
   <div class='ocr_carea' id='block_1_24' title="bbox 172 1173 957 1209">
    <p class='ocr_par' dir='ltr' id='par_1_24' title="bbox 172 1173 957 1209">
     <span class='ocr_line' id='line_1_24' title="bbox 172 1173 957 1209; baseline -0.001 -9"><span class='ocrx_word' id='word_1_193' title='bbox 172 1182 228 1201; x_wconf 88' lang='lat' dir='ltr'><strong>ram</strong></span> <span class='ocrx_word' id='word_1_194' title='bbox 252 1179 352 1209; x_wconf 84' lang='lat' dir='ltr'><strong>patrum</strong></span> <span class='ocrx_word' id='word_1_195' title='bbox 365 1177 476 1206; x_wconf 82' lang='lat' dir='ltr'><strong>tuorum,</strong></span> <span class='ocrx_word' id='word_1_196' title='bbox 491 1178 514 1201; x_wconf 88' lang='lat' dir='ltr'><strong>et</strong></span> <span class='ocrx_word' id='word_1_197' title='bbox 533 1173 566 1200; x_wconf 90' lang='lat' dir='ltr'><strong>ad</strong></span> <span class='ocrx_word' id='word_1_198' title='bbox 580 1173 765 1209; x_wconf 68' lang='lat' dir='ltr'><strong>generatione»:</strong></span> <span class='ocrx_word' id='word_1_199' title='bbox 779 1178 864 1206; x_wconf 83' lang='lat' dir='ltr'><strong>tuam,</strong></span> <span class='ocrx_word' id='word_1_200' title='bbox 879 1177 902 1199; x_wconf 89' lang='lat' dir='ltr'><strong>et</strong></span> <span class='ocrx_word' id='word_1_201' title='bbox 914 1181 957 1200; x_wconf 83' lang='lat' dir='ltr'><strong>ero</strong></span> 
     </span>
    </p>
   </div>
   <div class='ocr_carea' id='block_1_25' title="bbox 173 1219 957 1254">
    <p class='ocr_par' dir='ltr' id='par_1_25' title="bbox 173 1219 957 1254">
     <span class='ocr_line' id='line_1_25' title="bbox 173 1219 957 1254; baseline -0.001 -8"><span class='ocrx_word' id='word_1_202' title='bbox 173 1225 265 1248; x_wconf 84' lang='lat' dir='ltr'><strong>tecum.</strong></span> <span class='ocrx_word' id='word_1_203' title='bbox 279 1220 349 1247; x_wconf 82' lang='lat' dir='ltr'><strong>Satis</strong></span> <span class='ocrx_word' id='word_1_204' title='bbox 359 1219 404 1246; x_wconf 89' lang='lat' dir='ltr'><strong>diu</strong></span> <span class='ocrx_word' id='word_1_205' title='bbox 423 1225 543 1247; x_wconf 80' lang='lat' dir='ltr'><strong>versatus</strong></span> <span class='ocrx_word' id='word_1_206' title='bbox 556 1227 600 1251; x_wconf 89' lang='lat' dir='ltr'><strong>es,</strong></span> <span class='ocrx_word' id='word_1_207' title='bbox 619 1219 720 1254; x_wconf 86' lang='lat' dir='ltr'><strong>inquit,</strong></span> <span class='ocrx_word' id='word_1_208' title='bbox 733 1219 758 1246; x_wconf 89' lang='lat' dir='ltr'><strong>in</strong></span> <span class='ocrx_word' id='word_1_209' title='bbox 775 1223 844 1246; x_wconf 77' lang='lat' dir='ltr'><strong>terra</strong></span> <span class='ocrx_word' id='word_1_210' title='bbox 860 1219 957 1246; x_wconf 85' lang='lat' dir='ltr'><strong>aliena.</strong></span> 
     </span>
    </p>
   </div>
   <div class='ocr_carea' id='block_1_26' title="bbox 172 1264 958 1301">
    <p class='ocr_par' dir='ltr' id='par_1_26' title="bbox 172 1264 958 1301">
     <span class='ocr_line' id='line_1_26' title="bbox 172 1264 958 1301; baseline -0.003 -8"><span class='ocrx_word' id='word_1_211' title='bbox 172 1265 238 1293; x_wconf 80' lang='lat' dir='ltr'><strong>Nam</strong></span> <span class='ocrx_word' id='word_1_212' title='bbox 251 1274 310 1301; x_wconf 69' lang='lat' dir='ltr'><strong>qua:</strong></span> <span class='ocrx_word' id='word_1_213' title='bbox 324 1266 425 1301; x_wconf 84' lang='lat' dir='ltr'><strong>pridem</strong></span> <span class='ocrx_word' id='word_1_214' title='bbox 439 1266 484 1293; x_wconf 91' lang='lat' dir='ltr'><strong>tibi</strong></span> <span class='ocrx_word' id='word_1_215' title='bbox 499 1266 617 1301; x_wconf 81' lang='lat' dir='ltr'><strong>promisi,</strong></span> <span class='ocrx_word' id='word_1_216' title='bbox 631 1265 738 1298; x_wconf 83' lang='lat' dir='ltr'><strong>dicens,</strong></span> <span class='ocrx_word' id='word_1_217' title='bbox 756 1264 884 1293; x_wconf 71' lang='lat' dir='ltr'><strong>Reducem</strong></span> <span class='ocrx_word' id='word_1_218' title='bbox 896 1270 919 1292; x_wconf 83' lang='lat' dir='ltr'><strong>te</strong></span> <span class='ocrx_word' id='word_1_219' title='bbox 930 1265 958 1291; x_wconf 84' lang='lat' dir='ltr'><strong>in</strong></span> 
     </span>
    </p>
   </div>
   <div class='ocr_carea' id='block_1_27' title="bbox 172 1310 959 1348">
    <p class='ocr_par' dir='ltr' id='par_1_27' title="bbox 172 1310 959 1348">
     <span class='ocr_line' id='line_1_27' title="bbox 172 1310 959 1348; baseline -0.001 -10"><span class='ocrx_word' id='word_1_220' title='bbox 172 1317 267 1338; x_wconf 86' lang='lat' dir='ltr'><strong>terram</strong></span> <span class='ocrx_word' id='word_1_221' title='bbox 283 1316 351 1339; x_wconf 75' lang='lat' dir='ltr'><strong>tuam</strong></span> <span class='ocrx_word' id='word_1_222' title='bbox 365 1311 442 1348; x_wconf 79' lang='lat' dir='ltr'><strong>(Gen.</strong></span> <span class='ocrx_word' id='word_1_223' title='bbox 457 1311 503 1339; x_wconf 77' lang='lat'><strong>28.</strong></span> <span class='ocrx_word' id='word_1_224' title='bbox 516 1311 577 1346; x_wconf 83' lang='lat' dir='ltr'><strong>i5),</strong></span> <span class='ocrx_word' id='word_1_225' title='bbox 599 1319 630 1339; x_wconf 87' lang='lat' dir='ltr'><strong>ea</strong></span> <span class='ocrx_word' id='word_1_226' title='bbox 653 1318 723 1339; x_wconf 92' lang='lat' dir='ltr'><strong>nunc</strong></span> <span class='ocrx_word' id='word_1_227' title='bbox 743 1318 826 1346; x_wconf 83' lang='lat' dir='ltr'><strong>opere</strong></span> <span class='ocrx_word' id='word_1_228' title='bbox 848 1310 959 1345; x_wconf 86' lang='lat' dir='ltr'><strong>implere</strong></span> 
     </span>
    </p>
   </div>
   <div class='ocr_carea' id='block_1_28' title="bbox 173 1356 959 1393">
    <p class='ocr_par' dir='ltr' id='par_1_28' title="bbox 173 1356 959 1393">
     <span class='ocr_line' id='line_1_28' title="bbox 173 1356 959 1393; baseline -0.001 -9"><span class='ocrx_word' id='word_1_229' title='bbox 173 1357 234 1385; x_wconf 81' lang='lat' dir='ltr'><strong>vnio</strong></span> <span class='ocrx_word' id='word_1_230' title='bbox 247 1367 254 1385; x_wconf 89' lang='lat'>:</span> <span class='ocrx_word' id='word_1_231' title='bbox 266 1362 401 1385; x_wconf 82' lang='lat' dir='ltr'><strong>revertere</strong></span> <span class='ocrx_word' id='word_1_232' title='bbox 426 1358 505 1393; x_wconf 85' lang='lat' dir='ltr'><strong>igitur</strong></span> <span class='ocrx_word' id='word_1_233' title='bbox 525 1357 590 1384; x_wconf 90' lang='lat' dir='ltr'><strong>nihil</strong></span> <span class='ocrx_word' id='word_1_234' title='bbox 613 1357 731 1389; x_wconf 83' lang='lat' dir='ltr'><strong>timens;</strong></span> <span class='ocrx_word' id='word_1_235' title='bbox 746 1356 802 1392; x_wconf 72' lang='lat' dir='ltr'><strong>Ego</strong></span> <span class='ocrx_word' id='word_1_236' title='bbox 824 1356 895 1384; x_wconf 90' lang='lat' dir='ltr'><strong>enim</strong></span> <span class='ocrx_word' id='word_1_237' title='bbox 913 1363 959 1383; x_wconf 83' lang='lat' dir='ltr'><strong>ero</strong></span> 
     </span>
    </p>
   </div>
   <div class='ocr_carea' id='block_1_29' title="bbox 172 1401 959 1438">
    <p class='ocr_par' dir='ltr' id='par_1_29' title="bbox 172 1401 959 1438">
     <span class='ocr_line' id='line_1_29' title="bbox 172 1401 959 1438; baseline -0.003 -8"><span class='ocrx_word' id='word_1_238' title='bbox 172 1408 264 1430; x_wconf 77' lang='lat' dir='ltr'><strong>tecain.</strong></span> <span class='ocrx_word' id='word_1_239' title='bbox 281 1403 316 1431; x_wconf 89' lang='lat' dir='ltr'><strong>Ut</strong></span> <span class='ocrx_word' id='word_1_240' title='bbox 329 1403 407 1438; x_wconf 85' lang='lat' dir='ltr'><strong>igitur</strong></span> <span class='ocrx_word' id='word_1_241' title='bbox 423 1403 510 1438; x_wconf 85' lang='lat' dir='ltr'><strong>justus</strong></span> <span class='ocrx_word' id='word_1_242' title='bbox 530 1402 635 1437; x_wconf 78' lang='lat' dir='ltr'><strong>segnior</strong></span> <span class='ocrx_word' id='word_1_243' title='bbox 654 1409 707 1429; x_wconf 92' lang='lat' dir='ltr'><strong>non</strong></span> <span class='ocrx_word' id='word_1_244' title='bbox 729 1402 775 1429; x_wconf 92' lang='lat' dir='ltr'><strong>ﬁat</strong></span> <span class='ocrx_word' id='word_1_245' title='bbox 801 1402 827 1429; x_wconf 89' lang='lat' dir='ltr'><strong>in</strong></span> <span class='ocrx_word' id='word_1_246' title='bbox 854 1401 959 1437; x_wconf 88' lang='lat' dir='ltr'><strong>proﬁci-</strong></span> 
     </span>
    </p>
   </div>
   <div class='ocr_carea' id='block_1_30' title="bbox 173 1446 956 1483">
    <p class='ocr_par' dir='ltr' id='par_1_30' title="bbox 173 1446 956 1483">
     <span class='ocr_line' id='line_1_30' title="bbox 173 1446 956 1483; baseline -0.001 -8"><span class='ocrx_word' id='word_1_247' title='bbox 173 1448 288 1482; x_wconf 83' lang='lat' dir='ltr'><strong>scendo,</strong></span> <span class='ocrx_word' id='word_1_248' title='bbox 303 1449 348 1476; x_wconf 87' lang='lat' dir='ltr'><strong>sed</strong></span> <span class='ocrx_word' id='word_1_249' title='bbox 370 1455 462 1483; x_wconf 83' lang='lat' dir='ltr'><strong>magna</strong></span> <span class='ocrx_word' id='word_1_250' title='bbox 480 1447 574 1475; x_wconf 85' lang='lat' dir='ltr'><strong>ﬁducia</strong></span> <span class='ocrx_word' id='word_1_251' title='bbox 594 1447 644 1475; x_wconf 89' lang='lat' dir='ltr'><strong>iter</strong></span> <span class='ocrx_word' id='word_1_252' title='bbox 663 1447 790 1482; x_wconf 84' lang='lat' dir='ltr'><strong>arripiat:</strong></span> <span class='ocrx_word' id='word_1_253' title='bbox 806 1447 866 1474; x_wconf 89' lang='lat' dir='ltr'><strong>ideo</strong></span> <span class='ocrx_word' id='word_1_254' title='bbox 878 1446 956 1480; x_wconf 89' lang='lat' dir='ltr'><strong>dicit,</strong></span> 
     </span>
    </p>
   </div>
   <div class='ocr_carea' id='block_1_31' title="bbox 174 1493 959 1531">
    <p class='ocr_par' dir='ltr' id='par_1_31' title="bbox 174 1493 959 1531">
     <span class='ocr_line' id='line_1_31' title="bbox 174 1493 959 1531; baseline -0.003 -9"><span class='ocrx_word' id='word_1_255' title='bbox 174 1495 230 1531; x_wconf 72' lang='lat' dir='ltr'><strong>E90</strong></span> <span class='ocrx_word' id='word_1_256' title='bbox 245 1503 287 1522; x_wconf 76' lang='lat' dir='ltr'><strong>ero</strong></span> <span class='ocrx_word' id='word_1_257' title='bbox 303 1500 407 1522; x_wconf 85' lang='lat' dir='ltr'><strong>tecum:</strong></span> <span class='ocrx_word' id='word_1_258' title='bbox 421 1494 466 1529; x_wconf 87' lang='lat' dir='ltr'><strong>qui</strong></span> <span class='ocrx_word' id='word_1_259' title='bbox 484 1493 620 1529; x_wconf 84' lang='lat' dir='ltr'><strong>hucusque</strong></span> <span class='ocrx_word' id='word_1_260' title='bbox 635 1501 678 1521; x_wconf 88' lang='lat' dir='ltr'><strong>res</strong></span> <span class='ocrx_word' id='word_1_261' title='bbox 693 1499 750 1521; x_wconf 88' lang='lat' dir='ltr'><strong>tuas</strong></span> <span class='ocrx_word' id='word_1_262' title='bbox 765 1493 918 1529; x_wconf 87' lang='lat' dir='ltr'><strong>gubernavi,</strong></span> <span class='ocrx_word' id='word_1_263' title='bbox 932 1497 959 1520; x_wconf 85' lang='lat' dir='ltr'><strong>et</strong></span> 
     </span>
    </p>
   </div>
   <div class='ocr_carea' id='block_1_32' title="bbox 171 1538 959 1576">
    <p class='ocr_par' dir='ltr' id='par_1_32' title="bbox 171 1538 959 1576">
     <span class='ocr_line' id='line_1_32' title="bbox 171 1538 959 1576; baseline -0.001 -9"><span class='ocrx_word' id='word_1_264' title='bbox 171 1541 265 1576; x_wconf 77' lang='lat' dir='ltr'><strong>augeri</strong></span> <span class='ocrx_word' id='word_1_265' title='bbox 278 1540 368 1567; x_wconf 77' lang='lat' dir='ltr'><strong>curavi</strong></span> <span class='ocrx_word' id='word_1_266' title='bbox 388 1547 479 1567; x_wconf 90' lang='lat' dir='ltr'><strong>semen</strong></span> <span class='ocrx_word' id='word_1_267' title='bbox 494 1543 567 1567; x_wconf 86' lang='lat' dir='ltr'><strong>tuum</strong></span> <span class='ocrx_word' id='word_1_268' title='bbox 579 1559 588 1572; x_wconf 93' lang='lat'><strong>,</strong></span> <span class='ocrx_word' id='word_1_269' title='bbox 603 1546 653 1574; x_wconf 83' lang='lat' dir='ltr'><strong>ego</strong></span> <span class='ocrx_word' id='word_1_270' title='bbox 667 1539 694 1566; x_wconf 82' lang='lat' dir='ltr'><strong>et</strong></span> <span class='ocrx_word' id='word_1_271' title='bbox 707 1539 734 1566; x_wconf 89' lang='lat' dir='ltr'><strong>in</strong></span> <span class='ocrx_word' id='word_1_272' title='bbox 749 1543 883 1574; x_wconf 83' lang='lat' dir='ltr'><strong>posterum</strong></span> <span class='ocrx_word' id='word_1_273' title='bbox 905 1538 959 1566; x_wconf 76' lang='lat' dir='ltr'><strong>Ere</strong></span> 
     </span>
    </p>
   </div>
   <div class='ocr_carea' id='block_1_33' title="bbox 173 1584 957 1620">
    <p class='ocr_par' dir='ltr' id='par_1_33' title="bbox 173 1584 957 1620">
     <span class='ocr_line' id='line_1_33' title="bbox 173 1584 957 1620; baseline -0.003 -7"><span class='ocrx_word' id='word_1_274' title='bbox 173 1591 265 1613; x_wconf 82' lang='lat' dir='ltr'><strong>tecum.</strong></span> <span class='ocrx_word' id='word_1_275' title='bbox 281 1586 343 1613; x_wconf 71' lang='lat' dir='ltr'><strong>que</strong></span> <span class='ocrx_word' id='word_1_276' title='bbox 355 1590 384 1613; x_wconf 89' lang='lat' dir='ltr'><strong>ut</strong></span> <span class='ocrx_word' id='word_1_277' title='bbox 396 1585 494 1612; x_wconf 87' lang='lat' dir='ltr'><strong>audivit</strong></span> <span class='ocrx_word' id='word_1_278' title='bbox 511 1585 598 1620; x_wconf 89' lang='lat' dir='ltr'><strong>justus</strong></span> <span class='ocrx_word' id='word_1_279' title='bbox 611 1593 625 1612; x_wconf 86' lang='lat' dir='ltr'><strong>a</strong></span> <span class='ocrx_word' id='word_1_280' title='bbox 640 1585 695 1612; x_wconf 88' lang='lat' dir='ltr'><strong>Deo</strong></span> <span class='ocrx_word' id='word_1_281' title='bbox 705 1605 712 1617; x_wconf 97' lang='lat'><strong>,</strong></span> <span class='ocrx_word' id='word_1_282' title='bbox 727 1591 779 1612; x_wconf 81' lang='lat' dir='ltr'><strong>non</strong></span> <span class='ocrx_word' id='word_1_283' title='bbox 799 1584 849 1612; x_wconf 88' lang='lat' dir='ltr'><strong>fuit</strong></span> <span class='ocrx_word' id='word_1_284' title='bbox 872 1585 957 1619; x_wconf 81' lang='lat' dir='ltr'><strong>negli-</strong></span> 
     </span>
    </p>
   </div>
   <div class='ocr_carea' id='block_1_34' title="bbox 170 1630 959 1666">
    <p class='ocr_par' dir='ltr' id='par_1_34' title="bbox 170 1630 959 1666">
     <span class='ocr_line' id='line_1_34' title="bbox 170 1630 959 1666; baseline -0.003 -8"><span class='ocrx_word' id='word_1_285' title='bbox 170 1639 248 1666; x_wconf 80' lang='lat' dir='ltr'><strong>gens,</strong></span> <span class='ocrx_word' id='word_1_286' title='bbox 261 1631 307 1659; x_wconf 86' lang='lat' dir='ltr'><strong>sed</strong></span> <span class='ocrx_word' id='word_1_287' title='bbox 318 1631 351 1658; x_wconf 88' lang='lat' dir='ltr'><strong>ad</strong></span> <span class='ocrx_word' id='word_1_288' title='bbox 364 1631 416 1658; x_wconf 84' lang='lat' dir='ltr'><strong>iter</strong></span> <span class='ocrx_word' id='word_1_289' title='bbox 428 1637 458 1658; x_wconf 80' lang='lat' dir='ltr'><strong>se</strong></span> <span class='ocrx_word' id='word_1_290' title='bbox 471 1630 594 1658; x_wconf 82' lang='lat' dir='ltr'><strong>accinxit.</strong></span> <span class='ocrx_word' id='word_1_291' title='bbox 607 1630 633 1658; x_wconf 72' lang='grc' dir='ltr'><strong><em>ι.</em></strong></span> <span class='ocrx_word' id='word_1_292' title='bbox 649 1630 721 1657; x_wconf 72' lang='lat' dir='ltr'><strong>Misit</strong></span> <span class='ocrx_word' id='word_1_293' title='bbox 733 1630 809 1663; x_wconf 71' lang='lat' dir='ltr'><strong>enim,</strong></span> <span class='ocrx_word' id='word_1_294' title='bbox 828 1630 921 1665; x_wconf 86' lang='lat' dir='ltr'><strong>inquit,</strong></span> <span class='ocrx_word' id='word_1_295' title='bbox 936 1634 959 1656; x_wconf 87' lang='lat' dir='ltr'><strong>ct</strong></span> 
     </span>
    </p>
   </div>
   <div class='ocr_carea' id='block_1_35' title="bbox 172 1675 958 1712">
    <p class='ocr_par' dir='ltr' id='par_1_35' title="bbox 172 1675 958 1712">
     <span class='ocr_line' id='line_1_35' title="bbox 172 1675 958 1712; baseline 0 -9"><span class='ocrx_word' id='word_1_296' title='bbox 172 1677 267 1704; x_wconf 73' lang='lat' dir='ltr'><strong>vocavit</strong></span> <span class='ocrx_word' id='word_1_297' title='bbox 281 1676 353 1703; x_wconf 86' lang='lat' dir='ltr'><strong>Liam</strong></span> <span class='ocrx_word' id='word_1_298' title='bbox 366 1681 391 1703; x_wconf 85' lang='lat' dir='ltr'><strong>et</strong></span> <span class='ocrx_word' id='word_1_299' title='bbox 405 1676 501 1704; x_wconf 79' lang='lat' dir='ltr'><strong>Rachel</strong></span> <span class='ocrx_word' id='word_1_300' title='bbox 516 1677 542 1703; x_wconf 75' lang='lat' dir='ltr'><strong>ist</strong></span> <span class='ocrx_word' id='word_1_301' title='bbox 555 1684 673 1711; x_wconf 76' lang='lat' dir='ltr'><strong>campum</strong></span> <span class='ocrx_word' id='word_1_302' title='bbox 685 1675 727 1703; x_wconf 82' lang='lat' dir='ltr'><strong>ubi</strong></span> <span class='ocrx_word' id='word_1_303' title='bbox 739 1681 811 1703; x_wconf 88' lang='lat' dir='ltr'><strong>erant</strong></span> <span class='ocrx_word' id='word_1_304' title='bbox 823 1684 921 1712; x_wconf 78' lang='lat' dir='ltr'><strong>greges,</strong></span> <span class='ocrx_word' id='word_1_305' title='bbox 934 1681 958 1703; x_wconf 81' lang='lat' dir='ltr'><strong>et</strong></span> 
     </span>
    </p>
   </div>
   <div class='ocr_carea' id='block_1_36' title="bbox 172 1722 958 1757">
    <p class='ocr_par' dir='ltr' id='par_1_36' title="bbox 172 1722 958 1757">
     <span class='ocr_line' id='line_1_36' title="bbox 172 1722 958 1757; baseline 0 -8"><span class='ocrx_word' id='word_1_306' title='bbox 172 1723 237 1749; x_wconf 63' lang='lat' dir='ltr'><strong>dixit</strong></span> <span class='ocrx_word' id='word_1_307' title='bbox 249 1723 295 1750; x_wconf 81' lang='lat' dir='ltr'><strong>eis.</strong></span> <span class='ocrx_word' id='word_1_308' title='bbox 311 1722 461 1757; x_wconf 82' lang='lat' dir='ltr'><strong>Proponere</strong></span> <span class='ocrx_word' id='word_1_309' title='bbox 477 1722 531 1750; x_wconf 89' lang='lat' dir='ltr'><strong>vult</strong></span> <span class='ocrx_word' id='word_1_310' title='bbox 546 1722 700 1750; x_wconf 87' lang='lat' dir='ltr'><strong>mulieribus</strong></span> <span class='ocrx_word' id='word_1_311' title='bbox 719 1722 889 1757; x_wconf 81' lang='lat' dir='ltr'><strong>profectionis</strong></span> <span class='ocrx_word' id='word_1_312' title='bbox 909 1730 958 1750; x_wconf 90' lang='lat' dir='ltr'><strong>ne-</strong></span> 
     </span>
    </p>
   </div>
   <div class='ocr_carea' id='block_1_37' title="bbox 171 1767 959 1803">
    <p class='ocr_par' dir='ltr' id='par_1_37' title="bbox 171 1767 959 1803">
     <span class='ocr_line' id='line_1_37' title="bbox 171 1767 959 1803; baseline 0.001 -9"><span class='ocrx_word' id='word_1_313' title='bbox 171 1769 290 1802; x_wconf 88' lang='lat' dir='ltr'><strong>gotium,</strong></span> <span class='ocrx_word' id='word_1_314' title='bbox 305 1772 332 1795; x_wconf 86' lang='lat' dir='ltr'><strong>et</strong></span> <span class='ocrx_word' id='word_1_315' title='bbox 352 1767 501 1803; x_wconf 87' lang='lat' dir='ltr'><strong>signiﬁcare</strong></span> <span class='ocrx_word' id='word_1_316' title='bbox 515 1767 554 1795; x_wconf 89' lang='lat' dir='ltr'><strong>eis</strong></span> <span class='ocrx_word' id='word_1_317' title='bbox 576 1767 729 1795; x_wconf 85' lang='lat' dir='ltr'><strong>mandatum</strong></span> <span class='ocrx_word' id='word_1_318' title='bbox 742 1767 807 1800; x_wconf 89' lang='lat' dir='ltr'><strong>Dei,</strong></span> <span class='ocrx_word' id='word_1_319' title='bbox 827 1772 856 1795; x_wconf 85' lang='lat' dir='ltr'><strong>et</strong></span> <span class='ocrx_word' id='word_1_320' title='bbox 877 1767 959 1802; x_wconf 88' lang='lat' dir='ltr'><strong>patris</strong></span> 
     </span>
    </p>
   </div>
   <div class='ocr_carea' id='block_1_38' title="bbox 170 1810 958 1848">
    <p class='ocr_par' dir='ltr' id='par_1_38' title="bbox 170 1810 958 1848">
     <span class='ocr_line' id='line_1_38' title="bbox 170 1810 958 1848; baseline -0.001 -8"><span class='ocrx_word' id='word_1_321' title='bbox 170 1821 234 1848; x_wconf 80' lang='lat' dir='ltr'><strong>erga</strong></span> <span class='ocrx_word' id='word_1_322' title='bbox 247 1821 275 1841; x_wconf 83' lang='lat' dir='ltr'><strong>se</strong></span> <span class='ocrx_word' id='word_1_323' title='bbox 289 1813 390 1840; x_wconf 88' lang='lat' dir='ltr'><strong>odium.</strong></span> <span class='ocrx_word' id='word_1_324' title='bbox 399 1813 425 1841; x_wconf 86' lang='lat'><strong>5.</strong></span> <span class='ocrx_word' id='word_1_325' title='bbox 444 1813 514 1840; x_wconf 60' lang='lat' dir='ltr'><strong>Dixit</strong></span> <span class='ocrx_word' id='word_1_326' title='bbox 528 1813 598 1840; x_wconf 87' lang='lat' dir='ltr'><strong>enim</strong></span> <span class='ocrx_word' id='word_1_327' title='bbox 608 1833 616 1846; x_wconf 91' lang='lat'><strong>,</strong></span> <span class='ocrx_word' id='word_1_328' title='bbox 632 1813 732 1847; x_wconf 88' lang='lat' dir='ltr'><strong>inquit,</strong></span> <span class='ocrx_word' id='word_1_329' title='bbox 746 1813 782 1839; x_wconf 81' lang='lat' dir='ltr'><strong>eis</strong></span> <span class='ocrx_word' id='word_1_330' title='bbox 795 1819 805 1839; x_wconf 85' lang='lat'><strong><em>:</em></strong></span> <span class='ocrx_word' id='word_1_331' title='bbox 823 1810 958 1848; x_wconf 73' lang='lat' dir='ltr'><strong>Video&#39;ego</strong></span> 
     </span>
    </p>
   </div>
   <div class='ocr_carea' id='block_1_39' title="bbox 174 1857 957 1894">
    <p class='ocr_par' dir='ltr' id='par_1_39' title="bbox 174 1857 957 1894">
     <span class='ocr_line' id='line_1_39' title="bbox 174 1857 957 1894; baseline -0.001 -9"><span class='ocrx_word' id='word_1_332' title='bbox 174 1859 265 1891; x_wconf 79' lang='lat' dir='ltr'><strong>faciem</strong></span> <span class='ocrx_word' id='word_1_333' title='bbox 279 1859 358 1894; x_wconf 74' lang='lat' dir='ltr'><strong>patris</strong></span> <span class='ocrx_word' id='word_1_334' title='bbox 368 1859 451 1891; x_wconf 79' lang='lat' dir='ltr'><strong>vestri,</strong></span> <span class='ocrx_word' id='word_1_335' title='bbox 461 1859 529 1894; x_wconf 75' lang='lat' dir='ltr'><strong>quod</strong></span> <span class='ocrx_word' id='word_1_336' title='bbox 544 1866 593 1886; x_wconf 86' lang='lat' dir='ltr'><strong>non</strong></span> <span class='ocrx_word' id='word_1_337' title='bbox 607 1859 639 1885; x_wconf 85' lang='lat' dir='ltr'><strong>sit</strong></span> <span class='ocrx_word' id='word_1_338' title='bbox 655 1866 714 1894; x_wconf 81' lang='lat' dir='ltr'><strong>erga</strong></span> <span class='ocrx_word' id='word_1_339' title='bbox 735 1866 774 1884; x_wconf 80' lang='lat' dir='ltr'><strong>me</strong></span> <span class='ocrx_word' id='word_1_340' title='bbox 787 1858 850 1885; x_wconf 90' lang='lat' dir='ltr'><strong>sicut</strong></span> <span class='ocrx_word' id='word_1_341' title='bbox 865 1857 920 1884; x_wconf 83' lang='lat' dir='ltr'><strong>lteri</strong></span> <span class='ocrx_word' id='word_1_342' title='bbox 934 1861 957 1884; x_wconf 85' lang='lat' dir='ltr'><strong>et</strong></span> 
     </span>
    </p>
   </div>
   <div class='ocr_carea' id='block_1_40' title="bbox 171 1902 956 1939">
    <p class='ocr_par' dir='ltr' id='par_1_40' title="bbox 171 1902 956 1939">
     <span class='ocr_line' id='line_1_40' title="bbox 171 1902 956 1939; baseline 0 -9"><span class='ocrx_word' id='word_1_343' title='bbox 171 1903 354 1931; x_wconf 72' lang='lat' dir='ltr'><strong>nudiustertius</strong></span> <span class='ocrx_word' id='word_1_344' title='bbox 367 1911 377 1931; x_wconf 91' lang='lat'><strong><em>:</em></strong></span> <span class='ocrx_word' id='word_1_345' title='bbox 389 1903 458 1931; x_wconf 80' lang='lat' dir='ltr'><strong>Deus</strong></span> <span class='ocrx_word' id='word_1_346' title='bbox 478 1909 561 1930; x_wconf 82' lang='lat' dir='ltr'><strong>autent</strong></span> <span class='ocrx_word' id='word_1_347' title='bbox 584 1903 664 1938; x_wconf 83' lang='lat' dir='ltr'><strong>patris</strong></span> <span class='ocrx_word' id='word_1_348' title='bbox 678 1904 726 1930; x_wconf 89' lang='lat' dir='ltr'><strong>mei</strong></span> <span class='ocrx_word' id='word_1_349' title='bbox 750 1903 798 1939; x_wconf 78' lang='lat' dir='ltr'><strong>fuit</strong></span> <span class='ocrx_word' id='word_1_350' title='bbox 812 1911 917 1930; x_wconf 88' lang='lat' dir='ltr'><strong>mecum.</strong></span> <span class='ocrx_word' id='word_1_351' title='bbox 929 1902 956 1930; x_wconf 83' lang='lat'><strong>6.</strong></span> 
     </span>
    </p>
   </div>
   <div class='ocr_carea' id='block_1_41' title="bbox 172 1949 957 1986">
    <p class='ocr_par' dir='ltr' id='par_1_41' title="bbox 172 1949 957 1986">
     <span class='ocr_line' id='line_1_41' title="bbox 172 1949 957 1986; baseline 0.001 -10"><span class='ocrx_word' id='word_1_352' title='bbox 172 1949 243 1985; x_wconf 80' lang='lat' dir='ltr'><strong>Ipsa:</strong></span> <span class='ocrx_word' id='word_1_353' title='bbox 262 1954 344 1977; x_wconf 84' lang='lat' dir='ltr'><strong>autem</strong></span> <span class='ocrx_word' id='word_1_354' title='bbox 355 1951 433 1984; x_wconf 76' lang='lat' dir='ltr'><strong>scitis,</strong></span> <span class='ocrx_word' id='word_1_355' title='bbox 445 1950 511 1985; x_wconf 83' lang='lat' dir='ltr'><strong>quod</strong></span> <span class='ocrx_word' id='word_1_356' title='bbox 526 1950 615 1977; x_wconf 72' lang='lat' dir='ltr'><strong>seri-ivi</strong></span> <span class='ocrx_word' id='word_1_357' title='bbox 638 1950 704 1986; x_wconf 86' lang='lat' dir='ltr'><strong>pntri</strong></span> <span class='ocrx_word' id='word_1_358' title='bbox 725 1954 805 1978; x_wconf 82' lang='lat' dir='ltr'><strong>uestro</strong></span> <span class='ocrx_word' id='word_1_359' title='bbox 822 1958 870 1986; x_wconf 88' lang='lat' dir='ltr'><strong>pro</strong></span> <span class='ocrx_word' id='word_1_360' title='bbox 889 1950 957 1977; x_wconf 78' lang='lat' dir='ltr'><strong>omni</strong></span> 
     </span>
    </p>
   </div>
   <div class='ocr_carea' id='block_1_42' title="bbox 170 1995 958 2029">
    <p class='ocr_par' dir='ltr' id='par_1_42' title="bbox 170 1995 958 2029">
     <span class='ocr_line' id='line_1_42' title="bbox 170 1995 958 2029; baseline 0 -7"><span class='ocrx_word' id='word_1_361' title='bbox 170 1995 238 2022; x_wconf 81' lang='lat' dir='ltr'><strong>virili</strong></span> <span class='ocrx_word' id='word_1_362' title='bbox 254 2003 318 2022; x_wconf 80' lang='lat' dir='ltr'><strong>meo.</strong></span> <span class='ocrx_word' id='word_1_363' title='bbox 339 1996 365 2022; x_wconf 92' lang='lat' dir='ltr'><strong>&#39;l.</strong></span> <span class='ocrx_word' id='word_1_364' title='bbox 386 1995 464 2022; x_wconf 86' lang='lat' dir='ltr'><strong>Pater</strong></span> <span class='ocrx_word' id='word_1_365' title='bbox 483 2000 566 2022; x_wconf 84' lang='lat' dir='ltr'><strong>autent</strong></span> <span class='ocrx_word' id='word_1_366' title='bbox 584 2000 665 2023; x_wconf 78' lang='lat' dir='ltr'><strong>uester</strong></span> <span class='ocrx_word' id='word_1_367' title='bbox 684 1995 845 2023; x_wconf 75' lang='lat' dir='ltr'><strong>circumuenit</strong></span> <span class='ocrx_word' id='word_1_368' title='bbox 861 2003 917 2029; x_wconf 81' lang='lat' dir='ltr'><strong>me,</strong></span> <span class='ocrx_word' id='word_1_369' title='bbox 934 2000 958 2022; x_wconf 79' lang='lat' dir='ltr'><strong>et</strong></span> 
     </span>
    </p>
   </div>
   <div class='ocr_carea' id='block_1_43' title="bbox 170 2040 958 2077">
    <p class='ocr_par' dir='ltr' id='par_1_43' title="bbox 170 2040 958 2077">
     <span class='ocr_line' id='line_1_43' title="bbox 170 2040 958 2077; baseline 0.003 -11"><span class='ocrx_word' id='word_1_370' title='bbox 170 2041 275 2067; x_wconf 79' lang='lat' dir='ltr'><strong>mutavit</strong></span> <span class='ocrx_word' id='word_1_371' title='bbox 289 2041 425 2068; x_wconf 81' lang='lat' dir='ltr'><strong>mercedem</strong></span> <span class='ocrx_word' id='word_1_372' title='bbox 438 2049 518 2068; x_wconf 82' lang='lat' dir='ltr'><strong>means</strong></span> <span class='ocrx_word' id='word_1_373' title='bbox 531 2041 617 2068; x_wconf 72' lang='lat' dir='ltr'><strong>decent</strong></span> <span class='ocrx_word' id='word_1_374' title='bbox 632 2041 704 2077; x_wconf 79' lang='lat' dir='ltr'><strong>agnis</strong></span> <span class='ocrx_word' id='word_1_375' title='bbox 720 2041 739 2073; x_wconf 78' lang='lat'><strong>‘.</strong></span> <span class='ocrx_word' id='word_1_376' title='bbox 754 2045 778 2068; x_wconf 86' lang='lat' dir='ltr'><strong>et</strong></span> <span class='ocrx_word' id='word_1_377' title='bbox 792 2050 842 2068; x_wconf 79' lang='lat' dir='ltr'><strong>non</strong></span> <span class='ocrx_word' id='word_1_378' title='bbox 855 2041 922 2068; x_wconf 82' lang='lat' dir='ltr'><strong>dedit</strong></span> <span class='ocrx_word' id='word_1_379' title='bbox 935 2040 958 2068; x_wconf 82' lang='lat' dir='ltr'><strong>ei</strong></span> 
     </span>
    </p>
   </div>
   <div class='ocr_carea' id='block_1_44' title="bbox 171 2086 958 2122">
    <p class='ocr_par' dir='ltr' id='par_1_44' title="bbox 171 2086 958 2122">
     <span class='ocr_line' id='line_1_44' title="bbox 171 2086 958 2122; baseline 0 -9"><span class='ocrx_word' id='word_1_380' title='bbox 171 2086 242 2113; x_wconf 81' lang='lat' dir='ltr'><strong>heus</strong></span> <span class='ocrx_word' id='word_1_381' title='bbox 265 2091 294 2113; x_wconf 73' lang='lat' dir='ltr'><strong>ut</strong></span> <span class='ocrx_word' id='word_1_382' title='bbox 318 2094 358 2113; x_wconf 86' lang='lat' dir='ltr'><strong>me</strong></span> <span class='ocrx_word' id='word_1_383' title='bbox 381 2086 507 2122; x_wconf 64' lang='lat' dir='ltr'><strong>afﬂigeret.</strong></span> <span class='ocrx_word' id='word_1_384' title='bbox 527 2086 554 2114; x_wconf 86' lang='lat'><strong>8.</strong></span> <span class='ocrx_word' id='word_1_385' title='bbox 572 2086 601 2113; x_wconf 86' lang='lat' dir='ltr'><strong>Et</strong></span> <span class='ocrx_word' id='word_1_386' title='bbox 619 2095 677 2114; x_wconf 87' lang='lat' dir='ltr'><strong>cum</strong></span> <span class='ocrx_word' id='word_1_387' title='bbox 696 2087 731 2114; x_wconf 81' lang='lat' dir='ltr'><strong>sic</strong></span> <span class='ocrx_word' id='word_1_388' title='bbox 749 2087 865 2114; x_wconf 74' lang='lat' dir='ltr'><strong>diceret:</strong></span> <span class='ocrx_word' id='word_1_389' title='bbox 880 2086 958 2113; x_wconf 83' lang='lat' dir='ltr'><strong>Varia</strong></span> 
     </span>
    </p>
   </div>
   <div class='ocr_carea' id='block_1_45' title="bbox 168 2132 957 2166">
    <p class='ocr_par' dir='ltr' id='par_1_45' title="bbox 168 2132 957 2166">
     <span class='ocr_line' id='line_1_45' title="bbox 168 2132 957 2166; baseline 0.003 -8"><span class='ocrx_word' id='word_1_390' title='bbox 168 2136 244 2159; x_wconf 74' lang='lat' dir='ltr'><strong>erunt</strong></span> <span class='ocrx_word' id='word_1_391' title='bbox 259 2139 350 2159; x_wconf 75' lang='lat' dir='ltr'><strong>merces</strong></span> <span class='ocrx_word' id='word_1_392' title='bbox 365 2136 408 2159; x_wconf 87' lang='lat' dir='ltr'><strong>tua</strong></span> <span class='ocrx_word' id='word_1_393' title='bbox 422 2140 433 2159; x_wconf 89' lang='lat'><strong><em>:</em></strong></span> <span class='ocrx_word' id='word_1_394' title='bbox 448 2136 470 2158; x_wconf 85' lang='lat' dir='ltr'><strong>et</strong></span> <span class='ocrx_word' id='word_1_395' title='bbox 482 2132 611 2166; x_wconf 85' lang='lat' dir='ltr'><strong>pariebant</strong></span> <span class='ocrx_word' id='word_1_396' title='bbox 623 2140 708 2160; x_wconf 76' lang='lat' dir='ltr'><strong>omnes</strong></span> <span class='ocrx_word' id='word_1_397' title='bbox 721 2141 778 2159; x_wconf 74' lang='lat' dir='ltr'><strong>oves</strong></span> <span class='ocrx_word' id='word_1_398' title='bbox 797 2133 877 2160; x_wconf 70' lang='lat' dir='ltr'><strong>varia.</strong></span> <span class='ocrx_word' id='word_1_399' title='bbox 893 2132 957 2160; x_wconf 81' lang='lat' dir='ltr'><strong>Cum</strong></span> 
     </span>
    </p>
   </div>
   <div class='ocr_carea' id='block_1_46' title="bbox 169 2177 956 2214">
    <p class='ocr_par' dir='ltr' id='par_1_46' title="bbox 169 2177 956 2214">
     <span class='ocr_line' id='line_1_46' title="bbox 169 2177 956 2214; baseline 0.004 -11"><span class='ocrx_word' id='word_1_400' title='bbox 169 2182 255 2204; x_wconf 75' lang='lat' dir='ltr'><strong>autem</strong></span> <span class='ocrx_word' id='word_1_401' title='bbox 270 2178 360 2204; x_wconf 81' lang='lat' dir='ltr'><strong>diceret</strong></span> <span class='ocrx_word' id='word_1_402' title='bbox 373 2185 384 2204; x_wconf 87' lang='lat'><strong><em>:</em></strong></span> <span class='ocrx_word' id='word_1_403' title='bbox 396 2177 512 2204; x_wconf 82' lang='lat' dir='ltr'><strong>Candida</strong></span> <span class='ocrx_word' id='word_1_404' title='bbox 522 2183 594 2204; x_wconf 79' lang='lat' dir='ltr'><strong>erum</strong></span> <span class='ocrx_word' id='word_1_405' title='bbox 612 2186 704 2205; x_wconf 81' lang='lat' dir='ltr'><strong>merces</strong></span> <span class='ocrx_word' id='word_1_406' title='bbox 718 2183 781 2206; x_wconf 80' lang='lat' dir='ltr'><strong>tua:</strong></span> <span class='ocrx_word' id='word_1_407' title='bbox 793 2183 816 2206; x_wconf 79' lang='lat' dir='ltr'><strong>et</strong></span> <span class='ocrx_word' id='word_1_408' title='bbox 827 2178 956 2214; x_wconf 78' lang='lat' dir='ltr'><strong>pariebant</strong></span> 
     </span>
    </p>
   </div>
   <div class='ocr_carea' id='block_1_47' title="bbox 166 2224 955 2260">
    <p class='ocr_par' dir='ltr' id='par_1_47' title="bbox 166 2224 955 2260">
     <span class='ocr_line' id='line_1_47' title="bbox 166 2224 955 2260; baseline 0.001 -10"><span class='ocrx_word' id='word_1_409' title='bbox 166 2232 256 2251; x_wconf 69' lang='lat' dir='ltr'><strong>cannea</strong></span> <span class='ocrx_word' id='word_1_410' title='bbox 266 2233 322 2251; x_wconf 81' lang='lat' dir='ltr'><strong>oves</strong></span> <span class='ocrx_word' id='word_1_411' title='bbox 333 2224 444 2251; x_wconf 83' lang='lat' dir='ltr'><strong>candida</strong></span> <span class='ocrx_word' id='word_1_412' title='bbox 455 2232 464 2251; x_wconf 91' lang='lat'><strong><em>:</em></strong></span> <span class='ocrx_word' id='word_1_413' title='bbox 479 2224 505 2252; x_wconf 86' lang='lat'><strong>9.</strong></span> <span class='ocrx_word' id='word_1_414' title='bbox 521 2229 544 2251; x_wconf 89' lang='lat' dir='ltr'><strong>et</strong></span> <span class='ocrx_word' id='word_1_415' title='bbox 558 2224 613 2251; x_wconf 76' lang='lat' dir='ltr'><strong>tulit</strong></span> <span class='ocrx_word' id='word_1_416' title='bbox 624 2224 692 2251; x_wconf 82' lang='lat' dir='ltr'><strong>Deus</strong></span> <span class='ocrx_word' id='word_1_417' title='bbox 712 2225 797 2251; x_wconf 85' lang='lat' dir='ltr'><strong>omnia</strong></span> <span class='ocrx_word' id='word_1_418' title='bbox 807 2232 897 2260; x_wconf 76' lang='lat' dir='ltr'><strong>pecora</strong></span> <span class='ocrx_word' id='word_1_419' title='bbox 906 2233 955 2260; x_wconf 72' lang='lat' dir='ltr'><strong>pa-</strong></span> 
     </span>
    </p>
   </div>
   <div class='ocr_carea' id='block_1_48' title="bbox 168 2270 550 2302">
    <p class='ocr_par' dir='ltr' id='par_1_48' title="bbox 168 2270 550 2302">
     <span class='ocr_line' id='line_1_48' title="bbox 168 2270 550 2302; baseline 0 -6"><span class='ocrx_word' id='word_1_420' title='bbox 168 2270 216 2296; x_wconf 79' lang='lat' dir='ltr'><strong>tris</strong></span> <span class='ocrx_word' id='word_1_421' title='bbox 228 2271 311 2302; x_wconf 72' lang='lat' dir='ltr'><strong>vestri,</strong></span> <span class='ocrx_word' id='word_1_422' title='bbox 326 2275 350 2297; x_wconf 83' lang='lat' dir='ltr'><strong>et</strong></span> <span class='ocrx_word' id='word_1_423' title='bbox 359 2270 428 2297; x_wconf 78' lang='lat' dir='ltr'><strong>dedit</strong></span> <span class='ocrx_word' id='word_1_424' title='bbox 438 2270 498 2296; x_wconf 72' lang='lat' dir='ltr'><strong>mihi</strong></span> <span class='ocrx_word' id='word_1_425' title='bbox 511 2278 550 2296; x_wconf 87' lang='lat' dir='ltr'><strong>ea.</strong></span> 
     </span>
    </p>
   </div>
   <div class='ocr_carea' id='block_1_49' title="bbox 206 2315 956 2352">
    <p class='ocr_par' dir='ltr' id='par_1_49' title="bbox 206 2315 956 2352">
     <span class='ocr_line' id='line_1_49' title="bbox 206 2315 956 2352; baseline 0.001 -9"><span class='ocrx_word' id='word_1_426' title='bbox 206 2317 231 2343; x_wconf 80' lang='grc'><strong>5.</strong></span> <span class='ocrx_word' id='word_1_427' title='bbox 251 2316 315 2342; x_wconf 85' lang='lat' dir='ltr'><strong>Vide</strong></span> <span class='ocrx_word' id='word_1_428' title='bbox 327 2315 461 2350; x_wconf 79' lang='lat' dir='ltr'><strong>quomodo</strong></span> <span class='ocrx_word' id='word_1_429' title='bbox 476 2320 616 2351; x_wconf 86' lang='lat' dir='ltr'><strong>utrumque</strong></span> <span class='ocrx_word' id='word_1_430' title='bbox 631 2316 718 2346; x_wconf 87' lang='lat' dir='ltr'><strong>docet.</strong></span> <span class='ocrx_word' id='word_1_431' title='bbox 731 2321 758 2344; x_wconf 84' lang='lat' dir='ltr'><strong>et</strong></span> <span class='ocrx_word' id='word_1_432' title='bbox 771 2316 853 2350; x_wconf 84' lang='lat' dir='ltr'><strong>patris</strong></span> <span class='ocrx_word' id='word_1_433' title='bbox 867 2317 956 2352; x_wconf 36' lang='lat' dir='ltr'><strong>iugi-as</strong></span> 
     </span>
    </p>
   </div>
   <div class='ocr_carea' id='block_1_50' title="bbox 169 2360 956 2397">
    <p class='ocr_par' dir='ltr' id='par_1_50' title="bbox 169 2360 956 2397">
     <span class='ocr_line' id='line_1_50' title="bbox 169 2360 956 2397; baseline 0.001 -10"><span class='ocrx_word' id='word_1_434' title='bbox 169 2366 224 2388; x_wconf 85' lang='lat' dir='ltr'><strong>tum</strong></span> <span class='ocrx_word' id='word_1_435' title='bbox 239 2368 299 2395; x_wconf 87' lang='lat' dir='ltr'><strong>erga</strong></span> <span class='ocrx_word' id='word_1_436' title='bbox 311 2360 341 2388; x_wconf 68' lang='grc' dir='ltr'>δὲ</span> <span class='ocrx_word' id='word_1_437' title='bbox 354 2361 483 2394; x_wconf 91' lang='lat' dir='ltr'><strong>animum,</strong></span> <span class='ocrx_word' id='word_1_438' title='bbox 493 2365 521 2388; x_wconf 89' lang='lat' dir='ltr'><strong>et</strong></span> <span class='ocrx_word' id='word_1_439' title='bbox 535 2369 609 2389; x_wconf 83' lang='lat' dir='ltr'><strong>suum</strong></span> <span class='ocrx_word' id='word_1_440' title='bbox 622 2362 738 2389; x_wconf 83' lang='lat' dir='ltr'><strong>studium</strong></span> <span class='ocrx_word' id='word_1_441' title='bbox 751 2363 821 2397; x_wconf 89' lang='lat' dir='ltr'><strong>quod</strong></span> <span class='ocrx_word' id='word_1_442' title='bbox 834 2364 860 2390; x_wconf 89' lang='lat' dir='ltr'><strong>in</strong></span> <span class='ocrx_word' id='word_1_443' title='bbox 871 2362 956 2390; x_wconf 79' lang='lat' dir='ltr'><strong>servi-</strong></span> 
     </span>
    </p>
   </div>
   <div class='ocr_carea' id='block_1_51' title="bbox 167 2407 955 2444">
    <p class='ocr_par' dir='ltr' id='par_1_51' title="bbox 167 2407 955 2444">
     <span class='ocr_line' id='line_1_51' title="bbox 167 2407 955 2444; baseline 0.003 -11"><span class='ocrx_word' id='word_1_444' title='bbox 167 2412 225 2434; x_wconf 87' lang='lat' dir='ltr'><strong>tute</strong></span> <span class='ocrx_word' id='word_1_445' title='bbox 239 2407 395 2434; x_wconf 82' lang='lat' dir='ltr'><strong>declaravit.</strong></span> <span class='ocrx_word' id='word_1_446' title='bbox 407 2407 484 2434; x_wconf 84' lang='lat' dir='ltr'><strong>Scitis</strong></span> <span class='ocrx_word' id='word_1_447' title='bbox 499 2408 580 2440; x_wconf 83' lang='lat' dir='ltr'><strong>enim,</strong></span> <span class='ocrx_word' id='word_1_448' title='bbox 597 2408 697 2443; x_wconf 80' lang='lat' dir='ltr'><strong>inquit,</strong></span> <span class='ocrx_word' id='word_1_449' title='bbox 713 2417 752 2436; x_wconf 80' lang='lat' dir='ltr'><strong>me</strong></span> <span class='ocrx_word' id='word_1_450' title='bbox 762 2417 809 2444; x_wconf 83' lang='lat' dir='ltr'><strong>pro</strong></span> <span class='ocrx_word' id='word_1_451' title='bbox 823 2409 890 2435; x_wconf 73' lang='lat' dir='ltr'><strong>virili</strong></span> <span class='ocrx_word' id='word_1_452' title='bbox 900 2415 955 2435; x_wconf 70' lang='lat' dir='ltr'><strong>mea</strong></span> 
     </span>
    </p>
   </div>
   <div class='ocr_carea' id='block_1_52' title="bbox 167 2453 954 2490">
    <p class='ocr_par' dir='ltr' id='par_1_52' title="bbox 167 2453 954 2490">
     <span class='ocr_line' id='line_1_52' title="bbox 167 2453 954 2490; baseline 0.004 -11"><span class='ocrx_word' id='word_1_453' title='bbox 167 2453 298 2480; x_wconf 68' lang='lat' dir='ltr'><strong>remisisse</strong></span> <span class='ocrx_word' id='word_1_454' title='bbox 313 2454 378 2488; x_wconf 87' lang='lat' dir='ltr'><strong>patri</strong></span> <span class='ocrx_word' id='word_1_455' title='bbox 394 2458 484 2481; x_wconf 77' lang='lat' dir='ltr'><strong>vestro.</strong></span> <span class='ocrx_word' id='word_1_456' title='bbox 499 2454 687 2482; x_wconf 81' lang='lat' dir='ltr'><strong>Etdeclaravit</strong></span> <span class='ocrx_word' id='word_1_457' title='bbox 706 2460 830 2490; x_wconf 82' lang='lat' dir='ltr'><strong>quantam</strong></span> <span class='ocrx_word' id='word_1_458' title='bbox 850 2455 891 2482; x_wconf 85' lang='lat' dir='ltr'><strong>sui</strong></span> <span class='ocrx_word' id='word_1_459' title='bbox 905 2463 954 2482; x_wconf 80' lang='lat' dir='ltr'><strong>cu-</strong></span> 
     </span>
    </p>
   </div>
   <div class='ocr_carea' id='block_1_53' title="bbox 167 2498 953 2534">
    <p class='ocr_par' dir='ltr' id='par_1_53' title="bbox 167 2498 953 2534">
     <span class='ocr_line' id='line_1_53' title="bbox 167 2498 953 2534; baseline 0.003 -9"><span class='ocrx_word' id='word_1_460' title='bbox 167 2506 224 2525; x_wconf 87' lang='lat' dir='ltr'><strong>ram</strong></span> <span class='ocrx_word' id='word_1_461' title='bbox 241 2498 310 2526; x_wconf 88' lang='lat' dir='ltr'><strong>Deus</strong></span> <span class='ocrx_word' id='word_1_462' title='bbox 329 2498 467 2530; x_wconf 84' lang='lat' dir='ltr'><strong>habuerit,</strong></span> <span class='ocrx_word' id='word_1_463' title='bbox 484 2504 636 2527; x_wconf 83' lang='lat' dir='ltr'><strong>monstrans</strong></span> <span class='ocrx_word' id='word_1_464' title='bbox 659 2507 803 2534; x_wconf 85' lang='lat' dir='ltr'><strong>supernum</strong></span> <span class='ocrx_word' id='word_1_465' title='bbox 827 2501 953 2528; x_wconf 75' lang='lat' dir='ltr'><strong>auxilium</strong></span> 
     </span>
    </p>
   </div>
   <div class='ocr_carea' id='block_1_54' title="bbox 165 2544 954 2579">
    <p class='ocr_par' dir='ltr' id='par_1_54' title="bbox 165 2544 954 2579">
     <span class='ocr_line' id='line_1_54' title="bbox 165 2544 954 2579; baseline 0.005 -9"><span class='ocrx_word' id='word_1_466' title='bbox 165 2544 257 2571; x_wconf 82' lang='lat' dir='ltr'><strong>omnia</strong></span> <span class='ocrx_word' id='word_1_467' title='bbox 272 2549 409 2579; x_wconf 85' lang='lat' dir='ltr'><strong>operatum</strong></span> <span class='ocrx_word' id='word_1_468' title='bbox 430 2545 525 2577; x_wconf 84' lang='lat' dir='ltr'><strong>fuisse,</strong></span> <span class='ocrx_word' id='word_1_469' title='bbox 546 2549 574 2572; x_wconf 87' lang='lat' dir='ltr'><strong>et</strong></span> <span class='ocrx_word' id='word_1_470' title='bbox 596 2545 735 2573; x_wconf 84' lang='lat' dir='ltr'><strong>facultates</strong></span> <span class='ocrx_word' id='word_1_471' title='bbox 754 2545 854 2574; x_wconf 86' lang='lat' dir='ltr'><strong>Labani</strong></span> <span class='ocrx_word' id='word_1_472' title='bbox 873 2547 900 2573; x_wconf 89' lang='lat' dir='ltr'><strong>in</strong></span> <span class='ocrx_word' id='word_1_473' title='bbox 924 2553 954 2574; x_wconf 80' lang='lat' dir='ltr'><strong>se</strong></span> 
     </span>
    </p>
   </div>
   <div class='ocr_carea' id='block_1_55' title="bbox 166 2589 953 2628">
    <p class='ocr_par' dir='ltr' id='par_1_55' title="bbox 166 2589 953 2628">
     <span class='ocr_line' id='line_1_55' title="bbox 166 2589 953 2628; baseline 0.004 -12"><span class='ocrx_word' id='word_1_474' title='bbox 166 2589 345 2616; x_wconf 83' lang='lat' dir='ltr'><strong>transtulisse.</strong></span> <span class='ocrx_word' id='word_1_475' title='bbox 362 2589 430 2617; x_wconf 76' lang='lat' dir='ltr'><strong>Tulit</strong></span> <span class='ocrx_word' id='word_1_476' title='bbox 444 2591 516 2617; x_wconf 89' lang='lat' dir='ltr'><strong>enim</strong></span> <span class='ocrx_word' id='word_1_477' title='bbox 532 2590 600 2618; x_wconf 81' lang='lat' dir='ltr'><strong>Deus</strong></span> <span class='ocrx_word' id='word_1_478' title='bbox 614 2591 698 2618; x_wconf 80' lang='lat' dir='ltr'><strong>omnia</strong></span> <span class='ocrx_word' id='word_1_479' title='bbox 712 2600 804 2627; x_wconf 83' lang='lat' dir='ltr'><strong>pecora</strong></span> <span class='ocrx_word' id='word_1_480' title='bbox 816 2593 896 2628; x_wconf 83' lang='lat' dir='ltr'><strong>patris</strong></span> <span class='ocrx_word' id='word_1_481' title='bbox 911 2601 953 2619; x_wconf 55' lang='lat' dir='ltr'><strong>uec</strong></span> 
     </span>
    </p>
   </div>
   <div class='ocr_carea' id='block_1_56' title="bbox 165 2635 955 2670">
    <p class='ocr_par' dir='ltr' id='par_1_56' title="bbox 165 2635 955 2670">
     <span class='ocr_line' id='line_1_56' title="bbox 165 2635 955 2670; baseline 0.005 -9"><span class='ocrx_word' id='word_1_482' title='bbox 165 2635 224 2667; x_wconf 89' lang='lat' dir='ltr'><strong>stri,</strong></span> <span class='ocrx_word' id='word_1_483' title='bbox 241 2635 335 2670; x_wconf 84' lang='lat' dir='ltr'><strong>inquit,</strong></span> <span class='ocrx_word' id='word_1_484' title='bbox 349 2640 372 2662; x_wconf 87' lang='lat' dir='ltr'><strong>et</strong></span> <span class='ocrx_word' id='word_1_485' title='bbox 385 2636 455 2662; x_wconf 87' lang='lat' dir='ltr'><strong>dedit</strong></span> <span class='ocrx_word' id='word_1_486' title='bbox 470 2636 532 2663; x_wconf 81' lang='lat' dir='ltr'><strong>mihi</strong></span> <span class='ocrx_word' id='word_1_487' title='bbox 545 2645 584 2663; x_wconf 88' lang='lat' dir='ltr'><strong>ea.</strong></span> <span class='ocrx_word' id='word_1_488' title='bbox 602 2636 645 2664; x_wconf 72' lang='grc'><strong>10.</strong></span> <span class='ocrx_word' id='word_1_489' title='bbox 660 2637 768 2670; x_wconf 82' lang='lat' dir='ltr'><strong>Quando</strong></span> <span class='ocrx_word' id='word_1_490' title='bbox 779 2643 862 2665; x_wconf 79' lang='lat' dir='ltr'><strong>autent</strong></span> <span class='ocrx_word' id='word_1_491' title='bbox 870 2639 955 2666; x_wconf 82' lang='lat' dir='ltr'><strong>conci-</strong></span> 
     </span>
    </p>
   </div>
   <div class='ocr_carea' id='block_1_57' title="bbox 199 2726 954 2763">
    <p class='ocr_par' dir='ltr' id='par_1_57' title="bbox 199 2726 954 2763">
     <span class='ocr_line' id='line_1_57' title="bbox 199 2726 954 2763; baseline 0.013 -14"><span class='ocrx_word' id='word_1_492' title='bbox 199 2726 207 2741; x_wconf 88' lang='grc'>¹</span> <span class='ocrx_word' id='word_1_493' title='bbox 225 2729 251 2750; x_wconf 91' lang='lat' dir='ltr'><strong>tn</strong></span> <span class='ocrx_word' id='word_1_494' title='bbox 262 2727 424 2763; x_wconf 45' lang='lat' dir='ltr'><strong>ltebrtpo‘est.</strong></span> <span class='ocrx_word' id='word_1_495' title='bbox 435 2727 506 2752; x_wconf 71' lang='lat' dir='ltr'><strong>nun</strong></span> <span class='ocrx_word' id='word_1_496' title='bbox 519 2727 608 2763; x_wconf 59' lang='lat' dir='ltr'><strong>nam.</strong></span> <span class='ocrx_word' id='word_1_497' title='bbox 629 2731 669 2755; x_wconf 78' lang='lat' dir='ltr'><strong>ubi</strong></span> <span class='ocrx_word' id='word_1_498' title='bbox 683 2731 762 2763; x_wconf 59' lang='lat' dir='ltr'><strong>Aquila</strong></span> <span class='ocrx_word' id='word_1_499' title='bbox 779 2733 860 2763; x_wconf 71' lang='lat' dir='ltr'><strong>vertit,</strong></span> <span class='ocrx_word' id='word_1_500' title='bbox 872 2733 954 2759; x_wconf 74' lang='lat' dir='ltr'><strong>decem</strong></span> 
     </span>
    </p>
   </div>
   <div class='ocr_carea' id='block_1_58' title="bbox 165 2757 953 2794">
    <p class='ocr_par' dir='ltr' id='par_1_58' title="bbox 165 2757 953 2794">
     <span class='ocr_line' id='line_1_58' title="bbox 165 2757 953 2794; baseline 0.011 -14"><span class='ocrx_word' id='word_1_501' title='bbox 165 2763 287 2794; x_wconf 62' lang='lat' dir='ltr'><strong>nuntiares.</strong></span> <span class='ocrx_word' id='word_1_502' title='bbox 299 2757 348 2793; x_wconf 73' lang='lat' dir='ltr'><strong>vel,</strong></span> <span class='ocrx_word' id='word_1_503' title='bbox 358 2758 442 2794; x_wconf 65' lang='lat' dir='ltr'><strong>dcccm</strong></span> <span class='ocrx_word' id='word_1_504' title='bbox 452 2759 566 2794; x_wconf 74' lang='lat' dir='ltr'><strong>numeris,</strong></span> <span class='ocrx_word' id='word_1_505' title='bbox 578 2757 738 2794; x_wconf 72' lang='lat' dir='ltr'><strong>Symmachus,</strong></span> <span class='ocrx_word' id='word_1_506' title='bbox 750 2763 830 2794; x_wconf 78' lang='lat' dir='ltr'><strong>decies</strong></span> <span class='ocrx_word' id='word_1_507' title='bbox 846 2757 953 2794; x_wconf 63' lang='lat' dir='ltr'><strong>rimi-6,</strong></span> 
     </span>
    </p>
   </div>
   <div class='ocr_carea' id='block_1_59' title="bbox 165 2788 952 2826">
    <p class='ocr_par' dir='ltr' id='par_1_59' title="bbox 165 2788 952 2826">
     <span class='ocr_line' id='line_1_59' title="bbox 165 2788 952 2826; baseline 0.005 -12"><span class='ocrx_word' id='word_1_508' title='bbox 165 2788 345 2826; x_wconf 48' lang='lat' dir='ltr'><strong>§)&#39;{Q§Ldecies,</strong></span> <span class='ocrx_word' id='word_1_509' title='bbox 357 2788 610 2826; x_wconf 50' lang='lat' dir='ltr'><strong>itieronyiiiumdecefn</strong></span> <span class='ocrx_word' id='word_1_510' title='bbox 617 2791 709 2823; x_wconf 74' lang='lat' dir='ltr'><strong>vitibus,</strong></span> <span class='ocrx_word' id='word_1_511' title='bbox 718 2788 781 2824; x_wconf 77' lang='lat' dir='ltr'><strong>quod</strong></span> <span class='ocrx_word' id='word_1_512' title='bbox 793 2794 894 2826; x_wconf 79' lang='lat' dir='ltr'><strong>idipsuiu</strong></span> <span class='ocrx_word' id='word_1_513' title='bbox 906 2788 952 2820; x_wconf 63' lang='lat' dir='ltr'><strong>est:</strong></span> 
     </span>
    </p>
   </div>
   <div class='ocr_carea' id='block_1_60' title="bbox 166 2818 644 2854">
    <p class='ocr_par' dir='ltr' id='par_1_60' title="bbox 166 2818 644 2854">
     <span class='ocr_line' id='line_1_60' title="bbox 166 2818 644 2854; baseline 0.01 -13"><span class='ocrx_word' id='word_1_514' title='bbox 166 2819 208 2842; x_wconf 86' lang='lat' dir='ltr'><strong>ttci</strong></span> <span class='ocrx_word' id='word_1_515' title='bbox 213 2818 337 2844; x_wconf 70' lang='lat' dir='ltr'><strong>mirantes</strong></span> <span class='ocrx_word' id='word_1_516' title='bbox 347 2820 427 2851; x_wconf 83' lang='lat' dir='ltr'><strong>multi,</strong></span> <span class='ocrx_word' id='word_1_517' title='bbox 437 2818 519 2846; x_wconf 75' lang='lat' dir='ltr'><strong>decent</strong></span> <span class='ocrx_word' id='word_1_518' title='bbox 529 2829 567 2854; x_wconf 72' lang='lat' dir='ltr'><strong>pa:</strong></span> <span class='ocrx_word' id='word_1_519' title='bbox 575 2822 644 2847; x_wconf 79' lang='lat' dir='ltr'><strong>tibus.</strong></span> 
     </span>
    </p>
   </div>
   <div class='ocr_carea' id='block_1_61' title="bbox 663 111 1281 143">
    <p class='ocr_par' dir='ltr' id='par_1_61' title="bbox 663 111 1281 143">
     <span class='ocr_line' id='line_1_61' title="bbox 663 111 1281 143; baseline -0.003 0"><span class='ocrx_word' id='word_1_520' title='bbox 663 115 695 143; x_wconf 72' lang='grc' dir='ltr'><strong>ΙΝ</strong></span> <span class='ocrx_word' id='word_1_521' title='bbox 714 115 788 143; x_wconf 68' lang='lat' dir='ltr'><strong>CAP.</strong></span> <span class='ocrx_word' id='word_1_522' title='bbox 811 112 905 141; x_wconf 70' lang='lat' dir='ltr'><strong>XXXI.</strong></span> <span class='ocrx_word' id='word_1_523' title='bbox 927 111 1049 139; x_wconf 77' lang='lat' dir='ltr'><strong>GENES.</strong></span> <span class='ocrx_word' id='word_1_524' title='bbox 1071 112 1184 140; x_wconf 66' lang='lat' dir='ltr'><strong>llOillL</strong></span> <span class='ocrx_word' id='word_1_525' title='bbox 1205 111 1281 141; x_wconf 69' lang='lat' dir='ltr'><strong>LVII.</strong></span> 
     </span>
    </p>
   </div>
   <div class='ocr_carea' id='block_1_62' title="bbox 1740 115 1792 144">
    <p class='ocr_par' dir='ltr' id='par_1_62' title="bbox 1740 115 1792 144">
     <span class='ocr_line' id='line_1_62' title="bbox 1740 115 1792 144; baseline 0.019 -1"><span class='ocrx_word' id='word_1_526' title='bbox 1740 115 1792 144; x_wconf 59' lang='lat'><strong>£98</strong></span> 
     </span>
    </p>
   </div>
   <div class='ocr_carea' id='block_1_63' title="bbox 1007 167 1791 205">
    <p class='ocr_par' dir='ltr' id='par_1_63' title="bbox 1007 167 1791 205">
     <span class='ocr_line' id='line_1_63' title="bbox 1007 167 1791 205; baseline 0.008 -11"><span class='ocrx_word' id='word_1_527' title='bbox 1007 167 1106 204; x_wconf 72' lang='lat' dir='ltr'><strong>piabant</strong></span> <span class='ocrx_word' id='word_1_528' title='bbox 1118 177 1186 203; x_wconf 80' lang='lat' dir='ltr'><strong>oves,</strong></span> <span class='ocrx_word' id='word_1_529' title='bbox 1199 175 1223 197; x_wconf 75' lang='lat' dir='ltr'><strong>et</strong></span> <span class='ocrx_word' id='word_1_530' title='bbox 1235 170 1286 197; x_wconf 73' lang='lat' dir='ltr'><strong>vidi</strong></span> <span class='ocrx_word' id='word_1_531' title='bbox 1300 170 1380 199; x_wconf 79' lang='lat' dir='ltr'><strong>oculis</strong></span> <span class='ocrx_word' id='word_1_532' title='bbox 1391 172 1452 199; x_wconf 56' lang='lat' dir='ltr'><strong>meis</strong></span> <span class='ocrx_word' id='word_1_533' title='bbox 1465 173 1490 199; x_wconf 86' lang='lat' dir='ltr'><strong>in</strong></span> <span class='ocrx_word' id='word_1_534' title='bbox 1504 179 1592 200; x_wconf 87' lang='lat' dir='ltr'><strong>somno</strong></span> <span class='ocrx_word' id='word_1_535' title='bbox 1601 193 1608 205; x_wconf 87' lang='lat'><strong>,</strong></span> <span class='ocrx_word' id='word_1_536' title='bbox 1620 177 1643 200; x_wconf 88' lang='lat' dir='ltr'><strong>et</strong></span> <span class='ocrx_word' id='word_1_537' title='bbox 1656 180 1711 200; x_wconf 76' lang='lat' dir='ltr'><strong>ecce</strong></span> <span class='ocrx_word' id='word_1_538' title='bbox 1728 173 1791 200; x_wconf 79' lang='lat' dir='ltr'><strong>hirci</strong></span> 
     </span>
    </p>
   </div>
   <div class='ocr_carea' id='block_1_64' title="bbox 1007 215 1791 254">
    <p class='ocr_par' dir='ltr' id='par_1_64' title="bbox 1007 215 1791 254">
     <span class='ocr_line' id='line_1_64' title="bbox 1007 215 1791 254; baseline 0.005 -13"><span class='ocrx_word' id='word_1_539' title='bbox 1007 220 1030 241; x_wconf 83' lang='lat' dir='ltr'><strong>et</strong></span> <span class='ocrx_word' id='word_1_540' title='bbox 1043 215 1133 242; x_wconf 75' lang='lat' dir='ltr'><strong>arietes</strong></span> <span class='ocrx_word' id='word_1_541' title='bbox 1155 216 1322 243; x_wconf 67' lang='lat' dir='ltr'><strong>ascendebant</strong></span> <span class='ocrx_word' id='word_1_542' title='bbox 1346 225 1421 252; x_wconf 78' lang='lat' dir='ltr'><strong>super</strong></span> <span class='ocrx_word' id='word_1_543' title='bbox 1434 225 1491 245; x_wconf 82' lang='lat' dir='ltr'><strong>oves</strong></span> <span class='ocrx_word' id='word_1_544' title='bbox 1511 223 1535 245; x_wconf 84' lang='lat' dir='ltr'><strong>et</strong></span> <span class='ocrx_word' id='word_1_545' title='bbox 1555 226 1664 254; x_wconf 87' lang='lat' dir='ltr'><strong>capras,</strong></span> <span class='ocrx_word' id='word_1_546' title='bbox 1679 219 1791 245; x_wconf 77' lang='lat' dir='ltr'><strong>subalbi-</strong></span> 
     </span>
    </p>
   </div>
   <div class='ocr_carea' id='block_1_65' title="bbox 1006 262 1793 300">
    <p class='ocr_par' dir='ltr' id='par_1_65' title="bbox 1006 262 1793 300">
     <span class='ocr_line' id='line_1_65' title="bbox 1006 262 1793 300; baseline 0.005 -12"><span class='ocrx_word' id='word_1_547' title='bbox 1006 266 1090 288; x_wconf 81' lang='lat' dir='ltr'><strong>cantcs</strong></span> <span class='ocrx_word' id='word_1_548' title='bbox 1113 266 1138 289; x_wconf 81' lang='lat' dir='ltr'><strong>et</strong></span> <span class='ocrx_word' id='word_1_549' title='bbox 1160 262 1270 295; x_wconf 54' lang='lat' dir='ltr'><strong>cariﬁci</strong></span> <span class='ocrx_word' id='word_1_550' title='bbox 1289 262 1408 290; x_wconf 84' lang='lat' dir='ltr'><strong>cinericio</strong></span> <span class='ocrx_word' id='word_1_551' title='bbox 1424 263 1508 291; x_wconf 80' lang='lat' dir='ltr'><strong>colore</strong></span> <span class='ocrx_word' id='word_1_552' title='bbox 1516 265 1608 300; x_wconf 78' lang='lat' dir='ltr'><strong>sparsi.</strong></span> <span class='ocrx_word' id='word_1_553' title='bbox 1623 264 1710 292; x_wconf 76' lang='lat' dir='ltr'><strong>ILEt</strong></span> <span class='ocrx_word' id='word_1_554' title='bbox 1728 266 1793 292; x_wconf 60' lang='lat' dir='ltr'><strong>diuit</strong></span> 
     </span>
    </p>
   </div>
   <div class='ocr_carea' id='block_1_66' title="bbox 1006 306 1792 344">
    <p class='ocr_par' dir='ltr' id='par_1_66' title="bbox 1006 306 1792 344">
     <span class='ocr_line' id='line_1_66' title="bbox 1006 306 1792 344; baseline 0.005 -11"><span class='ocrx_word' id='word_1_555' title='bbox 1006 306 1068 333; x_wconf 86' lang='lat' dir='ltr'><strong>mihi</strong></span> <span class='ocrx_word' id='word_1_556' title='bbox 1078 307 1182 342; x_wconf 79' lang='lat' dir='ltr'><strong>angelus</strong></span> <span class='ocrx_word' id='word_1_557' title='bbox 1195 306 1243 334; x_wconf 87' lang='lat' dir='ltr'><strong>Dei</strong></span> <span class='ocrx_word' id='word_1_558' title='bbox 1255 307 1281 334; x_wconf 91' lang='lat' dir='ltr'><strong>in</strong></span> <span class='ocrx_word' id='word_1_559' title='bbox 1293 315 1380 335; x_wconf 80' lang='lat' dir='ltr'><strong>somno</strong></span> <span class='ocrx_word' id='word_1_560' title='bbox 1388 315 1400 335; x_wconf 89' lang='lat'><strong><em>:</em></strong></span> <span class='ocrx_word' id='word_1_561' title='bbox 1409 307 1558 344; x_wconf 79' lang='lat' dir='ltr'><strong>Jacob.Ego</strong></span> <span class='ocrx_word' id='word_1_562' title='bbox 1568 314 1651 337; x_wconf 74' lang='lat' dir='ltr'><strong>autem</strong></span> <span class='ocrx_word' id='word_1_563' title='bbox 1661 310 1771 337; x_wconf 77' lang='lat' dir='ltr'><strong>dicebam</strong></span> <span class='ocrx_word' id='word_1_564' title='bbox 1783 317 1792 336; x_wconf 91' lang='lat'><strong><em>:</em></strong></span> 
     </span>
    </p>
   </div>
   <div class='ocr_carea' id='block_1_67' title="bbox 1009 353 1793 389">
    <p class='ocr_par' dir='ltr' id='par_1_67' title="bbox 1009 353 1793 389">
     <span class='ocr_line' id='line_1_67' title="bbox 1009 353 1793 389; baseline 0.003 -9"><span class='ocrx_word' id='word_1_565' title='bbox 1009 353 1076 387; x_wconf 83' lang='lat' dir='ltr'><strong>Quid</strong></span> <span class='ocrx_word' id='word_1_566' title='bbox 1086 354 1145 381; x_wconf 78' lang='lat' dir='ltr'><strong>est!</strong></span> <span class='ocrx_word' id='word_1_567' title='bbox 1159 353 1192 381; x_wconf 81' lang='lat' dir='ltr'><strong>Et</strong></span> <span class='ocrx_word' id='word_1_568' title='bbox 1206 354 1269 381; x_wconf 69' lang='lat' dir='ltr'><strong>dixit</strong></span> <span class='ocrx_word' id='word_1_569' title='bbox 1283 361 1292 381; x_wconf 90' lang='lat'><strong><em>:</em></strong></span> <span class='ocrx_word' id='word_1_570' title='bbox 1306 353 1348 382; x_wconf 76' lang='lat' dir='ltr'><strong>l2.</strong></span> <span class='ocrx_word' id='word_1_571' title='bbox 1363 354 1455 389; x_wconf 79' lang='lat' dir='ltr'><strong>Aspice</strong></span> <span class='ocrx_word' id='word_1_572' title='bbox 1465 355 1546 382; x_wconf 80' lang='lat' dir='ltr'><strong>oculis</strong></span> <span class='ocrx_word' id='word_1_573' title='bbox 1561 355 1620 388; x_wconf 84' lang='lat' dir='ltr'><strong>tuis,</strong></span> <span class='ocrx_word' id='word_1_574' title='bbox 1633 360 1660 383; x_wconf 86' lang='lat' dir='ltr'><strong>et</strong></span> <span class='ocrx_word' id='word_1_575' title='bbox 1672 356 1728 383; x_wconf 75' lang='lat' dir='ltr'><strong>uide</strong></span> <span class='ocrx_word' id='word_1_576' title='bbox 1740 356 1793 382; x_wconf 75' lang='grc' dir='ltr'><strong><em>Ιιὶνο</em></strong></span> 
     </span>
    </p>
   </div>
   <div class='ocr_carea' id='block_1_68' title="bbox 1006 400 1792 436">
    <p class='ocr_par' dir='ltr' id='par_1_68' title="bbox 1006 400 1792 436">
     <span class='ocr_line' id='line_1_68' title="bbox 1006 400 1792 436; baseline 0 -8"><span class='ocrx_word' id='word_1_577' title='bbox 1006 409 1049 428; x_wconf 87' lang='lat' dir='ltr'><strong>cos</strong></span> <span class='ocrx_word' id='word_1_578' title='bbox 1063 404 1085 428; x_wconf 88' lang='lat' dir='ltr'><strong>et</strong></span> <span class='ocrx_word' id='word_1_579' title='bbox 1097 401 1186 428; x_wconf 81' lang='lat' dir='ltr'><strong>arietes</strong></span> <span class='ocrx_word' id='word_1_580' title='bbox 1201 400 1362 428; x_wconf 74' lang='lat' dir='ltr'><strong>ascendentes</strong></span> <span class='ocrx_word' id='word_1_581' title='bbox 1371 409 1447 435; x_wconf 80' lang='lat' dir='ltr'><strong>super</strong></span> <span class='ocrx_word' id='word_1_582' title='bbox 1459 409 1548 436; x_wconf 86' lang='lat' dir='ltr'><strong>capras</strong></span> <span class='ocrx_word' id='word_1_583' title='bbox 1559 406 1581 428; x_wconf 86' lang='lat' dir='ltr'><strong>et</strong></span> <span class='ocrx_word' id='word_1_584' title='bbox 1594 409 1662 434; x_wconf 77' lang='lat' dir='ltr'><strong>oles,</strong></span> <span class='ocrx_word' id='word_1_585' title='bbox 1676 402 1792 428; x_wconf 81' lang='lat' dir='ltr'><strong>subatbos</strong></span> 
     </span>
    </p>
   </div>
   <div class='ocr_carea' id='block_1_69' title="bbox 1007 445 1790 480">
    <p class='ocr_par' dir='ltr' id='par_1_69' title="bbox 1007 445 1790 480">
     <span class='ocr_line' id='line_1_69' title="bbox 1007 445 1790 480; baseline 0 -8"><span class='ocrx_word' id='word_1_586' title='bbox 1007 450 1031 473; x_wconf 85' lang='lat' dir='ltr'><strong>et</strong></span> <span class='ocrx_word' id='word_1_587' title='bbox 1040 446 1139 479; x_wconf 79' lang='lat' dir='ltr'><strong>uarios,</strong></span> <span class='ocrx_word' id='word_1_588' title='bbox 1155 450 1177 473; x_wconf 81' lang='lat' dir='ltr'><strong>et</strong></span> <span class='ocrx_word' id='word_1_589' title='bbox 1190 445 1306 473; x_wconf 82' lang='lat' dir='ltr'><strong>cinericio</strong></span> <span class='ocrx_word' id='word_1_590' title='bbox 1322 446 1406 473; x_wconf 82' lang='lat' dir='ltr'><strong>colore</strong></span> <span class='ocrx_word' id='word_1_591' title='bbox 1423 453 1525 480; x_wconf 73' lang='lat' dir='ltr'><strong>sparsos</strong></span> <span class='ocrx_word' id='word_1_592' title='bbox 1538 453 1548 473; x_wconf 89' lang='lat'><strong><em>:</em></strong></span> <span class='ocrx_word' id='word_1_593' title='bbox 1561 445 1612 472; x_wconf 77' lang='lat' dir='ltr'><strong>vidi</strong></span> <span class='ocrx_word' id='word_1_594' title='bbox 1636 446 1702 472; x_wconf 89' lang='lat' dir='ltr'><strong>enim</strong></span> <span class='ocrx_word' id='word_1_595' title='bbox 1721 453 1790 480; x_wconf 67' lang='lat' dir='ltr'><strong>antr-</strong></span> 
     </span>
    </p>
   </div>
   <div class='ocr_carea' id='block_1_70' title="bbox 1007 490 1791 527">
    <p class='ocr_par' dir='ltr' id='par_1_70' title="bbox 1007 490 1791 527">
     <span class='ocr_line' id='line_1_70' title="bbox 1007 490 1791 527; baseline -0.001 -9"><span class='ocrx_word' id='word_1_596' title='bbox 1007 499 1112 526; x_wconf 86' lang='lat' dir='ltr'><strong>cumque</strong></span> <span class='ocrx_word' id='word_1_597' title='bbox 1125 490 1213 518; x_wconf 86' lang='lat' dir='ltr'><strong>Laban</strong></span> <span class='ocrx_word' id='word_1_598' title='bbox 1227 490 1271 518; x_wconf 77' lang='lat' dir='ltr'><strong>tibi</strong></span> <span class='ocrx_word' id='word_1_599' title='bbox 1289 490 1443 527; x_wconf 79' lang='lat' dir='ltr'><strong>facit.Vides</strong></span> <span class='ocrx_word' id='word_1_600' title='bbox 1452 498 1531 518; x_wconf 85' lang='lat' dir='ltr'><strong>omne</strong></span> <span class='ocrx_word' id='word_1_601' title='bbox 1541 491 1611 526; x_wconf 87' lang='lat' dir='ltr'><strong>quod</strong></span> <span class='ocrx_word' id='word_1_602' title='bbox 1627 495 1689 518; x_wconf 90' lang='lat' dir='ltr'><strong>tunc</strong></span> <span class='ocrx_word' id='word_1_603' title='bbox 1704 490 1791 522; x_wconf 83' lang='lat' dir='ltr'><strong>ﬁebat.</strong></span> 
     </span>
    </p>
   </div>
   <div class='ocr_carea' id='block_1_71' title="bbox 1008 536 1793 572">
    <p class='ocr_par' dir='ltr' id='par_1_71' title="bbox 1008 536 1793 572">
     <span class='ocr_line' id='line_1_71' title="bbox 1008 536 1793 572; baseline -0.001 -8"><span class='ocrx_word' id='word_1_604' title='bbox 1008 543 1121 572; x_wconf 84' lang='lat' dir='ltr'><strong>superna</strong></span> <span class='ocrx_word' id='word_1_605' title='bbox 1126 537 1270 572; x_wconf 84' lang='lat' dir='ltr'><strong>contigisse</strong></span> <span class='ocrx_word' id='word_1_606' title='bbox 1278 536 1441 572; x_wconf 85' lang='lat' dir='ltr'><strong>operatione,</strong></span> <span class='ocrx_word' id='word_1_607' title='bbox 1451 544 1509 572; x_wconf 69' lang='lat' dir='ltr'><strong>qua:</strong></span> <span class='ocrx_word' id='word_1_608' title='bbox 1517 536 1579 571; x_wconf 88' lang='lat' dir='ltr'><strong>justi</strong></span> <span class='ocrx_word' id='word_1_609' title='bbox 1590 536 1695 564; x_wconf 87' lang='lat' dir='ltr'><strong>labores</strong></span> <span class='ocrx_word' id='word_1_610' title='bbox 1703 543 1793 564; x_wconf 89' lang='lat' dir='ltr'><strong>remu-</strong></span> 
     </span>
    </p>
   </div>
   <div class='ocr_carea' id='block_1_72' title="bbox 1008 582 1792 618">
    <p class='ocr_par' dir='ltr' id='par_1_72' title="bbox 1008 582 1792 618">
     <span class='ocr_line' id='line_1_72' title="bbox 1008 582 1792 618; baseline -0.001 -9"><span class='ocrx_word' id='word_1_611' title='bbox 1008 582 1241 610; x_wconf 78' lang='lat' dir='ltr'><strong>nerabalur?Nam</strong></span> <span class='ocrx_word' id='word_1_612' title='bbox 1253 583 1378 618; x_wconf 84' lang='lat' dir='ltr'><strong>quoniam</strong></span> <span class='ocrx_word' id='word_1_613' title='bbox 1388 582 1433 610; x_wconf 85' lang='lat' dir='ltr'><strong>ille</strong></span> <span class='ocrx_word' id='word_1_614' title='bbox 1447 583 1563 618; x_wconf 86' lang='lat' dir='ltr'><strong>ingratus</strong></span> <span class='ocrx_word' id='word_1_615' title='bbox 1575 589 1636 617; x_wconf 87' lang='lat' dir='ltr'><strong>erga</strong></span> <span class='ocrx_word' id='word_1_616' title='bbox 1650 589 1710 609; x_wconf 86' lang='lat' dir='ltr'><strong>eum</strong></span> <span class='ocrx_word' id='word_1_617' title='bbox 1725 585 1792 614; x_wconf 86' lang='lat' dir='ltr'><strong>erat,</strong></span> 
     </span>
    </p>
   </div>
   <div class='ocr_carea' id='block_1_73' title="bbox 1009 625 1788 663">
    <p class='ocr_par' dir='ltr' id='par_1_73' title="bbox 1009 625 1788 663">
     <span class='ocr_line' id='line_1_73' title="bbox 1009 625 1788 663; baseline -0.004 -8"><span class='ocrx_word' id='word_1_618' title='bbox 1009 628 1137 663; x_wconf 81' lang='lat' dir='ltr'><strong>benignus</strong></span> <span class='ocrx_word' id='word_1_619' title='bbox 1153 628 1279 656; x_wconf 84' lang='lat' dir='ltr'><strong>Dominus</strong></span> <span class='ocrx_word' id='word_1_620' title='bbox 1289 628 1389 663; x_wconf 87' lang='lat' dir='ltr'><strong>justum</strong></span> <span class='ocrx_word' id='word_1_621' title='bbox 1408 627 1520 655; x_wconf 84' lang='lat' dir='ltr'><strong>ubertim</strong></span> <span class='ocrx_word' id='word_1_622' title='bbox 1539 630 1709 655; x_wconf 84' lang='lat' dir='ltr'><strong>remunerat:</strong></span> <span class='ocrx_word' id='word_1_623' title='bbox 1730 625 1788 653; x_wconf 89' lang='lat' dir='ltr'><strong>Vidi</strong></span> 
     </span>
    </p>
   </div>
   <div class='ocr_carea' id='block_1_74' title="bbox 1009 674 1482 710">
    <p class='ocr_par' dir='ltr' id='par_1_74' title="bbox 1009 674 1482 710">
     <span class='ocr_line' id='line_1_74' title="bbox 1009 674 1482 710; baseline 0 -9"><span class='ocrx_word' id='word_1_624' title='bbox 1009 674 1073 701; x_wconf 67' lang='lat' dir='ltr'><strong>anim</strong></span> <span class='ocrx_word' id='word_1_625' title='bbox 1085 682 1246 710; x_wconf 69' lang='lat' dir='ltr'><strong>quacumque</strong></span> <span class='ocrx_word' id='word_1_626' title='bbox 1258 674 1346 701; x_wconf 86' lang='lat' dir='ltr'><strong>Laban</strong></span> <span class='ocrx_word' id='word_1_627' title='bbox 1360 674 1404 701; x_wconf 88' lang='lat' dir='ltr'><strong>tibi</strong></span> <span class='ocrx_word' id='word_1_628' title='bbox 1414 674 1482 709; x_wconf 78' lang='lat' dir='ltr'><strong>fecit.</strong></span> 
     </span>
    </p>
   </div>
   <div class='ocr_carea' id='block_1_75' title="bbox 1044 719 1787 756">
    <p class='ocr_par' dir='ltr' id='par_1_75' title="bbox 1044 719 1787 756">
     <span class='ocr_line' id='line_1_75' title="bbox 1044 719 1787 756; baseline -0.001 -9"><span class='ocrx_word' id='word_1_629' title='bbox 1044 719 1115 747; x_wconf 83' lang='lat' dir='ltr'><strong>Deus</strong></span> <span class='ocrx_word' id='word_1_630' title='bbox 1128 728 1179 747; x_wconf 79' lang='lat' dir='ltr'><strong>non</strong></span> <span class='ocrx_word' id='word_1_631' title='bbox 1197 719 1301 755; x_wconf 78' lang='lat' dir='ltr'><strong>despicit</strong></span> <span class='ocrx_word' id='word_1_632' title='bbox 1314 728 1355 747; x_wconf 80' lang='lat' dir='ltr'><strong>cos</strong></span> <span class='ocrx_word' id='word_1_633' title='bbox 1374 720 1417 756; x_wconf 83' lang='lat' dir='ltr'><strong>qui</strong></span> <span class='ocrx_word' id='word_1_634' title='bbox 1431 719 1584 747; x_wconf 75' lang='lat' dir='ltr'><strong>calumniam</strong></span> <span class='ocrx_word' id='word_1_635' title='bbox 1608 720 1747 756; x_wconf 83' lang='lat' dir='ltr'><strong>patiuntur.</strong></span> <span class='ocrx_word' id='word_1_636' title='bbox 1759 733 1787 739; x_wconf 92' lang='lat'><strong><em>—</em></strong></span> 
     </span>
    </p>
   </div>
   <div class='ocr_carea' id='block_1_76' title="bbox 1010 765 1792 801">
    <p class='ocr_par' dir='ltr' id='par_1_76' title="bbox 1010 765 1792 801">
     <span class='ocr_line' id='line_1_76' title="bbox 1010 765 1792 801; baseline 0 -8"><span class='ocrx_word' id='word_1_637' title='bbox 1010 766 1077 794; x_wconf 88' lang='lat' dir='ltr'><strong>lline</strong></span> <span class='ocrx_word' id='word_1_638' title='bbox 1089 765 1216 793; x_wconf 89' lang='lat' dir='ltr'><strong>discimus</strong></span> <span class='ocrx_word' id='word_1_639' title='bbox 1230 765 1377 800; x_wconf 90' lang='lat' dir='ltr'><strong>quomodo,</strong></span> <span class='ocrx_word' id='word_1_640' title='bbox 1396 766 1502 801; x_wconf 84' lang='lat' dir='ltr'><strong>quando</strong></span> <span class='ocrx_word' id='word_1_641' title='bbox 1516 766 1610 801; x_wconf 84' lang='lat' dir='ltr'><strong>injuria</strong></span> <span class='ocrx_word' id='word_1_642' title='bbox 1624 765 1701 793; x_wconf 87' lang='lat' dir='ltr'><strong>nobis</strong></span> <span class='ocrx_word' id='word_1_643' title='bbox 1714 765 1792 793; x_wconf 69' lang='lat' dir='ltr'><strong>infer~</strong></span> 
     </span>
    </p>
   </div>
   <div class='ocr_carea' id='block_1_77' title="bbox 1010 811 1793 844">
    <p class='ocr_par' dir='ltr' id='par_1_77' title="bbox 1010 811 1793 844">
     <span class='ocr_line' id='line_1_77' title="bbox 1010 811 1793 844; baseline -0.001 -6"><span class='ocrx_word' id='word_1_644' title='bbox 1010 816 1062 844; x_wconf 90' lang='lat' dir='ltr'><strong>tur,</strong></span> <span class='ocrx_word' id='word_1_645' title='bbox 1077 811 1099 839; x_wconf 88' lang='lat' dir='ltr'><strong>si</strong></span> <span class='ocrx_word' id='word_1_646' title='bbox 1114 812 1242 839; x_wconf 85' lang='lat' dir='ltr'><strong>mansueti</strong></span> <span class='ocrx_word' id='word_1_647' title='bbox 1255 816 1282 840; x_wconf 90' lang='lat' dir='ltr'><strong>et</strong></span> <span class='ocrx_word' id='word_1_648' title='bbox 1297 812 1374 839; x_wconf 87' lang='lat' dir='ltr'><strong>mites</strong></span> <span class='ocrx_word' id='word_1_649' title='bbox 1387 819 1418 839; x_wconf 88' lang='lat' dir='ltr'><strong>ac</strong></span> <span class='ocrx_word' id='word_1_650' title='bbox 1429 812 1572 839; x_wconf 80' lang='lat' dir='ltr'><strong>tolerantes</strong></span> <span class='ocrx_word' id='word_1_651' title='bbox 1585 811 1721 844; x_wconf 80' lang='lat' dir='ltr'><strong>fuerimus,</strong></span> <span class='ocrx_word' id='word_1_652' title='bbox 1736 818 1793 839; x_wconf 84' lang='lat' dir='ltr'><strong>ma-</strong></span> 
     </span>
    </p>
   </div>
   <div class='ocr_carea' id='block_1_78' title="bbox 1009 855 1794 891">
    <p class='ocr_par' dir='ltr' id='par_1_78' title="bbox 1009 855 1794 891">
     <span class='ocr_line' id='line_1_78' title="bbox 1009 855 1794 891; baseline -0.004 -7"><span class='ocrx_word' id='word_1_653' title='bbox 1009 856 1061 891; x_wconf 77' lang='lat' dir='ltr'><strong>iori</strong></span> <span class='ocrx_word' id='word_1_654' title='bbox 1088 861 1116 884; x_wconf 90' lang='lat' dir='ltr'><strong>et</strong></span> <span class='ocrx_word' id='word_1_655' title='bbox 1136 855 1242 891; x_wconf 86' lang='lat' dir='ltr'><strong>largiori</strong></span> <span class='ocrx_word' id='word_1_656' title='bbox 1265 857 1365 884; x_wconf 80' lang='lat' dir='ltr'><strong>auxilio</strong></span> <span class='ocrx_word' id='word_1_657' title='bbox 1390 856 1481 883; x_wconf 91' lang='lat' dir='ltr'><strong>divino</strong></span> <span class='ocrx_word' id='word_1_658' title='bbox 1502 856 1630 884; x_wconf 89' lang='lat' dir='ltr'><strong>fruamur.</strong></span> <span class='ocrx_word' id='word_1_659' title='bbox 1652 856 1690 884; x_wconf 85' lang='lat' dir='ltr'><strong>Ne</strong></span> <span class='ocrx_word' id='word_1_660' title='bbox 1717 855 1794 891; x_wconf 82' lang='lat' dir='ltr'><strong>igitur</strong></span> 
     </span>
    </p>
   </div>
   <div class='ocr_carea' id='block_1_79' title="bbox 1010 901 1793 937">
    <p class='ocr_par' dir='ltr' id='par_1_79' title="bbox 1010 901 1793 937">
     <span class='ocr_line' id='line_1_79' title="bbox 1010 901 1793 937; baseline -0.004 -7"><span class='ocrx_word' id='word_1_661' title='bbox 1010 902 1175 930; x_wconf 82' lang='lat' dir='ltr'><strong>obluctemur</strong></span> <span class='ocrx_word' id='word_1_662' title='bbox 1185 902 1217 929; x_wconf 89' lang='lat' dir='ltr'><strong>iis</strong></span> <span class='ocrx_word' id='word_1_663' title='bbox 1227 901 1271 937; x_wconf 91' lang='lat' dir='ltr'><strong>qui</strong></span> <span class='ocrx_word' id='word_1_664' title='bbox 1286 909 1334 929; x_wconf 89' lang='lat' dir='ltr'><strong>nos</strong></span> <span class='ocrx_word' id='word_1_665' title='bbox 1345 906 1479 937; x_wconf 88' lang='lat' dir='ltr'><strong>premunt,</strong></span> <span class='ocrx_word' id='word_1_666' title='bbox 1489 906 1515 930; x_wconf 87' lang='lat' dir='ltr'><strong>et</strong></span> <span class='ocrx_word' id='word_1_667' title='bbox 1524 901 1678 929; x_wconf 86' lang='lat' dir='ltr'><strong>calumniari</strong></span> <span class='ocrx_word' id='word_1_668' title='bbox 1692 901 1793 933; x_wconf 87' lang='lat' dir='ltr'><strong>volunt,</strong></span> 
     </span>
    </p>
   </div>
   <div class='ocr_carea' id='block_1_80' title="bbox 1010 947 1794 982">
    <p class='ocr_par' dir='ltr' id='par_1_80' title="bbox 1010 947 1794 982">
     <span class='ocr_line' id='line_1_80' title="bbox 1010 947 1794 982; baseline 0 -8"><span class='ocrx_word' id='word_1_669' title='bbox 1010 947 1057 975; x_wconf 85' lang='lat' dir='ltr'><strong>sed</strong></span> <span class='ocrx_word' id='word_1_670' title='bbox 1079 947 1197 975; x_wconf 78' lang='lat' dir='ltr'><strong>feramus</strong></span> <span class='ocrx_word' id='word_1_671' title='bbox 1219 954 1366 982; x_wconf 79' lang='lat' dir='ltr'><strong>generose,</strong></span> <span class='ocrx_word' id='word_1_672' title='bbox 1382 947 1496 974; x_wconf 85' lang='lat' dir='ltr'><strong>scientes</strong></span> <span class='ocrx_word' id='word_1_673' title='bbox 1517 947 1634 974; x_wconf 92' lang='lat' dir='ltr'><strong>omnium</strong></span> <span class='ocrx_word' id='word_1_674' title='bbox 1655 947 1794 974; x_wconf 87' lang='lat' dir='ltr'><strong>Dominum</strong></span> 
     </span>
    </p>
   </div>
   <div class='ocr_carea' id='block_1_81' title="bbox 1011 991 1795 1028">
    <p class='ocr_par' dir='ltr' id='par_1_81' title="bbox 1011 991 1795 1028">
     <span class='ocr_line' id='line_1_81' title="bbox 1011 991 1795 1028; baseline -0.001 -8"><span class='ocrx_word' id='word_1_675' title='bbox 1011 1000 1060 1020; x_wconf 84' lang='lat' dir='ltr'><strong>nos</strong></span> <span class='ocrx_word' id='word_1_676' title='bbox 1083 1001 1135 1020; x_wconf 90' lang='lat' dir='ltr'><strong>non</strong></span> <span class='ocrx_word' id='word_1_677' title='bbox 1157 992 1346 1028; x_wconf 81' lang='lat' dir='ltr'><strong>despecturum</strong></span> <span class='ocrx_word' id='word_1_678' title='bbox 1362 999 1442 1026; x_wconf 78' lang='lat' dir='ltr'><strong>esse,</strong></span> <span class='ocrx_word' id='word_1_679' title='bbox 1455 991 1601 1020; x_wconf 86' lang='lat' dir='ltr'><strong>dummodo</strong></span> <span class='ocrx_word' id='word_1_680' title='bbox 1623 1000 1672 1020; x_wconf 83' lang='lat' dir='ltr'><strong>nos</strong></span> <span class='ocrx_word' id='word_1_681' title='bbox 1692 997 1795 1027; x_wconf 83' lang='lat' dir='ltr'><strong>gratum</strong></span> 
     </span>
    </p>
   </div>
   <div class='ocr_carea' id='block_1_82' title="bbox 1010 1038 1793 1071">
    <p class='ocr_par' dir='ltr' id='par_1_82' title="bbox 1010 1038 1793 1071">
     <span class='ocr_line' id='line_1_82' title="bbox 1010 1038 1793 1071; baseline 0 -5"><span class='ocrx_word' id='word_1_682' title='bbox 1010 1039 1133 1066; x_wconf 70' lang='lat' dir='ltr'><strong>affectum</strong></span> <span class='ocrx_word' id='word_1_683' title='bbox 1145 1043 1171 1066; x_wconf 93' lang='lat' dir='ltr'><strong>et</strong></span> <span class='ocrx_word' id='word_1_684' title='bbox 1180 1038 1392 1067; x_wconf 82' lang='lat' dir='ltr'><strong>benevolentiam</strong></span> <span class='ocrx_word' id='word_1_685' title='bbox 1404 1038 1626 1067; x_wconf 85' lang='lat' dir='ltr'><strong>demonstremus.</strong></span> <span class='ocrx_word' id='word_1_686' title='bbox 1639 1038 1704 1066; x_wconf 79' lang='lat' dir='ltr'><strong>Mihi</strong></span> <span class='ocrx_word' id='word_1_687' title='bbox 1713 1039 1793 1071; x_wconf 82' lang='lat' dir='ltr'><strong>enim,</strong></span> 
     </span>
    </p>
   </div>
   <div class='ocr_carea' id='block_1_83' title="bbox 1010 1084 1793 1121">
    <p class='ocr_par' dir='ltr' id='par_1_83' title="bbox 1010 1084 1793 1121">
     <span class='ocr_line' id='line_1_83' title="bbox 1010 1084 1793 1121; baseline -0.003 -9"><span class='ocrx_word' id='word_1_688' title='bbox 1010 1086 1109 1120; x_wconf 87' lang='lat' dir='ltr'><strong>inquit,</strong></span> <span class='ocrx_word' id='word_1_689' title='bbox 1123 1085 1251 1117; x_wconf 80' lang='lat' dir='ltr'><strong>uindicta;</strong></span> <span class='ocrx_word' id='word_1_690' title='bbox 1263 1093 1309 1121; x_wconf 78' lang='lat' dir='ltr'><strong>ego</strong></span> <span class='ocrx_word' id='word_1_691' title='bbox 1330 1085 1474 1117; x_wconf 86' lang='lat' dir='ltr'><strong>retribuam,</strong></span> <span class='ocrx_word' id='word_1_692' title='bbox 1487 1084 1549 1111; x_wconf 87' lang='lat' dir='ltr'><strong>dicit</strong></span> <span class='ocrx_word' id='word_1_693' title='bbox 1569 1084 1693 1112; x_wconf 75' lang='lat' dir='ltr'><strong>Dominus</strong></span> <span class='ocrx_word' id='word_1_694' title='bbox 1705 1084 1793 1119; x_wconf 85' lang='lat' dir='ltr'><strong>(Rom.</strong></span> 
     </span>
    </p>
   </div>
   <div class='ocr_carea' id='block_1_84' title="bbox 1012 1129 1789 1165">
    <p class='ocr_par' dir='ltr' id='par_1_84' title="bbox 1012 1129 1789 1165">
     <span class='ocr_line' id='line_1_84' title="bbox 1012 1129 1789 1165; baseline -0.001 -8"><span class='ocrx_word' id='word_1_695' title='bbox 1012 1130 1054 1158; x_wconf 73' lang='lat' dir='ltr'><strong>i2.</strong></span> <span class='ocrx_word' id='word_1_696' title='bbox 1071 1130 1103 1158; x_wconf 87' lang='lat' dir='ltr'><strong>l9</strong></span> <span class='ocrx_word' id='word_1_697' title='bbox 1111 1135 1134 1157; x_wconf 85' lang='lat' dir='ltr'><strong>et</strong></span> <span class='ocrx_word' id='word_1_698' title='bbox 1144 1130 1217 1158; x_wconf 92' lang='lat' dir='ltr'><strong>Deut.</strong></span> <span class='ocrx_word' id='word_1_699' title='bbox 1229 1130 1272 1157; x_wconf 75' lang='lat'><strong>32.</strong></span> <span class='ocrx_word' id='word_1_700' title='bbox 1282 1130 1339 1165; x_wconf 83' lang='lat'><strong>55).</strong></span> <span class='ocrx_word' id='word_1_701' title='bbox 1349 1130 1460 1164; x_wconf 85' lang='lat' dir='ltr'><strong>Propter</strong></span> <span class='ocrx_word' id='word_1_702' title='bbox 1475 1131 1524 1157; x_wconf 88' lang='lat' dir='ltr'><strong>hoc</strong></span> <span class='ocrx_word' id='word_1_703' title='bbox 1532 1135 1558 1157; x_wconf 91' lang='lat' dir='ltr'><strong>et</strong></span> <span class='ocrx_word' id='word_1_704' title='bbox 1572 1129 1654 1157; x_wconf 80' lang='lat' dir='ltr'><strong>Jaeob</strong></span> <span class='ocrx_word' id='word_1_705' title='bbox 1668 1129 1771 1157; x_wconf 86' lang='lat' dir='ltr'><strong>dicebat</strong></span> <span class='ocrx_word' id='word_1_706' title='bbox 1783 1138 1789 1156; x_wconf 90' lang='lat'>:</span> 
     </span>
    </p>
   </div>
   <div class='ocr_carea' id='block_1_85' title="bbox 1012 1175 1797 1210">
    <p class='ocr_par' dir='ltr' id='par_1_85' title="bbox 1012 1175 1797 1210">
     <span class='ocr_line' id='line_1_85' title="bbox 1012 1175 1797 1210; baseline -0.001 -8"><span class='ocrx_word' id='word_1_707' title='bbox 1012 1175 1072 1202; x_wconf 85' lang='lat' dir='ltr'><strong>Non</strong></span> <span class='ocrx_word' id='word_1_708' title='bbox 1086 1176 1154 1202; x_wconf 85' lang='lat' dir='ltr'><strong>dedit</strong></span> <span class='ocrx_word' id='word_1_709' title='bbox 1175 1175 1198 1202; x_wconf 84' lang='lat' dir='ltr'><strong>ei</strong></span> <span class='ocrx_word' id='word_1_710' title='bbox 1226 1175 1303 1208; x_wconf 79' lang='lat' dir='ltr'><strong>Deus,</strong></span> <span class='ocrx_word' id='word_1_711' title='bbox 1319 1180 1346 1202; x_wconf 74' lang='lat' dir='ltr'><strong>ut</strong></span> <span class='ocrx_word' id='word_1_712' title='bbox 1366 1175 1482 1210; x_wconf 70' lang='lat' dir='ltr'><strong>afﬂigeret</strong></span> <span class='ocrx_word' id='word_1_713' title='bbox 1506 1183 1554 1202; x_wconf 87' lang='lat' dir='ltr'><strong>me.</strong></span> <span class='ocrx_word' id='word_1_714' title='bbox 1570 1175 1635 1202; x_wconf 84' lang='lat' dir='ltr'><strong>Nam</strong></span> <span class='ocrx_word' id='word_1_715' title='bbox 1658 1175 1718 1210; x_wconf 89' lang='lat' dir='ltr'><strong>quia</strong></span> <span class='ocrx_word' id='word_1_716' title='bbox 1740 1175 1797 1210; x_wconf 59' lang='lat' dir='ltr'><strong>igne</strong></span> 
     </span>
    </p>
   </div>
   <div class='ocr_carea' id='block_1_86' title="bbox 1011 1220 1796 1257">
    <p class='ocr_par' dir='ltr' id='par_1_86' title="bbox 1011 1220 1796 1257">
     <span class='ocr_line' id='line_1_86' title="bbox 1011 1220 1796 1257; baseline 0 -10"><span class='ocrx_word' id='word_1_717' title='bbox 1011 1222 1116 1257; x_wconf 71' lang='lat' dir='ltr'><strong>privare</strong></span> <span class='ocrx_word' id='word_1_718' title='bbox 1140 1228 1183 1248; x_wconf 89' lang='lat' dir='ltr'><strong>me</strong></span> <span class='ocrx_word' id='word_1_719' title='bbox 1205 1220 1324 1248; x_wconf 74' lang='lat' dir='ltr'><strong>laborum</strong></span> <span class='ocrx_word' id='word_1_720' title='bbox 1348 1220 1472 1248; x_wconf 86' lang='lat' dir='ltr'><strong>mercede</strong></span> <span class='ocrx_word' id='word_1_721' title='bbox 1491 1220 1587 1254; x_wconf 84' lang='lat' dir='ltr'><strong>voluit,</strong></span> <span class='ocrx_word' id='word_1_722' title='bbox 1601 1220 1728 1248; x_wconf 83' lang='lat' dir='ltr'><strong>Dominus</strong></span> <span class='ocrx_word' id='word_1_723' title='bbox 1742 1224 1796 1246; x_wconf 86' lang='lat' dir='ltr'><strong>tam</strong></span> 
     </span>
    </p>
   </div>
   <div class='ocr_carea' id='block_1_87' title="bbox 1012 1265 1792 1300">
    <p class='ocr_par' dir='ltr' id='par_1_87' title="bbox 1012 1265 1792 1300">
     <span class='ocr_line' id='line_1_87' title="bbox 1012 1265 1792 1300; baseline -0.003 -5"><span class='ocrx_word' id='word_1_724' title='bbox 1012 1268 1119 1295; x_wconf 73' lang='lat' dir='ltr'><strong>uberem</strong></span> <span class='ocrx_word' id='word_1_725' title='bbox 1137 1267 1163 1294; x_wconf 94' lang='lat' dir='ltr'><strong>in</strong></span> <span class='ocrx_word' id='word_1_726' title='bbox 1190 1273 1234 1294; x_wconf 83' lang='lat' dir='ltr'><strong>me</strong></span> <span class='ocrx_word' id='word_1_727' title='bbox 1257 1266 1401 1294; x_wconf 82' lang='lat' dir='ltr'><strong>declaravit</strong></span> <span class='ocrx_word' id='word_1_728' title='bbox 1422 1265 1630 1293; x_wconf 84' lang='lat' dir='ltr'><strong>misericordiam</strong></span> <span class='ocrx_word' id='word_1_729' title='bbox 1653 1269 1681 1293; x_wconf 83' lang='lat' dir='ltr'><strong>et</strong></span> <span class='ocrx_word' id='word_1_730' title='bbox 1705 1265 1792 1300; x_wconf 78' lang='lat' dir='ltr'><strong>provi-</strong></span> 
     </span>
    </p>
   </div>
   <div class='ocr_carea' id='block_1_88' title="bbox 1010 1310 1795 1346">
    <p class='ocr_par' dir='ltr' id='par_1_88' title="bbox 1010 1310 1795 1346">
     <span class='ocr_line' id='line_1_88' title="bbox 1010 1310 1795 1346; baseline -0.003 -7"><span class='ocrx_word' id='word_1_731' title='bbox 1010 1312 1138 1345; x_wconf 85' lang='lat' dir='ltr'><strong>dentiam,</strong></span> <span class='ocrx_word' id='word_1_732' title='bbox 1151 1316 1180 1339; x_wconf 80' lang='lat' dir='ltr'><strong>ut</strong></span> <span class='ocrx_word' id='word_1_733' title='bbox 1200 1311 1287 1339; x_wconf 89' lang='lat' dir='ltr'><strong>omnis</strong></span> <span class='ocrx_word' id='word_1_734' title='bbox 1307 1311 1366 1346; x_wconf 83' lang='lat' dir='ltr'><strong>ejus</strong></span> <span class='ocrx_word' id='word_1_735' title='bbox 1387 1311 1534 1338; x_wconf 82' lang='lat' dir='ltr'><strong>substantia</strong></span> <span class='ocrx_word' id='word_1_736' title='bbox 1557 1311 1582 1338; x_wconf 93' lang='lat' dir='ltr'><strong>in</strong></span> <span class='ocrx_word' id='word_1_737' title='bbox 1604 1317 1648 1338; x_wconf 86' lang='lat' dir='ltr'><strong>me</strong></span> <span class='ocrx_word' id='word_1_738' title='bbox 1669 1310 1795 1338; x_wconf 79' lang='lat' dir='ltr'><strong>translata</strong></span> 
     </span>
    </p>
   </div>
   <div class='ocr_carea' id='block_1_89' title="bbox 1011 1355 1794 1390">
    <p class='ocr_par' dir='ltr' id='par_1_89' title="bbox 1011 1355 1794 1390">
     <span class='ocr_line' id='line_1_89' title="bbox 1011 1355 1794 1390; baseline -0.005 -4"><span class='ocrx_word' id='word_1_739' title='bbox 1011 1358 1099 1386; x_wconf 81' lang='lat' dir='ltr'><strong>fuerit.</strong></span> <span class='ocrx_word' id='word_1_740' title='bbox 1114 1358 1207 1386; x_wconf 86' lang='lat' dir='ltr'><strong>Sciens</strong></span> <span class='ocrx_word' id='word_1_741' title='bbox 1225 1357 1298 1385; x_wconf 89' lang='lat' dir='ltr'><strong>enim</strong></span> <span class='ocrx_word' id='word_1_742' title='bbox 1314 1364 1357 1385; x_wconf 87' lang='lat' dir='ltr'><strong>me</strong></span> <span class='ocrx_word' id='word_1_743' title='bbox 1369 1357 1443 1384; x_wconf 90' lang='lat' dir='ltr'><strong>omni</strong></span> <span class='ocrx_word' id='word_1_744' title='bbox 1464 1356 1551 1384; x_wconf 85' lang='lat' dir='ltr'><strong>studio</strong></span> <span class='ocrx_word' id='word_1_745' title='bbox 1565 1356 1704 1390; x_wconf 84' lang='lat' dir='ltr'><strong>serviisse,</strong></span> <span class='ocrx_word' id='word_1_746' title='bbox 1723 1355 1794 1383; x_wconf 86' lang='lat' dir='ltr'><strong>illum</strong></span> 
     </span>
    </p>
   </div>
   <div class='ocr_carea' id='block_1_90' title="bbox 1011 1402 1795 1439">
    <p class='ocr_par' dir='ltr' id='par_1_90' title="bbox 1011 1402 1795 1439">
     <span class='ocr_line' id='line_1_90' title="bbox 1011 1402 1795 1439; baseline -0.004 -8"><span class='ocrx_word' id='word_1_747' title='bbox 1011 1408 1098 1432; x_wconf 78' lang='lat' dir='ltr'><strong>autem</strong></span> <span class='ocrx_word' id='word_1_748' title='bbox 1124 1411 1176 1431; x_wconf 88' lang='lat' dir='ltr'><strong>non</strong></span> <span class='ocrx_word' id='word_1_749' title='bbox 1206 1403 1378 1439; x_wconf 85' lang='lat' dir='ltr'><strong>respondisse</strong></span> <span class='ocrx_word' id='word_1_750' title='bbox 1404 1402 1469 1430; x_wconf 89' lang='lat' dir='ltr'><strong>mihi</strong></span> <span class='ocrx_word' id='word_1_751' title='bbox 1494 1402 1583 1429; x_wconf 73' lang='lat' dir='ltr'><strong>ofﬁcio</strong></span> <span class='ocrx_word' id='word_1_752' title='bbox 1605 1409 1672 1435; x_wconf 88' lang='lat' dir='ltr'><strong>suo,</strong></span> <span class='ocrx_word' id='word_1_753' title='bbox 1696 1406 1795 1429; x_wconf 77' lang='lat' dir='ltr'><strong>tantam</strong></span> 
     </span>
    </p>
   </div>
   <div class='ocr_carea' id='block_1_91' title="bbox 1012 1447 1795 1484">
    <p class='ocr_par' dir='ltr' id='par_1_91' title="bbox 1012 1447 1795 1484">
     <span class='ocr_line' id='line_1_91' title="bbox 1012 1447 1795 1484; baseline -0.003 -8"><span class='ocrx_word' id='word_1_754' title='bbox 1012 1449 1096 1477; x_wconf 74' lang='lat' dir='ltr'><strong>nostri</strong></span> <span class='ocrx_word' id='word_1_755' title='bbox 1111 1448 1203 1476; x_wconf 91' lang='lat' dir='ltr'><strong>habuit</strong></span> <span class='ocrx_word' id='word_1_756' title='bbox 1215 1456 1318 1477; x_wconf 79' lang='lat' dir='ltr'><strong>curam.</strong></span> <span class='ocrx_word' id='word_1_757' title='bbox 1333 1449 1367 1476; x_wconf 85' lang='lat' dir='ltr'><strong>Et</strong></span> <span class='ocrx_word' id='word_1_758' title='bbox 1381 1447 1451 1484; x_wconf 88' lang='lat' dir='ltr'><strong>quod</strong></span> <span class='ocrx_word' id='word_1_759' title='bbox 1467 1455 1520 1475; x_wconf 88' lang='lat' dir='ltr'><strong>non</strong></span> <span class='ocrx_word' id='word_1_760' title='bbox 1533 1447 1589 1475; x_wconf 84' lang='lat' dir='ltr'><strong>ha-c</strong></span> <span class='ocrx_word' id='word_1_761' title='bbox 1601 1447 1701 1482; x_wconf 81' lang='lat' dir='ltr'><strong>absque</strong></span> <span class='ocrx_word' id='word_1_762' title='bbox 1715 1454 1795 1474; x_wconf 79' lang='lat' dir='ltr'><strong>causa</strong></span> 
     </span>
    </p>
   </div>
   <div class='ocr_carea' id='block_1_92' title="bbox 1011 1493 1794 1530">
    <p class='ocr_par' dir='ltr' id='par_1_92' title="bbox 1011 1493 1794 1530">
     <span class='ocr_line' id='line_1_92' title="bbox 1011 1493 1794 1530; baseline -0.004 -8"><span class='ocrx_word' id='word_1_763' title='bbox 1011 1499 1038 1523; x_wconf 92' lang='lat' dir='ltr'><strong>et</strong></span> <span class='ocrx_word' id='word_1_764' title='bbox 1052 1502 1119 1522; x_wconf 78' lang='lat' dir='ltr'><strong>vane</strong></span> <span class='ocrx_word' id='word_1_765' title='bbox 1130 1494 1217 1522; x_wconf 88' lang='lat' dir='ltr'><strong>dicam</strong></span> <span class='ocrx_word' id='word_1_766' title='bbox 1228 1515 1235 1528; x_wconf 92' lang='lat'><strong>,</strong></span> <span class='ocrx_word' id='word_1_767' title='bbox 1250 1502 1335 1530; x_wconf 88' lang='lat' dir='ltr'><strong>neque</strong></span> <span class='ocrx_word' id='word_1_768' title='bbox 1349 1499 1450 1522; x_wconf 84' lang='lat' dir='ltr'><strong>temere</strong></span> <span class='ocrx_word' id='word_1_769' title='bbox 1470 1500 1603 1527; x_wconf 86' lang='lat' dir='ltr'><strong>accusem,</strong></span> <span class='ocrx_word' id='word_1_770' title='bbox 1618 1493 1698 1521; x_wconf 89' lang='lat' dir='ltr'><strong>etiam</strong></span> <span class='ocrx_word' id='word_1_771' title='bbox 1712 1493 1794 1520; x_wconf 83' lang='lat' dir='ltr'><strong>Deum</strong></span> 
     </span>
    </p>
   </div>
   <div class='ocr_carea' id='block_1_93' title="bbox 1011 1538 1794 1575">
    <p class='ocr_par' dir='ltr' id='par_1_93' title="bbox 1011 1538 1794 1575">
     <span class='ocr_line' id='line_1_93' title="bbox 1011 1538 1794 1575; baseline -0.004 -8"><span class='ocrx_word' id='word_1_772' title='bbox 1011 1539 1139 1568; x_wconf 76' lang='lat' dir='ltr'><strong>habemus</strong></span> <span class='ocrx_word' id='word_1_773' title='bbox 1152 1544 1247 1567; x_wconf 83' lang='lat' dir='ltr'><strong>testem</strong></span> <span class='ocrx_word' id='word_1_774' title='bbox 1262 1547 1355 1568; x_wconf 87' lang='lat' dir='ltr'><strong>eorum</strong></span> <span class='ocrx_word' id='word_1_775' title='bbox 1375 1547 1435 1575; x_wconf 75' lang='lat' dir='ltr'><strong>quze</strong></span> <span class='ocrx_word' id='word_1_776' title='bbox 1460 1544 1535 1575; x_wconf 77' lang='lat' dir='ltr'><strong>pater</strong></span> <span class='ocrx_word' id='word_1_777' title='bbox 1554 1543 1644 1566; x_wconf 80' lang='lat' dir='ltr'><strong>vester</strong></span> <span class='ocrx_word' id='word_1_778' title='bbox 1656 1538 1709 1573; x_wconf 84' lang='lat' dir='ltr'><strong>egit</strong></span> <span class='ocrx_word' id='word_1_779' title='bbox 1731 1545 1794 1573; x_wconf 85' lang='lat' dir='ltr'><strong>erga</strong></span> 
     </span>
    </p>
   </div>
   <div class='ocr_carea' id='block_1_94' title="bbox 1011 1583 1792 1621">
    <p class='ocr_par' dir='ltr' id='par_1_94' title="bbox 1011 1583 1792 1621">
     <span class='ocr_line' id='line_1_94' title="bbox 1011 1583 1792 1621; baseline -0.006 -7"><span class='ocrx_word' id='word_1_780' title='bbox 1011 1594 1064 1614; x_wconf 89' lang='lat' dir='ltr'><strong>me.</strong></span> <span class='ocrx_word' id='word_1_781' title='bbox 1083 1586 1142 1614; x_wconf 89' lang='lat' dir='ltr'><strong>Vidi</strong></span> <span class='ocrx_word' id='word_1_782' title='bbox 1162 1586 1237 1619; x_wconf 84' lang='lat' dir='ltr'><strong>enim,</strong></span> <span class='ocrx_word' id='word_1_783' title='bbox 1250 1586 1350 1621; x_wconf 85' lang='lat' dir='ltr'><strong>inquit,</strong></span> <span class='ocrx_word' id='word_1_784' title='bbox 1365 1593 1526 1620; x_wconf 66' lang='lat' dir='ltr'><strong>quacumque</strong></span> <span class='ocrx_word' id='word_1_785' title='bbox 1539 1584 1584 1611; x_wconf 88' lang='lat' dir='ltr'><strong>tibi</strong></span> <span class='ocrx_word' id='word_1_786' title='bbox 1602 1583 1690 1610; x_wconf 71' lang='lat' dir='ltr'><strong>Labant</strong></span> <span class='ocrx_word' id='word_1_787' title='bbox 1716 1584 1792 1620; x_wconf 69' lang='lat' dir='ltr'><strong>fecit.</strong></span> 
     </span>
    </p>
   </div>
   <div class='ocr_carea' id='block_1_95' title="bbox 1010 1628 1795 1668">
    <p class='ocr_par' dir='ltr' id='par_1_95' title="bbox 1010 1628 1795 1668">
     <span class='ocr_line' id='line_1_95' title="bbox 1010 1628 1795 1668; baseline -0.005 -8"><span class='ocrx_word' id='word_1_788' title='bbox 1010 1633 1081 1668; x_wconf 87' lang='lat' dir='ltr'><strong>quod</strong></span> <span class='ocrx_word' id='word_1_789' title='bbox 1103 1641 1155 1660; x_wconf 83' lang='lat' dir='ltr'><strong>non</strong></span> <span class='ocrx_word' id='word_1_790' title='bbox 1176 1632 1261 1660; x_wconf 88' lang='lat' dir='ltr'><strong>solum</strong></span> <span class='ocrx_word' id='word_1_791' title='bbox 1287 1631 1438 1660; x_wconf 85' lang='lat' dir='ltr'><strong>mercedem</strong></span> <span class='ocrx_word' id='word_1_792' title='bbox 1458 1629 1605 1662; x_wconf 83' lang='lat' dir='ltr'><strong>abstulerit,</strong></span> <span class='ocrx_word' id='word_1_793' title='bbox 1620 1629 1667 1657; x_wconf 86' lang='lat' dir='ltr'><strong>scd</strong></span> <span class='ocrx_word' id='word_1_794' title='bbox 1685 1632 1713 1656; x_wconf 90' lang='lat' dir='ltr'><strong>et</strong></span> <span class='ocrx_word' id='word_1_795' title='bbox 1726 1628 1795 1664; x_wconf 88' lang='lat' dir='ltr'><strong>quod</strong></span> 
     </span>
    </p>
   </div>
   <div class='ocr_carea' id='block_1_96' title="bbox 1012 1673 1793 1712">
    <p class='ocr_par' dir='ltr' id='par_1_96' title="bbox 1012 1673 1793 1712">
     <span class='ocr_line' id='line_1_96' title="bbox 1012 1673 1793 1712; baseline -0.008 -6"><span class='ocrx_word' id='word_1_796' title='bbox 1012 1686 1064 1706; x_wconf 90' lang='lat' dir='ltr'><strong>non</strong></span> <span class='ocrx_word' id='word_1_797' title='bbox 1077 1683 1105 1706; x_wconf 94' lang='lat' dir='ltr'><strong>ut</strong></span> <span class='ocrx_word' id='word_1_798' title='bbox 1119 1681 1197 1705; x_wconf 87' lang='lat' dir='ltr'><strong>antea</strong></span> <span class='ocrx_word' id='word_1_799' title='bbox 1221 1684 1283 1712; x_wconf 84' lang='lat' dir='ltr'><strong>erga</strong></span> <span class='ocrx_word' id='word_1_800' title='bbox 1304 1681 1330 1704; x_wconf 88' lang='lat' dir='ltr'><strong>te</strong></span> <span class='ocrx_word' id='word_1_801' title='bbox 1353 1683 1423 1704; x_wconf 88' lang='lat' dir='ltr'><strong>nunc</strong></span> <span class='ocrx_word' id='word_1_802' title='bbox 1439 1675 1548 1703; x_wconf 70' lang='lat' dir='ltr'><strong>allectus</strong></span> <span class='ocrx_word' id='word_1_803' title='bbox 1569 1675 1613 1707; x_wconf 82' lang='lat' dir='ltr'><strong>sit,</strong></span> <span class='ocrx_word' id='word_1_804' title='bbox 1626 1673 1673 1701; x_wconf 87' lang='lat' dir='ltr'><strong>sed</strong></span> <span class='ocrx_word' id='word_1_805' title='bbox 1694 1673 1793 1700; x_wconf 83' lang='lat' dir='ltr'><strong>aliena-</strong></span> 
     </span>
    </p>
   </div>
   <div class='ocr_carea' id='block_1_97' title="bbox 1010 1718 1796 1758">
    <p class='ocr_par' dir='ltr' id='par_1_97' title="bbox 1010 1718 1796 1758">
     <span class='ocr_line' id='line_1_97' title="bbox 1010 1718 1796 1758; baseline -0.01 -6"><span class='ocrx_word' id='word_1_806' title='bbox 1010 1725 1077 1752; x_wconf 77' lang='lat' dir='ltr'><strong>vcrit</strong></span> <span class='ocrx_word' id='word_1_807' title='bbox 1093 1724 1221 1752; x_wconf 85' lang='lat' dir='ltr'><strong>animum.</strong></span> <span class='ocrx_word' id='word_1_808' title='bbox 1237 1724 1280 1751; x_wconf 72' lang='lat' dir='ltr'><strong>i5.</strong></span> <span class='ocrx_word' id='word_1_809' title='bbox 1295 1722 1349 1758; x_wconf 79' lang='lat' dir='ltr'><strong>Ego</strong></span> <span class='ocrx_word' id='word_1_810' title='bbox 1368 1730 1422 1749; x_wconf 76' lang='lat' dir='ltr'><strong>sum</strong></span> <span class='ocrx_word' id='word_1_811' title='bbox 1435 1721 1504 1748; x_wconf 80' lang='lat' dir='ltr'><strong>Deus</strong></span> <span class='ocrx_word' id='word_1_812' title='bbox 1517 1720 1563 1757; x_wconf 70' lang='lat' dir='ltr'><strong>qui</strong></span> <span class='ocrx_word' id='word_1_813' title='bbox 1575 1718 1684 1754; x_wconf 80' lang='lat' dir='ltr'><strong>apparui</strong></span> <span class='ocrx_word' id='word_1_814' title='bbox 1705 1718 1749 1745; x_wconf 86' lang='lat' dir='ltr'><strong>tibi</strong></span> <span class='ocrx_word' id='word_1_815' title='bbox 1769 1718 1796 1745; x_wconf 82' lang='lat' dir='ltr'><strong>in</strong></span> 
     </span>
    </p>
   </div>
   <div class='ocr_carea' id='block_1_98' title="bbox 1011 1762 1795 1797">
    <p class='ocr_par' dir='ltr' id='par_1_98' title="bbox 1011 1762 1795 1797">
     <span class='ocr_line' id='line_1_98' title="bbox 1011 1762 1795 1797; baseline -0.01 0"><span class='ocrx_word' id='word_1_816' title='bbox 1011 1770 1064 1797; x_wconf 79' lang='lat' dir='ltr'><strong>loco</strong></span> <span class='ocrx_word' id='word_1_817' title='bbox 1079 1769 1120 1796; x_wconf 87' lang='lat' dir='ltr'><strong>ubi</strong></span> <span class='ocrx_word' id='word_1_818' title='bbox 1133 1768 1256 1796; x_wconf 73' lang='lat' dir='ltr'><strong>inunxisti</strong></span> <span class='ocrx_word' id='word_1_819' title='bbox 1280 1767 1342 1794; x_wconf 76' lang='lat' dir='ltr'><strong>milii</strong></span> <span class='ocrx_word' id='word_1_820' title='bbox 1363 1766 1516 1794; x_wconf 79' lang='lat' dir='ltr'><strong>columnam.</strong></span> <span class='ocrx_word' id='word_1_821' title='bbox 1539 1764 1569 1792; x_wconf 83' lang='lat' dir='ltr'><strong>lu</strong></span> <span class='ocrx_word' id='word_1_822' title='bbox 1593 1763 1749 1792; x_wconf 87' lang='lat' dir='ltr'><strong>memoriam</strong></span> <span class='ocrx_word' id='word_1_823' title='bbox 1770 1762 1795 1790; x_wconf 87' lang='lat' dir='ltr'><strong>ei</strong></span> 
     </span>
    </p>
   </div>
   <div class='ocr_carea' id='block_1_99' title="bbox 1011 1809 1795 1850">
    <p class='ocr_par' dir='ltr' id='par_1_99' title="bbox 1011 1809 1795 1850">
     <span class='ocr_line' id='line_1_99' title="bbox 1011 1809 1795 1850; baseline -0.011 -6"><span class='ocrx_word' id='word_1_824' title='bbox 1011 1817 1112 1844; x_wconf 87' lang='lat' dir='ltr'><strong>referre</strong></span> <span class='ocrx_word' id='word_1_825' title='bbox 1124 1815 1190 1848; x_wconf 89' lang='lat' dir='ltr'><strong>vult,</strong></span> <span class='ocrx_word' id='word_1_826' title='bbox 1204 1822 1263 1850; x_wconf 75' lang='lat' dir='ltr'><strong>qua:</strong></span> <span class='ocrx_word' id='word_1_827' title='bbox 1278 1813 1326 1848; x_wconf 79' lang='lat' dir='ltr'><strong>ipsi</strong></span> <span class='ocrx_word' id='word_1_828' title='bbox 1340 1818 1403 1840; x_wconf 88' lang='lat' dir='ltr'><strong>tunc</strong></span> <span class='ocrx_word' id='word_1_829' title='bbox 1420 1811 1552 1847; x_wconf 86' lang='lat' dir='ltr'><strong>pollicitus</strong></span> <span class='ocrx_word' id='word_1_830' title='bbox 1572 1810 1667 1842; x_wconf 85' lang='lat' dir='ltr'><strong>fuerit,</strong></span> <span class='ocrx_word' id='word_1_831' title='bbox 1682 1809 1773 1837; x_wconf 85' lang='lat' dir='ltr'><strong>dicens</strong></span> <span class='ocrx_word' id='word_1_832' title='bbox 1787 1818 1795 1836; x_wconf 85' lang='lat'><strong>:</strong></span> 
     </span>
    </p>
   </div>
   <div class='ocr_carea' id='block_1_100' title="bbox 1011 1855 1798 1894">
    <p class='ocr_par' dir='ltr' id='par_1_100' title="bbox 1011 1855 1798 1894">
     <span class='ocr_line' id='line_1_100' title="bbox 1011 1855 1798 1894; baseline -0.01 -5"><span class='ocrx_word' id='word_1_833' title='bbox 1011 1863 1044 1889; x_wconf 83' lang='lat' dir='ltr'><strong>in</strong></span> <span class='ocrx_word' id='word_1_834' title='bbox 1058 1861 1242 1888; x_wconf 76' lang='lat' dir='ltr'><strong>multitudinem</strong></span> <span class='ocrx_word' id='word_1_835' title='bbox 1254 1864 1278 1888; x_wconf 87' lang='lat' dir='ltr'><strong>te</strong></span> <span class='ocrx_word' id='word_1_836' title='bbox 1289 1866 1397 1887; x_wconf 79' lang='lat' dir='ltr'><strong>crescere</strong></span> <span class='ocrx_word' id='word_1_837' title='bbox 1407 1858 1498 1894; x_wconf 82' lang='lat' dir='ltr'><strong>faciam</strong></span> <span class='ocrx_word' id='word_1_838' title='bbox 1518 1861 1542 1884; x_wconf 81' lang='lat' dir='ltr'><strong>et</strong></span> <span class='ocrx_word' id='word_1_839' title='bbox 1560 1855 1701 1883; x_wconf 77' lang='lat' dir='ltr'><strong>custodiam</strong></span> <span class='ocrx_word' id='word_1_840' title='bbox 1714 1860 1755 1888; x_wconf 82' lang='lat' dir='ltr'><strong>te,</strong></span> <span class='ocrx_word' id='word_1_841' title='bbox 1766 1861 1798 1881; x_wconf 87' lang='lat' dir='ltr'><strong>ac</strong></span> 
     </span>
    </p>
   </div>
   <div class='ocr_carea' id='block_1_101' title="bbox 1010 1900 1793 1941">
    <p class='ocr_par' dir='ltr' id='par_1_101' title="bbox 1010 1900 1793 1941">
     <span class='ocr_line' id='line_1_101' title="bbox 1010 1900 1793 1941; baseline -0.011 -5"><span class='ocrx_word' id='word_1_842' title='bbox 1010 1909 1129 1936; x_wconf 84' lang='lat' dir='ltr'><strong>reducam</strong></span> <span class='ocrx_word' id='word_1_843' title='bbox 1146 1911 1170 1934; x_wconf 84' lang='lat' dir='ltr'><strong>te</strong></span> <span class='ocrx_word' id='word_1_844' title='bbox 1183 1907 1208 1933; x_wconf 91' lang='lat' dir='ltr'><strong>in</strong></span> <span class='ocrx_word' id='word_1_845' title='bbox 1225 1911 1318 1933; x_wconf 86' lang='lat' dir='ltr'><strong>terram</strong></span> <span class='ocrx_word' id='word_1_846' title='bbox 1331 1910 1399 1932; x_wconf 90' lang='lat' dir='ltr'><strong>tuam</strong></span> <span class='ocrx_word' id='word_1_847' title='bbox 1410 1903 1485 1941; x_wconf 66' lang='lat' dir='ltr'><strong>(Gai.</strong></span> <span class='ocrx_word' id='word_1_848' title='bbox 1497 1903 1543 1930; x_wconf 74' lang='grc'><strong>28.</strong></span> <span class='ocrx_word' id='word_1_849' title='bbox 1555 1903 1597 1930; x_wconf 76' lang='grc'><strong>14.</strong></span> <span class='ocrx_word' id='word_1_850' title='bbox 1611 1902 1665 1937; x_wconf 80' lang='lat' dir='ltr'><strong>l5).</strong></span> <span class='ocrx_word' id='word_1_851' title='bbox 1677 1901 1734 1936; x_wconf 87' lang='lat' dir='ltr'><strong>Ego</strong></span> <span class='ocrx_word' id='word_1_852' title='bbox 1747 1900 1793 1935; x_wconf 81' lang='lat' dir='ltr'><strong>igi-</strong></span> 
     </span>
    </p>
   </div>
   <div class='ocr_carea' id='block_1_102' title="bbox 1011 1946 1795 1989">
    <p class='ocr_par' dir='ltr' id='par_1_102' title="bbox 1011 1946 1795 1989">
     <span class='ocr_line' id='line_1_102' title="bbox 1011 1946 1795 1989; baseline -0.013 -7"><span class='ocrx_word' id='word_1_853' title='bbox 1011 1960 1063 1988; x_wconf 82' lang='lat' dir='ltr'><strong>tur,</strong></span> <span class='ocrx_word' id='word_1_854' title='bbox 1080 1953 1174 1989; x_wconf 89' lang='lat' dir='ltr'><strong>inquit,</strong></span> <span class='ocrx_word' id='word_1_855' title='bbox 1187 1952 1231 1988; x_wconf 90' lang='lat' dir='ltr'><strong>qui</strong></span> <span class='ocrx_word' id='word_1_856' title='bbox 1254 1957 1317 1979; x_wconf 88' lang='lat' dir='ltr'><strong>tunc</strong></span> <span class='ocrx_word' id='word_1_857' title='bbox 1340 1949 1450 1985; x_wconf 85' lang='lat' dir='ltr'><strong>apparui</strong></span> <span class='ocrx_word' id='word_1_858' title='bbox 1471 1948 1534 1982; x_wconf 83' lang='lat' dir='ltr'><strong>tibi,</strong></span> <span class='ocrx_word' id='word_1_859' title='bbox 1554 1952 1580 1976; x_wconf 89' lang='lat' dir='ltr'><strong>et</strong></span> <span class='ocrx_word' id='word_1_860' title='bbox 1605 1946 1795 1982; x_wconf 82' lang='lat' dir='ltr'><strong>promissiones</strong></span> 
     </span>
    </p>
   </div>
   <div class='ocr_carea' id='block_1_103' title="bbox 1011 1992 1795 2035">
    <p class='ocr_par' dir='ltr' id='par_1_103' title="bbox 1011 1992 1795 2035">
     <span class='ocr_line' id='line_1_103' title="bbox 1011 1992 1795 2035; baseline -0.014 -7"><span class='ocrx_word' id='word_1_861' title='bbox 1011 2001 1056 2028; x_wconf 89' lang='lat' dir='ltr'><strong>tibi</strong></span> <span class='ocrx_word' id='word_1_862' title='bbox 1070 2000 1119 2028; x_wconf 80' lang='lat' dir='ltr'><strong>feci</strong></span> <span class='ocrx_word' id='word_1_863' title='bbox 1135 2008 1142 2027; x_wconf 86' lang='lat'>:</span> <span class='ocrx_word' id='word_1_864' title='bbox 1157 2006 1206 2035; x_wconf 86' lang='lat' dir='ltr'><strong>ego</strong></span> <span class='ocrx_word' id='word_1_865' title='bbox 1219 1999 1298 2027; x_wconf 87' lang='lat' dir='ltr'><strong>etiam</strong></span> <span class='ocrx_word' id='word_1_866' title='bbox 1314 2004 1385 2025; x_wconf 81' lang='lat' dir='ltr'><strong>nunc</strong></span> <span class='ocrx_word' id='word_1_867' title='bbox 1395 2018 1402 2030; x_wconf 92' lang='lat'><strong>,</strong></span> <span class='ocrx_word' id='word_1_868' title='bbox 1422 1995 1528 2032; x_wconf 83' lang='lat' dir='ltr'><strong>quando</strong></span> <span class='ocrx_word' id='word_1_869' title='bbox 1541 1999 1647 2029; x_wconf 84' lang='lat' dir='ltr'><strong>tempus</strong></span> <span class='ocrx_word' id='word_1_870' title='bbox 1660 1992 1731 2020; x_wconf 86' lang='lat' dir='ltr'><strong>venit</strong></span> <span class='ocrx_word' id='word_1_871' title='bbox 1743 1998 1795 2026; x_wconf 86' lang='lat' dir='ltr'><strong>quo</strong></span> 
     </span>
    </p>
   </div>
   <div class='ocr_carea' id='block_1_104' title="bbox 1009 2037 1794 2081">
    <p class='ocr_par' dir='ltr' id='par_1_104' title="bbox 1009 2037 1794 2081">
     <span class='ocr_line' id='line_1_104' title="bbox 1009 2037 1794 2081; baseline -0.015 -6"><span class='ocrx_word' id='word_1_872' title='bbox 1009 2055 1042 2075; x_wconf 81' lang='lat' dir='ltr'><strong>ea</strong></span> <span class='ocrx_word' id='word_1_873' title='bbox 1056 2054 1115 2081; x_wconf 82' lang='lat' dir='ltr'><strong>qua:</strong></span> <span class='ocrx_word' id='word_1_874' title='bbox 1130 2050 1192 2073; x_wconf 89' lang='lat' dir='ltr'><strong>tunc</strong></span> <span class='ocrx_word' id='word_1_875' title='bbox 1202 2043 1312 2079; x_wconf 84' lang='lat' dir='ltr'><strong>promisi</strong></span> <span class='ocrx_word' id='word_1_876' title='bbox 1324 2049 1407 2078; x_wconf 84' lang='lat' dir='ltr'><strong>opere</strong></span> <span class='ocrx_word' id='word_1_877' title='bbox 1417 2040 1573 2076; x_wconf 77' lang='lat' dir='ltr'><strong>complenda</strong></span> <span class='ocrx_word' id='word_1_878' title='bbox 1594 2043 1673 2072; x_wconf 88' lang='lat' dir='ltr'><strong>sunt,</strong></span> <span class='ocrx_word' id='word_1_879' title='bbox 1690 2037 1794 2072; x_wconf 82' lang='lat' dir='ltr'><strong>regredi</strong></span> 
     </span>
    </p>
   </div>
   <div class='ocr_carea' id='block_1_105' title="bbox 1010 2084 1793 2127">
    <p class='ocr_par' dir='ltr' id='par_1_105' title="bbox 1010 2084 1793 2127">
     <span class='ocr_line' id='line_1_105' title="bbox 1010 2084 1793 2127; baseline -0.015 -6"><span class='ocrx_word' id='word_1_880' title='bbox 1010 2098 1035 2120; x_wconf 89' lang='lat' dir='ltr'><strong>te</strong></span> <span class='ocrx_word' id='word_1_881' title='bbox 1046 2093 1128 2127; x_wconf 76' lang='lat' dir='ltr'><strong>iubeo</strong></span> <span class='ocrx_word' id='word_1_882' title='bbox 1141 2092 1241 2126; x_wconf 80' lang='lat' dir='ltr'><strong>absque</strong></span> <span class='ocrx_word' id='word_1_883' title='bbox 1253 2090 1325 2118; x_wconf 89' lang='lat' dir='ltr'><strong>omni</strong></span> <span class='ocrx_word' id='word_1_884' title='bbox 1341 2089 1437 2116; x_wconf 89' lang='lat' dir='ltr'><strong>mentis</strong></span> <span class='ocrx_word' id='word_1_885' title='bbox 1449 2086 1654 2122; x_wconf 75' lang='lat' dir='ltr'><strong>angore.Tecum</strong></span> <span class='ocrx_word' id='word_1_886' title='bbox 1663 2084 1728 2111; x_wconf 82' lang='lat' dir='ltr'><strong>enim</strong></span> <span class='ocrx_word' id='word_1_887' title='bbox 1741 2091 1793 2110; x_wconf 83' lang='lat' dir='ltr'><strong>ero.</strong></span> 
     </span>
    </p>
   </div>
   <div class='ocr_carea' id='block_1_106' title="bbox 1011 2129 1794 2175">
    <p class='ocr_par' dir='ltr' id='par_1_106' title="bbox 1011 2129 1794 2175">
     <span class='ocr_line' id='line_1_106' title="bbox 1011 2129 1794 2175; baseline -0.015 -8"><span class='ocrx_word' id='word_1_888' title='bbox 1011 2140 1065 2175; x_wconf 79' lang='lat' dir='ltr'><strong>Ego</strong></span> <span class='ocrx_word' id='word_1_889' title='bbox 1077 2147 1134 2167; x_wconf 81' lang='lat' dir='ltr'><strong>sum</strong></span> <span class='ocrx_word' id='word_1_890' title='bbox 1148 2138 1216 2165; x_wconf 84' lang='lat' dir='ltr'><strong>Deus</strong></span> <span class='ocrx_word' id='word_1_891' title='bbox 1233 2137 1275 2172; x_wconf 79' lang='lat' dir='ltr'><strong>qui</strong></span> <span class='ocrx_word' id='word_1_892' title='bbox 1288 2135 1397 2171; x_wconf 69' lang='lat' dir='ltr'><strong>apparati</strong></span> <span class='ocrx_word' id='word_1_893' title='bbox 1409 2134 1453 2162; x_wconf 88' lang='lat' dir='ltr'><strong>tibi</strong></span> <span class='ocrx_word' id='word_1_894' title='bbox 1464 2134 1491 2161; x_wconf 85' lang='lat' dir='ltr'><strong>in</strong></span> <span class='ocrx_word' id='word_1_895' title='bbox 1503 2133 1560 2161; x_wconf 83' lang='lat' dir='ltr'><strong>loco</strong></span> <span class='ocrx_word' id='word_1_896' title='bbox 1572 2133 1599 2159; x_wconf 89' lang='lat' dir='ltr'><strong>in</strong></span> <span class='ocrx_word' id='word_1_897' title='bbox 1612 2139 1660 2167; x_wconf 78' lang='lat' dir='ltr'><strong>quo</strong></span> <span class='ocrx_word' id='word_1_898' title='bbox 1673 2129 1794 2175; x_wconf 61' lang='lat' dir='ltr'><strong>inuasisti</strong></span> 
     </span>
    </p>
   </div>
   <div class='ocr_carea' id='block_1_107' title="bbox 1009 2173 1800 2218">
    <p class='ocr_par' dir='ltr' id='par_1_107' title="bbox 1009 2173 1800 2218">
     <span class='ocr_line' id='line_1_107' title="bbox 1009 2173 1800 2218; baseline -0.015 -6"><span class='ocrx_word' id='word_1_899' title='bbox 1009 2173 1070 2212; x_wconf 77' lang='lat' dir='ltr'><strong>mihi</strong></span> <span class='ocrx_word' id='word_1_900' title='bbox 1088 2185 1230 2211; x_wconf 82' lang='lat' dir='ltr'><strong>columnam</strong></span> <span class='ocrx_word' id='word_1_901' title='bbox 1245 2181 1291 2218; x_wconf 78' lang='grc' dir='ltr'><strong>(ιι),</strong></span> <span class='ocrx_word' id='word_1_902' title='bbox 1304 2186 1327 2208; x_wconf 84' lang='lat' dir='ltr'><strong>et</strong></span> <span class='ocrx_word' id='word_1_903' title='bbox 1341 2180 1429 2208; x_wconf 76' lang='lat' dir='ltr'><strong>uouisti</strong></span> <span class='ocrx_word' id='word_1_904' title='bbox 1446 2179 1508 2206; x_wconf 80' lang='lat' dir='ltr'><strong>nti/ti</strong></span> <span class='ocrx_word' id='word_1_905' title='bbox 1521 2182 1615 2204; x_wconf 78' lang='lat' dir='ltr'><strong>votum.</strong></span> <span class='ocrx_word' id='word_1_906' title='bbox 1640 2173 1800 2203; x_wconf 75' lang='lat' dir='ltr'><strong>Ilemoriam</strong></span> 
     </span>
    </p>
   </div>
   <div class='ocr_carea' id='block_1_108' title="bbox 1009 2223 1794 2266">
    <p class='ocr_par' dir='ltr' id='par_1_108' title="bbox 1009 2223 1794 2266">
     <span class='ocr_line' id='line_1_108' title="bbox 1009 2223 1794 2266; baseline -0.017 -8"><span class='ocrx_word' id='word_1_907' title='bbox 1009 2232 1058 2266; x_wconf 80' lang='lat' dir='ltr'><strong>ipsi</strong></span> <span class='ocrx_word' id='word_1_908' title='bbox 1078 2230 1186 2258; x_wconf 80' lang='lat' dir='ltr'><strong>refricat</strong></span> <span class='ocrx_word' id='word_1_909' title='bbox 1206 2227 1259 2255; x_wconf 85' lang='lat' dir='ltr'><strong>\oti</strong></span> <span class='ocrx_word' id='word_1_910' title='bbox 1279 2231 1306 2254; x_wconf 89' lang='lat' dir='ltr'><strong>et</strong></span> <span class='ocrx_word' id='word_1_911' title='bbox 1326 2224 1528 2262; x_wconf 86' lang='lat' dir='ltr'><strong>promissionis,</strong></span> <span class='ocrx_word' id='word_1_912' title='bbox 1547 2229 1626 2257; x_wconf 86' lang='lat' dir='ltr'><strong>quam</strong></span> <span class='ocrx_word' id='word_1_913' title='bbox 1646 2223 1794 2254; x_wconf 86' lang='lat' dir='ltr'><strong>receperat.</strong></span> 
     </span>
    </p>
   </div>
   <div class='ocr_carea' id='block_1_109' title="bbox 1008 2266 1793 2311">
    <p class='ocr_par' dir='ltr' id='par_1_109' title="bbox 1008 2266 1793 2311">
     <span class='ocr_line' id='line_1_109' title="bbox 1008 2266 1793 2311; baseline -0.015 -7"><span class='ocrx_word' id='word_1_914' title='bbox 1008 2277 1146 2311; x_wconf 88' lang='lat' dir='ltr'><strong>Quodnam</strong></span> <span class='ocrx_word' id='word_1_915' title='bbox 1160 2279 1250 2302; x_wconf 88' lang='lat' dir='ltr'><strong>autem</strong></span> <span class='ocrx_word' id='word_1_916' title='bbox 1263 2277 1322 2301; x_wconf 85' lang='lat' dir='ltr'><strong>erat</strong></span> <span class='ocrx_word' id='word_1_917' title='bbox 1335 2271 1445 2300; x_wconf 73' lang='lat' dir='ltr'><strong>votum?</strong></span> <span class='ocrx_word' id='word_1_918' title='bbox 1456 2270 1494 2297; x_wconf 83' lang='lat' dir='ltr'><strong>De</strong></span> <span class='ocrx_word' id='word_1_919' title='bbox 1503 2270 1534 2296; x_wconf 86' lang='lat' dir='ltr'><strong>iis</strong></span> <span class='ocrx_word' id='word_1_920' title='bbox 1546 2276 1602 2303; x_wconf 68' lang='lat' dir='ltr'><strong>qua</strong></span> <span class='ocrx_word' id='word_1_921' title='bbox 1613 2267 1675 2294; x_wconf 80' lang='lat' dir='ltr'><strong>mihi</strong></span> <span class='ocrx_word' id='word_1_922' title='bbox 1685 2266 1793 2311; x_wconf 75' lang='lat' dir='ltr'><strong>dederis,</strong></span> 
     </span>
    </p>
   </div>
   <div class='ocr_carea' id='block_1_110' title="bbox 1008 2310 1794 2354">
    <p class='ocr_par' dir='ltr' id='par_1_110' title="bbox 1008 2310 1794 2354">
     <span class='ocr_line' id='line_1_110' title="bbox 1008 2310 1794 2354; baseline -0.015 -5"><span class='ocrx_word' id='word_1_923' title='bbox 1008 2310 1117 2350; x_wconf 75' lang='lat' dir='ltr'><strong>decimas</strong></span> <span class='ocrx_word' id='word_1_924' title='bbox 1128 2321 1171 2348; x_wconf 88' lang='lat' dir='ltr'><strong>tibi</strong></span> <span class='ocrx_word' id='word_1_925' title='bbox 1179 2319 1284 2353; x_wconf 66' lang='lat' dir='ltr'><strong>olerum</strong></span> <span class='ocrx_word' id='word_1_926' title='bbox 1294 2317 1370 2354; x_wconf 83' lang='lat' dir='ltr'><strong>(Gen.</strong></span> <span class='ocrx_word' id='word_1_927' title='bbox 1384 2316 1430 2344; x_wconf 73' lang='lat'><strong>28.</strong></span> <span class='ocrx_word' id='word_1_928' title='bbox 1440 2315 1499 2350; x_wconf 75' lang='lat'><strong>22).</strong></span> <span class='ocrx_word' id='word_1_929' title='bbox 1511 2313 1640 2347; x_wconf 82' lang='lat' dir='ltr'><strong>Quoniam</strong></span> <span class='ocrx_word' id='word_1_930' title='bbox 1653 2316 1715 2339; x_wconf 89' lang='lat' dir='ltr'><strong>tunc</strong></span> <span class='ocrx_word' id='word_1_931' title='bbox 1728 2310 1794 2338; x_wconf 87' lang='lat' dir='ltr'><strong>nihil</strong></span> 
     </span>
    </p>
   </div>
   <div class='ocr_carea' id='block_1_111' title="bbox 1009 2357 1802 2399">
    <p class='ocr_par' dir='ltr' id='par_1_111' title="bbox 1009 2357 1802 2399">
     <span class='ocr_line' id='line_1_111' title="bbox 1009 2357 1802 2399; baseline -0.016 -4"><span class='ocrx_word' id='word_1_932' title='bbox 1009 2373 1096 2395; x_wconf 88' lang='lat' dir='ltr'><strong>tecum</strong></span> <span class='ocrx_word' id='word_1_933' title='bbox 1121 2365 1252 2393; x_wconf 77' lang='lat' dir='ltr'><strong>aﬂ&#39;erebas</strong></span> <span class='ocrx_word' id='word_1_934' title='bbox 1263 2383 1271 2397; x_wconf 89' lang='lat'><strong>,</strong></span> <span class='ocrx_word' id='word_1_935' title='bbox 1287 2363 1361 2399; x_wconf 80' lang='lat' dir='ltr'><strong>quasi</strong></span> <span class='ocrx_word' id='word_1_936' title='bbox 1377 2361 1502 2397; x_wconf 75' lang='lat' dir='ltr'><strong>profugus</strong></span> <span class='ocrx_word' id='word_1_937' title='bbox 1524 2359 1575 2386; x_wconf 78' lang='lat' dir='ltr'><strong>iter</strong></span> <span class='ocrx_word' id='word_1_938' title='bbox 1595 2357 1694 2385; x_wconf 81' lang='lat' dir='ltr'><strong>faciens</strong></span> <span class='ocrx_word' id='word_1_939' title='bbox 1709 2364 1717 2384; x_wconf 85' lang='lat'><strong>:</strong></span> <span class='ocrx_word' id='word_1_940' title='bbox 1731 2363 1802 2382; x_wconf 73' lang='lat' dir='ltr'><strong>cum~</strong></span> 
     </span>
    </p>
   </div>
   <div class='ocr_carea' id='block_1_112' title="bbox 1008 2400 1795 2446">
    <p class='ocr_par' dir='ltr' id='par_1_112' title="bbox 1008 2400 1795 2446">
     <span class='ocr_line' id='line_1_112' title="bbox 1008 2400 1795 2446; baseline -0.019 -4"><span class='ocrx_word' id='word_1_941' title='bbox 1008 2419 1095 2442; x_wconf 79' lang='lat' dir='ltr'><strong>autem</strong></span> <span class='ocrx_word' id='word_1_942' title='bbox 1121 2412 1168 2440; x_wconf 89' lang='lat' dir='ltr'><strong>tibi</strong></span> <span class='ocrx_word' id='word_1_943' title='bbox 1188 2417 1360 2446; x_wconf 83' lang='lat' dir='ltr'><strong>apparerem,</strong></span> <span class='ocrx_word' id='word_1_944' title='bbox 1380 2407 1475 2435; x_wconf 84' lang='lat' dir='ltr'><strong>vovisti</strong></span> <span class='ocrx_word' id='word_1_945' title='bbox 1497 2410 1606 2437; x_wconf 86' lang='lat' dir='ltr'><strong>votum,</strong></span> <span class='ocrx_word' id='word_1_946' title='bbox 1627 2402 1740 2430; x_wconf 87' lang='lat' dir='ltr'><strong>dicens:</strong></span> <span class='ocrx_word' id='word_1_947' title='bbox 1756 2400 1795 2428; x_wconf 84' lang='lat' dir='ltr'><strong>De</strong></span> 
     </span>
    </p>
   </div>
   <div class='ocr_carea' id='block_1_113' title="bbox 1008 2448 1792 2493">
    <p class='ocr_par' dir='ltr' id='par_1_113' title="bbox 1008 2448 1792 2493">
     <span class='ocr_line' id='line_1_113' title="bbox 1008 2448 1792 2493; baseline -0.02 -5"><span class='ocrx_word' id='word_1_948' title='bbox 1008 2459 1121 2488; x_wconf 77' lang='lat' dir='ltr'><strong>omnibus</strong></span> <span class='ocrx_word' id='word_1_949' title='bbox 1133 2465 1189 2493; x_wconf 69' lang='lat' dir='ltr'><strong>qua</strong></span> <span class='ocrx_word' id='word_1_950' title='bbox 1208 2456 1270 2483; x_wconf 75' lang='lat' dir='ltr'><strong>mihi</strong></span> <span class='ocrx_word' id='word_1_951' title='bbox 1290 2454 1398 2486; x_wconf 81' lang='lat' dir='ltr'><strong>dederis,</strong></span> <span class='ocrx_word' id='word_1_952' title='bbox 1414 2452 1523 2479; x_wconf 78' lang='lat' dir='ltr'><strong>decimas</strong></span> <span class='ocrx_word' id='word_1_953' title='bbox 1541 2449 1606 2477; x_wconf 82' lang='lat' dir='ltr'><strong>dabo</strong></span> <span class='ocrx_word' id='word_1_954' title='bbox 1618 2448 1679 2481; x_wconf 86' lang='lat' dir='ltr'><strong>tibi,</strong></span> <span class='ocrx_word' id='word_1_955' title='bbox 1689 2451 1792 2493; x_wconf 19' lang='lat' dir='ltr'><strong>vetaret</strong></span> 
     </span>
    </p>
   </div>
   <div class='ocr_carea' id='block_1_114' title="bbox 1007 2492 1791 2542">
    <p class='ocr_par' dir='ltr' id='par_1_114' title="bbox 1007 2492 1791 2542">
     <span class='ocr_line' id='line_1_114' title="bbox 1007 2492 1791 2542; baseline -0.02 -8"><span class='ocrx_word' id='word_1_956' title='bbox 1007 2492 1184 2542; x_wconf 83' lang='lat' dir='ltr'><strong>promissione</strong></span> <span class='ocrx_word' id='word_1_957' title='bbox 1208 2501 1352 2536; x_wconf 85' lang='lat' dir='ltr'><strong>potentiam</strong></span> <span class='ocrx_word' id='word_1_958' title='bbox 1380 2505 1465 2526; x_wconf 84' lang='lat' dir='ltr'><strong>meam</strong></span> <span class='ocrx_word' id='word_1_959' title='bbox 1490 2495 1668 2542; x_wconf 74' lang='lat' dir='ltr'><strong>pmsignans,</strong></span> <span class='ocrx_word' id='word_1_960' title='bbox 1682 2492 1791 2542; x_wconf 41' lang='lat' dir='ltr'><strong>et‘lidei</strong></span> 
     </span>
    </p>
   </div>
   <div class='ocr_carea' id='block_1_115' title="bbox 1007 2538 1791 2584">
    <p class='ocr_par' dir='ltr' id='par_1_115' title="bbox 1007 2538 1791 2584">
     <span class='ocr_line' id='line_1_115' title="bbox 1007 2538 1791 2584; baseline -0.018 -6"><span class='ocrx_word' id='word_1_961' title='bbox 1007 2538 1090 2578; x_wconf 76' lang='lat' dir='ltr'><strong>oculis</strong></span> <span class='ocrx_word' id='word_1_962' title='bbox 1106 2548 1253 2584; x_wconf 64' lang='lat' dir='ltr'><strong>praevidens</strong></span> <span class='ocrx_word' id='word_1_963' title='bbox 1267 2546 1381 2573; x_wconf 86' lang='lat' dir='ltr'><strong>futuram</strong></span> <span class='ocrx_word' id='word_1_964' title='bbox 1405 2543 1453 2571; x_wconf 88' lang='lat' dir='ltr'><strong>tibi</strong></span> <span class='ocrx_word' id='word_1_965' title='bbox 1469 2549 1557 2570; x_wconf 88' lang='lat' dir='ltr'><strong>rerum</strong></span> <span class='ocrx_word' id='word_1_966' title='bbox 1579 2538 1766 2568; x_wconf 84' lang='lat' dir='ltr'><strong>abundantiam</strong></span> <span class='ocrx_word' id='word_1_967' title='bbox 1783 2547 1791 2565; x_wconf 92' lang='lat'>:</span> 
     </span>
    </p>
   </div>
   <div class='ocr_carea' id='block_1_116' title="bbox 1008 2588 1790 2629">
    <p class='ocr_par' dir='ltr' id='par_1_116' title="bbox 1008 2588 1790 2629">
     <span class='ocr_line' id='line_1_116' title="bbox 1008 2588 1790 2629; baseline -0.018 -6"><span class='ocrx_word' id='word_1_968' title='bbox 1008 2602 1078 2623; x_wconf 90' lang='lat' dir='ltr'><strong>nunc</strong></span> <span class='ocrx_word' id='word_1_969' title='bbox 1090 2595 1150 2629; x_wconf 85' lang='lat' dir='ltr'><strong>quia</strong></span> <span class='ocrx_word' id='word_1_970' title='bbox 1163 2594 1309 2619; x_wconf 86' lang='lat' dir='ltr'><strong>evenerunt</strong></span> <span class='ocrx_word' id='word_1_971' title='bbox 1321 2594 1348 2617; x_wconf 86' lang='lat' dir='ltr'><strong>et</strong></span> <span class='ocrx_word' id='word_1_972' title='bbox 1361 2588 1467 2623; x_wconf 88' lang='lat' dir='ltr'><strong>impleta</strong></span> <span class='ocrx_word' id='word_1_973' title='bbox 1482 2591 1544 2614; x_wconf 83' lang='lat' dir='ltr'><strong>sunt</strong></span> <span class='ocrx_word' id='word_1_974' title='bbox 1557 2593 1617 2621; x_wconf 60' lang='lat' dir='ltr'><strong>quas</strong></span> <span class='ocrx_word' id='word_1_975' title='bbox 1633 2592 1649 2611; x_wconf 84' lang='lat' dir='ltr'><strong>a</strong></span> <span class='ocrx_word' id='word_1_976' title='bbox 1663 2591 1706 2611; x_wconf 87' lang='lat' dir='ltr'><strong>me</strong></span> <span class='ocrx_word' id='word_1_977' title='bbox 1718 2590 1790 2629; x_wconf 69' lang='lat' dir='ltr'><strong>pra:-</strong></span> 
     </span>
    </p>
   </div>
   <div class='ocr_carea' id='block_1_117' title="bbox 1007 2628 1791 2674">
    <p class='ocr_par' dir='ltr' id='par_1_117' title="bbox 1007 2628 1791 2674">
     <span class='ocr_line' id='line_1_117' title="bbox 1007 2628 1791 2674; baseline -0.019 -5"><span class='ocrx_word' id='word_1_978' title='bbox 1007 2642 1077 2669; x_wconf 88' lang='lat' dir='ltr'><strong>dicta</strong></span> <span class='ocrx_word' id='word_1_979' title='bbox 1088 2628 1206 2674; x_wconf 20' lang='lat' dir='ltr'><strong>,ijustum</strong></span> <span class='ocrx_word' id='word_1_980' title='bbox 1219 2637 1298 2664; x_wconf 88' lang='lat' dir='ltr'><strong>fuerit</strong></span> <span class='ocrx_word' id='word_1_981' title='bbox 1311 2640 1341 2663; x_wconf 92' lang='lat' dir='ltr'><strong>ut</strong></span> <span class='ocrx_word' id='word_1_982' title='bbox 1355 2639 1382 2662; x_wconf 88' lang='lat' dir='ltr'><strong>et</strong></span> <span class='ocrx_word' id='word_1_983' title='bbox 1394 2637 1485 2661; x_wconf 86' lang='lat' dir='ltr'><strong>votum</strong></span> <span class='ocrx_word' id='word_1_984' title='bbox 1501 2637 1574 2659; x_wconf 89' lang='lat' dir='ltr'><strong>tuum</strong></span> <span class='ocrx_word' id='word_1_985' title='bbox 1588 2628 1791 2674; x_wconf 75' lang='lat' dir='ltr'><strong>impleas.Nunc</strong></span> 
     </span>
    </p>
   </div>
   <div class='ocr_carea' id='block_1_118' title="bbox 1007 2673 1790 2722">
    <p class='ocr_par' dir='ltr' id='par_1_118' title="bbox 1007 2673 1790 2722">
     <span class='ocr_line' id='line_1_118' title="bbox 1007 2673 1790 2722; baseline -0.018 -8"><span class='ocrx_word' id='word_1_986' title='bbox 1007 2695 1066 2722; x_wconf 82' lang='lat' dir='ltr'><strong>ergo</strong></span> <span class='ocrx_word' id='word_1_987' title='bbox 1076 2707 1083 2720; x_wconf 94' lang='lat'><strong>,</strong></span> <span class='ocrx_word' id='word_1_988' title='bbox 1100 2673 1201 2720; x_wconf 82' lang='lat' dir='ltr'><strong>inquit,</strong></span> <span class='ocrx_word' id='word_1_989' title='bbox 1216 2690 1300 2717; x_wconf 80' lang='lat' dir='ltr'><strong>surge,</strong></span> <span class='ocrx_word' id='word_1_990' title='bbox 1314 2685 1336 2708; x_wconf 84' lang='lat' dir='ltr'><strong>ct</strong></span> <span class='ocrx_word' id='word_1_991' title='bbox 1356 2679 1473 2716; x_wconf 79' lang='lat' dir='ltr'><strong>egredere</strong></span> <span class='ocrx_word' id='word_1_992' title='bbox 1484 2678 1515 2705; x_wconf 82' lang='lat' dir='ltr'><strong>de</strong></span> <span class='ocrx_word' id='word_1_993' title='bbox 1528 2681 1596 2704; x_wconf 80' lang='lat' dir='ltr'><strong>terra</strong></span> <span class='ocrx_word' id='word_1_994' title='bbox 1616 2676 1675 2708; x_wconf 84' lang='lat' dir='ltr'><strong>ista,</strong></span> <span class='ocrx_word' id='word_1_995' title='bbox 1686 2678 1708 2701; x_wconf 79' lang='lat' dir='ltr'><strong>et</strong></span> <span class='ocrx_word' id='word_1_996' title='bbox 1727 2673 1790 2701; x_wconf 79' lang='lat' dir='ltr'><strong>uada</strong></span> 
     </span>
    </p>
   </div>
   <div class='ocr_carea' id='block_1_119' title="bbox 1035 2755 1793 2796">
    <p class='ocr_par' dir='ltr' id='par_1_119' title="bbox 1035 2755 1793 2796">
     <span class='ocr_line' id='line_1_119' title="bbox 1035 2755 1793 2796; baseline -0.015 -7"><span class='ocrx_word' id='word_1_997' title='bbox 1035 2764 1074 2796; x_wconf 83' lang='grc' dir='ltr'><strong>(α)</strong></span> <span class='ocrx_word' id='word_1_998' title='bbox 1090 2767 1116 2788; x_wconf 88' lang='lat' dir='ltr'><strong>tn</strong></span> <span class='ocrx_word' id='word_1_999' title='bbox 1125 2766 1216 2791; x_wconf 66' lang='lat' dir='ltr'><strong>Grteeo,</strong></span> <span class='ocrx_word' id='word_1_1000' title='bbox 1227 2766 1303 2796; x_wconf 52' lang='grc' dir='ltr'><strong>ιτιςεην,</strong></span> <span class='ocrx_word' id='word_1_1001' title='bbox 1315 2759 1379 2791; x_wconf 88' lang='lat' dir='ltr'><strong>quod</strong></span> <span class='ocrx_word' id='word_1_1002' title='bbox 1389 2761 1447 2796; x_wconf 62' lang='lat' dir='ltr'><strong>gnte</strong></span> <span class='ocrx_word' id='word_1_1003' title='bbox 1457 2755 1793 2796; x_wconf 21' lang='lat' dir='ltr'><strong>cippumxerterlsivlel‘mc-</strong></span> 
     </span>
    </p>
   </div>
   <div class='ocr_carea' id='block_1_120' title="bbox 1008 2787 1795 2823">
    <p class='ocr_par' dir='ltr' id='par_1_120' title="bbox 1008 2787 1795 2823">
     <span class='ocr_line' id='line_1_120' title="bbox 1008 2787 1795 2823; baseline -0.013 -3"><span class='ocrx_word' id='word_1_1004' title='bbox 1008 2787 1143 2823; x_wconf 45' lang='lat' dir='ltr'><strong>Ingeram</strong></span> <span class='ocrx_word' id='word_1_1005' title='bbox 1162 2799 1170 2817; x_wconf 91' lang='lat'><em>:</em></span> <span class='ocrx_word' id='word_1_1006' title='bbox 1183 2787 1224 2816; x_wconf 80' lang='lat' dir='ltr'><strong>ara</strong></span> <span class='ocrx_word' id='word_1_1007' title='bbox 1237 2787 1302 2816; x_wconf 76' lang='lat' dir='ltr'><strong>enim</strong></span> <span class='ocrx_word' id='word_1_1008' title='bbox 1317 2787 1378 2815; x_wconf 80' lang='lat' dir='ltr'><strong>vere</strong></span> <span class='ocrx_word' id='word_1_1009' title='bbox 1389 2787 1441 2818; x_wconf 83' lang='lat' dir='ltr'><strong>fuit,</strong></span> <span class='ocrx_word' id='word_1_1010' title='bbox 1452 2787 1523 2823; x_wconf 69' lang='lat' dir='ltr'><strong>quam</strong></span> <span class='ocrx_word' id='word_1_1011' title='bbox 1534 2787 1652 2818; x_wconf 83' lang='lat' dir='ltr'><strong>religione</strong></span> <span class='ocrx_word' id='word_1_1012' title='bbox 1667 2789 1745 2812; x_wconf 83' lang='lat' dir='ltr'><strong>motus</strong></span> <span class='ocrx_word' id='word_1_1013' title='bbox 1756 2787 1795 2811; x_wconf 89' lang='lat' dir='ltr'><strong>in-</strong></span> 
     </span>
    </p>
   </div>
   <div class='ocr_carea' id='block_1_121' title="bbox 1007 2820 1519 2856">
    <p class='ocr_par' dir='ltr' id='par_1_121' title="bbox 1007 2820 1519 2856">
     <span class='ocr_line' id='line_1_121' title="bbox 1007 2820 1519 2856; baseline -0.012 -6"><span class='ocrx_word' id='word_1_1014' title='bbox 1007 2820 1085 2856; x_wconf 78' lang='lat' dir='ltr'><strong>unxit,</strong></span> <span class='ocrx_word' id='word_1_1015' title='bbox 1098 2828 1123 2849; x_wconf 86' lang='lat' dir='ltr'><strong>et</strong></span> <span class='ocrx_word' id='word_1_1016' title='bbox 1135 2824 1158 2848; x_wconf 86' lang='lat' dir='ltr'><strong>in</strong></span> <span class='ocrx_word' id='word_1_1017' title='bbox 1171 2829 1217 2854; x_wconf 87' lang='lat' dir='ltr'><strong>qua</strong></span> <span class='ocrx_word' id='word_1_1018' title='bbox 1229 2828 1315 2853; x_wconf 76' lang='lat' dir='ltr'><strong>preces</strong></span> <span class='ocrx_word' id='word_1_1019' title='bbox 1326 2824 1351 2846; x_wconf 87' lang='lat' dir='ltr'><strong>et</strong></span> <span class='ocrx_word' id='word_1_1020' title='bbox 1362 2824 1416 2846; x_wconf 85' lang='lat' dir='ltr'><strong>vota</strong></span> <span class='ocrx_word' id='word_1_1021' title='bbox 1429 2820 1519 2844; x_wconf 80' lang='lat' dir='ltr'><strong>emisit.</strong></span> 
     </span>
    </p>
   </div>
  </div>
