2046 3126
262 119 325 149 Ἦ

271 179 298 204 in
313 183 404 204 terrain
418 176 551 204 nativitatis
564 180 614 202 tua!
623 197 630 209 ,
644 181 667 203 et
681 185 721 203 ero
736 181 827 203 tecum.
845 176 900 211 Ego
920 181 945 203 te
959 175 1057 210 ubique

271 223 435 256 comitabor,
451 229 502 257 ego
516 222 563 250 tibi
577 221 682 249 facilem
695 223 833 250 Ostendam
847 223 916 249 viam
929 242 936 254 ,
948 226 977 249 et
997 220 1057 248 nul-

257 269 328 296 'lum
352 276 367 295 a
384 267 512 303 quopiam
531 267 656 295 damnum
669 267 879 300 feres;deatcra
906 268 976 294 enim
999 273 1057 294 mea

270 312 368 348 ubique
382 318 409 341 te
422 318 551 348 proteget.
568 313 611 340 Η.
626 312 688 340 Hac
705 313 834 340 audientes
850 312 946 340 Rachel
958 317 981 339 et
991 311 1056 346 Lia,

256 367 258 369 ι
270 358 389 385 dixerunt
400 358 423 385 ei
435 365 445 386 .'
456 358 587 394 Numquid
599 363 634 386 est
648 358 720 386 nobis
736 366 801 393 pars
823 358 861 385 vel
879 358 1012 386 Ita-reditas
1032 358 1058 385 in

269 403 344 430 domo
358 403 437 438 patris
453 403 553 430 nostri?
566 404 609 432 15.
628 403 721 430 Nonne
735 408 762 430 at
777 403 866 430 aliena
877 408 999 438 reputate:
1012 412 1057 430 su-

264 456 326 474 mus
335 448 407 484 apud
419 448 498 476 eunt!
514 448 629 476 Vendidit
642 449 710 476 enim
723 457 779 481 nos,
792 454 816 476 et
830 449 973 476 devorando
987 457 1058 476 com-

270 495 321 522 edit
338 495 444 530 pretium
459 500 581 523 nostrum.
596 496 638 523 l6.
649 495 684 522 Et
697 504 760 530 quas
766 504 860 523 omnes
872 495 941 523 Deus
955 496 1058 523 abstulit

259 540 370 567 divitias
382 545 407 567 et
421 540 527 575 gloriam
541 549 556 567 a
571 545 642 575 patre
655 546 750 574 nostro,
767 540 812 567 tibi
826 540 896 567 dedit
910 548 920 567 .'
935 549 1000 567 nunc
1010 541 1059 577 igi-

260 589 312 613 ‘tur
322 594 486 621 quacumque
495 586 586 614 dis-erit
601 587 645 613 tibi
655 585 724 614 Deus
737 591 804 618 tuus,
816 587 868 622 fac.
883 585 949 614 Vide
963 591 990 614 et
1010 586 1058 614 has

269 636 413 666 scquentes
427 631 471 659 Dei
486 631 638 664 arbitrium,
650 637 677 659 et
701 631 844 659 afferentes
865 632 995 659 rationem
1015 631 1058 659 cui

269 677 414 704 contradici
429 685 481 704 non
497 678 591 712 potuit.
603 677 672 704 Num
685 682 726 705 est
742 677 840 712 aliquid
853 684 994 704 commune
1006 685 1058 704 no-

270 722 312 750 bis
324 743 331 756 ,
344 723 428 756 aiunt,
440 731 500 750 cum
515 728 590 757 patre
600 724 711 751 nostro?
725 723 812 751 Semel
837 724 909 751 enim
930 731 979 751 nos
994 731 1059 751 vcn-

270 768 346 795 didit.
358 768 467 796 Divitias
479 773 503 796 et
523 769 631 803 gloriam
644 777 720 802 quam
738 769 842 796 abstulit
859 768 929 796 Deus
949 777 965 796 α
987 774 1059 804 patre

263 819 364 846 ‘nostro,
378 818 402 841 et
414 814 482 840 dedit
496 814 539 840 tibi
549 823 558 847 ;
570 823 615 841 nos
632 814 793 848 habebimus,
808 819 831 841 et
845 815 894 849 filii
911 815 999 841 nostri.
1017 814 1056 842 No

263 865 343 886 cessa
354 859 442 893 igitur.
456 867 542 894 neque
550 859 637 892 diﬁ'er,
654 859 700 887 sed
715 859 755 886 fac
765 867 823 894 qua:
834 859 881 887 tibi
897 867 911 886 a
927 859 982 886 Deo
996 863 1059 886 sunt

269 903 406 938 imperata.
425 903 501 930 Nunc
510 904 589 940 igitur
598 912 760 940 quiscumque
775 904 839 931 dixit
851 904 895 931 tibi
910 904 978 932 Deus
989 909 1057 937 tuus,

266 951 320 984 fac.
336 949 379 976 l7.
394 948 455 976 Ha'c
472 954 499 977 ut
512 950 608 977 audivit
618 949 709 983 Iacob,
725 951 834 978 summit
846 955 868 977 et
883 951 978 985 accepit
997 959 1060 978 tuco-

264 1003 310 1022 res
331 1003 408 1028 suas,
424 1000 447 1022 et
462 996 545 1029 ﬁlios,
561 1000 585 1023 et
606 997 740 1023 ascendere
758 996 817 1031 fecit
833 1005 908 1032 super
930 997 1059 1024 camelos:

267 1041 312 1068 18.
335 1046 359 1067 et
377 1040 483 1068 abduxit
500 1042 585 1069 omnia
607 1049 663 1076 qui:
685 1041 790 1069 habebat
804 1063 812 1075 ,
827 1047 850 1069 et
883 1043 1060 1078 supellectilem

269 1093 352 1118 suout,
366 1094 441 1121 quant
453 1086 602 1121 acquisierat
613 1087 639 1114 in
651 1086 834 1121 Mesopotamia
842 1108 849 1121 ,
861 1092 883 1114 et
896 1089 981 1115 omnia
1001 1097 1058 1122 sua,

266 1138 294 1159 ut
308 1132 387 1159 abiret
397 1133 431 1159 ad
445 1132 519 1160 Isaac
530 1138 627 1168 patrem
641 1141 723 1161 suum.

297 1178 330 1205 4.
339 1177 361 1204 Ε
370 1177 444 1205 domo
453 1177 548 1205 Labani
557 1178 622 1213 fugit
630 1178 709 1205 Jacob
716 1187 725 1210 ;
733 1186 789 1213 qua
796 1180 882 1214 fugam
889 1185 991 1214 sequuta
999 1181 1059 1212 sint;

265 1223 418 1256 praedicatur
431 1231 492 1250 cura
501 1222 552 1250 Dei
563 1231 622 1258 erga
635 1231 695 1250 suos
705 1243 714 1257 ,
729 1231 786 1258 qute
804 1224 830 1250 in
851 1231 958 1258 persona
980 1224 1060 1251 Jacob

267 1268 401 1295 ειμι-ειμ-
423 1267 584 1302 Considera,
605 1269 736 1303 obsecro,
758 1268 938 1297 fortitudinem
965 1270 1059 1297 anima:

263 1314 347 1348 justi,
367 1318 394 1341 et
416 1313 550 1349 quomodo
571 1314 677 1349 repulso
690 1314 762 1342 omni
787 1315 883 1342 mentis
908 1323 1006 1350 angore
1029 1323 1061 1344 ac

265 1364 356 1392 metu,
392 1359 517 1387 mandato
539 1359 672 1387 dominico
701 1359 902 1393 obtemperavit.
930 1361 1059 1394 Quoniam

264 1406 336 1433 enim
351 1405 415 1432 vidit
427 1406 495 1433 male
508 1413 599 1433 sanam
614 1410 729 1433 mentem
749 1405 866 1439 Labani,
891 1413 944 1434 non
970 1407 1038 1434 ultra
1049 1426 1058 1441 ,

264 1452 333 1479 sicut
345 1453 418 1487 prius
428 1473 436 1486 ,
452 1452 617 1487 interrogare
629 1460 689 1479 eum
704 1452 804 1480 voluit:
821 1452 867 1479 sed
881 1453 951 1488 quod
974 1453 1059 1488 impe-

261 1502 350 1524 ratum
365 1503 448 1525 erata
461 1498 588 1531 Domino,
604 1498 729 1533 implebat
741 1518 747 1529 ,
762 1503 790 1526 et
804 1499 920 1533 acceptis
941 1499 1060 1526 mulieri—

265 1541 315 1570 bus
328 1547 355 1570 et
368 1543 457 1577 pueris
467 1564 473 1575 ,
490 1543 539 1570 iter
553 1543 673 1577 arripuit.
689 1543 731 1570 19.
747 1542 835 1570 Laban
847 1549 929 1570 autem
941 1564 948 1576 ,
963 1543 1057 1578 inquit,

264 1588 359 1615 abierat
371 1589 404 1615 ad
412 1589 564 1616 tondendum
574 1597 629 1616 oues
639 1597 709 1618 suas.
721 1588 818 1616 Furata
827 1594 909 1617 autem
919 1594 954 1616 est
966 1589 1061 1617 Rachel

264 1634 333 1661 idola
347 1635 426 1669 patris
435 1635 485 1661 sui.
497 1634 588 1670 Neque
601 1634 652 1663 huc
670 1635 769 1670 absque
780 1643 858 1663 causa
875 1636 950 1664 nobis
966 1644 1061 1672 propo-

264 1680 342 1707 situm
355 1685 396 1707 est
407 1701 414 1712 ,
430 1680 477 1708 sed
499 1685 528 1708 ut
545 1681 661 1709 sciamus
672 1682 805 1716 quomodo
816 1682 903 1710 adhuc
924 1688 1059 1717 paternam

265 1726 393 1754 habentes
419 1727 656 1759 consuetudinem,
684 1727 814 1755 idolorum
839 1729 921 1756 cultui
949 1729 1061 1757 addictus

264 1775 349 1798 erant.
364 1771 552 1800 Animadverte
564 1772 634 1800 enim
648 1793 656 1806 ,
680 1777 807 1807 quantum
823 1774 864 1800 illa
888 1774 914 1801 in
930 1774 979 1801 hoc
1002 1780 1059 1802 stu-

261 1816 337 1843 dium
352 1816 509 1852 impenderit
521 1838 528 1849 ,
541 1825 601 1845 cum
615 1817 681 1845 nihil
694 1818 765 1845 aliud
777 1826 792 1845 a
806 1824 881 1853 patre
893 1819 999 1847 auferre
1011 1828 1059 1848 vo-

265 1861 361 1896 luerit,
385 1871 464 1898 quam
489 1863 558 1891 idola
585 1864 662 1898 ejus,
691 1864 769 1899 idque
789 1864 901 1892 faciebat
924 1865 1061 1900 ignorante

264 1907 322 1935 viro
334 1917 341 1935 :
354 1915 440 1942 neque
452 1909 522 1936 enim
537 1909 579 1936 ille
591 1909 642 1936 hoc
655 1910 820 1944 permisisset
833 1910 900 1937 licri.
912 1910 957 1938 20.
969 1910 1060 1938 Occul-

264 1953 324 1979 tarit
334 1958 418 1980 autem
430 1974 437 1986 ,
448 1954 535 1988 inquit
547 1975 554 1988 ,
567 1953 648 1981 Iacob
661 1963 677 1981 a
690 1954 777 1981 Laban
788 1954 855 1990 Syro
863 1976 870 1988 ,
882 1964 913 1982 ne
922 1957 1059 1982 annuntia-

264 2003 333 2025 rctur
340 1998 364 2026 ei
373 1999 439 2033 quod
446 2001 550 2034 fugeret.
558 1999 588 2026 2|
597 2020 603 2026 .
612 1999 645 2026 Et
655 2000 771 2027 abscessit
780 2000 834 2035 ipse
841 2005 864 2027 et
876 2001 960 2027 omnia
969 2001 1059 2036 ipsius,

264 2049 287 2071 et
300 2045 405 2073 transilo
419 2046 513 2081 ﬂuuio,
527 2047 653 2074 contendit
668 2047 702 2074 ad
716 2052 824 2075 montem
842 2047 951 2075 Galaad.
977 2048 1058 2082 Vide,

263 2090 395 2124 obsecro,
414 2093 492 2119 etiam
507 2091 549 2119 hic
566 2099 688 2127 magnam
710 2093 756 2120 Dei
771 2094 980 2128 providentiam,
992 2102 1059 2130 quo-

265 2136 362 2170 modo,
375 2136 460 2164 donec
477 2137 566 2172 justus
589 2138 679 2172 procul
692 2138 854 2173 aufugisset,
870 2146 921 2166 non
941 2140 1061 2174 permisit

265 2186 294 2208 ut
305 2181 395 2208 Laban
410 2181 479 2209 illius
493 2189 626 2210 secessum
641 2183 731 2211 sciret.
754 2183 800 2210 22.
816 2184 905 2211 Tribus
919 2185 989 2212 enim
1005 2185 1060 2212 die-

265 2227 311 2253 bus
322 2246 331 2259 ,
344 2226 444 2261 inquit,
456 2228 589 2261 prwteritis
598 2247 605 2259 ,
616 2228 666 2262 ipsi
677 2228 766 2255 Laban
784 2229 902 2256 innotuit.
916 2230 960 2258 9.5.
974 2230 1007 2257 Et
1019 2239 1061 2258 as-

265 2273 372 2308 sumptis
383 2273 497 2300 omnibus
514 2273 633 2309 fratribus
645 2274 696 2301 suis
709 2294 717 2307 ,
729 2280 872 2309 persecutus
890 2280 927 2302 est
947 2284 1003 2303 eum
1021 2277 1061 2304 via

265 2318 363 2345 dierum
381 2323 492 2352 septem;
505 2324 528 2346 et
547 2324 715 2354 consequutus
734 2327 790 2346 eum
801 2320 828 2347 in
847 2325 930 2348 monte
951 2321 1059 2350 Galaad.

265 2363 383 2392 Obsecro
403 2365 445 2392 hic
457 2372 561 2400 quoque
572 2365 695 2393 attendas
714 2365 760 2393 Dei
773 2366 975 2400 providentiam.
995 2368 1060 2395 Nam

268 2410 313 2444 qui
324 2409 391 2437 dixit
401 2431 409 2442 ,
424 2409 556 2437 Rethere
566 2411 593 2437 in
607 2415 698 2438 terram
711 2416 794 2445 tuam,
816 2417 838 2439 et
860 2421 901 2440 ero
911 2418 1005 2447 tecum,
1018 2414 1062 2442 ille

265 2455 345 2482 etiam
359 2463 430 2482 nunc
441 2462 516 2482 suam
535 2455 649 2484 declarat
675 2457 875 2492 providentiam.
901 2459 968 2492 Quia
991 2460 1060 2488 enim

269 2500 333 2528 vidit
347 2500 437 2528 Laban
449 2508 512 2528 cum
528 2501 608 2529 multa
622 2501 801 2538 indignatione
812 2505 934 2540 persequi
946 2505 1059 2540 justum,

267 2551 294 2573 et
304 2553 409 2581 pausam
423 2546 510 2574 furtivi
523 2555 645 2576 secessus
653 2570 661 2582 ,
673 2553 702 2576 ut
714 2549 749 2576 ita
761 2549 845 2577 dicam
857 2570 865 2582 ,
878 2555 1044 2586 sumpturum
1053 2571 1061 2585 ,

267 2591 390 2626 apparuit
411 2592 500 2620 Laban
520 2599 597 2622 nocte
616 2594 642 2621 in
655 2602 760 2622 somno.
773 2596 818 2623 24.
838 2595 909 2623 Venit
931 2597 1010 2630 enim,
1023 2597 1062 2624 in-

266 2638 322 2672 quit
332 2656 340 2669 ,
355 2637 421 2665 Deus
431 2639 466 2665 ad
476 2638 563 2667 Luban
575 2640 668 2676 Syrum
679 2641 705 2668 in
717 2649 805 2669 somno
815 2647 886 2669 nocte
894 2663 902 2674 ,
913 2647 936 2669 et
946 2643 1009 2670 dixit
1029 2645 1061 2672 ei.

269 2682 336 2710 Vide
350 2683 397 2711 Dei
411 2684 599 2719 indulgentiam
609 2707 616 2718 ,
631 2687 764 2721 quomodo
776 2687 810 2714 ob
823 2695 897 2715 suam
921 2689 946 2715 in
962 2689 1061 2724 justum

267 2728 459 2762 providentiam
473 2737 533 2757 cum
548 2730 638 2758 Laban
652 2732 812 2767 colloquitur
826 2741 832 2759 :
857 2738 884 2760 ut
904 2734 994 2761 territa
1006 2734 1063 2768 ejus

270 2775 494 2810 menteimpetum
508 2776 565 2811 ejus
576 2785 590 2804 a
601 2777 682 2805 Jacob
690 2783 824 2806 coerceat.
837 2779 902 2806 Cave
914 2780 958 2807 tibi
965 2801 973 2813 ,
985 2788 1017 2807 ne
1027 2781 1064 2807 lo-

266 2821 353 2856 quaris
361 2821 502 2849 cumlacob
513 2822 590 2849 inata.
605 2822 695 2858 Magna
709 2823 812 2852 Domini
826 2823 982 2860 benignitas.
996 2825 1062 2860 Quia

641 118 670 146 S.
690 118 828 148 JOANNIS
845 117 1080 148 CHRYSOSTOMI
1100 117 1259 148 ARCHIEP.
1279 122 1540 151 CONSTANI'LVOP.

1847 129 1899 157 500

1111 176 1181 202 enim
1189 177 1288 205 sciebat
1300 186 1360 205 cum
1371 179 1404 206 ad
1416 188 1526 215 pugnam
1539 181 1710 215 contendere,
1724 187 1750 210 et
1760 189 1850 211 contra
1859 187 1901 219 ju—

1110 226 1180 264 stum
1188 222 1323 257 insurgere
1333 225 1410 256 velle,
1418 225 1467 253 hoc
1475 226 1555 254 verbo
1563 232 1676 254 mentem
1686 229 1743 262 ejus
1748 232 1900 264 compescit,

1109 267 1137 291 et
1145 263 1225 291 dicit:
1239 264 1303 292 Cave
1315 265 1367 298 tibi.
1380 274 1410 293 ne
1421 267 1530 300 loquaris
1540 277 1595 295 cum
1605 268 1685 296 Iacob
1696 270 1763 296 mala
1777 279 1784 297 :
1795 271 1904 304 perinde

1109 315 1141 336 ac
1152 309 1174 336 si
1189 309 1288 338 diceret
1300 319 1306 337 :
1319 310 1389 339 Cave
1403 319 1436 339 ne
1455 313 1495 340 vel
1508 313 1597 341 verbis
1610 313 1746 341 oﬁ‘endere
1765 314 1847 342 Jacob
1858 323 1902 343 co-

1110 356 1198 383 neris:
1213 356 1259 384 scd
1279 364 1355 384 serva
1371 358 1483 393 teipsum
1494 379 1501 391 ,
1512 359 1620 386 contine
1633 360 1731 387 malum
1747 360 1817 388 hunc
1831 365 1901 389 tuum

1110 400 1236 435 impetum
1249 422 1256 435 ,
1279 403 1424 438 comprime
1445 403 1560 432 furorem
1571 425 1579 438 ,
1593 404 1697 433 refrena
1710 406 1806 433 iratum
1830 411 1901 435 tuum

1109 446 1226 474 animum
1237 467 1244 479 ,
1258 454 1289 475 ac
1307 456 1341 475 ne
1353 449 1394 476 vel
1407 448 1488 476 verbo
1503 449 1588 484 ipsum
1612 451 1768 478 contristare
1780 451 1856 479 velis.
1871 452 1901 479 Et

1109 491 1246 519 considera
1259 493 1305 520 Dei
1323 493 1502 520 clementiam.
1516 494 1572 521 Non
1585 494 1722 529 imperavit
1747 495 1855 523 Labano
1876 502 1902 524 ut

1109 537 1142 565 ad
1156 539 1261 574 propria
1280 543 1470 573 reverteretur,
1490 539 1536 567 sed
1551 540 1637 568 solum
1654 540 1774 575 prohibet
1795 549 1828 569 ne
1842 543 1903 577 quid

1109 584 1204 612 durum
1220 585 1262 612 vel
1282 585 1421 613 molestum
1445 594 1505 613 cum
1517 586 1589 620 justo
1604 586 1735 622 loquatur.
1749 588 1851 621 Quare,
1877 594 1906 616 et

1110 633 1217 664 propter
1231 629 1314 664 quid?
1325 629 1360 658 Ut
1374 630 1458 658 discat
1473 638 1519 665 per
1536 632 1639 665 negotia
1652 636 1678 659 et
1693 639 1740 666 pcr
1753 640 1834 667 opera
1849 633 1904 668 ipsa

1107 674 1210 709 justus,
1223 681 1348 711 quantam
1359 677 1401 703 sui
1411 684 1502 704 curam
1515 682 1590 712 gerat
1603 678 1681 705 Deus.
1695 678 1759 706 Nam
1772 679 1794 706 si
1811 687 1903 708 rever-

1109 727 1155 748 sus
1167 721 1258 749 fuisset
1268 722 1357 749 Laban
1369 742 1376 755 ,
1388 722 1458 750 unde
1474 722 1537 750 illud
1550 723 1674 751 scivisset
1684 723 1767 751 Iacob
1776 744 1784 756 ,
1793 730 1838 751 aut
1847 727 1906 759 ejus

1111 767 1229 794 uxores?
1242 767 1303 795 Ideo
1317 768 1443 802 permittit
1458 769 1483 795 ei
1497 773 1525 796 ut
1537 768 1626 802 abeat,
1642 774 1669 797 et
1677 768 1767 804 lingua
1780 777 1827 797 sua
1839 778 1904 797 ωυ-

1111 812 1214 840 ﬁteatur
1221 821 1280 848 qua:
1290 813 1358 841 Deus
1365 813 1431 841 dixit
1437 813 1470 841 ad
1478 821 1518 848 se,
1527 822 1579 849 quo
1586 820 1613 842 et
1621 815 1708 849 justus
1717 816 1843 850 majorem
1851 817 1907 843 ala-

1109 858 1230 886 critatem
1245 858 1341 886 habeat
1363 859 1568 893 proﬁciscendo,
1586 859 1759 895 ﬁduciamque
1773 861 1904 895 accipiat,

1109 908 1135 931 et
1156 908 1186 931 ut
1209 904 1287 938 hujus
1319 911 1416 932 uxores
1439 905 1448 920 ¹
1475 904 1578 932 discant
1599 911 1697 940 quanto
1721 906 1807 933 studio
1835 906 1907 933 Deus

1109 951 1228 978 omnium
1252 950 1378 978 Dominus
1399 950 1524 978 Jacobum
1550 956 1641 984 curet,
1663 951 1835 986 rejiciantque
1858 959 1905 978 er-

1110 1003 1198 1023 rorem
1229 1001 1386 1030 paternum,
1416 1000 1443 1023 et
1469 996 1604 1024 imitentur
1627 996 1745 1031 justum,
1769 1002 1849 1031 atque
1874 997 1907 1024 ad

1110 1042 1324 1077 cognoscendum
1339 1042 1422 1070 Deum
1437 1042 1611 1070 sufﬁcientem
1626 1042 1774 1070 doctrinam
1789 1042 1848 1070 inde
1860 1051 1908 1070 ac-

1110 1088 1218 1121 cipiant.
1230 1087 1321 1122 Neque
1336 1088 1406 1114 enim
1423 1088 1462 1115 sic
1487 1087 1539 1115 lide
1559 1087 1636 1122 digna
1650 1093 1726 1115 erant
1748 1096 1807 1122 qua:
1826 1087 1908 1115 lacob

1110 1133 1214 1161 dicebat
1226 1153 1234 1165 ,
1248 1138 1276 1160 ut
1288 1141 1346 1168 qua:
1358 1141 1373 1160 a
1384 1133 1473 1160 Laban
1489 1133 1655 1166 dicebantur,
1670 1135 1714 1168 qui
1735 1133 1822 1160 adhuc
1836 1133 1906 1160 idola

1110 1180 1223 1207 colebat.
1238 1179 1349 1214 Semper
1358 1180 1428 1207 enim
1440 1179 1583 1207 infidelium
1593 1184 1618 1206 et
1629 1179 1826 1207 adversantium
1836 1187 1907 1206 vera:

1110 1225 1231 1260 religioni
1253 1225 1402 1253 testimonia
1419 1225 1545 1260 majorem
1565 1225 1663 1252 habent
1689 1224 1778 1252 ﬁdem.
1801 1225 1835 1251 Et
1859 1225 1909 1252 hoc

1110 1276 1151 1299 est
1164 1279 1195 1299 ex
1216 1271 1391 1306 omnipotenti
1410 1271 1537 1306 sapientia
1553 1271 1615 1304 Dei,
1628 1277 1689 1298 cum
1704 1270 1825 1297 inimicos
1840 1270 1910 1297 veri-

1110 1317 1172 1345 tatis
1187 1317 1259 1351 ipsos
1274 1321 1356 1344 testes
1370 1317 1488 1344 veritatis
1501 1316 1582 1343 efﬁcit
1592 1336 1599 1349 ,
1613 1320 1641 1343 et
1661 1324 1708 1343 sua
1725 1316 1813 1350 lingua
1827 1316 1910 1350 ipsam

1112 1362 1218 1390 ﬁrmare
1228 1368 1358 1398 satagunt.
1367 1362 1411 1389 25.
1420 1361 1590 1396 Const-qualus
1598 1366 1634 1388 est
1643 1366 1725 1389 autem
1734 1361 1820 1387 Labau
1833 1361 1910 1387 Jam-

1111 1408 1179 1435 bum.
1205 1407 1284 1435 Iacob
1298 1413 1382 1435 autem
1401 1408 1457 1443 [imit
1475 1408 1662 1434 tabernaculum
1674 1415 1747 1434 suum
1759 1408 1784 1433 in
1806 1411 1888 1433 monte
1900 1417 1908 1432 :

1111 1453 1199 1481 Laban
1211 1463 1267 1482 vero
1280 1454 1405 1481 constituit
1423 1455 1513 1489 fratres
1525 1461 1583 1480 suos
1604 1453 1630 1480 in
1644 1457 1726 1479 monte
1740 1452 1849 1479 Galaad.
1864 1451 1910 1478 9.6.

1111 1499 1183 1527 Dixit
1192 1505 1275 1527 autem
1283 1499 1370 1526 Laban
1382 1499 1415 1526 ad
1421 1498 1501 1526 Jacob
1513 1506 1522 1526 :
1537 1498 1587 1525 Cur
1595 1498 1642 1525 hoc
1652 1498 1753 1533 fecisti?
1766 1497 1832 1524 Vide
1846 1504 1911 1531 quo-

1112 1546 1192 1573 modo
1205 1550 1364 1581 pneceplum
1388 1545 1434 1573 Dei
1449 1552 1572 1579 magnum
1593 1544 1662 1571 illius
1675 1544 1791 1571 calorem
1806 1550 1912 1578 repres-

1112 1592 1160 1625 sit,
1174 1595 1201 1619 et
1213 1591 1328 1619 furorem
1339 1590 1482 1618 refrenavit
1494 1599 1501 1616 :
1513 1593 1538 1618 et
1552 1589 1649 1617 idcirco
1661 1597 1721 1617 cum
1732 1596 1828 1624 magna
1838 1596 1912 1615 man-

1111 1637 1249 1666 suetudine
1256 1636 1418 1672 colloquium
1427 1636 1571 1663 habetcum
1586 1643 1619 1662 eo
1628 1655 1636 1668 ,
1651 1635 1726 1670 quasi
1735 1642 1763 1661 se
1770 1641 1912 1669 excusans,

1112 1688 1138 1711 et
1154 1688 1288 1718 paternam
1301 1681 1470 1709 dilectionem
1477 1688 1539 1716 erga
1555 1680 1626 1707 illum
1641 1680 1789 1707 declarans.
1803 1680 1913 1713 Quando

1111 1729 1183 1756 enim
1197 1735 1312 1762 supema
1334 1726 1500 1762 providentia
1522 1726 1598 1753 nobis
1616 1725 1732 1757 assistit,
1749 1732 1802 1752 non
1826 1725 1911 1752 δυιιιω

1114 1774 1245 1801 malorum
1261 1772 1397 1800 hominum
1413 1771 1521 1799 insidias
1544 1771 1660 1805 cﬁugere
1682 1777 1841 1804 pOSsumus,
1865 1769 1911 1796 scd

1111 1820 1161 1847 etsi
1185 1819 1212 1846 in
1237 1819 1335 1846 bestias
1352 1818 1424 1853 ipsas
1445 1817 1611 1849 incidamus,
1632 1817 1697 1843 nihil
1719 1816 1823 1843 adversi
1837 1816 1912 1842 nobis

1111 1865 1208 1893 evenit.
1223 1864 1346 1892 Omnium
1359 1863 1430 1891 cnim
1447 1863 1573 1890 Dominus
1585 1869 1641 1890 sua:
1659 1861 1763 1888 virtutis
1787 1866 1913 1895 praestan-

1111 1912 1175 1939 tiam
1188 1911 1327 1939 declarans
1338 1931 1346 1943 ,
1362 1909 1506 1937 bestiarum
1520 1912 1605 1936 mutat
1617 1911 1738 1934 naturam
1748 1927 1755 1939 ,
1770 1913 1869 1940 easque
1883 1906 1910 1932 in

1111 1965 1175 1985 oves
1188 1961 1340 1984 mansuetas
1351 1954 1539 1983 transformat:
1552 1961 1604 1981 non
1619 1952 1690 1988 quod
1712 1952 1851 1980 bestialem
1873 1952 1913 1978 eis

1111 2009 1232 2031 naturam
1255 2003 1377 2030 immutet
1388 2022 1395 2034 ,
1416 2000 1463 2028 sed
1477 2000 1582 2028 relic:as
1595 1999 1621 2026 in
1634 2003 1726 2026 natura
1741 2005 1788 2025 eas
1798 2018 1807 2031 ,
1823 1998 1912 2024 ovium

1112 2058 1201 2079 mores
1212 2055 1240 2077 et
1253 2054 1375 2076 naturam
1388 2048 1515 2076 exhibere
1529 2047 1634 2081 satagit.
1658 2045 1738 2080 quue
1758 2052 1810 2072 non
1826 2044 1911 2071 solum

1112 2097 1138 2125 in
1152 2097 1215 2125 feris
1224 2097 1284 2132 quis
1297 2096 1388 2124 videre
1403 2095 1519 2130 poterit,
1529 2093 1579 2122 sed
1597 2097 1624 2120 et
1638 2093 1663 2119 in
1675 2093 1816 2119 clementis
1838 2092 1909 2126 ipsis.

1111 2143 1223 2178 Quando
1234 2143 1305 2171 enim
1320 2143 1393 2176 vult,
1407 2146 1470 2169 tunc
1483 2145 1511 2168 et
1519 2141 1652 2168 elementa
1668 2140 1724 2174 ipsa
1739 2138 1844 2166 virtutis
1858 2145 1911 2165 sua:

1112 2191 1312 2223 obliviscuntur,
1323 2193 1350 2217 et
1363 2196 1448 2223 neque
1461 2187 1529 2223 ignis
1541 2186 1603 2214 facit
1616 2185 1687 2221 quod
1703 2185 1770 2220 ignis
1785 2184 1864 2212 solet.
1879 2184 1910 2210 Et

1113 2236 1164 2264 hoc
1173 2244 1277 2272 quoque
1286 2235 1389 2263 discere
1400 2234 1499 2270 poterit
1512 2233 1606 2268 aliquis
1617 2237 1670 2259 tam
1681 2232 1708 2259 in
1718 2231 1803 2259 tribus
1811 2230 1909 2265 pueris,

1113 2292 1190 2318 quam
1198 2283 1223 2310 in
1233 2283 1340 2310 Daniele
1348 2281 1457 2317 (Dan.6.
1465 2280 1522 2316 22).
1530 2280 1594 2308 Nam
1606 2279 1675 2306 hunc
1680 2278 1772 2305 leones
1777 2279 1845 2310 sicut
1851 2283 1910 2304 aves

1113 2327 1328 2360 circumdabant,
1341 2333 1368 2355 et
1380 2334 1496 2362 superno
1505 2325 1604 2352 auxilio
1614 2329 1701 2352 retusa
1711 2330 1806 2351 eorum
1820 2322 1912 2349 feroci-

1115 2377 1168 2402 tate
1179 2394 1187 2407 ,
1203 2373 1266 2401 nihil
1279 2374 1316 2400 illi
1332 2372 1493 2400 incommodi
1504 2370 1613 2398 dabant.
1625 2370 1691 2397 Nam
1705 2368 1777 2404 quod
1791 2368 1907 2396 ferocita-

1114 2424 1167 2447 tem
1182 2427 1234 2446 non
1249 2422 1403 2446 exercentes
1416 2417 1495 2449 forte,
1511 2424 1570 2444 eam
1585 2420 1673 2443 tamen
1697 2414 1853 2442 retinnerint
1863 2435 1871 2447 ,
1895 2413 1909 2440 ii

1114 2466 1160 2501 qui
1173 2465 1236 2493 feris
1251 2464 1453 2492 truculentiores
1466 2468 1542 2490 erant
1555 2463 1642 2497 reipsa
1652 2461 1755 2497 experti
1769 2465 1843 2488 sunt.

1151 2511 1178 2538 5.
1199 2511 1255 2538 Hoc
1276 2514 1366 2537 autem
1388 2509 1422 2536 ad
1440 2509 1570 2543 majorem
1590 2508 1696 2535 illorum
1717 2507 1910 2534 accusationem

1118 2557 1218 2584 factum
1230 2561 1271 2584 est
1280 2577 1287 2589 ,
1299 2557 1362 2592 quia
1374 2556 1478 2583 ratione
1494 2554 1621 2589 insigniti,
1635 2553 1794 2581 crudelitate
1812 2551 1908 2579 bestias

1117 2602 1221 2630 ratione
1233 2606 1356 2630 carentes
1367 2601 1518 2628 vincebant.
1541 2599 1716 2632 Tandemque
1736 2598 1823 2632 reipsa
1841 2596 1907 2624 didi-

1116 2652 1211 2676 cerunt
1231 2647 1365 2683 quomodo
1386 2655 1420 2675 cx
1440 2645 1545 2674 Domini
1567 2644 1731 2680 providentia
1754 2643 1820 2670 ferte
1845 2643 1907 2676 ipsa:

1114 2693 1213 2728 justum
1227 2694 1280 2720 sint
1305 2693 1435 2725 reveritus,
1457 2698 1542 2726 neque
1566 2697 1637 2717 ausae
1661 2689 1759 2716 fuerint
1780 2688 1838 2723 ejus
1851 2695 1906 2715 cor-

1117 2747 1166 2775 pus
1189 2739 1337 2774 attingere:
1365 2738 1402 2765 illi
1426 2744 1490 2765 vcro
1512 2736 1581 2764 feras
1603 2735 1768 2763 immanitate
1790 2741 1900 2769 supera-

1131 2800 1151 2836 ’ί
1167 2800 1216 2824 Sex
1240 2799 1311 2831 Mss,
1335 2803 1357 2826 et
1378 2801 1404 2825 ut
1426 2798 1500 2831 hujus
1521 2797 1598 2832 (ilia,
1617 2799 1658 2824 καὶ
1680 2799 1704 2823 αι
1729 2798 1816 2822 τούτου
1839 2799 1906 2828 θυγα-

1111 2838 1183 2862 τερες,
