2046 3126
217 95 266 125 501

215 162 279 186 runt
291 158 347 186 ’.Ει
369 167 402 186 ue
416 163 537 194 putarent
551 160 609 188 haec
621 168 653 188 ex
664 160 720 188 visu
735 160 794 188 solo
804 169 835 188 ac
843 160 933 195 specie
941 159 1007 187 facta

215 213 286 238 esse;
295 206 440 241 pereoSqui
449 211 538 240 postea
547 206 573 234 in
583 206 666 234 lacum
673 206 760 241 injccli
767 210 1006 242 suntagnoveruut,

215 258 263 277 eas
274 258 335 278 cum
348 251 420 285 justo
431 251 487 278 viro
498 252 588 279 ovium
602 252 831 280 mansuetudinem
846 252 970 286 inritatus,
982 256 1009 279 et

216 301 318 323 natura:
337 304 392 323 suae
407 297 503 324 oblitas
517 305 596 325 esse:
617 305 678 325 cum
693 298 724 325 iis
745 303 833 326 autern
857 298 902 332 qui
917 302 1008 333 postea

217 342 308 377 irrjccti
323 348 385 369 sunt
398 342 524 370 l'erociam
536 350 611 371 suam
624 343 785 371 exhibuisse.
802 344 931 372 Similiter
941 348 969 371 et
982 344 1007 371 in

216 387 326 415 fornace
337 388 404 422 ignis
416 388 514 416 factum
529 394 569 416 est
585 389 697 425 (Daniel.
714 390 753 424 5).
770 390 836 417 Nam
851 397 897 417 eos
909 390 953 425 qui
970 390 1010 417 in-

217 438 259 460 tus
270 438 346 461 erant
359 435 529 462 reverebatur
539 435 710 468 elementum,
720 440 746 462 et
757 444 809 463 non
821 437 913 463 urebat
923 436 1007 471 ignis:

216 480 264 506 sed
277 481 351 516 quasi
364 481 440 515 ligata
455 483 609 517 operatione
623 490 680 515 sua,
693 483 728 510 ita
740 482 805 510 nihil
820 483 932 510 noeebat
945 490 1008 518 pue-

217 534 308 554 ros-unt
321 528 489 562 corporibus,
505 532 531 556 et
543 536 628 564 neque
639 529 749 563 capillos
764 536 858 556 eorum
877 531 1009 565 attingere

214 579 297 600 ausus
316 572 377 606 fuit,
391 574 466 609 quasi
486 574 611 602 mandato
633 575 745 610 alicujus
766 575 928 602 elementum
948 583 1012 610 pro-

216 619 303 653 priam
313 619 450 648 declarare
469 620 592 647 virtutem
620 620 805 655 prohiberetur
821 629 828 647 :
852 628 899 648 eos
919 624 1008 648 autent

215 665 261 698 qui
275 669 348 692 extra
363 665 497 693 fornacem
507 671 593 698 erant,
610 666 766 701 absumpsit.
778 665 809 693 In
823 670 935 701 utroque
950 673 1008 693 ma-

215 717 268 743 gna
282 709 327 737 Dei
342 711 458 746 potentia
470 710 619 738 declaratur
629 732 636 744 ,
652 715 678 739 et
691 711 750 747 quia
764 711 800 739 illi
815 711 886 739 intus
901 719 1007 739 manse—

214 760 279 782 runt
300 755 375 783 Illil‘si
387 777 395 790 ,
409 761 437 784 et
458 757 520 791 quia
540 757 586 791 qui
601 757 665 785 foris
676 761 753 785 erant
764 778 772 791 ,
795 757 942 792 perierunt.
965 756 1009 784 Sic

216 800 322 835 quando
346 808 462 836 superno
484 802 583 829 auxilio
610 802 764 836 munimur,
790 809 843 829 non
858 801 945 830 solum
967 801 1008 829 ef-

217 846 331 880 fugimus
357 847 523 875 inimicorum
550 847 678 880 insidias,
710 847 758 876 sed
782 847 833 875 etsi
858 847 886 874 iu
910 846 1009 874 bestias

217 892 289 926 ipsas
300 891 457 924 incidamus,
476 892 542 920 nihil
554 893 667 927 patimur
685 901 775 928 grave.
791 893 836 920 Dei
854 893 926 920 enim
950 900 1008 919 ma-

215 945 268 964 nus
283 938 415 972 potentior
431 942 475 966 est
490 938 632 972 omnibus;
656 939 712 974 ipsa
734 947 782 967 nos
806 939 923 974 undique
944 939 1009 966 salis

215 983 311 1017 munit,
319 988 348 1011 et
356 984 467 1012 invictos
478 984 539 1012 facit
551 994 557 1011 :
571 984 596 1012 id
603 985 673 1020 quod
684 990 710 1012 et
718 985 744 1012 in
753 985 825 1020 justo
835 985 886 1012 hoc
891 984 1010 1012 declara-

217 1033 274 1056 tum
284 1033 334 1057 est.
351 1029 415 1057 Nam
429 1030 473 1064 qui
488 1034 562 1057 tanto
577 1030 675 1065 impetu
688 1030 917 1066 Comprehendere
927 1030 1008 1058 Jaco-

216 1073 291 1107 bum,
304 1079 332 1102 et
345 1083 450 1110 poenam
464 1075 532 1111 fuga:
546 1075 579 1103 de
592 1083 625 1103 eo
639 1083 746 1103 sumere
759 1076 880 1110 volebat;
894 1084 947 1104 non
963 1083 1008 1108 so-

217 1119 272 1146 lum
289 1120 352 1147 nihil
366 1128 490 1156 asper-um
505 1126 532 1148 et
545 1121 641 1148 durum
655 1121 784 1149 adversus
797 1129 857 1149 eum
869 1122 986 1157 loquitur
998 1142 1006 1154 ,

215 1165 266 1194 sed
279 1166 345 1193 sicut
359 1171 434 1201 pater
451 1167 533 1194 lilium
548 1167 712 1201 compellans
724 1188 731 1200 ,
749 1167 783 1194 ita
804 1167 907 1195 blandis
921 1167 1009 1195 verbis

217 1212 342 1239 convenit
355 1221 360 1238 :
376 1212 441 1239 dicit
454 1213 526 1240 enim
541 1223 546 1239 :
561 1213 605 1240 26.
618 1213 669 1240 Cur
684 1214 730 1240 hoc
743 1213 846 1248 fecisti?
857 1222 934 1248 quare
943 1215 1009 1240 clam

217 1258 377 1286 abscessisti?
393 1259 458 1286 Vide
478 1264 575 1294 quanta
597 1261 726 1288 mutatio:
751 1260 810 1287 vide
831 1260 964 1295 quomodo
987 1261 1009 1287 is

215 1305 262 1338 qui
277 1310 304 1331 ut
318 1304 400 1331 bestia
416 1305 575 1338 insaniebat,
592 1306 682 1333 ovium
695 1306 812 1334 imitatur
826 1306 1008 1333 mansuetudi-

216 1357 289 1376 nem.
307 1349 391 1383 Quare
409 1350 524 1378 clanculo
546 1350 692 1385 discessisti,
709 1356 732 1379 et
752 1359 806 1379 mea
820 1351 906 1386 furtim
922 1351 1008 1378 abstu-

216 1395 286 1427 listi,
310 1401 333 1422 et
354 1396 481 1424 abduxisti
504 1397 572 1431 ﬁlias
593 1406 660 1425 meas
672 1398 746 1433 quasi
770 1399 879 1432 captivas
902 1397 1010 1433 gladio?

216 1442 305 1475 Quare
315 1463 322 1476 ,
337 1442 438 1477 inquit,
453 1442 504 1471 hoc
518 1443 622 1471 fecisti?
635 1444 696 1479 quid
712 1443 817 1472 tandem
831 1444 857 1471 in
873 1445 1009 1480 proposito

219 1488 355 1516 habuisti?
368 1497 451 1524 quare
473 1489 512 1517 sic
531 1490 635 1517 occulte
657 1490 755 1525 parasti
774 1489 943 1518 discessum?
963 1490 1008 1517 27.

219 1534 289 1562 Nam
303 1535 324 1562 si
337 1536 513 1563 annuntiasses
527 1536 588 1563 milii
601 1556 608 1569 ,
624 1544 681 1563 cum
694 1544 785 1572 magno
799 1536 893 1564 honore
905 1541 928 1563 et
942 1536 1008 1564 lani-

216 1581 254 1607 tia
266 1581 368 1616 fuissem
380 1586 404 1609 te
416 1587 589 1616 prosequutus.
604 1582 749 1610 Enimvero
763 1582 784 1609 si
797 1582 849 1611 hoc
859 1582 1008 1617 scivissem,

216 1627 281 1653 Cum
295 1627 412 1660 musicis,
428 1631 451 1654 et
466 1628 591 1662 tympanis
608 1632 632 1654 et
646 1627 745 1654 cithara
768 1631 933 1663 prosequutus
947 1627 1009 1662 fuis-

216 1681 269 1699 sem
278 1677 310 1699 te.
322 1672 367 1700 28.
377 1672 438 1699 Non
445 1681 501 1700 sum
513 1672 605 1708 dignus
618 1673 717 1700 habitus
728 1673 838 1700 osculari
846 1673 914 1707 ﬁlias
925 1681 1008 1700 roseas:

217 1726 285 1745 nunc
303 1722 388 1745 autem
408 1718 553 1753 insipienter
574 1719 654 1754 egisti.
677 1717 758 1746 Vides
783 1718 917 1753 quomodo
939 1725 1010 1746 nunc

216 1763 391 1797 semetipsum
411 1764 508 1798 arguit,
533 1768 560 1790 ct
581 1772 629 1798 per
649 1763 766 1798 linguam
788 1770 864 1791 suam
892 1763 1007 1797 fatetur,

217 1816 279 1836 sese
292 1809 397 1844 quidem
408 1809 511 1844 justum
520 1809 590 1837 male
601 1809 708 1837 afﬁcere
721 1813 841 1845 paratum
855 1809 947 1844 fuisse,
963 1810 1008 1837 Dei

217 1859 307 1881 autem
322 1854 516 1888 providentiam
527 1875 535 1888 ,
550 1862 565 1882 a
579 1855 716 1883 molimine
729 1861 778 1882 suo
791 1855 878 1890 ipsum
895 1854 1008 1889 impedi-

219 1899 300 1927 visse.
313 1899 357 1927 29.
375 1899 470 1933 Potest,
485 1900 579 1935 inquit,
595 1908 684 1927 manus
697 1908 752 1926 mea
762 1904 786 1926 te
802 1900 927 1935 affligere;
940 1899 1009 1926 Deus

215 1950 301 1972 autem
317 1946 394 1980 patris
408 1946 444 1973 tui
458 1946 512 1973 lteri
523 1946 586 1973 mihi
598 1946 661 1973 dixit
670 1954 680 1973 .'
694 1946 759 1973 Cave
770 1946 814 1972 tibi
828 1946 887 1980 ipsi,
903 1954 934 1972 ne
945 1947 1009 1981 forte

216 1991 329 2025 loquaris
343 2000 400 2018 cum
411 1991 491 2019 Iacob
504 1992 580 2019 mala.
596 1991 687 2027 Cogita
702 1992 744 2020 hic
758 1996 855 2027 quanta
868 2000 928 2020 cum
945 2000 1008 2020 cuu-

217 2037 347 2066 sulatione
356 2038 421 2073 justi
436 2038 533 2066 emissa
547 2038 644 2065 fuerint
658 2037 715 2065 lucc
728 2038 818 2071 verba,
830 2043 857 2065 et
869 2038 1008 2066 considera

216 2083 351 2118 quomodo
365 2083 408 2111 hic
420 2083 515 2111 otiatur
528 2092 587 2119 qua:
599 2083 729 2111 adversus
739 2084 839 2119 justum
850 2084 1007 2116 decreverit,

215 2136 244 2158 et
253 2130 367 2166 qualiter
375 2138 436 2158 eum
447 2130 675 2166 compreltendere
686 2130 806 2163 voluerit,
819 2137 902 2166 seque
915 2130 1009 2158 timore

217 2177 265 2204 Dei
275 2184 289 2203 a
305 2177 382 2204 malis
394 2177 512 2204 consiliis
525 2176 670 2204 cohibitum
685 2176 776 2204 fuisse.
788 2176 857 2203 Deus
871 2177 949 2211 patris
961 2178 1007 2210 tui,

217 2222 311 2257 inquit.
328 2221 392 2250 Vide
405 2222 538 2258 quomodo
548 2222 605 2258 ipse
617 2222 707 2249 Laban
718 2229 770 2249 non
784 2229 877 2257 parum
890 2222 1009 2250 utilitatis

217 2267 279 2294 lrinc
289 2267 454 2302 perceperit,
471 2267 613 2294 maximam
627 2275 660 2294 ex
673 2267 706 2296 iis
720 2275 778 2302 quae
797 2267 847 2294 sibi
867 2267 936 2294 dicta
951 2267 1008 2295 fuc-

217 2318 280 2341 runt
293 2315 398 2342 virtutis
413 2314 460 2341 Dei
477 2314 612 2349 accipiens
631 2313 896 2342 demonstrationem.
913 2313 1008 2341 Verum

215 2360 277 2395 quia
286 2365 315 2388 et
322 2364 359 2393 tu,
371 2360 466 2395 inquit,
477 2360 526 2388 hoc
534 2360 687 2393 decrevisti,
697 2365 723 2388 et
731 2360 802 2387 Deus
809 2360 900 2395 estqui
910 2363 1008 2387 tantam

217 2407 254 2434 tui
264 2414 354 2434 curam
362 2407 440 2442 gerit,
452 2407 496 2434 50.
510 2406 586 2434 Nunc
594 2406 671 2442 igitur
682 2406 760 2433 uade:
772 2414 862 2441 magno
873 2405 938 2433 enim
947 2406 1010 2433 desi-

215 2455 286 2480 derio
298 2454 447 2481 desiderasti
454 2453 523 2480 abire
530 2454 556 2480 in
564 2453 666 2480 domum
675 2453 753 2488 patris
760 2453 806 2480 tui.
820 2452 903 2485 Quare
910 2452 1009 2487 furatus

216 2507 242 2525 es
251 2499 311 2526 deos
321 2499 408 2526 meos?
419 2498 494 2531 Esto,
509 2498 609 2534 inquit;
623 2498 674 2525 hoc
683 2497 836 2526 decreveris
848 2502 875 2525 ut
887 2497 967 2526 abeas
981 2497 1008 2525 in

215 2544 323 2572 domum
333 2544 413 2579 patris
420 2544 471 2571 tui:
486 2551 566 2578 quare
574 2543 638 2571 deos
648 2551 721 2570 meos
728 2543 828 2570 furatus
835 2543 881 2570 es?
891 2543 913 2570 0
921 2543 1010 2577 iugen-

215 2596 269 2618 tcm
278 2590 469 2624 insipientiam!
483 2590 582 2617 talesne
592 2594 652 2616 sunt
662 2589 697 2616 dii
709 2588 757 2622 tui,
765 2593 793 2615 ut
802 2587 862 2623 quis
869 2596 916 2616 eos
926 2588 1007 2616 furari

215 2636 385 2672 queat‘iNon
400 2636 537 2664 erubescis
555 2635 662 2668 dicens,
679 2635 763 2667 Quare
783 2635 881 2669 furatus
903 2642 929 2661 es
948 2634 1008 2661 deos

217 2683 303 2709 meos?
318 2682 383 2710 Vide
396 2687 493 2717 quanta
509 2681 558 2708 fuit
576 2681 674 2708 erroris
687 2680 806 2715 gravitas
820 2700 826 2712 ,
851 2680 915 2707 dum
930 2679 947 2707 ii
963 2679 1007 2715 qui

217 2729 320 2756 ratione
336 2727 438 2763 prmditi
455 2731 542 2760 erant,
564 2726 688 2754 colebant
711 2725 811 2761 lapides
830 2729 857 2753 et
879 2725 958 2761 ligna.
974 2725 1007 2752 lli

250 2781 256 2796 ι
274 2779 332 2804 Haec
348 2779 423 2804 verba
435 2797 441 2808 ,
464 2778 500 2803 illi
527 2785 584 2804 vero
601 2777 666 2809 feras
683 2776 834 2803 immunitate
855 2780 1009 2808 superarunt,

218 2811 291 2865 αὺτὶῖὶ.
306 2811 345 2866 I322“
346 2811 376 2834 τὰ
387 2811 433 2835 τῶν
447 2811 532 2842 Θηρίων
552 2808 616 2842 αὐτῷ
641 2808 719 2841 χεῖρην
743 2810 865 2841 διέθηκα-ι,
879 2809 969 2834 desunt
986 2808 1011 2834 in

219 2848 263 2866 run
275 2845 308 2866 Lls
348 2847 380 2865 ss.

720 101 754 131 IN
769 102 845 130 CAP.
867 101 962 130 XXXI.
983 101 1105 130 GENES.
1126 103 1239 132 ΠΟΜΙΙμ
1260 105 1337 133 LVll.

1800 109 1856 137 519!

1064 165 1124 188 sunt
1138 160 1173 188 dii
1188 163 1243 196 tui,
1259 170 1275 190 ο
1291 162 1391 197 Laban,
1406 164 1450 199 qui
1464 172 1550 200 neque
1563 173 1622 193 cum
1635 165 1744 194 furaturi
1755 174 1784 195 se
1794 167 1853 202 qui-

1062 207 1122 235 dam
1133 213 1218 241 erant,
1229 209 1322 243 juvare
1333 217 1362 237 se
1372 212 1534 244 potuerunt?
1546 211 1595 245 Qui
1608 211 1679 240 enim
1690 217 1797 247 possent
1807 214 1852 248 qui

1061 261 1076 281 c
1092 253 1179 288 lapide
1190 259 1251 282 sunt
1264 255 1398 283 confecti?
1417 256 1487 283 Deus
1506 262 1594 285 autem
1612 257 1698 292 justi,
1713 258 1853 293 ignorante

1059 298 1131 333 justo
1141 321 1149 333 ,
1163 300 1291 334 impetum
1304 305 1379 328 tuum
1391 302 1518 329 coercuit.
1531 302 1567 330 -Ει
1577 310 1630 330 non
1642 303 1742 339 cogitas
1752 304 1854 332 erroris

1062 345 1279 379 magnitudinem,
1299 351 1331 374 et
1344 346 1446 381 justum
1468 347 1530 374 furti
1549 349 1659 383 arguis?
1673 349 1760 382 Quare
1781 350 1854 377 enim

1059 390 1148 425 justus
1163 391 1222 418 illos
1234 391 1317 418 furari
1331 392 1458 419 voluisset
1468 413 1474 424 ,
1489 400 1557 427 quos
1570 393 1782 427 abominabatur,
1797 395 1851 422 imo

1061 443 1128 471 quos
1150 436 1251 464 sciebat
1264 444 1323 465 esse
1343 445 1424 465 sensu
1439 446 1536 466 vacuos
1560 439 1683 473 lapides?
1697 440 1785 468 Porro-
1795 441 1851 468 haec

1061 489 1121 509 cum
1143 482 1261 509 audisset
1282 482 1375 516 Iacob,
1399 483 1513 518 primum
1536 492 1628 520 magna
1650 486 1853 516 mansuetudine

1061 528 1094 555 de
1105 528 1217 563 objectis
1229 529 1383 556 criminibus
1396 537 1425 557 se
1440 535 1542 565 purgat.
1560 534 1587 557 et
1601 534 1663 558 tunc
1677 535 1705 558 ut
1719 531 1853 566 inquiran-

1062 577 1104 600 tur
1117 573 1153 601 dii
1173 574 1258 609 jubet.
1271 575 1316 602 3|.
1332 574 1392 601 Dixi
1413 575 1479 602 enim
1489 596 1496 608 ,
1513 576 1609 611 inquit,
1623 584 1654 603 ne
1668 578 1732 611 forte
1749 579 1852 612 auferas

1061 619 1128 653 ﬁlias
1141 624 1196 646 tuas
1209 628 1225 646 a
1238 628 1284 654 me,
1301 626 1324 647 et
1338 621 1422 647 omnia
1435 629 1501 647 mea.
1517 621 1594 655 Quia,
1613 622 1713 657 inquit,
1728 621 1858 650 videbam.

1060 669 1087 691 te
1109 673 1162 692 non
1178 664 1245 693 bene
1265 673 1328 700 erga
1351 673 1395 694 me
1414 666 1556 699 allectum,
1571 667 1665 694 anxius
1685 666 1720 693 fui
1735 674 1769 694 ne
1785 666 1858 694 forte

1059 711 1197 739 eonareris
1211 712 1314 740 auferre
1330 712 1396 740 ﬁlias
1411 717 1468 740 tuas
1482 717 1510 740 et
1524 713 1660 740 facultates
1674 721 1757 745 meas,
1772 718 1855 749 atque

1061 757 1166 792 privare
1185 762 1229 785 me
1247 758 1326 791 meis,
1340 759 1410 786 sicut
1431 758 1563 793 quondam
1587 758 1682 786 fecisti.
1708 758 1758 785 lsta
1775 758 1853 793 igitur

1060 809 1141 830 causa
1154 803 1257 830 timoris
1269 802 1347 836 fecit,
1365 807 1393 830 ut
1407 803 1475 831 clam
1490 807 1516 831 te
1528 803 1639 831 abirem.
1654 803 1785 830 Czeterum
1806 803 1850 831 δὲ.

1061 847 1137 882 Apud
1148 856 1221 883 quem
1234 848 1357 875 inveneris
1370 848 1429 875 deos
1442 853 1507 881 tuos,
1521 856 1572 875 non
1586 848 1648 875 vivet
1663 857 1748 875 coram
1762 848 1851 883 fratri-

1061 893 1107 921 bus
1126 894 1227 922 nostris.
1243 893 1322 921 Vides
1334 894 1471 929 ignorasse
1493 893 1575 921 Jacob
1597 894 1694 920 furtum
1707 900 1722 923 a
1737 893 1852 921 Rachele

1060 940 1242 968 commissum.
1253 939 1322 967 Vide
1335 940 1406 967 enim
1420 944 1517 974 quanta
1528 939 1683 967 austeritate
1694 939 1852 974 supplicium

1060 985 1180 1013 decernit
1191 986 1217 1014 ei
1227 986 1272 1021 qui
1287 985 1384 1013 furtum
1399 985 1554 1013 admiserat.
1569 983 1646 1019 Apud
1658 993 1742 1020 quem,
1756 985 1852 1020 inquit,

1061 1033 1154 1060 inventi
1168 1030 1272 1068 fuerint,
1293 1040 1342 1059 non
1355 1032 1416 1059 vivet
1428 1039 1514 1059 coram
1534 1031 1653 1066 fratribus
1667 1031 1768 1058 nostris.
1794 1030 1852 1058 Non

1061 1078 1146 1105 salum
1157 1099 1165 1112 ,
1180 1078 1285 1113 inquit,
1300 1078 1361 1113 quia
1376 1077 1492 1105 ablatum
1507 1081 1558 1110 est,
1574 1076 1620 1104 sed
1635 1081 1662 1104 et
1680 1076 1741 1111 quia
1755 1076 1852 1104 furtum

1061 1124 1106 1160 qui
1122 1124 1224 1158 fecerit,
1240 1124 1409 1152 manifestum
1422 1125 1462 1151 sui
1476 1124 1568 1159 ﬂagitii
1583 1123 1709 1151 indicium
1723 1122 1851 1158 proferet.

1062 1171 1135 1198 Scias
1148 1171 1169 1197 si
1181 1170 1244 1205 quid
1257 1174 1293 1197 est
1308 1174 1408 1196 tuorum
1420 1170 1490 1203 apud
1505 1178 1553 1202 me,
1564 1174 1587 1196 et
1600 1169 1694 1203 accipe.
1709 1169 1852 1200 Scrutare.

1063 1216 1154 1251 inquit,
1172 1223 1235 1243 num
1256 1214 1319 1250 quid
1339 1214 1495 1243 abstulerim
1512 1214 1582 1248 quod
1595 1213 1629 1240 ad
1645 1221 1687 1241 me
1700 1221 1752 1240 non
1773 1213 1853 1247 perti-

1062 1262 1158 1289 nuerit.
1173 1260 1242 1288 Nihil
1255 1259 1327 1288 aliud
1344 1260 1370 1287 in
1384 1266 1426 1287 me
1436 1266 1547 1294 arguere
1563 1259 1673 1294 poteris,
1690 1266 1769 1293 quam
1782 1258 1852 1293 quod

1061 1307 1129 1335 clam
1142 1306 1252 1334 abierim
1265 1314 1271 1332 :
1286 1310 1313 1333 et
1324 1305 1374 1333 hoc
1390 1312 1445 1332 non
1459 1308 1554 1340 sponte
1570 1304 1629 1336 feci,
1643 1303 1690 1331 sed
1702 1303 1854 1338 suspicatus

1062 1352 1228 1387 iniustitiam,
1243 1355 1270 1378 et
1284 1352 1381 1378 timens
1394 1358 1428 1378 ne
1441 1350 1524 1377 velles
1537 1349 1643 1377 auferre
1659 1349 1725 1376 tilias
1741 1352 1810 1382 tuas,
1826 1353 1854 1375 et

1061 1399 1126 1425 alias
1139 1405 1213 1425 meas
1227 1397 1385 1429 facultates,
1400 1396 1423 1423 si
1441 1395 1467 1422 id
1488 1395 1612 1423 rescires.
1636 1395 1670 1422 Et
1684 1403 1734 1421 non
1752 1394 1853 1430 agnovit

1061 1443 1130 1479 apud
1144 1451 1202 1470 eum
1213 1442 1319 1478 aliquid.
1337 1441 1471 1468 Nesciebat
1482 1446 1566 1468 autem
1577 1440 1658 1468 Iacob
1672 1440 1739 1475 quod
1755 1439 1854 1467 [lac/tet

1061 1497 1125 1516 uxor
1139 1497 1184 1516 sua
1199 1489 1284 1523 furata
1298 1488 1385 1522 [uisset
1398 1495 1450 1514 eos.
1466 1487 1510 1515 55.
1526 1486 1658 1522 Ingressus
1670 1490 1754 1513 autent
1764 1485 1852 1513 Labant

1061 1539 1186 1562 scrutatus
1200 1538 1236 1560 est
1251 1533 1352 1560 domum
1366 1532 1421 1560 Lia:
1430 1553 1437 1566 ,
1452 1537 1475 1559 et
1487 1540 1538 1559 non
1551 1532 1652 1558 invertit.
1672 1530 1805 1567 Ingressus
1817 1535 1854 1558 est

1061 1585 1144 1607 autem
1162 1584 1187 1606 et
1209 1579 1235 1606 in
1255 1578 1358 1606 domum
1377 1577 1482 1604 Rachel.
1503 1577 1547 1605 54.
1567 1577 1663 1604 Rachel
1678 1584 1736 1603 vero
1758 1576 1853 1611 accepit

1061 1626 1139 1659 idola,
1153 1630 1176 1652 et
1188 1624 1272 1662 posuit
1286 1633 1316 1651 ea
1327 1624 1411 1652 subter
1423 1628 1559 1650 stramenta
1572 1622 1737 1655 camelorum,
1752 1627 1776 1649 et
1789 1622 1853 1649 sedit

1061 1681 1136 1707 super
1156 1681 1195 1700 ea.
1212 1672 1245 1699 Et
1264 1671 1328 1698 dixit
1350 1671 1497 1706 patrisuo:
1512 1669 1556 1697 35.
1578 1668 1620 1696 Ne
1640 1669 1750 1704 graviter
1773 1668 1852 1702 feras,

1061 1719 1161 1746 domine
1174 1719 1208 1745 mi
1219 1726 1228 1745 .'
1241 1726 1291 1744 non
1306 1725 1408 1752 possunt
1422 1724 1524 1750 surgere
1534 1723 1622 1742 coram
1637 1720 1674 1748 te,
1689 1714 1749 1749 quia
1761 1721 1852 1741 secun-

1061 1766 1121 1792 dum
1133 1764 1337 1792 consuetudinem
1349 1763 1481 1790 mulierum
1495 1762 1557 1789 mihi
1567 1765 1612 1788 est.
1624 1761 1759 1789 Scrutatus
1769 1764 1853 1787 autem

1061 1816 1097 1838 est
1111 1810 1198 1838 Laban
1209 1811 1235 1837 in
1247 1814 1298 1836 tota
1308 1809 1382 1835 domo
1392 1809 1457 1844 ejus,
1474 1812 1496 1835 et
1508 1815 1558 1834 non
1572 1807 1680 1834 inuenit.

1099 1858 1124 1884 6.
1147 1856 1239 1890 Magna
1263 1853 1387 1882 llachelis
1410 1853 1529 1886 solertia,
1551 1860 1598 1887 per
1619 1859 1698 1886 quam
1726 1850 1853 1879 deludere

1063 1902 1147 1937 peiuit
1161 1901 1308 1928 Labauum.
1322 1899 1439 1926 Audiant
1458 1898 1503 1933 qui
1527 1897 1615 1924 adhuc
1639 1895 1774 1924 erroribus
1792 1899 1853 1923 sunt

1062 1947 1172 1980 addicti,
1196 1951 1223 1974 et
1247 1945 1424 1973 idulolatriam
1451 1943 1540 1979 magni
1568 1942 1677 1969 faciunt.
1709 1941 1800 1968 Posuit
1824 1949 1854 1968 ea

1061 1994 1144 2021 subter
1158 1996 1295 2020 stramenta
1309 1992 1474 2024 camelorum,
1501 1990 1597 2025 inquit,
1619 1994 1641 2016 et
1651 1988 1714 2016 sedit
1724 1996 1800 2023 super
1813 1996 1853 2015 ea.

1062 2039 1130 2074 Quid
1143 2039 1184 2067 his
1199 2039 1283 2074 magis
1295 2038 1437 2065 ridiculum
1447 2037 1458 2064 ?
1468 2036 1519 2071 Qui
1532 2036 1636 2064 ratione
1651 2035 1752 2070 praediti
1767 2039 1852 2067 erant.

1062 2090 1089 2113 et
1110 2089 1209 2112 tantam
1233 2082 1415 2111 misericordia
1432 2082 1478 2110 Dei
1498 2081 1633 2116 assequuti
1653 2080 1757 2108 fuerant
1769 2080 1854 2116 digni-

1063 2136 1142 2158 tatem
1156 2151 1163 2162 ,
1190 2129 1290 2164 lapides
1311 2136 1392 2156 sensu
1412 2135 1510 2154 vacuos
1529 2130 1624 2162 putant
1641 2125 1768 2153 colendos
1783 2135 1789 2153 :
1806 2134 1855 2153 nec

1063 2175 1144 2211 pudet
1157 2183 1214 2208 eos,
1229 2182 1279 2202 nec
1292 2178 1391 2201 tantam
1403 2180 1495 2200 secum
1511 2176 1635 2207 reputant
1649 2171 1853 2202 absurditatem,

1063 2222 1110 2250 sed
1122 2229 1137 2248 a
1151 2219 1348 2248 consuetudine
1369 2219 1444 2254 quasi
1458 2226 1523 2246 oves
1546 2217 1734 2244 abducuntur?
1755 2216 1855 2244 Idcirco

1064 2265 1160 2292 Paulus
1174 2271 1278 2300 quoque
1289 2263 1408 2290 scribens
1420 2262 1526 2289 dicebat
1542 2270 1548 2288 :
1563 2260 1641 2288 Scitis
1655 2260 1757 2295 quando
1770 2264 1855 2295 gentes

1064 2313 1153 2345 eratis,
1182 2312 1215 2338 ad
1236 2310 1306 2338 idola
1331 2315 1401 2336 muta
1423 2314 1557 2343 utcumque
1582 2307 1741 2334 ducebamini
1771 2310 1855 2333 euntes

1064 2360 1102 2395 (l.
1116 2359 1175 2387 Cor.
1190 2358 1231 2385 l2.
1247 2357 1287 2393 2).
1304 2357 1338 2384 Et
1351 2361 1422 2383 recte
1432 2355 1509 2387 dixit,
1526 2354 1608 2381 Muta.
1625 2353 1674 2386 Qui
1687 2359 1791 2384 vocem,
1813 2352 1854 2378 in-

1062 2406 1127 2440 quit,
1144 2403 1248 2431 habetis
1258 2407 1286 2431 et
1303 2409 1389 2434 aures,
1403 2405 1432 2428 et
1444 2400 1554 2428 rationis
1566 2400 1631 2426 estis
1651 2397 1803 2433 participes,
1819 2397 1853 2423 ad

1061 2459 1093 2478 ea
1106 2458 1165 2486 qua:
1186 2449 1288 2477 nullum
1307 2455 1415 2476 sensum
1435 2446 1541 2479 habent,
1556 2446 1625 2472 sicut
1647 2444 1724 2471 bruta
1743 2441 1852 2469 abduci-

1062 2497 1136 2524 mini.
1165 2495 1200 2523 Et
1223 2494 1328 2530 qualem
1351 2493 1396 2528 qui
1410 2492 1477 2519 tales
1495 2495 1557 2518 sunt
1576 2490 1679 2517 veniam
1695 2486 1853 2516 merentur?

1062 2542 1114 2570 Sed
1129 2541 1266 2568 videamus
1277 2538 1410 2574 quomodo
1421 2538 1508 2572 justus
1528 2542 1600 2562 nunc
1624 2533 1747 2561 fiduciam
1770 2539 1850 2560 acce-

1061 2588 1140 2623 peril,
1156 2586 1252 2621 partim
1271 2593 1307 2613 cx
1330 2584 1362 2611 iis
1375 2591 1434 2618 qua:
1461 2581 1550 2609 Laban
1571 2579 1709 2607 confessus
1722 2583 1774 2612 est,
1790 2585 1851 2612 par-

1063 2635 1108 2660 tim
1130 2631 1255 2667 quoniam
1289 2629 1391 2657 nullum
1418 2628 1520 2655 crimen
1544 2630 1636 2654 contra
1659 2632 1688 2652 se
1715 2624 1852 2651 invenerat

1061 2678 1268 2714 reprehensione
1293 2676 1400 2711 dignum
1416 2695 1424 2708 ,
1440 2673 1502 2708 quid
1527 2671 1615 2700 dicit?
1640 2670 1684 2699 56.
1707 2669 1793 2696 Iratus
1817 2673 1854 2696 est

1060 2730 1153 2757 autem,
1169 2723 1263 2759 inquit,
1289 2721 1380 2754 Iacob,
1396 2725 1418 2747 et
1431 2719 1558 2746 contendit
1573 2725 1631 2744 cum
1651 2716 1749 2749 Laban,
1776 2720 1800 2742 et
1810 2715 1852 2741 di-

1060 2769 1186 2798 ait.Vide
1210 2766 1343 2803 quomodo
1367 2766 1448 2794 etiam
1471 2762 1663 2799 cxpostulando
1677 2762 1774 2791 anima:
1797 2768 1852 2788 sua:

1065 2817 1189 2844 virtutem
1203 2814 1311 2850 detegit.
1335 2813 1400 2846 Qua:
1416 2811 1541 2846 injustitia
1556 2817 1620 2844 nica,
1635 2809 1673 2837 cel
1687 2804 1754 2844 quod
1766 2814 1850 2843 peccs-
