2046 3126
223 104 275 132 503

218 167 270 186 mm
290 167 382 194 meum,
407 159 502 195 inquit,
525 161 593 195 quod
612 165 776 195 perna/nutus
786 169 813 188 es
827 161 886 188 me?
911 162 1011 195 Quare,

218 206 312 240 inquit,
329 209 402 232 tanto
416 205 516 239 intpetu
532 205 676 232 insectatus
695 213 725 233 es
750 205 813 233 me?
840 206 944 240 qualem
971 207 1012 233 in-

219 251 344 283 iustitiam
371 251 434 278 milti
460 255 536 286 potes
557 250 741 286 exprobrare?
761 252 839 286 quale
854 254 1014 287 peccatum?

218 299 309 335 Neque
322 300 348 327 id
373 300 449 332 satis,
462 300 513 328 nisi
537 305 564 329 et
580 305 680 328 tantam
702 301 934 336 super-induxisscs
946 307 1012 328 con-

219 349 245 371 tu
258 346 364 375 Heliam,
387 351 414 372 ιιι
429 347 587 374 scrutareris
600 347 689 374 omnia
713 354 772 382 qua:
795 347 822 374 in
842 346 922 373 domo
943 352 1012 372 mea.

220 392 265 418 57.
281 391 348 424 Quid
368 392 483 419 invenisti
496 392 527 419 de
541 392 656 419 ontnibus
668 393 734 419 casis
751 400 807 427 qua:
820 392 847 419 in
860 392 933 419 domo
947 391 1014 417 tua?

224 436 294 463 Pone
309 437 349 463 hic
363 445 449 465 coram
464 437 584 473 fratribus
599 438 648 465 tuis
661 443 684 464 et
694 438 818 473 fratribus
837 437 909 470 meis,
932 441 954 463 et
969 437 1012 471 ju-

219 483 303 510 dicent
316 484 382 510 inter
394 491 439 510 nos
454 483 528 510 duos.
544 484 639 518 Tanto,
667 484 761 519 inquit,
785 483 915 512 scrutinio
930 482 1010 516 facto,

223 529 365 562 p-ititistine
393 528 491 564 aliquid
516 529 635 557 invenire
657 530 728 564 quod
749 529 782 557 ad
809 537 851 557 me
869 536 922 556 non
951 529 1012 556 atti-

220 578 291 605 ncat.
320 574 360 602 vel
374 574 445 610 quod
459 579 532 602 tuum
549 575 602 602 sit?
615 575 641 602 Si
656 575 790 608 invenisti,
804 574 892 610 proﬁ-r
915 575 941 602 itt
956 583 1013 602 me-

220 621 304 652 dium,
324 625 352 648 ttt
380 622 424 656 qui
446 621 488 648 hic
510 621 608 649 adsum
628 622 698 656 apud
720 629 764 649 me
784 626 811 649 et
828 626 865 655 te,
882 621 1011 656 judicium

225 667 348 693 reddant.
371 666 501 700 Quoniam
514 667 580 695 vidit
592 675 622 695 se
637 667 800 702 inculpatttm
822 668 847 694 in
868 667 990 695 omnibus
1004 687 1011 698 ,

221 719 315 747 magna
331 716 435 746 sumpta
451 712 557 745 ﬁducia.
582 717 721 740 enumerat
740 713 868 740 beneﬁcia
891 720 949 747 qua:
976 712 1012 739 illi

220 765 268 790 per
288 764 366 784 omne
389 761 493 792 tempus
516 757 645 791 exhibuit,
670 762 697 786 et
720 758 806 793 inquit
822 766 830 785 :
846 758 890 786 58.
905 757 940 784 lli
955 762 1014 785 sunt

220 802 307 836 riginti
319 803 379 829 anni
388 823 395 834 ,
410 803 500 838 quibus
513 807 593 830 tecum
605 811 671 830 sunt.
706 803 757 831 Pro
770 803 861 831 labore
874 808 913 830 tot
927 811 1012 830 anno-

221 855 290 882 rum,
303 847 413 876 haccine
427 849 521 884 dignus
535 857 609 877 cram
623 851 800 878 contumelia?
813 850 848 877 lli
857 851 919 877 mihi
926 850 1014 886 viginti

220 895 292 921 anni.
319 894 403 922 Hodie
421 895 515 931 viginti
538 903 668 924 annorum
690 895 821 932 complevi
836 897 862 924 in
874 896 955 924 domo
969 901 1012 924 tua

220 946 371 967 numerum.
388 940 452 968 Oves
466 946 516 968 tum
530 946 553 969 et
566 950 650 977 caprae
660 947 709 969 tua:
721 943 817 970 steriles
830 951 880 969 non
895 944 1010 978 fuerunt,

219 986 310 1012 arietes
322 986 405 1013 ovium
418 992 519 1014 tuarunt
531 996 581 1015 non
594 989 691 1016 comedi
706 997 716 1016 :
729 989 774 1017 59.
802 995 905 1024 captum
924 998 940 1017 a
957 990 1012 1025 fera

220 1030 265 1057 tibi
279 1038 328 1058 non
342 1032 426 1059 attuli.
444 1032 498 1068 Ego
513 1034 624 1069 satisfeci
639 1034 670 1061 de
679 1043 743 1067 meo,
758 1034 827 1070 furta
841 1035 891 1061 diei
906 1041 929 1062 et
943 1035 1013 1070 furta

223 1077 313 1104 noctis.
326 1077 369 1105 40.
386 1077 435 1105 Die
447 1079 537 1106 urebar
549 1085 622 1113 antu,
636 1085 659 1107 et
673 1085 745 1108 nocte
757 1081 824 1116 gelu,
836 1086 859 1108 et
872 1081 1013 1108 discedebat

220 1130 323 1150 somnus
342 1123 374 1150 ab
398 1125 478 1152 oculis
500 1126 570 1153 meis.
590 1126 694 1154 Oblitus
708 1134 746 1159 es,
772 1127 866 1162 inquit,
893 1128 1012 1155 laborttnt

220 1175 288 1201 quos
311 1169 443 1197 exantlavi
467 1178 580 1206 pascens
602 1178 667 1199 oves
692 1176 750 1199 tuas
772 1177 799 1200 et
817 1173 931 1207 capras?
945 1173 1011 1200 Num

222 1219 296 1246 potes
307 1221 419 1248 arguere
436 1216 506 1250 qttod
522 1224 645 1251 umquam
661 1224 724 1244 oves
739 1217 779 1244 vel
794 1225 880 1252 capra:
894 1222 945 1245 tua:
955 1218 1013 1246 fue-

221 1258 275 1285 rint
288 1260 410 1288 steriles?
438 1262 503 1289 Vide
518 1268 643 1297 quantam
655 1262 820 1291 demonstrat
833 1271 846 1290 a
862 1264 916 1292 Deo
930 1265 1012 1292 bene-

223 1303 364 1331 volentiam
383 1307 525 1340 contigisse
546 1307 636 1336 domui
651 1308 739 1336 Laban
753 1313 862 1344 propter
876 1319 952 1338 suum
966 1311 1013 1339 ad-

222 1353 340 1376 ventum.
358 1351 413 1378 lloc
426 1352 496 1379 enint
511 1359 552 1381 est
567 1354 593 1381 id
608 1355 678 1390 quod
694 1361 720 1384 ct
734 1365 812 1393 supra
823 1358 927 1386 dicebat
943 1367 949 1385 :
964 1357 1012 1385 Be-

221 1394 318 1421 nediin
330 1399 353 1422 te
366 1395 434 1424 Deus
447 1398 481 1424 ad
494 1399 582 1434 pedem
596 1409 688 1429 meum.
714 1402 769 1430 Hoc
793 1404 865 1431 enim
889 1404 976 1431 nullus
997 1411 1012 1431 a

223 1443 329 1472 pastore
350 1441 478 1476 exigeret.
502 1443 593 1480 Neque
613 1447 683 1474 cnittt
710 1449 850 1483 pastoralis
872 1449 936 1476 artis
962 1449 1012 1477 hoc

222 1491 288 1534 opus
303 1488 414 1534 estpsed
428 1495 539 1518 natura).
563 1491 707 1528 Propterea
719 1500 781 1523 attte
795 1497 884 1523 omnia
899 1496 950 1524 hoc
964 1505 1012 1532 p0-

223 1532 511 1577 uit,ﬂprovidentiaque
523 1543 637 1572 superna
649 1538 746 1567 factum
761 1541 812 1568 hoc
828 1541 909 1570 fuisse
923 1542 948 1569 in
966 1550 1012 1577 pe-

222 1575 333 1603 cudibus
357 1580 482 1607 ostendit.
504 1582 600 1610 Arieles
621 1585 703 1611 attinnt
722 1591 822 1613 tuarum
837 1595 887 1615 non
905 1575 1010 1615 comedi.

223 1620 289 1648 Nunt
305 1627 390 1657 potes,
404 1624 497 1660 inquit,
510 1627 598 1655 dicere
612 1630 682 1664 quod
696 1631 838 1666 aliquando
851 1633 1011 1660 comederint

222 1668 332 1696 arietem
348 1670 381 1697 de
395 1672 518 1707 gregibus
535 1675 601 1709 tuis,
627 1676 672 1712 qui
686 1678 786 1706 scilicet
805 1679 948 1707 multorutn
964 1687 1011 1714 pa-

222 1719 324 1742 storum
340 1724 397 1744 mos
411 1719 468 1746 est?
489 1720 511 1747 A
525 1721 602 1748 bestia
615 1728 717 1758 captum
733 1733 783 1751 non
797 1726 869 1753 attuli
881 1726 933 1752 tibi.
956 1725 1011 1753 Ne-

222 1767 274 1807 que
295 1762 362 1796 ipse,
385 1763 481 1799 inquit,
509 1766 653 1802 aliquando
671 1770 794 1805 comedi,
822 1779 910 1807 tteque
927 1773 1011 1800 bestia

222 1806 364 1840 aliquando
387 1817 481 1844 rapere
502 1813 595 1846 potuit.
626 1814 696 1842 Num
715 1817 788 1844 attuli
799 1806 921 1852 aliquida
933 1818 1012 1845 bestia

221 1853 346 1899 captum?
369 1854 465 1883 Annon
485 1858 601 1892 quotidie
626 1860 699 1888 vides
719 1869 776 1895 eos,
798 1863 894 1897 quibus
916 1871 1011 1899 greges

221 1897 316 1925 crediti
328 1904 398 1932 sunt,
423 1905 499 1936 capta
519 1910 535 1929 a
549 1903 641 1932 bestiis
654 1905 750 1934 aﬁ‘erre
769 1907 904 1935 dominis?
920 1897 1011 1936 iAtVtu

221 1943 286 1993 ttihil
301 1944 354 1993 tale
374 1946 412 1973 vel
437 1947 621 1978 demonstrare
639 1952 681 1979 vel
695 1953 811 1987 objicere
825 1954 921 1982 factum
935 1960 1011 1990 potes

222 1989 246 2013 iu
264 1989 354 2023 viginti
368 1991 454 2018 annis.
472 1993 504 2020 Et
518 1995 580 2028 quid
594 1995 653 2023 dico
665 2001 771 2032 captum
784 2006 799 2025 a
818 1998 892 2026 fera?
903 2000 955 2028 Sed
968 2008 1011 2028 ne-

219 2041 272 2068 qtte
286 2035 307 2061 si
322 2034 392 2064 furto
404 2036 520 2066 ablatum
534 2040 608 2075 quid,
625 2046 653 2069 ut
665 2049 736 2078 saepe
747 2046 886 2080 contingit,
913 2046 945 2073 ad
963 2054 1011 2074 tto-

222 2081 306 2131 titiam
318 2088 397 2131 tuam
414 2089 506 2116 venire
519 2092 610 2118 curavi
625 2100 632 2118 :
647 2093 694 2120 sed
708 2101 758 2128 ego
769 2101 817 2128 pro
830 2095 863 2122 iis
882 2102 941 2130 qua:
953 2095 1008 2122 lur-

220 2128 267 2153 tim
282 2128 369 2157 ablata
385 2131 490 2161 luerunt
501 2135 626 2169 satisfeci,
649 2138 705 2165 sive
720 2139 763 2166 die
776 2139 832 2166 sive
848 2128 925 2168 nocte
938 2141 1009 2168 acci-

218 2171 314 2219 disset.
342 2175 375 2202 Et
398 2184 457 2204 cum
483 2185 563 2208 azstus
586 2181 720 2216 flagraret,
743 2183 860 2211 ferebam
882 2184 986 2212 fortiter
1000 2207 1007 2219 ,

222 2218 345 2246 similiter
363 2226 390 2248 et
408 2222 490 2258 frigus
514 2226 611 2260 noctis,
634 2233 661 2254 ut
687 2228 762 2255 illaesi
787 2235 1009 2258 conservarentur

219 2273 316 2302 greges
331 2268 366 2295 tui
382 2277 389 2295 :
404 2276 435 2297 ac
450 2278 501 2297 non
516 2271 566 2299 ltoc
579 2273 664 2300 solum
676 2294 683 2306 ,
707 2274 753 2301 sed
775 2279 802 2302 et
820 2275 877 2309 ipse
899 2283 1008 2305 somnus

219 2317 331 2348 propter
343 2315 451 2343 multata
469 2323 559 2344 curam
574 2317 727 2346 discedebat
740 2320 774 2347 ab
788 2321 872 2349 oculis
886 2323 962 2350 meis.

255 2358 376 2396 Increpat
393 2363 544 2397 negligentes
560 2363 704 2391 animarum
722 2370 844 2401 pastores.
859 2383 895 2388 —
913 2368 1006 2397 Vidisti

219 2407 331 2438 pastoris
345 2408 505 2442 vigilantiam
518 2409 530 2435 ?
541 2409 627 2437 vidisti
642 2410 770 2439 intentum
785 2413 900 2441 studium
911 2414 922 2441 2
932 2415 1005 2448 Qua-

218 2450 269 2477 lem
294 2452 427 2480 habcbunt
456 2456 653 2483 excusationem
674 2457 709 2491 ii,
745 2459 841 2494 quibus
864 2461 1006 2488 rationales

218 2503 312 2530 greges
326 2498 418 2525 crediti
432 2503 501 2532 sunt,
526 2508 701 2537 magnamque
715 2511 768 2538 pra:
781 2511 811 2531 se
824 2505 910 2532 ferunt
923 2507 1006 2541 negli-

217 2543 331 2575 gentiam
347 2550 354 2570 :
372 2548 398 2571 et
410 2546 536 2580 quotidie,
559 2548 704 2576 secundum
733 2550 898 2585 prophetam.
925 2559 1004 2586 pecu-

217 2588 265 2614 des
279 2589 343 2617 alias
364 2596 480 2619 mactant
504 2592 615 2629 (Ezech.
629 2594 673 2621 54.
689 2594 759 2631 3-6)
781 2604 787 2622 :
803 2596 869 2623 alias
883 2604 898 2624 a
913 2597 1004 2625 bestiis

217 2638 308 2667 captas
320 2641 491 2666 contemnunt
507 2648 512 2665 :
537 2640 602 2667 alias
617 2647 682 2667 vero
696 2640 730 2668 ab
744 2641 795 2668 illis
817 2646 906 2676 raptas
926 2642 1002 2669 redu-

217 2687 279 2707 rere
304 2689 354 2708 non
372 2688 466 2712 curant
488 2693 495 2714 ι
517 2686 620 2713 tametsi
646 2687 734 2713 minor
750 2687 784 2714 sit
800 2687 883 2720 labor,
901 2693 927 2714 ct
940 2695 1002 2715 cura

218 2725 339 2754 facilior?
361 2729 453 2757 Anima
467 2731 536 2758 enim
552 2736 592 2760 est
608 2740 665 2767 qua:
678 2732 788 2760 docetur
810 2741 816 2759 :
841 2733 896 2761 illic
914 2739 1001 2761 autent

218 2771 313 2799 multus
326 2778 366 2800 est
378 2778 406 2802 ct
417 2777 535 2810 corporis
548 2782 573 2804 et
587 2777 682 2808 animae
697 2777 780 2806 labor.

251 2817 275 2843 7.
299 2818 362 2848 Vide
374 2821 442 2848 cniut
462 2821 523 2858 quid
539 2822 616 2850 dicat.
635 2822 683 2851 Die
697 2824 786 2851 urebar
797 2829 859 2852 aestu
870 2843 877 2858 ,
899 2829 921 2852 et
944 2821 1001 2860 gcht

557 105 584 133 S.
605 105 742 133 JOANNIS
761 104 1000 134 CllllYSOSTOMl
1021 104 1177 133 AllClllEl’.
1200 106 1465 135 CUNSTANTINOP.

1807 109 1861 137 5ῢὶ

1069 166 1150 193 nocte,
1175 167 1199 189 et
1214 162 1473 190 discedebutsonmas
1489 171 1505 190 a
1516 171 1563 190 me.
1580 163 1645 197 Quis
1658 164 1715 192 ltatc
1731 172 1801 192 nunc
1813 174 1862 201 po-

1069 212 1120 234 test
1134 207 1235 240 dicere,
1259 215 1288 235 se
1310 213 1417 243 propter
1435 215 1528 235 eorum
1544 209 1655 237 salutem
1676 217 1743 244 quos
1760 212 1860 245 pascit,

1069 259 1107 281 tot
1119 254 1187 281 ferre
1203 254 1308 282 labores
1325 259 1352 282 et
1371 254 1510 289 pericula?
1535 255 1566 282 Et
1588 255 1639 283 hoc
1661 256 1770 291 quidem
1792 265 1860 284 nunc

1068 300 1156 327 nullus
1169 299 1256 327 dicere
1274 300 1362 327 audet.
1378 300 1460 327 Paulo
1471 306 1559 327 autem
1573 301 1622 328 soli
1637 302 1711 329 orbis
1734 302 1862 337 magistro

1067 345 1130 373 licet
1152 345 1202 372 hoc
1223 346 1335 373 lideuter
1349 346 1449 379 dicere,
1464 350 1543 381 atque
1557 347 1598 374 his
1613 347 1726 382 majora.
1752 348 1783 375 Et
1806 349 1859 381 ubi,

1067 391 1163 426 inquis,
1177 391 1273 418 Paulus
1286 391 1343 418 ha":
1358 391 1502 418 sustinuit?
1524 391 1592 418 Audi
1613 400 1672 419 cum
1696 392 1830 420 dicentem
1855 403 1862 421 :

1068 436 1131 469 Quis
1146 437 1299 470 inﬁrmatur,
1314 442 1337 464 et
1355 445 1400 473 ego
1415 445 1464 464 non
1484 437 1620 471 inﬁrntor?
1633 439 1688 473 quis
1698 439 1860 466 scauduliu-

1067 487 1116 514 tur,
1133 487 1156 509 et
1170 490 1215 518 ego
1229 491 1279 509 non
1292 491 1352 510 uror
1377 483 1414 518 (l.
1430 482 1489 510 Cor.
1506 483 1549 510 ll.
1562 483 1632 518 29)?
1655 483 1677 511 0
1697 485 1810 518 pastoris
1825 485 1863 512 di-

1067 527 1224 555 lectionem!
1249 528 1351 555 Alienm
1366 528 1460 562 ruinze,
1485 529 1578 564 inquit,
1603 536 1678 557 meos
1692 529 1798 557 dolores
1812 538 1860 558 au-

1065 577 1138 607 gent,
1151 573 1235 600 aliena
1255 573 1378 600 scandala
1401 573 1535 601 fornacem
1558 573 1659 601 doloris
1683 575 1735 602 mei
1750 582 1862 603 succen-

1065 619 1141 646 dunt.
1158 619 1232 646 Hunc
1252 627 1346 648 omnes
1362 620 1508 653 imitentur,
1523 620 1618 655 quibus
1633 620 1778 648 rationales
1796 629 1861 649 oves

1066 665 1226 693 concredita;
1240 670 1311 698 sunt,
1335 671 1363 693 et
1384 673 1419 694 ne
1442 666 1590 694 deteriores
1605 666 1669 693 ﬁant
1683 666 1730 694 illo
1741 667 1786 701 qui
1798 671 1860 693 tan-

1067 717 1099 740 ιω
1113 713 1138 739 in
1154 712 1239 739 brutis
1262 712 1408 747 pecudibus
1431 712 1612 740 custodiendis
1634 712 1777 748 vigilantiae
1799 712 1857 744 fuit,

1066 759 1145 795 idque
1158 764 1197 786 tot
1211 766 1340 786 annorum
1359 767 1478 786 nutnero.
1504 759 1537 786 Et
1558 759 1613 786 illic
1634 759 1751 794 quidem,
1777 759 1799 786 si
1820 759 1860 786 itt-

1065 805 1137 832 curia
1157 804 1279 840 quaedam
1306 804 1443 838 acciderit,
1467 804 1567 832 nullum
1588 803 1735 832 damnum:
1751 804 1793 831 ltic
1809 812 1858 831 att-

1067 855 1120 878 tem
1144 851 1166 878 si
1179 851 1220 878 vel
1241 858 1291 878 una
1317 851 1374 878 ovis
1400 851 1535 879 rationalis
1559 851 1678 886 perierit,
1693 852 1760 878 vela
1775 851 1858 879 bestia

1066 897 1145 924 fuerit
1168 901 1254 931 capta,
1279 904 1360 932 grave
1381 895 1518 929 damnum,
1544 896 1687 923 maximum
1709 896 1858 924 detrimen-

1066 945 1132 975 tum,
1157 941 1298 969 ineﬁ'abilis
1325 949 1412 976 paena.
1431 941 1496 969 Nam
1518 942 1540 969 si
1556 942 1684 969 Dominus
1699 947 1789 968 noster
1801 949 1860 969 san-

1065 988 1172 1023 guinem
1196 996 1272 1015 suum
1296 987 1432 1023 proprium
1455 987 1593 1015 ell'undere
1609 995 1657 1022 pro
1679 987 1723 1014 illa
1741 995 1794 1014 non
1808 987 1858 1014 de-

1065 1033 1184 1066 clinavit,
1206 1040 1257 1068 qua
1274 1033 1349 1060 venia
1365 1032 1460 1068 dignus
1483 1032 1571 1066 fuerit,
1592 1032 1636 1067 qui
1650 1032 1689 1059 sic
1703 1031 1859 1059 honoratam

1065 1085 1080 1105 a
1100 1078 1212 1105 Domino
1227 1078 1365 1112 despicere
1380 1078 1503 1110 voluerit,
1527 1081 1554 1104 et
1575 1084 1627 1104 non
1639 1077 1727 1104 omnia
1740 1084 1798 1111 quae
1811 1084 1858 1112 po-

1067 1129 1119 1161 test
1138 1125 1164 1152 in
1188 1124 1305 1152 curanda
1321 1124 1423 1151 ovicula
1446 1123 1649 1158 adimpleverit?
1675 1123 1806 1150 Cmterttm
1825 1123 1858 1150 ad

1065 1170 1161 1198 seriem
1187 1171 1318 1198 sermonis
1339 1169 1490 1197 redeamus.
1505 1170 1549 1196 Μ.
1566 1168 1601 1196 Hi
1613 1169 1686 1201 milii,
1700 1169 1796 1203 inquit,
1820 1169 1859 1194 vi-

1064 1217 1128 1252 ginti
1147 1216 1217 1249 anni,
1247 1216 1337 1251 quibus
1359 1224 1416 1243 sum
1444 1215 1470 1242 in
1497 1216 1572 1242 domo
1596 1220 1650 1242 tua.
1689 1214 1786 1242 Servivi
1816 1214 1860 1241 tibi

1065 1261 1253 1296 quatuordecim
1266 1262 1339 1288 annis
1361 1269 1407 1296 pro
1421 1261 1524 1295 ﬁliabus
1537 1261 1596 1293 tuis,
1623 1265 1646 1287 et
1666 1269 1712 1287 sea:
1723 1261 1798 1287 annis
1812 1268 1859 1294 pro

1065 1308 1150 1334 ovibus
1171 1308 1231 1339 tuis,
1249 1312 1273 1334 et
1286 1307 1412 1343 fraudasti
1434 1307 1570 1334 mercedem
1585 1315 1666 1334 meam
1678 1307 1763 1333 decem
1777 1315 1858 1341 agna-

1065 1354 1119 1380 bus.
1137 1353 1180 1380 42.
1207 1353 1240 1380 Et
1263 1354 1312 1380 nisi
1335 1352 1404 1380 Deus
1426 1353 1505 1388 patris
1527 1353 1575 1379 mei
1601 1353 1721 1384 Abralue,
1744 1358 1768 1378 et
1790 1351 1858 1379 Deus

1065 1398 1163 1425 lsaac‘
1185 1399 1272 1434 fuisset
1299 1398 1361 1425 milii
1385 1398 1496 1434 adjutor,
1519 1406 1586 1425 nunc
1605 1400 1671 1433 forte
1691 1406 1731 1425 me
1754 1406 1858 1424 uacuum

1064 1444 1209 1471 dimisisses.
1242 1443 1419 1471 Humilitatem
1446 1451 1527 1470 meam
1550 1448 1573 1470 et
1597 1443 1708 1470 laborem
1736 1452 1857 1471 manuum

1064 1498 1176 1517 mearum
1188 1490 1249 1517 vidit
1263 1489 1340 1524 Deus,
1364 1494 1387 1517 et
1406 1490 1491 1525 arguit
1515 1494 1539 1517 te
1560 1489 1624 1516 lteri.
1644 1489 1709 1517 Vide
1724 1490 1858 1524 quomodo

1064 1543 1095 1563 ea
1110 1544 1169 1572 qua:
1183 1536 1322 1564 confessus
1343 1541 1384 1563 est
1405 1535 1507 1568 Laban,
1531 1536 1682 1563 animarunt
1699 1535 1810 1570 justum,
1830 1541 1856 1563 ut

1063 1588 1124 1609 cum
1149 1581 1244 1609 ﬁducia
1271 1581 1343 1608 illunt
1369 1580 1589 1616 reprehenderet.
1616 1579 1723 1613 Vidisti,
1749 1580 1855 1616 inquit,

1063 1627 1197 1663 quomodo
1213 1627 1305 1662 viginti
1328 1633 1458 1654 annorum
1473 1633 1584 1654 numero
1598 1626 1695 1653 servivi
1720 1625 1784 1660 tibi,
1810 1634 1857 1661 pro

1065 1674 1188 1708 ﬁliabus,
1212 1673 1413 1709 quatuordecim
1443 1673 1536 1705 annis,
1564 1672 1673 1706 reliquis
1697 1675 1787 1700 autem
1810 1679 1857 1706 pro

1064 1721 1158 1748 ovibus
1174 1729 1180 1747 :
1197 1725 1285 1747 tamen
1301 1719 1406 1755 privare
1419 1726 1462 1746 me
1480 1718 1588 1746 voluisti
1600 1717 1734 1752 mercede,
1754 1722 1782 1746 et
1802 1725 1856 1745 non

1065 1770 1091 1793 te
1110 1772 1189 1800 super
1211 1765 1262 1792 hoc
1283 1765 1379 1799 argui?
1401 1764 1497 1791 Verum
1525 1771 1559 1791 ex
1580 1763 1632 1790 illis
1655 1763 1730 1798 ipsis,
1749 1770 1809 1798 qure
1829 1768 1856 1789 tu

1063 1810 1201 1839 confessus
1213 1817 1252 1843 es,
1263 1810 1320 1838 scio
1347 1809 1417 1845 quod
1440 1809 1490 1836 nisi
1512 1809 1582 1836 Deus
1596 1808 1730 1835 Abraham
1743 1812 1770 1835 et
1785 1807 1855 1835 Isaac

1064 1858 1156 1885 fuisset
1173 1857 1238 1884 mihi
1257 1856 1378 1891 adjutor,
1404 1862 1474 1882 ttunc
1498 1862 1541 1882 me
1563 1862 1676 1881 vacuum
1705 1853 1854 1881 dimisisses

1063 1909 1088 1930 et
1113 1902 1222 1936 nudttm,
1241 1902 1329 1930 omnia
1355 1901 1423 1929 forte
1445 1900 1603 1928 abstulisses
1627 1907 1643 1927 a
1668 1907 1722 1931 me,
1747 1904 1775 1927 et
1788 1899 1854 1933 ittth—

1063 1948 1172 1980 stitiaut,
1186 1955 1266 1983 quam
1279 1953 1466 1982 proposueras,
1485 1953 1566 1981 opere
1587 1945 1787 1980 complevisses.
1801 1944 1853 1972 Sed

1064 1995 1133 2022 Deus
1155 1995 1200 2030 qui
1215 1995 1265 2021 scit
1281 1993 1455 2029 Humilitatem
1474 2001 1554 2019 meam
1567 1997 1590 2019 et
1611 1992 1721 2019 laborem
1735 2000 1853 2018 manuum

1063 2049 1184 2068 mearum.
1215 2040 1282 2074 Quid
1305 2044 1365 2073 est,
1393 2039 1569 2066 Humilitatem
1588 2048 1669 2066 meam
1693 2044 1717 2066 et
1744 2039 1854 2066 laborem

1062 2095 1183 2114 manuum
1204 2086 1336 2113 mearum?
1360 2085 1501 2119 Quoniam,
1525 2085 1618 2120 inquit,
1639 2086 1689 2112 scit
1702 2085 1772 2112 Deus
1785 2093 1853 2120 quo-

1063 2133 1142 2160 modo
1158 2139 1208 2167 ego
1231 2139 1326 2166 magno
1347 2131 1434 2159 studio
1453 2131 1604 2158 servitutem
1625 2138 1711 2158 meam
1735 2130 1853 2166 perfece-

1063 2179 1130 2212 rim,
1164 2182 1190 2205 et
1214 2183 1340 2213 quantum
1373 2176 1491 2204 laborem
1524 2177 1714 2210 sustinuerim,
1741 2184 1852 2212 pascens

1061 2231 1134 2258 oves,
1161 2224 1204 2251 die
1226 2228 1359 2258 noctuque
1384 2222 1410 2250 in
1435 2223 1505 2250 curis
1529 2226 1652 2249 versatus
1671 2222 1725 2250 :ad
1741 2222 1797 2255 illa,
1811 2223 1851 2249 in~

1061 2278 1151 2305 qttam,
1176 2269 1292 2304 respexit
1310 2269 1439 2304 benignus
1465 2268 1594 2296 Dominus
1613 2276 1673 2295 cum
1689 2268 1746 2296 lteri
1766 2269 1852 2304 arguit

1062 2322 1087 2344 te
1098 2326 1102 2343 :
1115 2316 1231 2344 coercuit
1246 2315 1398 2350 injustitiam
1413 2322 1490 2350 quam
1504 2314 1645 2342 adversum
1661 2322 1704 2342 me
1718 2315 1850 2349 struebas,

1059 2367 1087 2389 ct
1109 2361 1302 2389 irrationabiles
1323 2365 1383 2388 tuos
1401 2364 1523 2387 conattts.
1554 2360 1625 2388 Satis
1651 2360 1736 2395 tetigit
1758 2360 1850 2388 defen-

1059 2407 1146 2434 dendo
1165 2414 1194 2434 se
1225 2406 1378 2438 Labanum,
1411 2410 1438 2432 et
1470 2409 1608 2440 postquam
1635 2405 1851 2440 reprehendisset

1060 2453 1130 2479 illius
1152 2452 1178 2479 in
1200 2459 1230 2479 se
1254 2451 1420 2486 injustitiam,
1451 2458 1499 2478 sua
1520 2451 1547 2478 itt
1567 2450 1640 2477 illum
1661 2450 1789 2477 beneﬁcia
1804 2459 1850 2478 re-

1058 2498 1171 2525 censuit.
1184 2497 1244 2524 Ideo
1258 2497 1302 2524 ille
1315 2497 1477 2524 erubescens
1488 2496 1522 2523 de
1533 2496 1565 2523 iis
1575 2503 1633 2530 qua:
1646 2495 1762 2528 dixerat,
1779 2503 1849 2523 nunc

1058 2543 1084 2570 itt
1101 2543 1222 2570 timorem
1232 2550 1324 2570 versus
1339 2546 1388 2574 est,
1401 2546 1428 2569 et
1442 2541 1540 2569 fmdera
1553 2541 1619 2568 inire
1629 2541 1683 2567 vult
1693 2549 1753 2568 cum
1763 2541 1847 2575 justo.

1058 2589 1124 2616 Vide
1137 2589 1327 2624 providentiam
1342 2588 1397 2615 Dei.
1420 2588 1469 2621 Qui
1493 2593 1566 2614 tanto
1584 2588 1683 2622 impetu
1702 2588 1734 2614 ad
1756 2595 1848 2622 perse-

1057 2636 1190 2670 quendum
1205 2636 1316 2668 exierat,
1335 2640 1407 2662 tanto
1421 2635 1514 2662 timore
1529 2634 1639 2661 affectus
1655 2639 1705 2666 est,
1726 2638 1755 2661 ut
1766 2634 1800 2661 ab
1814 2641 1847 2661 eu

1058 2681 1155 2708 foedera
1168 2686 1308 2716 qumreret.
1323 2681 1366 2708 45.
1391 2680 1554 2714 Respondeas
1572 2685 1655 2706 autem
1667 2679 1764 2712 Laban,
1780 2680 1846 2706 dixit

1056 2727 1089 2753 ad
1100 2725 1179 2753 Iacob
1193 2734 1202 2752 .'
1217 2725 1292 2753 Filia:
1305 2731 1363 2758 tuas,
1377 2727 1438 2760 ﬁlim
1451 2734 1512 2753 mea:
1525 2734 1534 2752 :
1549 2731 1571 2752 et
1584 2726 1632 2760 ﬁlii
1648 2726 1694 2758 tui,
1715 2725 1763 2759 ﬁlii
1775 2725 1824 2751 mei
1835 2732 1845 2752 :

1056 2779 1078 2801 et
1102 2781 1192 2808 pecora
1211 2777 1264 2807 tua,
1289 2780 1380 2807 pecora
1406 2780 1460 2800 mea
1476 2780 1486 2799 :
1499 2778 1521 2800 et
1534 2772 1617 2799 omnia
1633 2779 1794 2807 quacumque
1818 2776 1844 2798 tu

1086 2834 1092 2848 '
1106 2834 1179 2859 Cois].
1193 2836 1219 2858 ct
1233 2832 1305 2863 Bibl,
1319 2835 1394 2858 metus
1405 2832 1496 2861 Isaac,
1514 2831 1527 2855 ὸ
1540 2829 1611 2861 φόϐος
1629 2827 1720 2853 Ἰσαάκ.
