2046 3126
162 199 167 232 Ξ
184 207 284 241 διάτῆ;
296 206 386 242 μάχης
393 208 442 242 τῆς
457 207 560 240 οἰκείας
569 208 658 244 ψυχῆς
674 208 966 245 ἑκκαλύπτειτὴνὰρε-

180 250 240 282 τήν.
269 248 299 274 Τί
309 247 342 273 τὸ
358 247 488 283 ἀδίκημά
503 258 573 284 μου,
585 250 666 285 φησίν
677 259 683 282 ;
694 250 712 284 ἢ
726 251 754 276 τι
766 251 799 276 τὸ
813 250 968 285 ἁμάρτημά

179 298 250 323 μου.
268 289 310 316 ὅτι
321 289 498 323 κατεδίωξας
510 291 605 317 ὀπίσω
609 300 668 325 μου
675 300 684 324 ;
698 292 774 322 Τίνος
782 292 882 323 ἕνεκεν,
891 293 966 326 φησὶ,

182 330 252 365 μετά
262 330 394 365 τοσαύτης
403 331 491 366 ὁρμῆς
499 332 665 366 κατεδίωξάς
685 341 718 368 με
736 341 743 365 ;
760 334 836 359 ποῖον
846 333 966 368 ἀδίκημα

181 372 306 405 ἐγκαλεῖν
314 371 400 406 ἐχων;
413 374 488 399 ποῖον
497 373 650 409 ἁμάρτημα
661 381 668 405 ;
684 374 738 400 Καὶ
746 374 775 400 οὺ
787 374 866 409 μόνον
876 374 964 405 τοῦτο,

179 413 249 440 ἀλλὰ.
264 414 310 439 καὶ
318 413 452 449 τοσαύτην
473 413 551 450 ὓϐριν
575 415 642 449 ἡμῖν
661 416 811 450 ἐπήγαγες,
826 415 896 442 ὥστε
919 416 966 442 καὶ

179 455 325 490 ἐρευνῆσαι
338 454 427 481 πάντα
452 455 486 482 τὰ
510 456 538 482 ἐν
559 455 595 490 τῷ
607 456 674 491 οἴκῳ
690 465 752 491 μου.
768 457 798 483 Τί
809 455 895 491 εὗρες
906 457 965 484 ἀπὸ

179 496 299 522 πάντων
308 496 426 523 σκευῶν
439 497 492 524 τοῦ
505 498 589 525 οἴκου
603 505 661 525 σου
668 507 677 530 ;
690 498 745 531 Θὲς
757 495 815 525 ὧδε
827 499 965 525 ἐναντιον

178 537 238 564 τῶν
244 537 383 572 ἀδελφῶν
396 545 454 565 σου
469 539 582 566 καὶτῶν
594 539 733 574 ἀδελφῶν
741 549 811 574 μου,
825 540 873 566 καὶ
885 541 965 575 ἐλεγ-

178 579 318 611 ξάτωσαν
329 580 387 607 ἀνὰ
394 580 491 614 μέσον
505 581 564 608 τῶν
576 581 630 608 δύο
645 581 737 615 ἡμῶν.
755 581 904 617 Τοσαύτην,
913 591 964 618 φη-

178 621 232 653 σὶν,
251 621 363 656 ἔρευναν
374 622 566 657 ποιησάμενος,
575 621 629 658 ἄρα
640 623 773 658 ⁴ίγδυνήθης
780 631 805 650 τι
813 624 902 657 εὑρεῖν
910 623 962 650 τῶν

179 662 218 698 μὴ
226 662 417 697 προσηκόντων
427 672 470 698 μοι
481 672 488 696 ;
500 664 515 699 ἢ
525 663 578 689 τῶν
585 672 625 690 σοι
633 663 824 699 διαφερόντων;
835 665 866 690 Ei
874 662 961 699 εὗρες,

177 704 207 730 ἐν
217 704 256 738 τῷ
268 704 342 739 μέσῳ
352 704 508 739 παράγαγε,
521 704 646 741 [5581ἶνα
654 706 678 731 οί
695 705 820 737 συνόντες
831 715 874 742 μοι
884 707 930 732 καὶ
938 707 962 732 of.

178 745 250 779 μετὰ
261 746 308 772 σοῦ
333 746 550 781 παραγενόμενοι
565 746 615 781 τὴν
625 747 761 782 διάκρισιν
783 748 961 782 ποιήσωνται.

177 785 289 822 Ἐπειδὴ
300 784 368 813 εἷδεν
374 780 523 813 ἀνεύθυνον
533 780 629 814 ἑαυτὸν
638 789 666 814 ἐν
675 780 761 816 ἅπασι
768 780 962 824 γεγενημένον,

176 828 278 864 πολλὴν
300 828 392 855 λοιπὸν
409 829 565 864 παρρησίαν
584 830 746 865 προσλαϐὼν
768 831 962 867 ἀπαριθμεῖται

177 870 229 905 τὴν
246 869 363 902 εὖνοιαν,
378 870 412 905 ἣν
430 871 494 906 περὶ
509 870 591 897 αὑτὸν
603 872 631 898 ἐν
644 872 726 898 παντὶ
743 872 782 908 τῷ
795 873 883 909 χρόνῳ
909 874 960 899 ἐπ-

174 911 307 944 εδείξατο,
321 911 450 947 καίφησι·
465 911 612 947 Ταῦτάμω
622 913 740 940 εἴκοσιν
753 914 815 948 ἔτη.
829 913 905 941 Μετὰ
916 914 961 941 τὸν

175 952 300 987 κάματον
314 952 368 979 τῶν
377 953 512 980 τοσούτων
523 953 592 981 ἐτῶν
606 954 718 987 τούτων,
726 956 800 990 ήμην
814 955 887 988 ἄξιος
896 955 961 982 ταύ-

173 1001 225 1028 της
241 993 290 1028 τῆς
307 993 428 1030 ὕϐρεως;
450 993 548 1021 Ταῦτά
562 1004 613 1030 μοι
629 996 746 1023 εικοσιν
763 997 826 1030 ἐτη.
839 998 961 1033 Σήμερον

173 1035 277 1062 εἴκοσιν
287 1035 354 1061 ἐτῶν
364 1035 478 1071 ἀριθμὸν
486 1036 540 1069 ἔχω
556 1038 584 1063 ἐν
596 1037 635 1072 τῷ
651 1037 717 1073 οἴκῳ
732 1038 771 1073 τῷ
785 1038 832 1074 σῷ.
846 1040 884 1066 Τὰ
894 1039 961 1073 πρό-

173 1076 248 1104 ϐατά
255 1085 312 1104 σου
321 1077 369 1104 καί
377 1076 493 1112 αίιιῖγές
498 1085 555 1105 σου
566 1079 621 1105 οὐκ
632 1079 853 1114 ἠτεκνώθησαν
861 1080 962 1115 κριοὺς

172 1118 234 1145 τῶν
247 1119 402 1153 προϐάτων
407 1126 466 1147 σου
474 1121 508 1147 οὺ
522 1120 691 1155 κατέφαγον
699 1130 705 1137 ·
715 1122 899 1155 θηριάλωτον
906 1126 961 1152 οὐκ

171 1159 264 1193 ἐνήνο
267 1161 306 1195 χά
314 1169 373 1188 σοι.
388 1161 457 1196 Ἐγὼ
465 1161 645 1189 ἀπετίννυον
651 1163 718 1197 παρ’
729 1163 867 1197 ἐμαυτοῦ,
875 1167 961 1200 κλέμ-

169 1210 251 1236 ματα
259 1202 370 1237 ήμέρας
380 1202 429 1229 καί
439 1203 590 1238 κλέμματα
601 1205 722 1237 νυκτός.
738 1205 897 1239 Ἐγενόμην
906 1207 961 1240 τῆς

172 1243 286 1278 ἡμέρας
299 1245 515 1279 συγ-καιόμενος
538 1244 578 1277 τῷ
594 1245 837 1280 καύματι,κιιὶτῷ
844 1247 961 1281 narem")

171 1285 227 1319 τῆς
241 1286 361 1319 νυκτὸς,
373 1286 575 1321 καὶάφίστατο
584 1288 600 1314 ό
609 1287 769 1320 ὕπνος-ἀπὸ
784 1287 960 1322 τῶι-ὀφθαλ-

169 1326 237 1361 μῶν
244 1336 315 1361 μου.
331 1327 489 1360 Ἐπελάθου,
500 1329 576 1363 φησὶ,
591 1327 644 1355 τῶν
661 1329 791 1364 καμάτων
809 1329 862 1356 τῶν
872 1330 958 1365 ἐμῶν,

172 1366 210 1395 ὧν
221 1370 400 1406 ἐπεδειξάμην
413 1371 563 1406 ποιμαίνων
570 1371 605 1397 τὰ
613 1371 736 1406 πρόϐατά
749 1380 795 1397 σου
806 1374 907 1405 καὶτὰς
918 1372 960 1400 αἷ-

173 1420 243 1445 γας;
257 1413 302 1448 Μὴ
310 1413 380 1447 ἔχεις
391 1412 537 1447 ἐγκαλέσαι
546 1413 586 1439 ὅτι
599 1413 663 1440 ποτὲ
674 1413 708 1440 τὰ
714 1414 846 1449 πρόϐατα,
855 1415 871 1451 ἢ
880 1417 907 1442 αἱ
916 1414 958 1443 αἴ-

171 1463 219 1487 γες
231 1454 440 1490 ἠτεκνώθησαν;
451 1456 522 1490 Ὅρα
535 1455 621 1490 πόσην
633 1455 753 1482 δείκνυσι
761 1456 810 1491 τὴν
819 1457 894 1492 παρὰ
909 1458 956 1484 τοῦ

171 1495 239 1522 Θεοῦ
249 1495 354 1523 εὔνοιαν
363 1498 549 1532 γεγενημένην
558 1498 599 1529 είς
613 1497 658 1524 τὸν
672 1495 745 1524 οἶκον
755 1497 801 1525 τοῦ
810 1499 902 1526 Λάϐαν
914 1500 957 1528 διὰ

170 1538 221 1572 τὴν
237 1538 319 1565 αὑτοῦ
337 1539 496 1574 παρουσίαν.
513 1538 598 1565 Τοῦτο
612 1539 666 1575 γάρ
682 1541 755 1566 ἐστιν
766 1540 834 1576 ὅπερ
847 1542 894 1568 καὶ.
902 1542 958 1569 ἄνω

170 1581 264 1614 ἔλεγεν
276 1588 283 1595 ο
293 1581 451 1616 Εὺνῑόγησέ
458 1589 494 1608 σε
503 1582 518 1608 ὁ
533 1581 605 1614 Θεὸς
612 1581 660 1608 ἐπὶ
669 1581 708 1614 τῷ
716 1581 785 1609 ποδί
794 1591 863 1616 μου.
874 1583 959 1611 Τοῦτο

170 1623 225 1658 γὰρ
234 1622 321 1654 οὐδεὶς
329 1623 361 1649 ἂν
371 1623 444 1659 παρά
452 1623 842 1659 ποιμένοςάπαιτήσειεν.ούδὲ
849 1625 902 1661 γάρ
910 1626 958 1662 τῆς

170 1664 354 1699 ποιμαντικῆς
365 1665 442 1691 τοῦτο
451 1664 539 1700 ἔργον·
551 1664 658 1700 φύσεως
665 1665 719 1699 γάρ
735 1666 802 1693 ἐστι.
815 1666 864 1693 Διὰ
879 1668 958 1694 τοῦτο

171 1707 227 1742 πρὸ
235 1706 341 1732 πάντων
351 1706 429 1732 τοῦτο
443 1706 597 1742 προτίθησι,
610 1708 656 1734 καὶ
666 1707 766 1743 πολλὴν
775 1707 894 1735 δείκνυσι
907 1710 958 1745 τὴν

170 1749 276 1777 ἀνωθεν
284 1749 468 1784 γεγενημένην
477 1749 604 1784 πρόνοιαν
611 1749 715 1784 περὶτὰ
724 1749 768 1776 ποί
772 1750 956 1785 μνιαΚριοὺς

171 1791 232 1818 τῶν
239 1790 392 1825 προϐάτων
399 1799 456 1818 σου
465 1791 501 1817 οὐ
509 1790 687 1825 κατέφαγον.
695 1791 740 1826 Μὴ
749 1791 860 1818 δύνασαι
869 1793 957 1819 εἰπεῖν

169 1835 212 1860 ὅτι
222 1833 288 1859 ποτὲ
298 1833 450 1866 κατέφαγον
461 1832 536 1868 κριὸν
544 1833 576 1859 ἐκ
585 1832 639 1859 τῶν
648 1832 792 1867 προϐάτων
803 1842 861 1865 σου,
868 1833 882 1860 6
892 1835 957 1861 πολ-

169 1875 227 1906 λοῖς
235 1880 247 1894 ιι
259 1874 311 1900 τῶν
323 1874 458 1909 ποιμένων
465 1875 550 1900 ποιεῖν
562 1873 635 1906 ἑθος;
649 1873 836 1908 Θηριάλωτον
846 1876 901 1902 οὐκ
909 1876 957 1902 ὲν-

168 1915 268 1949 ήνοχὰ
284 1924 342 1943 σοι.
360 1915 428 1942 Οὔτε
445 1916 536 1947 αὐτὸς,
547 1916 623 1951 φησὶ,
640 1916 703 1942 ποτὲ
719 1915 883 1950 κατέφαγον,
895 1916 956 1944 οὔτε

169 1959 204 1993 θη
210 1958 264 1993 ρίον
275 1957 366 1993 ἴσχυσέ
375 1965 438 1984 ποτε
446 1957 601 1992 ἀφελέσθαι.
609 1957 657 1991 Μὴ
663 1957 847 1992 ἑνήνοχάσοι
856 1959 956 1993 θηριά-

168 2002 268 2028 ,Ζωτον
274 2007 283 2031 ;
296 2000 331 2025 Ἢ
341 1999 400 2034 οὐχὶ
414 1999 474 2025 καθ’
482 1999 599 2033 ἑκάστην
609 1999 625 2031 ἠ
632 1999 716 2034 μέραν
725 2001 788 2030 τοὺς
797 1999 831 2026 τὰ
844 1999 955 2035 ποίμνια

170 2041 406 2077 ἑγχειριζομένους
416 2041 481 2076 δρᾷς
493 2040 648 2075 θηριάλωτα
657 2041 713 2071 τοῖς
720 2040 860 2072 δεσπόταις
869 2049 955 2076 προσο

169 2084 302 2117 άγοντας;
321 2082 400 2108 Ἀλλά
410 2083 442 2108 σὺ
452 2081 528 2108 οὐδὲν
535 2081 653 2108 τοιοῦτον
660 2081 806 2115 ἐγκαλέσαι
815 2082 926 2118 δυνήσῃ,
937 2083 953 2118 ἢ

168 2125 255 2158 δεῖξαι
265 2123 445 2160 γεγενημένον
455 2124 483 2150 ὲν
494 2124 549 2155 τοῖς
560 2123 661 2149 εἴκοσιν
674 2123 756 2150 ἔτεσι.
772 2123 827 2149 Καὶ
840 2123 865 2149 τί
884 2123 955 2158 λέγω

169 2166 352 2202 θηριάλωτοιη
367 2165 436 2191 Ἀλλ’
445 2164 504 2190 οὐδὲ
514 2165 538 2191 εί
549 2164 654 2199 ἐκλάττη
660 2165 734 2196 ποτε,
744 2161 788 2190 οἷα
797 2164 954 2200 συμϐαίνειν

168 2209 254 2240 εἰκὸς,
265 2208 303 2239 εἱς
319 2207 371 2242 τὴν
383 2207 432 2242 σὴν
472 2203 572 2238 γνῶσιν
607 2203 684 2232 τοῦτο
734 2206 882 2242 πεποίηκα,
897 2207 953 2233 ἀλλ’

169 2250 227 2284 ἐγὼ
241 2249 288 2276 καὶ
301 2249 445 2283 κλέμματα
459 2247 629 2283 κλεπτόμενα
642 2246 811 2280 ἅπετίννυον,
827 2248 862 2275 τά
878 2257 907 2275 τε
926 2250 954 2275 ἐν

168 2291 272 2326 ἡμέρᾳ,
284 2289 318 2317 τά
326 2299 356 2316 τε
370 2291 399 2316 ἐν
409 2289 487 2316 νυκτὶ
497 2290 636 2324 γινόμενα.
644 2288 697 2314 Καὶ
707 2288 838 2324 διηνεκῶς
851 2289 899 2316 καὶ
909 2290 954 2317 τὸν

167 2332 218 2359 τοῦ
228 2332 365 2367 καύματος
382 2330 507 2358 καύσωνα
521 2330 617 2365 ἔφερον
631 2329 772 2364 γενναίως,
780 2330 880 2357 καὶτὸν
889 2339 954 2366 κρυ-

169 2375 221 2411 μὸν
235 2375 280 2400 τὸν
294 2374 347 2400 ἀπὺ
360 2373 410 2408 τῆς
425 2373 531 2404 νυκτῖς,
542 2372 611 2406 ὑπὲρ
627 2371 673 2398 τοῦ
691 2371 795 2406 ἀϐλαϐῆ
809 2379 850 2398 σοι
861 2371 956 2399 τάποί-

169 2425 236 2443 ανια
246 2414 444 2443 διασώσασθαι·
454 2413 500 2440 καὶ
511 2413 541 2439 ού
554 2412 631 2439 τοῦτο
641 2412 729 2448 μόνον,
739 2412 807 2439 ἀλλά
818 2413 865 2439 καὶ
874 2413 955 2446 αὐτὸς

165 2460 182 2486 6
199 2457 282 2489 ὕπνος
295 2457 338 2484 διά
352 2458 400 2492 τὴν
412 2455 512 2491 πολλὴν
527 2455 653 2490 φροντίδα
670 2454 802 2488 ἀφίστατο
815 2455 863 2480 ἀπ’
874 2455 952 2490 ἐμοῦ.

202 2499 279 2531 Εἶδες
298 2498 426 2534 ποιμένος
444 2497 611 2532 ἀγρυπνίαν;
636 2495 704 2528 εἶδες
728 2496 845 2531 σπουδὴν
862 2497 954 2524 ἐπιτε-

165 2541 303 2576 ταμένην;
324 2541 408 2567 Ποίαν
430 2540 462 2567 ἃν
483 2540 569 2574 ἔχοιεν
593 2539 740 2572 ἀπολογίαν
760 2538 785 2564 οί
803 2539 838 2565 τά
858 2539 955 2573 λογικά

164 2584 280 2619 ποίμνια
297 2581 538 2618 έγκεχειρισμένοι,
558 2581 605 2607 καὶ
625 2580 723 2615 πολλὴν
744 2579 793 2616 τὴν
820 2580 955 2616 ρᾳθυμίαν

164 2625 392 2661 ἐπιδεικνύμενοι,
414 2624 461 2650 καὶ
484 2623 543 2650 καθ’
558 2623 676 2658 ἑκάστην
688 2622 809 2658 ἡμέραν⁷
826 2623 898 2649 κατὰ
909 2623 954 2650 τὸν

164 2668 320 2703 προφήτην,
334 2666 368 2693 τὰ
392 2666 441 2701 μὲν
458 2665 710 2698 κατασφάττοντες,
732 2663 766 2690 τὰ
789 2663 817 2690 δὲ
838 2664 954 2699 δρῶντες

165 2709 338 2745 θηριόϐρωτα
356 2707 492 2742 γινόμενα,
508 2705 542 2732 τὰ
563 2705 590 2732 δὲ
608 2705 658 2740 ὑφ’
679 2704 780 2740 ἐτέρων
802 2704 952 2740 συλώμενα,

162 2751 212 2779 καὶ
228 2750 354 2785 οὐδεμίαν
366 2747 526 2784 κηδεμονίαν
537 2746 625 2773 αὐτῶν
634 2746 767 2774 ποιεῖσθαι
780 2746 935 2782 βουλόμενοι
945 2755 953 2779 ;

163 2793 254 2820 καίτοι
274 2800 306 2826 γε
325 2791 440 2817 ἐνταῦθα
457 2789 576 2817 ἐλάττων
597 2789 612 2814 6
628 2788 717 2820 πόνος,
743 2788 790 2814 καὶ
810 2786 918 2819 εῠκολος
937 2789 954 2823 ή

162 2833 320 2869 ἐπιμέλεια.
338 2833 417 2868 Ψυχὴ
440 2831 495 2866 γάρ
512 2831 585 2857 ἐστιν
600 2830 617 2864 ἡ
633 2828 826 2864 παιδευομένη·
846 2829 905 2855 ἐκεῖ
926 2829 953 2855 δὲ

163 2877 249 2907 πολὺς
263 2876 310 2902 καὶ
324 2875 362 2910 τῷ
372 2874 477 2909 σώματι
491 2873 538 2899 καὶ
562 2873 595 2906 τῇ
606 2871 678 2906 ψυχῇ
695 2871 709 2896 6
726 2871 816 2902 πόνος.

198 2919 308 2953 ς¹.”ορα
315 2918 367 2952 γὰρ
375 2917 402 2943 τί
414 2924 506 2952 φησιν·
519 2914 682 2949 Ἐγ-ενόμην
693 2912 746 2947 τῆς
756 2912 864 2948 ἡμέρας
874 2919 948 2946 σινγ-

197 2967 208 2981 "
224 2966 264 2991 Si:
277 2964 349 2990 Cois].
363 2964 484 2989 Edcbalur
502 2963 606 2990 noDovJ;
622 2961 687 2986 lion.

692 153 724 180 IN
742 153 817 181 CAP.
837 153 910 181 XXX
929 153 1048 183 GENES.
1070 154 1185 184 HOMIL.
1206 156 1283 183 [ΝΠ.

1752 162 1805 189 51ῒ4

1022 211 1177 246 καιόμενος
1189 213 1227 245 τῷ
1238 215 1374 248 καύματι,
1389 215 1436 242 καί
1447 215 1485 248 τῷ
1492 215 1607 250 παγετῷ
1618 216 1670 251 τῆς
1683 218 1802 251 νυκτὸς.

1019 253 1221 288 καὶάρίο-τατο
1233 257 1250 282 ό
1262 256 1355 289 ὕπνος
1373 257 1422 284 ἀπ’
1434 257 1516 292 ἐμοῦ.
1530 259 1578 290 Τίς
1596 258 1629 286 ἂν
1653 259 1732 285 τοῦτο
1756 259 1807 286 νῦν

1018 295 1142 330 δυνηθείη
1157 296 1169 316 δ
1182 297 1278 328 εἰπεῖν,
1292 297 1331 323 ὄτι
1350 297 1394 324 διὰ
1407 298 1456 333 τὴν
1474 299 1609 334 σωτηρίαν
1624 300 1679 327 τῶν
1694 301 1740 327 ὑπ’
1754 302 1803 328 αὺ-

1017 336 1065 362 τοῦ
1079 338 1296 372 ποιμαινομένων
1402 339 1538 371 κινδύνους
1549 340 1692 373 ἀνεδέξατο
1700 342 1746 369 καὶ
1756 351 1803 368 τα-

1016 377 1181 414 λαιπωρίας;
1191 379 1250 406 Τῶν
1261 380 1309 414 μὲν
1319 379 1365 407 νῦν
1374 380 1460 411 οὐδεὶς
1469 380 1502 407 ἂν
1509 381 1588 408 τοῦτο
1599 383 1684 409 εἰπεῖν
1698 384 1801 419 τολμή-

1017 427 1083 446 σειε.
1093 420 1224 456 Παύλῳδέ
1236 421 1308 456 μόνῳ
1318 421 1405 453 ἔξεστι
1414 421 1499 448 ταῦτα
1512 424 1579 456 μετά
1594 425 1749 459 παρρησίας
1764 425 1803 450 λέ-

1016 461 1135 494 γειν,καὶ
1140 462 1242 488 τούτων
1250 462 1359 497 μείζονα
1364 462 1411 497 ,τῷ
1419 463 1571 498 διδασκάλῳ
1576 465 1800 500 τῆςοίκουμένης.

1016 501 1068 528 Καὶ
1076 503 1137 536 ποῦ,
1145 504 1221 538 φησὶ,
1232 503 1336 535 Παῦλος
1343 504 1429 531 ταῦτα
1440 504 1584 539 ὑπέμεινεν
1592 514 1600 538 ;
1611 507 1709 532 ’Δκουε
1718 507 1802 532 αὑτοῦ

1015 543 1152 577 λέγοντοςο
1162 545 1207 578 Τίς
1215 545 1345 577 ἀσθενεῖ,
1355 546 1403 572 καὶ
1414 547 1469 573 οὐκ
1478 546 1610 578 ἀσθενῶ;
1620 547 1664 580 τίς
1674 548 1803 574 σκανδας

1014 585 1132 618 λίζεται,
1143 586 1191 612 καὶ
1205 587 1260 613 οὐκ
1281 587 1337 622 ἐγὼ
1357 588 1522 622 πυροῦμαι;
1539 588 1571 614 Ὢ
1588 588 1714 623 ποιμένος
1729 589 1802 622 φιλο-

1016 627 1137 662 στοργία,
1149 627 1189 654 Τὰ.
1203 628 1311 663 ἐτέρων,
1321 630 1396 664 φησὶ,
1406 629 1538 664 πτώματα
1546 630 1607 665 ἐμοὶ
1618 630 1744 656 ἐπιτείνει
1753 631 1801 662 τὰς

1014 668 1216 704 ἀλγηδόνας·τά
1229 670 1329 704 ἑτέρων
1340 670 1474 697 σκάνδαλα
1488 671 1548 705 ἐμοὶ
1561 671 1610 706 τὴν
1622 672 1736 706 κάμινον
1752 672 1800 705 τῆς

1014 710 1109 745 ὀδύνης
1117 711 1240 738 ἀνάπτει.
1250 712 1349 739 Τοῦτον
1357 712 1472 744 ἅπαντες
1482 711 1653 747 ζηλούτωσαν
1661 713 1685 739 οί
1692 713 1739 748 τὴν
1748 713 1801 739 τῶν

1014 751 1130 785 λογικῶν
1145 753 1288 788 προϐάτιον
1309 754 1540 790 ὲγκεχειρισμένοι
1564 754 1741 790 προστασίαν,
1753 755 1801 780 καὶ

1015 794 1052 828 μὴ
1063 794 1170 828 χείρους
1179 794 1351 828 γενέσθωσαν
1359 795 1406 821 τοῦ
1423 796 1486 830 περὶ
1499 796 1548 832 τήν
1560 797 1614 823 τῶν
1626 796 1730 830 ἀλόγων
1739 796 1801 831 πρό-

1014 843 1087 861 νοιαν
1095 835 1226 870 τοσαύτην
1237 836 1388 871 ἀγρυπνίαν
1395 837 1608 872 ἐπιδειξαμένου,
1622 837 1669 864 καὶ
1680 838 1725 863 ἐπὶ
1738 846 1800 863 τοσ-

1013 874 1091 902 οῦτον
1099 876 1167 902 ἐτῶν
1179 876 1304 912 ἀριθμόν.
1329 878 1403 904 Ἐκεῖ
1417 878 1466 913 μὲν
1483 878 1536 913 γὰρ
1551 879 1602 905 κᾶν
1619 878 1739 914 ῥᾳθυμία
1757 886 1799 909 τις

1013 918 1219 953 γένηται,οὑδὲν
1234 919 1263 945 τὸ
1273 919 1379 953 βλάϐος
1392 919 1508 947 ἐνταῦθα
1523 921 1550 947 δέ
1561 922 1613 947 κᾶν
1624 921 1652 947 ἓν
1665 920 1799 956 πρόϐατον

1013 959 1119 992 λογικὸν
1129 960 1272 994 ἀπόληται,
1288 961 1304 995 ἦ
1321 960 1486 996 θηριάλωτον
1496 962 1619 998 γένηται,
1634 962 1718 997 πολλὴ
1727 963 1744 997 ἡ
1755 961 1799 996 ζη-

1013 1001 1072 1036 μία,
1085 1002 1199 1037 μεγίστη
1210 1004 1225 1037 ἠ
1247 1003 1344 1038 βλάϐη,
1354 1003 1478 1038 ἄφατοςὴ
1492 1004 1611 1035 κόλασις.
1624 1004 1655 1030 El
1668 1004 1721 1040 γὰρ
1734 1005 1799 1030 ὁΔε-

1012 1043 1114 1079 σπότης
1127 1045 1141 1070 6
1153 1044 1285 1080 ἡμέτερος
1292 1044 1323 1071 τὸ
1338 1041 1407 1080 αἷμα
1418 1045 1449 1071 τὸ
1460 1045 1524 1072 ίδιον
1530 1046 1623 1081 ἐκχέαι
1637 1045 1706 1081 ὑπὲρ
1716 1045 1797 1072 αὑτοῦ

1011 1085 1042 1111 οὐ
1061 1086 1248 1121 παρῃτήσατο,
1271 1086 1350 1118 ποίας
1367 1086 1399 1113 ἂν
1410 1086 1451 1121 εἴη
1468 1088 1482 1113 6
1493 1086 1612 1118 τοιοῦτος
1635 1087 1798 1122 συγγνώμης

1010 1125 1116 1158 ἄξιος,ὁ
1131 1126 1176 1153 τὸν
1192 1127 1263 1154 οὕτω
1276 1127 1424 1162 τιμηθέντα
1436 1127 1511 1163 παρά
1520 1125 1566 1154 τοῦ
1579 1128 1713 1155 Δεσπὸτου
1726 1137 1798 1163 παρ-

1010 1169 1076 1204 ορᾷν
1092 1169 1265 1203 ἀνεχόμενος,
1277 1169 1323 1195 καὶ
1335 1169 1372 1204 μὴ
1388 1169 1422 1196 τὰ
1433 1169 1497 1204 παρ’
1514 1169 1609 1196 ἑαυτοῦ
1626 1170 1713 1196 πάντα
1730 1169 1798 1205 πλη-

1013 1210 1066 1245 ρῶν
1080 1211 1120 1241 είς
1132 1210 1181 1245 τὴν
1195 1210 1242 1236 τοῦ
1256 1209 1391 1245 προϐάτου
1412 1210 1584 1245 ἐπιμέλειαν;
1609 1211 1679 1237 Ἀλλ’
1688 1211 1733 1237 ἐπὶ
1747 1211 1797 1246 τὴν

1010 1251 1170 1278 ἀκολουθίαν
1177 1251 1309 1285 τοῦλόγου
1321 1251 1523 1287 ἐπανέλθωμεν.
1534 1251 1628 1278 Ταῦτά
1632 1261 1692 1286 μοι,
1703 1252 1797 1286 φησὶν,

1009 1292 1126 1319 εἴκοσιν
1145 1293 1197 1326 ἐτη
1208 1292 1265 1327 εἰμὶ
1280 1292 1314 1319 ἐν
1324 1291 1362 1326 τῇ
1371 1293 1450 1325 οἰκίᾳ
1459 1299 1526 1320 σου.
1550 1293 1734 1320 Ἐδούλευσά
1748 1301 1797 1319 σοι

1010 1333 1214 1367 δεκατέσσαρα
1224 1334 1275 1367 ἔτη
1283 1333 1349 1361 ἀντὶ
1357 1333 1416 1360 τῶν
1423 1333 1478 1360 δύο
1490 1334 1658 1369 θυγατέρων
1670 1343 1738 1366 σου,
1747 1335 1796 1361 καί

1009 1374 1044 1407 ἐξ
1056 1375 1108 1408 ἔτη
1117 1375 1151 1401 ἐν
1164 1374 1226 1408 τοῖς
1241 1375 1398 1408 προϐάτοις
1408 1382 1476 1406 σου,
1486 1375 1534 1402 καί
1546 1376 1734 1410 παρελογίσω
1743 1376 1798 1403 τὸν

1007 1417 1117 1452 μισθόν
1123 1425 1182 1451 μου
1192 1416 1263 1442 δέκα
1270 1416 1414 1450 ἀμνάδας.
1425 1418 1458 1443 El
1465 1416 1508 1450 μὴ
1519 1418 1535 1443 ό
1547 1416 1618 1450 Θεὸς
1626 1417 1678 1444 τοῖ-
1686 1417 1798 1451 πατρός

1006 1467 1066 1493 μου
1086 1457 1217 1492 Ἁῶκιὰμ,
1226 1456 1275 1484 καί
1285 1459 1301 1483 ό
1315 1458 1387 1490 Θεὸς
1406 1457 1508 1485 Ἰσαὰκ
1517 1455 1558 1493 ἦν
1570 1458 1633 1493 μετ’
1643 1457 1726 1492 ἐμοῦ,
1738 1458 1798 1485 νῦν

1008 1500 1047 1526 ἄν
1058 1508 1097 1534 με
1108 1500 1198 1526 κενὸν
1219 1499 1443 1532 ἐξαπέστειλας.
1465 1498 1523 1533 Τὴν
1543 1499 1723 1526 ταπεινωσίν
1735 1508 1796 1534 μου

1008 1541 1057 1568 καὶ
1072 1541 1124 1567 τὸν
1132 1542 1227 1567 κόπον
1247 1539 1307 1566 τῶν
1326 1539 1432 1574 χειρῶν
1441 1549 1500 1575 μου
1516 1539 1595 1567 εἶδεν
1610 1542 1625 1568 ὸ
1641 1541 1723 1574 Θεὸς,
1746 1539 1795 1567 καὶ

1008 1583 1027 1617 ἥ
1038 1582 1117 1617 λεγιξέ
1135 1590 1172 1610 σε
1186 1582 1266 1617 χθές.
1277 1582 1346 1617 Ὅρα
1357 1582 1415 1614 πῶς
1429 1583 1462 1609 τὰ
1474 1582 1549 1618 παρά
1562 1582 1608 1609 τοῦ
1626 1582 1717 1610 Λάϐαν
1732 1584 1796 1617 ὁμο-

1008 1625 1155 1662 λογηθέντα
1170 1624 1360 1660 παρεθάρρυνε
1375 1625 1420 1651 τὸν
1427 1625 1539 1656 δίκαιον,
1554 1626 1600 1651 καὶ
1612 1625 1680 1661 μετὰ
1691 1627 1796 1660 παρρη-

1008 1668 1068 1699 σίας
1084 1666 1129 1693 τὸν
1144 1666 1253 1702 ἔλεγχον
1268 1667 1394 1693 ποιεῖται.
1406 1664 1495 1698 Οἶδας,
1505 1667 1677 1702 φησὶν,ὄπως
1693 1667 1747 1693 τῶν
1760 1667 1794 1693 εῖ-

1007 1716 1082 1735 κοσιν
1097 1707 1166 1734 ἐτῶν
1176 1708 1220 1734 τὸν
1228 1707 1343 1742 ἀριθμὸν
1354 1707 1497 1734 ἐδούλευσα
1506 1716 1555 1740 σοι,
1566 1708 1636 1742 ὑπὲρ
1647 1707 1700 1733 τῶν
1713 1707 1795 1741 θυγα-

1006 1750 1093 1785 τέρων
1103 1758 1149 1776 σου
1157 1749 1192 1776 τὰ
1204 1749 1388 1784 δεκατέσσαρα
1399 1749 1457 1784 ἔτη,
1464 1750 1493 1776 ἐν
1500 1749 1528 1775 δὲ
1538 1751 1593 1780 τοῖς
1605 1749 1750 1784 προϐάτοις
1760 1749 1794 1776 τὰ

1008 1791 1149 1818 ὑπόλοιπα·
1169 1791 1217 1818 καὶ
1239 1791 1313 1826 ὅμως
1335 1791 1520 1826 ἀποστερῆσαί
1542 1799 1575 1825 με
1598 1790 1733 1822 κατεδέξω
1747 1790 1794 1816 τὸν

1008 1833 1111 1869 μισθὸν,
1126 1833 1174 1859 καὶ
1188 1833 1263 1859 οὐδὲν
1278 1833 1347 1868 ὑπὲρ
1364 1832 1457 1859 τούτου
1473 1832 1635 1864 ἐνεκάλεσα;
1651 1831 1736 1858 Τοῦτο
1754 1832 1792 1864 δὲ,

1006 1874 1036 1906 ἐξ
1048 1871 1084 1900 ὧν
1098 1874 1178 1905 αὐτὸς
1199 1873 1387 1908 ὡμολόγησας,
1404 1871 1471 1906 οἴδα,
1482 1874 1522 1900 ὅτι
1537 1875 1560 1900 εί
1578 1873 1614 1909 μὴ
1633 1874 1648 1900 6
1661 1873 1726 1904 Θεὸς
1745 1872 1793 1899 τοῦ

1012 1914 1137 1950 Ἀϐραὰμ
1150 1914 1196 1940 καὶ
1210 1913 1256 1940 τοῦ
1264 1911 1397 1949 Ίσαάκῆν
1414 1922 1458 1950 μοι
1474 1913 1579 1948 βοηθὸς,
1591 1914 1638 1941 νῦν
1650 1914 1683 1941 ἄν
1699 1922 1733 1949 με
1748 1923 1794 1940 κεν

1005 1957 1049 1983 νὺν
1061 1955 1263 1989 ἐξαπέστειλας,
1285 1955 1397 1990 ἔρημον,
1417 1955 1464 1982 καὶ
1479 1955 1568 1982 πάντα
1584 1955 1616 1982 ἂν
1627 1955 1730 1990 ἀφείλω
1744 1955 1793 1982 ἀπ’

1006 1997 1084 2033 ἐμοῦ,
1095 1997 1141 2024 καὶ
1151 1997 1200 2033 τὴν
1216 1997 1333 2029 ἀδικίαν,
1348 1997 1381 2032 ἢν
1396 1996 1522 2033 προέθου,
1539 1998 1579 2029 είς
1589 1997 1667 2032 ἔργον
1682 1997 1715 2025 ἂν
1725 1998 1793 2032 ἤγα-

1005 2048 1062 2074 γες.
1082 2039 1150 2066 Ἀλλ’
1171 2040 1185 2065 6
1200 2039 1265 2071 Θεὸς
1280 2040 1293 2065 6
1307 2038 1385 2070 είδὼς
1402 2039 1461 2073 Τὴν
1475 2039 1656 2066 ταπείνωσίν
1666 2048 1726 2074 μου
1742 2038 1791 2066 καί

1005 2081 1058 2108 τὸν
1072 2081 1167 2108 κόπον
1179 2079 1238 2107 τῶν
1256 2079 1362 2115 χειρῶν
1372 2089 1442 2115 μου.
1452 2081 1484 2107 Τί
1499 2081 1566 2114 ἐστι,
1577 2079 1635 2114 Τὴν
1649 2080 1791 2106 ταπεινω-

1005 2123 1058 2150 σίν
1076 2131 1136 2157 μου
1151 2122 1200 2149 καὶ
1216 2121 1270 2149 τὸν
1287 2124 1384 2149 κόπον
1402 2121 1460 2149 τῶν
1475 2121 1581 2157 χειρῶν
1592 2131 1650 2156 μου
1659 2129 1668 2153 ;
1683 2121 1792 2157 Ἐπειδὴ

1005 2164 1083 2200 ᾔδειό
1096 2164 1171 2196 Θεὸς,
1190 2164 1263 2195 ὅπως
1286 2163 1335 2199 μὲν
1354 2163 1409 2198 ἐγὼ
1423 2165 1492 2199 μετά
1509 2164 1610 2199 πολλῆς
1622 2164 1670 2199 τῆς
1686 2164 1791 2195 εὐνοίας

1004 2206 1054 2241 τὴν
1070 2205 1191 2232 δουλείαν
1206 2205 1441 2241 ἐποιησάμην,καὶ
1449 2206 1493 2232 τὸν
1509 2206 1591 2233 κόπον
1606 2206 1667 2232 ὅσον
1681 2206 1791 2240 ὑπέμει-

1006 2257 1038 2274 να
1049 2247 1199 2283 ποιμαίνων
1215 2247 1249 2274 τὰ
1264 2247 1397 2283 πρόϐατα,
1413 2247 1460 2274 καὶ
1469 2248 1498 2273 ὲν
1512 2247 1603 2282 ἡμέρᾳ
1615 2247 1662 2274 καὶ
1676 2248 1704 2274 ἐν
1715 2249 1792 2274 νυκτὶ

1005 2288 1153 2324 φροντίζων
1164 2288 1305 2321 διετέλουν,
1323 2289 1391 2324 πρὸς
1406 2289 1497 2315 ἐκεῖνα
1506 2288 1566 2315 ίδὼν
1576 2290 1590 2315 6
1603 2288 1791 2324 φιλάνθρωπος

1004 2331 1139 2365 Δεσπότης
1152 2330 1214 2365 χθὲς
1231 2329 1327 2365 ἦλεγξέ
1347 2338 1386 2361 σε,
1403 2329 1501 2364 ἐπέσχε
1516 2331 1564 2365 τῆς
1576 2330 1635 2357 κατ’
1651 2330 1716 2364 ἐμοῦ
1733 2331 1791 2357 ἀδι-

1006 2373 1068 2404 κίας
1081 2373 1127 2399 καὶ
1141 2372 1191 2406 τῆς
1205 2371 1345 2405 ἀλογίστου
1366 2372 1464 2407 ὁρμῆς.
1473 2372 1581 2403 ’ἱκανῶς
1593 2372 1622 2397 ὲν
1636 2371 1711 2403 τάξει
1723 2373 1792 2398 ἀπο-

1004 2414 1096 2448 λογίας
1109 2414 1236 2440 καθίκετο
1250 2413 1297 2440 τοῦ
1318 2413 1421 2445 Λάϐαν,
1435 2414 1481 2440 καὶ
1497 2413 1565 2448 μετά
1580 2413 1611 2438 τὸ
1623 2412 1729 2446 ἐλέγξαι
1742 2413 1791 2448 τὴν

1004 2456 1043 2487 είς
1054 2455 1134 2481 αὐτὸν
1144 2454 1260 2486 ἀδικίαν,
1270 2454 1316 2480 καὶ
1332 2454 1381 2485 τὰς
1394 2455 1458 2489 παρ“
1472 2454 1553 2480 αὑτοῦ
1564 2455 1605 2485 εἰς
1619 2453 1700 2481 αὐτὸν
1714 2454 1790 2489 εὐερε

1003 2497 1097 2532 γεσίας
1115 2495 1336 2531 ἀπηριθμήσατο.
1348 2495 1393 2521 Διὸ
1406 2495 1538 2527 αἰδεσθεὶς
1560 2496 1661 2526 ἐκεῖνος
1677 2496 1711 2522 τὰ
1725 2497 1790 2531 παρ’

1003 2538 1086 2566 αὑτοῦ
1113 2537 1256 2573 εἰρημένα,
1274 2536 1368 2564 λοιπὸν
1387 2538 1433 2563 καὶ
1455 2537 1495 2568 εἰς
1509 2536 1607 2563 δειλίαν
1619 2537 1788 2570 καθίσταται,

1005 2581 1050 2607 καὶ
1065 2580 1201 2615 συνθήκας
1215 2578 1363 2613 ἀπαιτῆσαι
1380 2578 1502 2613 βούλεται
1519 2578 1593 2614 παρά
1607 2579 1654 2605 τοῦ
1673 2578 1787 2606 δικαίου.

1005 2623 1075 2659 Ὀρα
1085 2621 1152 2648 Θεοῦ
1163 2620 1336 2656 κηδεμονίαν.
1344 2620 1373 2646 Ὁ
1384 2619 1455 2646 οὕτω
1468 2621 1734 2656 παρεσκευασμένος,
1743 2622 1789 2648 καὶ

1005 2665 1074 2701 μετὰ
1080 2663 1215 2698 τοσαύτης
1221 2662 1309 2698 ὁρμῆς
1317 2662 1367 2697 τὴν
1379 2662 1538 2695 καταδίωξιν
1552 2663 1743 2698 ποιησάμενος,
1750 2665 1789 2695 εἰς

1003 2706 1136 2741 τοσαύτην
1146 2705 1266 2740 κατέστη
1275 2704 1384 2737 δειλίαν,
1393 2705 1430 2736 ὡς
1436 2704 1485 2736 τὰς
1492 2705 1556 2741 παρ’
1563 2705 1645 2732 αὐτοῦ
1655 2706 1788 2741 συνθήκας

1004 2749 1151 2783 ἐπιζητεῖν.
1162 2745 1339 2779 Ἀποκριθεὶς
1347 2746 1402 2780 γὰρ
1413 2745 1523 2780 Λάϐαν,
1534 2746 1609 2783 [560]
1621 2747 1712 2782 φησιν,
1723 2746 1789 2774 εἷπε

1003 2787 1204 2822 τῷἾοκώόἈί
1219 2786 1376 2822 θυγατέρες
1383 2796 1451 2820 σοιν,
1461 2788 1617 2823 θυγατέρες
1626 2790 1751 2823 μου,καὶ
1761 2791 1788 2816 οὶ

1003 2831 1063 2858 vlo!
1076 2837 1144 2860 σου,
1161 2828 1351 2862 υΙοιμου,καί
1363 2829 1398 2855 τὰ
1409 2829 1504 2864 κτήνη
1518 2838 1584 2863 σου,
1606 2830 1700 2864 κτήνη
1716 2840 1786 2865 μου,

1004 2871 1053 2899 καὶ
1062 2871 1160 2898 πάντα
1173 2871 1230 2897 ὅσα
1240 2869 1280 2896 σὺ
1295 2869 1376 2904 ὁρᾷς,
1388 2870 1444 2905 ἐμά
1457 2871 1521 2898 ἐστι
1534 2871 1582 2898 καί
1599 2870 1657 2898 τῶν
1669 2871 1787 2905 θυγατέ-

1001 2921 1063 2946 ρων
1077 2912 1182 2946 μου-τί
1194 2910 1309 2944 ποιήσω
1324 2912 1444 2944 ταύταις
1459 2912 1600 2946 σήμερον,
1622 2913 1640 2947 ἢ
1659 2912 1719 2945 τοῖς
1745 2912 1785 2938 τέι

1035 2959 1047 2979 b
1058 2959 1182 2984 lim-batur
1194 2960 1286 2990 δυνηθῇ-
1303 2959 1374 2984 Cois].
1387 2960 1499 2989 amr-ain.
1512 2959 1579 2985 Eur.
