2046 3126
204 138 258 166 505

204 198 283 230 vides,
311 204 367 224 mea
389 200 456 230 sunt,
481 201 504 223 et
525 196 637 230 filiarum
655 204 767 223 mem-nm
781 205 790 223 :
804 197 865 231 quid
888 198 996 232 [acerem

205 244 257 271 illis
269 243 354 276 hodie,
372 243 410 271 uel
417 243 501 279 pueris
513 243 555 278 qui
569 243 599 270 ab
610 243 646 270 eis
656 249 712 270 sunt
726 243 802 270 nati?
815 243 886 276 Scio,
901 243 995 277 inquit,

203 290 276 326 quod
292 290 352 318 lilize
363 298 429 317 mete
444 294 516 323 sunt,
529 295 556 317 et
569 290 657 317 omnia
671 297 845 325 quaecumque
860 289 950 321 habes,
963 298 996 317 ex

203 336 353 364 substantia
370 343 427 363 mea
441 340 622 363 accesserunt.
640 335 708 367 Quid
727 335 805 370 igitur
826 337 934 371 facerem
946 335 997 362 illis

204 384 289 417 hodie,
305 382 344 410 vel
357 383 441 418 pueris
454 382 497 418 qui
510 382 542 410 ab
555 382 590 409 eis
604 382 676 409 nati?
688 382 732 409 Η.
749 381 826 408 Nunc
837 382 915 417 igitur
929 382 994 414 veni,

202 434 227 456 et
242 430 357 456 ineamus
370 428 453 464 foedus
465 436 511 464 ego
526 432 549 455 et
563 432 600 462 tu,
614 432 638 454 et
650 428 697 455 erit
711 427 737 454 in
752 427 918 455 testimonium
931 428 996 455 inter

203 483 243 501 me
257 479 280 502 et
301 478 333 501 te.
347 474 437 506 Pacta,
449 474 545 509 inquit,
561 473 697 507 faciamus,
715 472 748 500 Et
758 479 829 500 erunt
844 473 870 500 in
885 474 995 501 testimo-

201 521 273 547 nium
286 521 353 547 inter
368 528 408 547 me
421 524 444 547 et
459 524 482 546 te
498 526 507 546 :
520 519 679 555 injttdicium
690 523 718 547 et
728 518 993 546 demonstrationem.

202 565 275 592 Dixit
289 570 378 592 autem
391 565 440 593 ei:
462 564 489 593 Si
508 565 568 600 quis
591 563 741 600 transgredi
755 565 923 592 attentaverit
935 572 994 599 quae

201 619 273 639 nunc
288 619 303 639 a
318 611 394 639 nobis
405 615 467 639 sunt
479 611 614 646 proposita
636 620 643 638 :
667 610 733 638 Ecce
753 611 840 638 nullus
852 611 992 644 nobiscum,

201 656 272 684 Deus
284 661 368 684 autem
381 657 449 684 testis
462 658 527 684 inter
541 665 580 683 me
592 660 614 684 ct
629 661 662 684 te.

237 702 264 730 8.
286 701 432 730 Considera
452 701 586 737 quomodo
608 701 734 736 paulatim
754 706 780 729 et
793 700 882 729 Laban
897 701 930 729 ad
945 709 993 729 co-

200 749 348 784 gnitionem
371 748 419 775 Dei
440 747 556 776 ducitur.
584 747 650 775 Nam
665 748 709 783 qui
722 752 783 775 ante
798 747 849 775 hoc
867 748 994 783 arguebat

199 796 299 831 iustum
313 796 348 823 de
363 796 433 823 furto
446 795 558 823 deorum
573 803 693 828 suorum,
718 800 746 824 et
763 800 861 823 tantam
886 800 993 831 propter

199 850 248 870 eos
261 842 450 870 scrutationetn
470 842 594 876 faciebat,
619 850 689 870 nunc
705 843 807 878 inquit:
823 842 889 876 Quia
905 842 993 869 nullus

199 893 240 917 est
263 888 332 916 inter
354 896 414 922 nos,
435 889 480 925 qui
495 889 589 924 possit,
616 889 638 916 si
661 889 724 924 quid
745 889 855 924 posthac
867 892 992 916 novatum

200 934 289 966 fuerit,
310 934 385 962 testis
398 941 458 962 esse
471 934 580 962 hederis
595 935 689 968 nostri,
707 934 777 962 Deus
789 934 865 963 testis
877 934 911 962 sit
924 934 993 961 inter

199 988 243 1009 me
257 985 284 1008 et
307 985 341 1008 te.
365 981 424 1015 Ille,
432 981 526 1016 inquit,
546 981 632 1014 adest,
645 981 690 1016 qui
705 980 792 1008 omnia
808 980 890 1014 videt,
913 987 991 1016 quem

200 1027 265 1055 nihil
279 1029 363 1056 latere
377 1032 475 1064 potest,
497 1028 542 1063 qui
556 1028 763 1063 uniuscujusque
775 1032 892 1055 mentem
909 1035 991 1062 agno-

199 1074 259 1101 scit.
272 1075 316 1102 45.
342 1074 451 1102 Sumen:
471 1078 565 1108 autem,
591 1074 686 1110 inquit,
709 1073 789 1101 Jacob
802 1074 880 1102 erexit
893 1074 992 1101 colum-

199 1128 268 1151 nam,
293 1125 316 1147 et
335 1120 392 1156 fecit
405 1120 494 1148 callent
506 1121 524 1153 ¹,
541 1124 564 1147 et
576 1120 738 1148 comederunt
747 1128 822 1155 super
831 1119 929 1147 collem.
947 1119 991 1146 47.

200 1164 235 1192 Et
255 1166 319 1193 dixit
341 1166 363 1193 ei
383 1165 472 1193 Laban
495 1174 504 1193 :
527 1166 605 1194 Collis
619 1166 659 1193 hic
673 1170 778 1193 testatur
794 1165 859 1192 inter
871 1173 910 1192 me
922 1170 945 1191 et
958 1169 991 1191 te.

199 1211 268 1244 Quid
282 1215 332 1244 est,
352 1211 431 1239 Collis
443 1211 506 1239 llic?
531 1211 558 1239 Id
572 1216 623 1245 est,
649 1210 734 1238 Verba
751 1218 810 1245 quae
823 1210 888 1237 ﬁunt
901 1209 926 1237 in
943 1209 993 1237 hoc

199 1258 267 1285 colle
278 1258 406 1284 memoria
419 1262 545 1292 perpetua
559 1257 636 1285 nobis
651 1261 737 1284 erunt.
752 1255 784 1282 Et
795 1256 890 1282 vocavit
903 1262 992 1281 nomen

200 1304 257 1336 eius
272 1303 329 1337 loci,
347 1304 426 1332 Collis
441 1303 586 1330 testimonii.
611 1302 709 1330 Deinde
722 1301 807 1336 inquit
824 1311 830 1328 :
847 1301 891 1329 l9.
918 1301 991 1335 Aspi-

199 1353 248 1379 ciat
266 1351 336 1379 Deus
357 1352 422 1378 inter
437 1358 476 1377 me
494 1355 518 1377 et
534 1355 566 1377 te.
593 1349 707 1377 Attende
729 1348 863 1383 quomodo
888 1356 992 1383 [‘(Bllatll

199 1398 295 1425 iterum
317 1405 330 1423 a
354 1397 409 1423 Deo
429 1396 588 1431 deprecatur
609 1395 709 1422 Laban.
737 1395 869 1429 Aspiciat,
898 1394 991 1428 inquit,

200 1443 269 1470 Deus
280 1443 391 1470 interme
404 1447 426 1470 ct
436 1443 501 1469 inter
513 1447 547 1475 te,
559 1442 618 1477 quia
629 1441 772 1469 recedemus
785 1441 849 1468 alter
860 1440 890 1467 ab
901 1440 991 1468 altera.

199 1489 286 1522 Nune,
303 1490 397 1524 inquit,
423 1488 617 1523 separabimur,
633 1491 660 1515 et
673 1491 699 1514 tu
714 1487 821 1522 quidem
834 1487 884 1515 ibis
896 1487 921 1514 in
937 1491 992 1514 ter-

160 1533 162 1535 ’
199 1541 256 1562 ram
266 1534 408 1569 propriam,
419 1541 469 1570 ego
480 1537 569 1562 autem
581 1532 674 1561 redibo
685 1533 710 1560 in
721 1532 829 1560 domum
841 1540 938 1559 meam.
947 1531 992 1559 50.

200 1580 231 1608 Si
244 1580 414 1607 humiliaveris
428 1580 495 1614 ﬁlias
508 1587 586 1612 meas,
601 1579 624 1606 si
636 1578 761 1613 acceperis
775 1586 865 1605 uxores
876 1577 910 1604 ad
925 1577 994 1611 ﬁlias

199 1635 277 1658 meas,
303 1625 368 1658 vide,
391 1626 477 1653 nullus
499 1625 630 1653 nobiscum
655 1629 692 1652 est
716 1624 760 1660 qui
787 1624 888 1656 uideat;
925 1623 993 1650 Deus

200 1673 278 1700 festis.
301 1671 447 1700 Considera
471 1671 606 1706 quomodo
631 1670 715 1698 semel
740 1675 766 1698 et
793 1670 889 1697 iterum
913 1673 993 1704 atque

200 1719 299 1753 sepius
325 1717 409 1745 Deum
435 1717 462 1744 in
487 1721 581 1744 testem
603 1720 691 1744 vocat.
717 1715 784 1749 Quia
810 1714 990 1750 pr0videntia,

199 1771 280 1800 quam
308 1767 435 1798 expertus
469 1766 526 1790 erat
557 1761 659 1794 Jacob,
693 1761 782 1789 docuit
812 1768 873 1788 eum
907 1767 991 1794 quan-

200 1814 227 1836 ta
247 1812 319 1836 esset
330 1808 434 1835 Domini
448 1806 579 1842 potentia,
595 1810 622 1834 et
635 1806 705 1841 quod
719 1805 882 1841 impossibile
895 1805 931 1833 sit
944 1804 993 1832 ali-

200 1856 262 1892 quid
280 1855 413 1884 oecultum
431 1861 491 1882 esse
504 1854 582 1881 oculo
595 1853 639 1889 qui
652 1852 796 1881 dormitare
809 1852 910 1887 nequit.
925 1851 991 1878 Pro—

201 1906 292 1936 pterea
316 1899 400 1935 inquit
421 1908 428 1927 :
453 1899 564 1926 Etiamsi
586 1905 755 1932 separemur,
777 1896 880 1924 etiamsi
902 1895 992 1923 nullus

199 1947 268 1974 alius
282 1946 352 1973 adsit
366 1945 410 1981 qui
426 1944 559 1973 testiﬁcari
576 1944 675 1979 possit,
690 1944 734 1971 ille
748 1944 823 1970 testis
835 1942 885 1970 erit
896 1941 993 1976 ubiqttc

200 1999 320 2027 prmsens
336 2001 343 2020 :
359 1999 407 2026 per
419 1991 521 2026 singula
534 1991 614 2018 verba
628 1990 706 2018 docet
721 1990 807 2025 ipsum
822 1989 902 2016 totius
915 1992 993 2015 terrae

199 2046 262 2067 esse
285 2038 433 2065 Dominum.
458 2038 503 2065 5|.
528 2036 561 2064 Et
582 2037 647 2063 dixit
666 2035 746 2062 Jacob
762 2043 771 2062 :
785 2035 850 2062 Ecce
867 2034 939 2061 collis
951 2033 993 2060 ille

201 2089 316 2112 testatur.
337 2084 381 2112 52.
397 2083 493 2111 Deinde
506 2084 597 2110 iterum
611 2082 698 2110 Laban
711 2083 790 2117 inquit
803 2090 813 2109 .'
829 2081 860 2109 Si
871 2081 936 2108 enim
947 2088 993 2116 ego

201 2139 252 2157 nou
274 2131 395 2158 transiero
415 2131 450 2157 ad
472 2135 512 2163 te,
535 2137 613 2165 neque
632 2134 659 2156 tu
678 2133 790 2155 transeas
803 2127 837 2154 ad
852 2135 892 2154 me
903 2126 993 2154 callent

201 2176 269 2202 hunc
292 2179 315 2203 et
335 2175 477 2202 columnam
499 2175 564 2201 hanc
585 2175 612 2202 in
633 2174 731 2200 malitia
745 2182 752 2200 :
766 2173 810 2201 55.
831 2172 900 2199 Deus
911 2171 993 2199 Abra-

202 2223 260 2249 ham
270 2242 278 2254 ,
293 2226 315 2249 et
330 2221 398 2248 Dens
414 2220 622 2255 Nachorjudicet
635 2220 699 2246 inter
708 2227 763 2246 nos.
782 2218 846 2246 Vide
861 2217 994 2252 quomodo

199 2276 262 2295 euut
284 2272 359 2302 patre
380 2272 407 2294 et
426 2274 505 2294 avum
529 2273 605 2293 suum
625 2265 777 2300 conjunxit,
791 2263 836 2299 qui
849 2263 932 2291 frater
944 2262 994 2290 fuit

201 2312 377 2348 patriarchte,
402 2312 485 2347 ipsius
503 2316 593 2339 autem
614 2319 688 2338 avus.
713 2310 781 2338 Deus
803 2309 948 2341 Abraham,
970 2313 995 2335 et

202 2358 272 2386 Deus
296 2358 402 2385 Nae/tor
418 2358 515 2393 judicet
533 2357 599 2384 inter
619 2365 675 2384 nos.
689 2357 733 2384 54.
757 2355 790 2382 Ει
803 2356 899 2391 jurauit
912 2355 992 2382 Iacob

201 2413 248 2440 per
265 2405 378 2431 timorem
392 2403 441 2431 Dei
455 2404 533 2438 patris
542 2403 581 2430 sui
594 2402 685 2435 Isaac,
699 2407 722 2429 et
736 2402 885 2436 sacriﬁcavit
897 2401 996 2435 sacriﬁ-

202 2451 271 2476 cium
283 2450 308 2476 in
324 2454 408 2476 monte
420 2457 430 2476 :
444 2453 467 2476 et
478 2449 573 2476 vocavit
588 2450 679 2484 fratres
692 2455 750 2475 suos
766 2455 775 2474 :
789 2452 812 2474 et
822 2447 993 2479 comederunt,

202 2502 226 2523 et
239 2496 353 2523 hiberum
363 2516 371 2529 ,
385 2500 408 2523 et
417 2495 573 2523 dormierunt
588 2496 614 2522 in
627 2500 719 2522 monte.
731 2494 889 2529 Sacri/ienuit
898 2494 996 2528 sacriﬁ—

203 2542 271 2568 cium
288 2541 316 2568 in
330 2545 414 2568 monte
427 2548 438 2568 :
454 2541 567 2577 gratias,
583 2541 683 2576 inquit,
696 2540 750 2575 egit
769 2539 823 2567 Deo
837 2539 871 2567 ob
890 2547 921 2567 ea
935 2546 996 2574 qua

203 2587 376 2619 acciderant;
397 2586 431 2614 Et
449 2587 629 2620 comederunt,
653 2591 676 2613 et
697 2587 824 2618 biberunt,
845 2591 868 2613 et
889 2586 997 2612 domue-

204 2638 266 2659 runt
286 2633 315 2659 in
339 2638 431 2660 monte.
453 2633 498 2660 55.
521 2632 638 2660 Surrexit
657 2637 740 2659 autent
763 2631 850 2659 Laban
870 2640 959 2666 mane,
972 2637 996 2659 et

204 2679 334 2706 osculatus
352 2683 388 2706 est
409 2679 476 2713 ﬁlios
488 2688 547 2706 suos
559 2684 582 2706 et
596 2678 664 2713 ﬁlias
678 2687 736 2706 suos
745 2698 754 2712 ,
769 2683 792 2705 et
805 2678 928 2706 benedixit
943 2686 994 2704 eos.

205 2723 240 2750 Et
260 2732 372 2752 reuersus
390 2724 478 2751 Laban
492 2725 552 2752 abiit
571 2726 597 2752 in
609 2725 692 2753 locum
704 2732 786 2752 suum.
804 2724 916 2759 Vidisti,
931 2724 995 2752 dile-

238 2791 247 2807 '
267 2794 294 2816 Et
305 2791 362 2822 fecit
373 2792 464 2817 collem.
485 2796 540 2817 tunc
556 2792 663 2823 pluribus
682 2796 809 2817 narrantur
818 2793 842 2818 ln
855 2797 924 2819 textu
936 2797 996 2820 Seri-

205 2824 294 2857 pturaz,
304 2823 345 2846 ubi
357 2823 443 2848 dicitur
454 2824 526 2847 .laeol)
543 2824 689 2857 laws-cpisse
703 2823 817 2857 fratribus
834 2827 885 2850 suis
899 2830 924 2851 ut
937 2826 997 2857 iapi-

207 2855 254 2878 des
263 2857 441 2884 coacervarent,
454 2861 535 2886 exque
548 2855 576 2879 iis
583 2853 670 2879 collem
678 2854 840 2880 comtituissc.

748 137 822 166 CAP.
836 137 942 166 XXXII.
955 138 1076 167 GENES.
1098 140 1211 170 IIOMIL.
1233 143 1322 171 LV‘lll.

1784 153 1837 182 506

1051 203 1110 233 cte,
1132 205 1229 235 quanta
1254 202 1300 229 Dei
1324 203 1469 238 sapientia,
1493 207 1626 241 quomodo
1649 216 1701 236 uno
1723 209 1792 238 facto
1812 217 1838 240 et

1049 252 1124 273 suam
1144 253 1205 281 erga
1224 247 1323 282 justum
1342 248 1485 278 declaravit
1503 253 1749 287 providentiam,ct
1763 256 1837 284 illum

1050 292 1083 319 ab
1103 292 1230 328 injuslitia
1244 294 1369 328 abduxit.
1385 300 1411 323 et
1426 297 1452 324 in
1466 297 1561 326 divina:
1577 300 1674 328 notitia:
1688 302 1758 329 viam
1771 310 1838 337 pan—

1049 337 1122 365 latim
1136 338 1242 366 induxit
1256 339 1406 375 Labanum,
1421 342 1616 371 interminando
1626 346 1649 373 ei
1663 354 1696 373 ne
1705 348 1766 382 quid
1775 349 1837 375 mall

1049 389 1142 411 contra
1154 384 1238 413 Jacob
1251 386 1402 421 loqueretur
1412 396 1418 414 :
1428 392 1455 415 ct
1467 389 1511 424 qui
1525 391 1601 424 quasi
1612 391 1667 418 fera
1682 394 1837 422 accurrebat

1048 434 1075 456 ct
1088 432 1317 466 comprehendere
1332 437 1411 469 atque
1432 434 1582 463 interﬁcere
1607 437 1728 471 volebat,
1740 439 1837 466 desinit

1049 477 1074 504 in
1087 477 1271 506 defensionem
1282 499 1290 511 ,
1305 483 1334 507 et
1347 479 1373 507 in
1389 479 1504 508 ﬁliorum
1520 481 1685 517 ﬁliarumque
1698 483 1837 511 deoscula-

1048 523 1164 557 tionem,
1186 528 1213 552 et
1232 525 1272 552 sic
1286 525 1393 553 domum
1408 526 1495 554 redit?
1514 527 1594 556 Forte
1608 529 1735 562 prolixius
1748 536 1839 556 sermo

1046 576 1076 596 se
1096 570 1230 603 extendit,
1254 570 1301 598 sed
1321 572 1449 607 ignoscite
1464 581 1471 600 :
1485 580 1537 601 non
1560 574 1609 601 hoc
1622 579 1716 609 sponte
1729 575 1838 603 admisi-

1046 621 1106 641 mus
1118 635 1126 646 ,
1144 615 1191 642 sed
1204 616 1291 651 coegit
1305 624 1354 644 nos
1365 617 1483 645 historia:
1497 619 1573 646 ratio.

1081 660 1189 689 Moralis
1208 662 1358 690 exhortatio.
1382 679 1418 684 —
1436 664 1498 692 ideo
1521 665 1563 692 hic
1582 666 1692 693 missum
1708 666 1835 694 facientes

1045 713 1196 735 sermonem
1211 728 1218 740 ,
1237 715 1345 736 oramus
1358 714 1472 737 vestram
1485 710 1622 738 caritatem
1632 731 1641 745 ,
1657 716 1685 739 ut
1697 712 1784 739 omnia
1799 712 1837 738 [ι-

1044 752 1145 781 ciamus
1165 758 1191 781 et
1213 758 1371 788 tractemus,
1394 763 1447 790 quo
1465 764 1607 790 supernam
1622 757 1698 785 nobis
1709 757 1836 784 concilie-

1046 805 1104 826 mus
1127 798 1352 827 benevolentiam.
1372 800 1437 827 Nam
1451 801 1473 828 si
1491 801 1574 828 Deum
1589 801 1757 829 habuerimus
1769 803 1835 829 ami-

1044 851 1106 871 cum
1117 865 1125 877 ,
1138 845 1228 872 omnia
1242 845 1318 873 nobis
1332 845 1418 873 facilia
1432 851 1510 874 erunt
1524 855 1531 874 :
1545 852 1572 874 et
1587 846 1651 874 nihil
1664 855 1712 874 nos
1726 847 1751 874 in
1767 856 1834 882 pra:-

1045 889 1115 917 senti
1135 890 1188 917 vita
1211 891 1369 918 contristare
1391 891 1505 926 poterit,
1524 893 1646 927 quamvis
1661 893 1833 927 iujucnndunt

1044 941 1104 962 esse
1118 935 1248 962 videatur.
1272 935 1356 963 Tanta
1371 936 1442 963 enim
1458 937 1517 972 ejus
1532 937 1636 965 virtutis
1647 942 1690 965 est
1701 939 1834 966 excellen-

1045 981 1098 1013 tia,
1120 985 1149 1008 ut
1171 982 1251 1009 etiam
1273 990 1303 1010 ea
1326 990 1386 1017 quas
1406 984 1489 1011 tristia
1515 989 1590 1017 sunt,
1610 984 1726 1019 jucunda
1748 984 1836 1012 facere

1043 1032 1133 1062 queat.
1145 1027 1190 1055 Sic
1199 1031 1227 1055 et
1240 1027 1338 1055 Paulus
1351 1028 1376 1055 in
1390 1028 1578 1057 afﬂictionibus
1592 1031 1723 1058 cxsistens
1735 1031 1834 1065 gaude-

1044 1075 1089 1102 bat
1102 1079 1130 1103 et
1144 1075 1293 1103 exsultabat
1303 1077 1502 1110 exspectatione
1516 1076 1695 1111 repositorum
1706 1076 1835 1104 bonorum

1043 1121 1176 1148 animatus
1191 1121 1277 1156 (Rom.
1290 1121 1317 1149 5.
1333 1121 1360 1148 2.
1373 1122 1409 1153 5).
1427 1122 1569 1157 Propterea
1582 1127 1609 1149 et
1623 1122 1749 1157 prepheta
1762 1122 1835 1150 diee—

1047 1166 1092 1193 bat
1108 1174 1115 1191 :
1132 1165 1165 1192 In
1177 1166 1310 1201 afﬂictione
1323 1166 1436 1194 dilatasti
1450 1167 1511 1193 milii
1532 1167 1616 1202 (Psal.
1633 1167 1659 1194 Δ.
1673 1167 1702 1202 2)
1717 1167 1836 1195 :docens

1045 1218 1094 1239 nos
1106 1231 1113 1243 ,
1132 1211 1215 1238 Deum
1231 1219 1260 1238 se
1271 1211 1296 1238 in
1315 1211 1370 1246 ipsa
1385 1211 1530 1240 afflictione
1544 1212 1657 1240 liberutn
1671 1217 1699 1240 et
1709 1214 1836 1247 tranquil-

1045 1257 1099 1284 lum
1123 1256 1307 1285 constituisse.
1332 1257 1422 1284 Talem
1440 1257 1518 1292 igitur
1533 1258 1661 1285 habentes
1676 1258 1836 1290 Demittunt,

1045 1308 1097 1330 tam
1117 1306 1270 1338 potentem,
1292 1307 1345 1330 tam
1366 1304 1534 1338 sapientem,
1560 1307 1665 1338 tamque
1684 1304 1835 1331 misericor-

1044 1349 1120 1383 dem,
1143 1349 1214 1384 quod
1237 1354 1357 1377 nostrum
1378 1355 1418 1377 est
1437 1349 1594 1382 efferamus,
1610 1350 1766 1385 virtutisque
1779 1357 1835 1377 ma-

1046 1403 1124 1431 gnam
1139 1395 1286 1424 habeamus
1300 1396 1429 1424 rationem
1441 1418 1448 1430 ,
1465 1401 1492 1424 ut
1508 1404 1561 1424 non
1576 1396 1661 1424 Solum
1676 1396 1814 1431 praesentia
1828 1417 1835 1427 ,

1044 1442 1092 1470 sed
1111 1446 1139 1469 et
1157 1441 1244 1469 futura
1266 1442 1334 1470 bona
1353 1450 1562 1478 consequamur,
1577 1443 1660 1479 gratia
1675 1448 1701 1470 et
1714 1443 1836 1478 benigni-

1045 1492 1097 1516 tate
1111 1488 1214 1515 Domini
1229 1488 1313 1515 nostri
1326 1488 1389 1516 .lesu
1403 1488 1518 1521 Christi,
1531 1496 1592 1516 cum
1606 1496 1659 1523 quo
1672 1488 1743 1516 Patri
1756 1488 1834 1515 simul

1043 1538 1071 1562 et
1094 1534 1203 1569 Spiritui
1228 1539 1320 1562 sancto
1341 1535 1376 1562 sit
1399 1535 1500 1570 gloria,
1526 1534 1666 1570 imperium
1683 1554 1692 1569 ,
1714 1541 1784 1562 nunc
1807 1538 1835 1561 et

1043 1587 1166 1616 semper,
1182 1585 1209 1608 et
1221 1580 1248 1608 in
1263 1581 1360 1609 saecula
1372 1580 1541 1608 steculorum.
1553 1580 1650 1608 Amen.

1318 1648 1456 1676 HOMlLlA
1476 1647 1566 1676 LVIII.

1045 1716 1076 1744 Et
1088 1718 1188 1745 eleuatis
1202 1717 1282 1746 oculis
1293 1716 1372 1744 Iacob
1387 1717 1449 1744 uidit
1466 1721 1549 1743 castra
1571 1715 1617 1744 Dei
1629 1721 1720 1743 metata
1732 1737 1738 1748 ,
1750 1721 1773 1743 et
1788 1725 1831 1743 oc-

1077 1768 1208 1791 currerunt
1226 1763 1250 1791 ei
1264 1763 1347 1798 angeli
1357 1762 1424 1795 Dei;
1440 1771 1501 1797 quos
1510 1770 1567 1789 cum
1576 1762 1676 1789 vidisset
1687 1783 1696 1796 ,
1711 1762 1775 1789 dixit
1788 1761 1836 1788 Ja-

1079 1810 1124 1837 cob
1146 1818 1156 1837 .'
1177 1810 1266 1837 Castra
1281 1808 1326 1836 Dei
1340 1813 1398 1836 sunt
1411 1809 1465 1836 lucc
1475 1829 1483 1840 ,
1498 1813 1521 1835 et
1533 1808 1668 1844 appellavit
1682 1816 1771 1836 nomen
1784 1809 1833 1836 loci

1078 1856 1164 1889 illius,
1177 1855 1266 1882 Castra
1281 1854 1356 1890 (Gen.
1370 1854 1413 1882 52.
1430 1853 1511 1890 1.-2).

1079 1934 1105 1961 1.
1115 1932 1175 1960 Scio
1188 1940 1236 1960 vos
1247 1931 1304 1959 lteri
1317 1931 1474 1967 defatigatus
1486 1931 1579 1965 fuisse,
1595 1931 1672 1959 nobis
1685 1939 1838 1960 sermonem

1045 1979 1174 2015 prolixius
1185 1977 1390 2005 extendentibus
1404 1985 1412 2004 :
1427 1977 1475 2005 sed
1489 1976 1561 2004 bono
1574 1981 1661 2004 estote
1671 1977 1759 2004 animo
1771 1985 1778 2010 ;
1795 1978 1837 2004 la-

1045 2025 1094 2052 bor
1116 2029 1205 2052 vester
1229 2031 1282 2051 non
1304 2028 1346 2050 est
1369 2023 1454 2050 inanis
1469 2031 1476 2050 :
1494 2023 1520 2049 in
1536 2023 1649 2050 Domino
1663 2023 1735 2050 enim
1750 2023 1834 2050 factus

1045 2076 1100 2102 est,
1117 2075 1225 2105 propter
1237 2077 1315 2105 quem
1328 2073 1356 2098 et
1367 2069 1454 2097 brevis
1467 2069 1540 2096 labor
1551 2077 1673 2104 magnam
1684 2070 1838 2097 mercedem

1045 2117 1120 2145 vobis
1141 2117 1268 2144 allaturos
1292 2121 1343 2143 est.
1368 2115 1436 2143 Nam
1458 2115 1519 2142 licet
1542 2123 1638 2150 corpus
1660 2115 1814 2151 fatigaretur
1827 2137 1835 2147 .

1044 2163 1132 2192 anima
1157 2167 1245 2191 tamen
1268 2163 1354 2198 magis
1371 2161 1587 2190 confirmabatur.
1609 2163 1670 2190 Ideo
1685 2167 1712 2190 ct
1725 2163 1782 2198 ipse
1796 2163 1834 2190 vi-

1045 2208 1112 2236 dens
1131 2213 1248 2236 vestrum
1270 2208 1376 2236 fervens
1395 2207 1557 2235 desiderium
1576 2212 1602 2235 et
1617 2208 1751 2242 studium,
1764 2208 1835 2235 vole-

1045 2254 1106 2282 bam
1120 2253 1278 2282 contrahere
1292 2253 1421 2281 doctrina:
1438 2261 1608 2286 sermonem;
1627 2254 1672 2281 sed
1695 2258 1837 2288 antequam

1046 2300 1168 2328 ﬁniretur
1191 2300 1318 2333 historia,
1345 2299 1436 2332 nolui,
1456 2300 1544 2327 sciens
1567 2307 1610 2327 me
1631 2299 1706 2327 vobis
1727 2299 1777 2326 hac
1794 2307 1835 2326 ra-

1047 2348 1120 2375 tione
1139 2347 1224 2382 magis
1236 2346 1454 2382 gratificaturum.
1469 2346 1608 2374 Multitudo
1620 2346 1690 2373 enim
1704 2345 1836 2373 dictorum

1046 2393 1111 2421 satis
1130 2392 1285 2420 declarabat
1305 2392 1468 2428 inexplebile
1489 2396 1605 2420 vestrum
1630 2390 1789 2418 desiderium
1809 2396 1837 2418 et

1046 2439 1164 2467 studium
1184 2439 1309 2467 audiendi
1331 2439 1436 2466 avidum
1461 2447 1469 2465 :
1494 2443 1633 2472 propterea
1653 2442 1681 2465 et
1702 2438 1758 2472 ipse
1776 2445 1837 2465 cum

1048 2486 1143 2520 majori
1163 2485 1302 2512 alacritate
1315 2493 1363 2512 vos
1376 2485 1474 2512 docere
1487 2485 1598 2519 incipio,
1615 2484 1707 2511 videns
1721 2489 1837 2511 vestram

1048 2531 1167 2567 quotidie
1180 2531 1358 2566 appetentiam
1372 2537 1505 2558 crescere.
1518 2531 1575 2565 Age
1590 2534 1617 2557 et
1632 2530 1709 2557 hodie
1723 2537 1782 2564 qua:
1797 2537 1841 2556 se-

1047 2582 1165 2613 quuntur
1184 2577 1336 2605 hesternam
1359 2577 1500 2604 lectionem
1522 2584 1570 2611 pro
1583 2576 1651 2602 virili
1672 2580 1761 2603 nostra
1778 2583 1840 2610 per-

1050 2629 1211 2657 tractemus,
1227 2628 1383 2651 consuetum
1393 2627 1489 2650 vestrte
1499 2622 1603 2650 caritati
1612 2621 1762 2649 convivium
1778 2628 1840 2656 pro-

1050 2675 1182 2705 ponentcs
1193 2690 1201 2703 ,
1226 2674 1253 2696 et
1266 2669 1417 2702 videamus,
1433 2673 1494 2703 post
1507 2669 1652 2695 discessum
1669 2667 1757 2695 Laban
1773 2675 1840 2703 quo-

1050 2716 1130 2743 modo
1147 2715 1235 2750 justus
1249 2715 1299 2742 iter
1313 2715 1429 2749 arripiat.
1445 2714 1515 2741 Nihil
1530 2714 1600 2742 enim
1615 2721 1841 2749 supervacaneum

1050 2763 1076 2797 in
1096 2763 1186 2789 divina
1209 2762 1344 2796 Scriptura
1365 2761 1478 2797 positum
1501 2766 1561 2794 est,
1584 2761 1632 2788 sed
1651 2762 1740 2788 otnnia
1753 2769 1812 2796 quae
1827 2768 1845 2788 ιδ

1048 2808 1127 2843 justis
1149 2808 1215 2834 ﬁunt
1229 2828 1235 2840 ,
1255 2807 1369 2834 maxima
1389 2807 1502 2834 tttilitate
1525 2807 1604 2841 plena
1624 2811 1697 2834 sunt.
1711 2806 1846 2840 Quoniam

1052 2853 1122 2880 enim
1141 2853 1324 2880 universorum
1341 2852 1479 2879 Dotuinutn
1493 2854 1619 2880 continuo
1630 2852 1780 2879 habuerunt
1794 2858 1841 2878 co.-
