2046 3126
221 135 270 161 507

220 193 330 225 mitem,
353 195 380 219 et
401 191 505 218 itineris
526 191 696 219 difﬁcultates
718 191 873 220 reddentem
899 191 1010 222 faciles,

218 237 330 264 iiuiltnm
353 236 433 264 etiam
453 244 502 264 nos
521 237 641 265 utilitatis
661 245 696 266 ex
717 246 799 272 parvo
811 246 904 265 eorum
918 238 1012 265 itinere

220 289 360 315 |'0>SUIIIIIS
375 282 522 317 percipere.
533 282 598 309 Nam
612 288 750 317 postquam
762 283 852 310 Laban
867 283 892 310 iu
903 283 1010 310 domum

219 334 295 353 suam
310 327 391 359 abiit,
409 327 436 355 1.
451 327 482 354 Et
493 327 572 354 Iacob
587 328 652 354 viam
665 336 737 354 suam
756 328 865 363 perrexit
875 349 882 361 ,
897 333 920 355 et
930 328 1012 355 eleva-

220 373 252 399 tis
263 373 343 400 oculis
357 373 417 400 uidit
431 378 513 400 castra
526 374 574 401 Dei
588 378 771 402 castramelata
787 382 838 401 esse
850 394 857 406 ,
867 378 890 401 et
899 383 1011 401 occurre-

221 423 281 445 runt
300 419 323 446 ei
340 419 423 454 angeli
444 420 491 447 Dci
506 420 599 455 (Caput
612 421 668 455 32).
680 421 823 456 Postquam
838 420 911 448 enim
923 428 1012 448 cessa-

221 464 257 491 vit
270 485 278 497 ,
298 469 325 492 et
347 465 427 492 linem
452 465 544 493 habuit
566 466 645 493 timor
657 465 757 493 Labaui
768 487 776 499 ,
791 465 896 500 excepit.
907 473 967 493 eum
980 466 1014 493 ti-

223 518 282 537 mor
298 510 388 538 fratris
408 521 415 538 :
437 518 546 547 propter
561 512 611 540 hoc
623 513 741 540 clemens
754 513 882 540 Dominus
895 513 1013 541 animare

223 558 321 590 justum
334 558 426 584 volens
435 578 443 590 ,
460 563 487 585 et
496 565 602 585 onmem
612 558 670 593 ejus
682 563 781 586 metum
791 558 937 592 discutere,
953 559 1014 586 fecit

224 607 251 628 ut
265 603 419 637 angelorum
428 603 531 630 videret
543 609 639 631 castra.
655 604 823 632 Occurrerunt
831 605 906 636 enim,
918 605 1012 640 inquit,

224 648 246 673 ei
257 649 341 682 angeli
350 647 408 675 Dei.
421 649 448 675 9..
461 649 494 675 Et
504 649 568 676 dixit
577 649 668 683 Iacob,
680 656 764 678 castra
774 651 823 678 Dei
832 657 890 678 sunt
903 652 966 679 haec.
980 651 1013 679 Et

224 693 319 719 vocavit
334 701 422 720 nomen
435 694 484 721 loci
497 695 566 730 σιω,
583 694 672 722 Castra
683 704 693 722 :
707 701 735 722 ut
747 704 778 723 ex
794 704 825 723 ea
838 697 1015 731 appellatione

228 743 353 772 perpetua
367 745 489 767 maneret
501 741 627 768 memoria
637 741 747 769 visionis
760 750 820 776 qurc
830 743 885 770 illic
895 743 919 770 ci
930 743 1016 770 conti-

224 788 310 818 gerat.
326 784 425 812 Deinde
434 790 492 820 post
501 786 628 814 visionem
640 788 717 820 hanc,
727 789 754 816 5.
766 787 847 821 Misit,
858 789 1016 823 inquit,ante

224 837 251 855 se
265 830 364 856 nuntios
378 830 412 856 ad
432 830 501 858 Esau“:
515 831 619 866 fratrem
631 841 715 866 suum,
729 838 752 860 et
764 834 892 860 mandavit
911 834 946 861 eis
956 855 964 868 ,
973 834 1016 861 di-

225 875 340 902 cens:Sie
347 875 434 903 dicetis
444 876 545 904 domino
560 886 614 904 meo
625 877 775 906 Esau.Vitle
784 884 809 906 et
818 883 877 913 post
886 879 1015 907 visionem

225 925 340 954 quantus
354 921 442 949 adhuc
456 922 535 949 timor
551 923 659 958 urgebat
671 923 780 958 justum.
801 924 923 952 Timebat
943 924 1014 952 enim

226 965 315 993 fratris
328 966 490 1000 violentiam,
505 972 532 995 et
547 968 694 1003 angebatur
709 969 810 1002 animo,
831 977 865 997 ne
878 969 945 997 forte
957 977 1015 998 me-

226 1011 308 1037 moria
320 1019 412 1039 eorum
425 1021 484 1047 qua:
498 1013 560 1040 olim
574 1014 642 1042 facta
656 1020 717 1042 sunt
730 1015 882 1050 impelleret
895 1016 967 1043 illum
982 1016 1015 1044 ad

226 1055 345 1083 insidias.
370 1057 396 1084 4.
411 1057 503 1090 Dicite,
520 1059 614 1094 inquit,
630 1059 732 1087 domino
745 1069 799 1087 meo
814 1061 884 1088 Esau
897 1069 906 1088 :
919 1061 964 1089 Sic
974 1063 1016 1089 di-

226 1102 259 1128 cit
282 1110 368 1129 servus
385 1107 442 1130 tuus
455 1103 535 1130 Iacob
555 1113 564 1131 :
580 1104 734 1140 Peregrinus
749 1106 786 1141 {ui
802 1115 859 1133 cum
881 1106 979 1140 Laban,
994 1112 1018 1134 et

227 1148 302 1182 longo
322 1153 432 1183 tempore
453 1150 487 1176 ibi
500 1155 613 1177 moratus
626 1159 681 1177 sum
696 1160 773 1185 usque
786 1160 862 1185 nunc,
878 1152 906 1180 5.
921 1157 944 1179 et
958 1160 1018 1179 con-

227 1193 335 1227 tigerunt
348 1194 409 1221 mihi
423 1193 505 1227 boves,
518 1200 543 1222 et
556 1195 644 1229 asina,
660 1201 683 1223 et
697 1204 764 1228 oues,
780 1201 803 1223 et
816 1197 888 1229 serui,
902 1201 925 1224 et
935 1198 1017 1224 ancile

227 1239 268 1270 Ite,
280 1243 303 1265 et
324 1239 380 1266 misi
401 1245 428 1266 ut
442 1241 635 1268 annuntiaretur
647 1241 749 1268 domino
770 1250 824 1268 meo
839 1241 919 1274 Esau,
935 1248 961 1269 ut
975 1244 1016 1270 in—

227 1285 308 1310 ueuiat
320 1293 382 1320 puer
396 1291 453 1313 tuus
471 1287 580 1321 gratiam
595 1295 679 1314 coram
694 1293 726 1314 te.
753 1288 866 1316 Attende
884 1289 1018 1324 quomodo

231 1330 324 1357 timeat
342 1330 449 1359 fratrem
465 1339 472 1358 :
488 1336 515 1359 et
540 1336 677 1367 propterea
703 1333 809 1367 placare
833 1341 894 1361 cum
914 1335 1016 1369 volens,

229 1375 373 1409 pra-mittat
385 1376 536 1411 signiﬁcans
548 1378 573 1405 ei
588 1383 615 1405 et
632 1378 745 1406 reditum
759 1387 836 1407 suum
850 1385 877 1408 et
889 1381 1014 1409 substan-

228 1421 290 1447 tiam
300 1429 358 1456 qua:
373 1421 422 1448 sibi
437 1422 594 1457 contigerat,
608 1428 636 1451 et
650 1423 694 1451 ubi
708 1429 781 1451 tanto
795 1430 915 1460 tempore
927 1434 1017 1454 mora-

229 1471 272 1493 tus
287 1465 375 1500 fuerit,
391 1471 420 1494 ut
433 1467 537 1502 placato
549 1468 606 1503 ejus
619 1468 709 1497 furore
727 1470 889 1498 clementem
904 1471 1017 1500 reddere

229 1513 334 1546 possit:
357 1513 382 1539 id
406 1513 477 1547 quod
496 1519 523 1541 et
551 1514 650 1542 factum
674 1520 728 1548 est,
745 1516 800 1543 Deo
826 1524 872 1544 cor
890 1517 959 1545 illius
971 1518 1017 1545 de-

230 1557 371 1590 mnlcente,
384 1562 410 1585 et
424 1558 495 1585 illum
510 1560 673 1587 tractabilem
688 1561 819 1588 exstincta
831 1562 869 1589 ira
889 1562 1014 1592 faciente.

229 1603 294 1630 Nam
308 1604 330 1630 si
345 1604 478 1632 Labanum
493 1606 537 1641 qui
559 1610 630 1633 tanta
648 1607 824 1635 concitatione
839 1609 1017 1643 persequeba-

230 1654 283 1682 tur,
307 1649 435 1677 deterruit
450 1659 496 1685 per
514 1659 545 1679 ea
560 1660 619 1686 qua:
638 1652 671 1679 ad
688 1653 774 1687 ipsum
788 1653 892 1681 diccbat
909 1664 916 1681 :
933 1654 1016 1682 multo

230 1695 313 1729 magis
325 1695 432 1723 fratrem
447 1697 650 1725 mansuetiorem
666 1705 728 1733 erga
736 1698 836 1733 justum
851 1699 975 1726 reddidit.
988 1700 1016 1729 6.

232 1740 332 1768 licuersi
342 1746 399 1768 sunt
409 1747 505 1776 autent,
519 1743 612 1778 inquit,
628 1744 756 1772 dicentes:
773 1744 891 1772 Venimus
912 1745 947 1772 ad
957 1746 1015 1778 [ra-

233 1790 296 1811 trem
305 1790 386 1819 tuum,
399 1791 422 1813 et
442 1787 507 1814 venit
524 1788 550 1814 in
569 1795 698 1815 occursum
709 1793 788 1821 tuum,
801 1794 824 1816 et
842 1790 1017 1827 quadringenti

231 1831 275 1857 viri
288 1839 344 1858 cum
354 1839 392 1858 ea.
403 1831 468 1860 Vide
476 1834 608 1868 quomodo
616 1840 642 1861 et.
655 1834 724 1861 istud
735 1835 820 1869 ipsum
830 1842 907 1871 auget
915 1843 1015 1865 metum

229 1877 303 1910 justi.
319 1877 410 1912 Neque
431 1879 502 1906 enim
516 1879 616 1907 sciebat
626 1879 762 1908 evidenter
773 1886 889 1909 mentem
903 1882 993 1910 fratris
1007 1892 1014 1910 :

228 1923 274 1950 sed
284 1928 309 1950 ut
320 1923 411 1951 didicit
422 1924 615 1952 multitudinem
624 1926 784 1953 venientium
793 1934 852 1954 cum
862 1927 916 1961 illo,
926 1928 1016 1955 formi-

229 1968 310 1999 davit.
325 1969 462 2004 suspicans
474 1978 508 1998 ne
519 1972 592 2006 quasi
605 1971 631 1998 in
642 1971 741 1999 bellum
753 1978 845 2001 contra
857 1981 887 2001 se
900 1975 1014 2008 veniret,

194 2037 195 2041 η
231 2018 258 2040 et
273 2014 306 2040 ita
321 2014 400 2041 Vellet
411 2022 562 2043 occurrere.
576 2016 602 2043 7.
617 2016 710 2044 Timuit
725 2018 807 2051 enim,
820 2018 913 2053 inquit,
924 2019 1014 2054 Iacob,

228 2063 252 2084 et
266 2059 399 2093 perplequ
417 2065 479 2087 erat.
502 2061 627 2089 Formido
642 2067 757 2090 mentem
775 2063 833 2097 ejus
850 2064 1015 2098 turbaverat,

229 2109 257 2131 ct
281 2106 416 2133 nesciebat
442 2107 504 2141 quid
532 2108 640 2142 faceret,
663 2109 710 2137 sed
731 2111 827 2137 mansit
848 2111 1013 2146 pcrplexus:

229 2154 369 2184 propterea
390 2151 476 2179 timuit
490 2153 566 2187 quasi
580 2153 614 2181 de
625 2155 709 2182 salute
724 2163 782 2188 sua,
798 2160 943 2184 etmortem
954 2161 1016 2185 ante

229 2196 321 2223 oculos
346 2196 456 2225 habens.
474 2197 563 2224 Divisit
574 2205 658 2225 autem
678 2200 704 2226 in
722 2201 785 2227 duas
803 2206 898 2228 turmas
916 2210 1015 2229 omnem

229 2240 352 2274 populum
363 2242 408 2276 qui
426 2250 510 2269 secum
532 2248 595 2269 erat.
608 2244 634 2270 8.
648 2243 717 2270 Dixit
729 2245 806 2277 enim,
826 2245 856 2272 Si
875 2247 969 2273 venerit
980 2247 1015 2274 ad

228 2290 246 2311 ti
258 2294 339 2313 rutam
354 2295 442 2321 unam,
462 2292 485 2314 et
507 2289 657 2323 percusserit
678 2298 745 2323 eam,
766 2291 813 2317 erit
828 2291 911 2318 adhuc
923 2293 1012 2327 altera,

228 2340 284 2366 qua
298 2333 443 2360 salsabitur.
459 2333 531 2360 Talia
546 2333 721 2368 suggerebant
737 2335 761 2362 ei
779 2335 858 2363 timor
877 2341 905 2364 et
918 2345 1012 2373 magna

229 2377 351 2405 formido.
368 2377 467 2406 Vidcns
482 2382 570 2405 autem
585 2386 614 2405 se
635 2380 709 2414 quasi
730 2380 755 2406 in
773 2382 821 2408 reti
836 2384 1012 2417 comprehen-

228 2429 298 2456 sum,
311 2423 344 2450 ad
359 2423 484 2450 invictum
501 2423 771 2459 Dominumconfugit,
787 2430 813 2453 et
826 2428 1014 2460 promissioncs

228 2476 288 2502 qua:
300 2469 324 2496 ei
338 2468 413 2496 facta:
434 2473 512 2496 erant
521 2470 615 2504 repetit
628 2470 663 2497 ab
679 2471 795 2498 omnium
809 2472 871 2506 Deo,
890 2475 964 2509 quasi
977 2475 1015 2502 di-

229 2520 292 2540 cens
313 2513 346 2541 ad
371 2521 431 2541 cum
448 2523 456 2542 :
475 2514 550 2542 Nunc
563 2515 635 2542 venit
647 2519 749 2551 tempus
766 2517 853 2553 inquo
866 2524 893 2546 et
905 2524 1013 2555 propter

232 2559 466 2594 primogenitorum
482 2560 604 2588 virtutem
618 2582 626 2594 ,
642 2565 669 2589 et
687 2566 795 2596 propter
810 2564 1012 2597 promissionem

228 2612 287 2638 quae
301 2612 316 2631 a
330 2608 356 2631 te
371 2605 438 2632 facta
453 2610 493 2633 est
510 2606 585 2639 mihi,
600 2606 694 2642 dignus
710 2607 808 2635 habear
820 2609 865 2644 qui
880 2614 924 2638 tuo
938 2611 1013 2645 adju-

229 2657 277 2676 vcr
298 2649 429 2683 pratsidio.
445 2650 474 2679 9.
497 2651 567 2678 Dixit
584 2653 655 2680 enim
668 2653 748 2681 Iacob
762 2663 771 2681 :
786 2654 854 2681 Dcus
868 2656 946 2689 patris
964 2657 1012 2684 mei

228 2694 365 2728 Abraham,
378 2700 400 2723 et
417 2696 486 2724 Deus
503 2697 583 2730 patris
595 2698 644 2724 mei
656 2698 740 2731 Isaac,
750 2705 776 2727 tu
786 2701 830 2734 qui
839 2701 925 2728 dixisti
938 2703 1010 2736 mihi,

233 2738 300 2766 Vade
317 2741 343 2768 in
365 2747 456 2768 terram
475 2743 688 2776 nativitatistuae;
710 2745 753 2779 qui
769 2747 884 2773 evocasti
897 2754 949 2779 me,
968 2747 1010 2774 in-

227 2786 292 2820 quit,
306 2786 339 2815 de
353 2791 423 2816 terra
436 2788 531 2823 aliena,
545 2793 571 2817 et
586 2790 735 2825 praecepisti
751 2796 778 2819 ut
791 2792 906 2821 redirem
919 2793 950 2821 ad
966 2801 1010 2829 pa-

576 134 604 162 S.
625 135 763 163 JOANNIS
786 132 1023 163 tillliYSOSTOMI
1044 134 1203 164 ABCIIIEP.
1223 137 1489 169 CONSTANTINOP.

1797 143 1850 172 508

1068 195 1135 218 trem
1152 200 1250 226 meum,
1271 196 1337 222 etin
1352 201 1447 224 terram
1464 197 1625 225 nativitatis:
1642 198 1685 226 lo.
1707 198 1778 227 Satis
1789 201 1851 227 mihi

1065 239 1097 264 sit
1111 240 1118 254 '
1132 239 1164 266 de
1176 241 1246 267 omni
1256 241 1356 275 justitia
1367 247 1390 269 et
1400 244 1512 277 veritate,
1524 252 1599 278 quam
1613 246 1694 280 fecisti
1705 252 1782 279 puero
1796 251 1849 272 tuo.

1066 283 1184 312 Sufficiat
1199 287 1273 319 milii,
1289 287 1382 322 inquit,
1398 289 1430 315 ad
1445 289 1592 317 subsidium
1607 291 1632 317 iu
1646 291 1770 325 pruenti
1780 296 1848 318 tem-

1067 335 1140 363 pure.
1155 329 1204 363 Qui
1220 332 1290 359 enim
1302 340 1384 368 usque
1397 334 1428 361 ad
1436 342 1552 369 prazsens
1565 340 1667 371 tempus
1681 341 1780 363 tantam
1791 345 1851 372 erga

1067 382 1110 401 me
1123 374 1262 403 dcclarasti
1277 378 1480 412 pmvidentiam,
1493 384 1568 414 potes
1581 382 1660 408 etiam
1672 389 1741 409 nunc
1749 382 1852 417 eripere

1067 427 1110 447 me
1126 420 1159 448 ab
1179 423 1332 457 urgentibus
1347 425 1481 459 periculis.
1500 425 1557 454 Non
1572 427 1643 454 enim
1659 427 1751 462 ignoro
1761 448 1768 460 ,
1783 428 1851 462 quod

1068 465 1100 493 In
1126 467 1173 495 ista
1192 468 1280 497 baculo
1297 479 1351 498 meo
1365 473 1468 499 transiri
1486 472 1625 500 Iordanem
1645 481 1654 501 :
1675 473 1721 501 sed
1746 479 1851 509 propter

1068 516 1138 540 tuam
1157 513 1190 541 de
1202 522 1245 542 me
1257 516 1461 545 sollicitudinem
1474 539 1481 551 ,
1496 519 1541 554 qui
1554 519 1675 546 baculum
1702 520 1790 547 Solum
1804 527 1852 554 ge-

1068 563 1143 586 stans
1159 560 1227 587 abivi
1244 562 1269 588 in
1279 566 1376 589 terram
1391 563 1514 597 alienam,
1532 564 1608 591 Nunc
1619 574 1675 592 cum
1688 565 1785 592 duabus
1797 570 1852 591 tur-

1069 604 1116 630 mis
1125 605 1225 632 adveni.
1238 606 1276 633 Tu
1289 607 1378 642 igitur,
1401 608 1522 642 Domine,
1537 611 1582 645 qui
1596 615 1695 637 tantam
1711 610 1776 637 mihi
1789 609 1853 637 sub-

1068 650 1192 678 stantiam
1216 651 1325 687 largitus
1351 661 1380 680 es
1396 675 1403 686 ,
1424 655 1467 690 qui
1482 659 1582 682 tantum
1599 656 1790 683 incrementum
1808 655 1854 683 der

1068 695 1140 727 disti,
1156 704 1226 723 nunc
1244 698 1288 724 ll.
1313 698 1390 733 Eripe
1411 708 1450 726 me
1463 700 1495 727 de
1515 708 1592 727 manu
1605 701 1691 736 fratris
1704 701 1752 728 ntci
1763 700 1830 728 Eni
1844 709 1852 728 :

1067 743 1126 776 quia
1142 743 1217 770 timeo
1236 752 1281 780 ego
1291 753 1357 777 eum,
1375 754 1406 772 ne
1427 748 1491 781 forte
1516 748 1637 781 percutiat
1655 756 1704 780 me,
1715 752 1739 774 et
1751 752 1854 774 matrem

1068 796 1124 815 cum
1145 790 1238 823 pueris.
1254 790 1299 817 l2.
1314 790 1352 817 Tu
1362 791 1449 818 dixiin
1461 801 1467 818 :
1479 791 1640 827 Benefaciam
1652 793 1707 826 tibi,
1727 800 1751 820 et
1764 800 1854 827 ponam

1068 841 1151 860 semen
1170 839 1240 861 tuum
1254 836 1318 862 sicut
1336 845 1440 864 arenant
1457 838 1545 871 maris,
1562 846 1618 873 qua:
1630 839 1757 865 numerari
1770 839 1851 874 nequit

1069 889 1122 916 prte
1131 882 1299 909 multitudine.

1104 928 1130 954 2.
1145 928 1224 956 Iacob
1243 930 1304 964 petit
1322 938 1338 956 a
1356 929 1409 957 Deo
1427 935 1454 958 ut
1470 939 1529 958 suas
1544 931 1719 966 promissione:
1733 931 1854 965 impleat;

1069 973 1173 1000 luctatio
1181 973 1270 1001 Jacobi
1288 983 1345 1002 cum
1359 976 1448 1010 angelo
1458 984 1468 1008 ,'
1479 978 1583 1004 mutatio
1603 977 1710 1004 nominis
1718 977 1744 1004 in
1755 977 1835 1004 Israel
1845 986 1855 1011 ,-

1069 1028 1114 1046 cur
1128 1021 1239 1048 humana
1252 1022 1334 1057 figura
1346 1028 1485 1058 appareant
1501 1023 1595 1058 angeli.
1608 1039 1643 1043 ———
1658 1023 1724 1051 Vide
1736 1024 1798 1058 justi
1812 1031 1855 1051 re-

1071 1065 1191 1100 ligiosum
1202 1066 1330 1099 animum,
1340 1072 1367 1095 et
1379 1069 1489 1102 probum
1503 1068 1624 1096 aﬂ'ectnm
1639 1078 1646 1096 :
1662 1069 1795 1104 quomodo
1804 1076 1856 1097 non

1070 1111 1140 1139 aliud
1156 1112 1296 1140 Dominum
1311 1119 1442 1149 precatur,
1461 1123 1539 1150 quam
1554 1120 1583 1142 ut
1595 1122 1657 1143 suas
1668 1116 1856 1150 promissiones

1070 1157 1223 1192 adimplcat.
1232 1159 1265 1186 Et
1275 1159 1308 1186 de
1320 1160 1452 1194 prioribus
1459 1161 1576 1187 exhibita
1588 1162 1732 1196 gratiarum
1741 1161 1855 1193 actione,

1069 1204 1258 1239 confessusque
1275 1213 1304 1233 se
1315 1205 1414 1233 nudum
1430 1211 1457 1233 et
1466 1206 1589 1233 omnibus
1599 1206 1753 1234 destitutum
1765 1206 1790 1233 in
1803 1211 1858 1233 tan-

1071 1253 1124 1276 tam
1140 1250 1292 1284 pervenisse
1306 1251 1644 1286 abundantiam,supplicat
1656 1256 1685 1278 ut
1695 1251 1728 1279 de
1739 1251 1858 1286 periculo

1071 1303 1101 1323 se
1122 1295 1226 1324 liberet.
1252 1296 1343 1324 Disiin
1364 1298 1446 1329 enim,
1461 1298 1555 1332 inquit,
1571 1297 1670 1324 Ponant
1692 1305 1775 1324 semen
1788 1302 1857 1324 tuum

1070 1341 1134 1367 sicut
1147 1349 1248 1368 arenam
1264 1342 1351 1374 maris,
1364 1350 1421 1376 qua:
1432 1342 1587 1369 dinumerari
1598 1342 1690 1376 nequit.
1700 1341 1768 1369 Cum
1779 1342 1857 1377 igitur

1072 1387 1218 1414 orationem
1233 1394 1307 1414 Suam
1319 1387 1352 1414 ad
1368 1388 1451 1415 Deum
1463 1388 1581 1421 fecisset,
1596 1393 1623 1415 et
1637 1388 1856 1423 supplicationem

1072 1440 1178 1467 precum
1193 1432 1342 1466 obtulisset,
1353 1433 1415 1460 facit
1427 1438 1454 1461 et
1468 1442 1544 1461 suum
1552 1433 1679 1460 ofﬁcium.
1698 1433 1730 1460 Et
1740 1433 1858 1468 acceptis

1070 1479 1235 1512 muneribus.
1256 1480 1350 1515 inquit,
1366 1488 1397 1508 ex
1417 1481 1448 1507 iis
1463 1488 1522 1515 qua:
1535 1481 1672 1513 afferebat,
1684 1481 1756 1507 misit
1769 1479 1857 1512 fratri,

1069 1533 1128 1553 cum
1138 1531 1302 1562 segregasset
1310 1535 1368 1562 qua:
1377 1527 1554 1558 mitterentur,
1564 1532 1589 1554 ct
1598 1527 1722 1554 mandata
1730 1527 1857 1558 dedisset,

1069 1572 1104 1599 ita
1124 1577 1152 1599 ut
1176 1573 1328 1608 placaretur
1340 1573 1418 1600 etiam
1441 1580 1490 1607 per
1504 1573 1582 1600 verba
1597 1573 1703 1600 animus
1717 1573 1815 1605 fratris,
1832 1577 1858 1599 et

1069 1624 1133 1644 suns
1150 1619 1316 1646 nuntiaretur
1335 1618 1464 1646 adventus
1482 1619 1516 1653 (ν.
1539 1619 1582 1646 15.
1597 1633 1612 1639 -
1627 1618 1682 1654 19).
1704 1618 1749 1646 20.
1774 1617 1855 1645 Dicite

1069 1663 1151 1696 enim,
1165 1664 1258 1698 inquit,
1276 1663 1341 1691 Ecce
1353 1673 1415 1698 puer
1429 1669 1486 1692 tuus
1502 1664 1601 1691 aduenit
1615 1668 1670 1699 post
1683 1672 1748 1695 nos;
1762 1669 1790 1691 ut
1803 1665 1856 1699 pri-

1070 1716 1140 1735 mum
1150 1709 1304 1736 redderetur
1314 1710 1423 1741 anticus,
1441 1714 1467 1736 et
1476 1714 1537 1737 tunc
1548 1710 1575 1736 in
1587 1709 1682 1737 faciem
1692 1709 1750 1744 ejus
1761 1717 1858 1737 oecur-

1069 1759 1150 1781 rcret.
1164 1754 1275 1782 Posthac
1292 1755 1369 1787 enim.
1388 1755 1483 1789 inquit,
1501 1755 1588 1782 videbo
1598 1755 1689 1790 faciem
1704 1755 1759 1790 ejus
1771 1763 1781 1782 :
1793 1755 1857 1790 forte

1069 1801 1135 1827 cnim
1152 1805 1256 1835 accepta
1275 1801 1321 1827 erit
1343 1801 1366 1827 ei
1384 1801 1462 1836 facies
1482 1809 1546 1827 mea.
1565 1800 1610 1828 21.
1628 1800 1660 1828 Et
1679 1800 1857 1827 antecedebant

1070 1845 1136 1872 dona
1157 1845 1293 1872 secundum
1316 1846 1405 1881 faciem
1425 1847 1490 1881 ejus.
1512 1846 1610 1873 Verum
1635 1845 1706 1878 vide,
1732 1846 1855 1879 obsecro,

1070 1891 1228 1918 inclfabilcm
1244 1891 1291 1918 Dei
1301 1891 1480 1924 clementiam,
1496 1896 1522 1918 et
1533 1892 1667 1927 quomodo
1674 1899 1781 1926 semper
1791 1899 1856 1919 con-

1069 1944 1134 1970 gruo
1142 1940 1262 1971 tempore
1271 1944 1345 1964 suam
1354 1937 1470 1964 declarat
1477 1937 1680 1972 providentiam.
1689 1937 1756 1965 Nam
1764 1937 1798 1964 de
1807 1937 1857 1964 La-

1070 1982 1120 2009 ban
1129 1982 1235 2017 quidem
1243 1982 1367 2017 quoniam
1376 1982 1464 2017 justus
1471 1983 1535 2010 nihil
1546 1983 1598 2010 tale
1606 1982 1801 2017 suspicabatur,
1811 1990 1856 2010 ne-

1068 2036 1120 2063 que
1135 2028 1235 2055 sciebat
1249 2028 1384 2056 Labanum
1399 2036 1459 2056 cum
1475 2033 1546 2056 tanta
1558 2029 1583 2057 vi
1599 2029 1724 2057 invadere
1738 2037 1767 2057 se
1777 2029 1855 2063 velle,

1069 2078 1097 2100 ut
1109 2073 1177 2100 clam
1193 2078 1343 2108 susceptum
1361 2073 1395 2100 ab
1408 2081 1437 2101 se
1460 2073 1606 2101 discessum
1620 2074 1802 2107 ulcisceretur,
1816 2074 1856 2101 di-

1068 2123 1140 2145 ctum
1151 2123 1192 2146 est
1201 2120 1355 2154 apparuisse
1362 2119 1484 2154 angelum
1495 2124 1576 2146 noctu
1589 2119 1706 2151 Labano,
1715 2125 1741 2147 et
1754 2127 1856 2154 repres-

1068 2166 1135 2193 sisse
1158 2165 1216 2200 ejus
1242 2165 1379 2200 impetum.
1407 2165 1612 2200 mandatumque
1632 2165 1738 2193 dedisse
1759 2173 1793 2193 ne
1813 2165 1855 2193 vel

1068 2219 1190 2245 asperum
1204 2211 1313 2238 verbum
1327 2211 1479 2246 loqueretur
1487 2211 1588 2239 Jacob:
1602 2211 1707 2239 dicebat
1718 2211 1801 2243 enim,
1815 2211 1856 2238 Ne

1068 2256 1178 2291 loquaris
1190 2264 1246 2283 cum
1255 2255 1334 2283 Iacob
1347 2257 1414 2283 mala
1423 2255 1497 2292 (Gen.
1510 2257 1553 2284 5|.
1565 2256 1613 2291 2b)
1629 2265 1636 2282 :
1648 2261 1675 2284 et
1689 2257 1740 2284 hoc
1754 2257 1788 2284 ita
1801 2256 1855 2283 dis-

1069 2302 1204 2336 pensabat,
1219 2309 1271 2336 quo
1280 2308 1328 2336 per
1337 2301 1406 2328 illius
1416 2301 1531 2336 linguam
1545 2305 1636 2328 notum
1648 2300 1724 2328 ﬁeret
1733 2302 1855 2335 justo,‘ut

1068 2346 1200 2374 ﬁdentiori
1215 2351 1287 2374 esset
1302 2347 1390 2374 animo
1403 2352 1539 2381 comperta
1553 2351 1625 2374 tanta
1641 2347 1687 2374 Dei
1707 2347 1734 2374 in
1747 2354 1776 2374 se
1791 2354 1854 2381 pro-

1066 2393 1190 2420 videntia.
1206 2392 1280 2420 Nunc
1294 2397 1393 2426 autem,
1408 2393 1469 2427 quia
1490 2392 1570 2420 frater
1590 2393 1718 2427 temporis
1739 2393 1854 2427 longitu-

1067 2439 1128 2466 dine
1149 2439 1282 2474 mitigatus
1304 2443 1372 2470 erat,
1389 2438 1577 2473 quieveratque
1599 2438 1638 2465 ira
1662 2443 1688 2465 et
1710 2438 1854 2472 indignatio

1066 2489 1158 2512 contra
1173 2484 1254 2512 Jacob
1269 2493 1277 2511 :
1294 2484 1336 2512 hic
1348 2488 1436 2512 autem
1450 2484 1544 2511 anxius
1557 2489 1625 2516 erat,
1640 2485 1736 2512 timens
1753 2489 1781 2512 et
1799 2490 1852 2511 tre-

1067 2538 1142 2557 mens
1163 2530 1250 2557 fratris
1271 2537 1411 2557 occursum
1435 2538 1442 2556 :
1465 2529 1551 2557 bonus
1574 2530 1703 2557 Dominus
1725 2537 1777 2556 non
1799 2530 1853 2564 jam

1067 2575 1137 2601 Esau
1152 2575 1279 2609 prtccipit,
1294 2573 1371 2611 (nillil
1385 2574 1455 2602 enim
1470 2578 1563 2601 contra
1583 2573 1691 2602 fratrem
1706 2574 1852 2602 meditaba-

1066 2620 1130 2654 tur),
1146 2620 1192 2648 sed
1207 2620 1305 2654 justum
1320 2621 1430 2648 solatur.
1443 2620 1508 2647 Nam
1523 2624 1662 2655 postquam
1682 2621 1798 2648 misisset
1811 2620 1851 2647 of-

1066 2664 1181 2692 ferentes
1197 2673 1316 2699 munera,
1329 2671 1358 2693 et
1369 2666 1546 2698 dormivisset,
1560 2665 1604 2692 22.
1620 2665 1737 2693 Surrexit
1747 2665 1773 2692 in
1783 2671 1854 2692 nam

1065 2711 1120 2745 illa,
1136 2716 1160 2738 et
1173 2720 1263 2739 uxores
1277 2713 1340 2740 duas
1354 2717 1378 2740 et
1391 2712 1458 2748 filios
1472 2713 1609 2740 transmisit
1631 2713 1656 2739 in
1677 2713 1786 2740 transitu
1802 2712 1852 2739 Ia-

1066 2778 1278 2841 ςιὼῖξξὶξξῖυιξοίδι
1292 2779 1423 2811 leﬂendum
1443 2782 1497 2805 est:
1511 2778 1572 2806 Salis
1590 2778 1650 2805 mihi
1665 2781 1713 2809 est,
1726 2781 1753 2804 et.
1771 2777 1852 2804 infra:
