2046 3126
185 110 237 139 509

183 169 266 202 bodi;
281 168 326 196 25.
341 173 365 195 et
378 169 472 204 (lCt‘t‘pll
483 176 535 201 eos,
550 173 572 196 et
591 169 688 196 transiit
703 175 845 198 torrentem.
861 171 905 198 24.
923 169 973 197 Rc-

183 215 258 242 lictus
272 219 308 241 est
322 219 405 241 autem
418 214 498 241 Jatob
513 215 592 248 solus,
616 220 639 242 et
661 215 802 243 luctabatur
820 216 894 243 liomo
916 224 973 243 eum

181 268 221 288 eo.
244 259 336 295 Ilagua
358 260 463 287 Domini
487 260 637 288 clementia.
660 261 790 294 Quoniam
813 268 973 289 occursurus

181 310 239 333 erat
252 305 336 339 fratri,
350 309 379 333 ut
393 306 472 333 sciret
486 306 572 341 reipsa
585 306 656 341 quod
671 307 737 334 nihil
754 315 877 342 asperum
901 307 972 334 latu-

180 359 227 379 rus
239 356 319 384 esset,
335 351 362 379 in
377 351 459 387 ﬁgura
473 351 587 379 hominis
602 352 695 380 luctari
712 360 773 380 cum
790 353 862 388 justo
877 353 970 381 voluit.

181 398 281 426 Deinde
295 398 388 426 videns
401 406 431 427 se
446 398 514 426 vinci
530 399 585 434 (ιι),
602 399 648 428 25.
670 399 854 435 Apprehendit,
875 400 969 435 inquit,

180 445 338 472 latitudinem
357 446 459 481 femoris
478 446 542 482 ejus.
568 445 662 473 Totum
684 451 773 474 autem
798 447 848 474 hoc
872 447 969 474 factum

179 495 230 524 est,
245 495 275 518 ut
287 498 316 519 se
335 491 407 518 illius
426 491 567 519 humilitati
584 496 782 527 attemperaret,
802 492 968 520 formidinem

177 544 209 562 cx
223 536 310 563 anima
322 537 387 571 justi
401 537 540 570 eximeret,
561 542 588 564 et
605 537 776 572 persuaderet
795 538 830 570 ei,
852 543 883 577 _ut
902 538 968 565 cit:a

177 588 304 617 angorem
317 582 391 609 fratri
406 587 569 610 occurreret.
586 582 652 610 Nam
666 590 726 610 cum
738 583 868 610 tenuisset
881 583 970 610 latitu-

177 625 266 653 dinem
287 620 395 654 femoris
413 626 505 661 Jacob,
523 627 653 654 Emarcuit
676 627 783 655 latitudo
800 628 903 663 femoris
921 627 969 654 Ja-

176 672 231 704 rob,
246 680 303 699 cum
323 673 503 700 colluctaretur
522 673 565 700 ille
585 681 641 700 cum
662 681 700 700 eo.
723 673 823 701 Deinde
838 678 866 701 ut
887 674 966 701 sciret

175 717 258 746 Iacob
274 719 397 746 virtutem
411 719 468 754 ejus
482 727 560 754 quem
574 727 664 747 secum
680 720 774 747 luctari
789 721 909 755 putabat,
925 720 967 747 di-

175 765 210 791 cit
220 764 253 792 ad
264 773 325 792 eum
347 774 354 792 :
377 764 422 793 26.
447 765 551 792 Dimitte
567 774 623 798 me;
645 766 757 793 ascendit
781 767 846 793 enim
860 775 966 794 aurora.

174 811 299 838 Seutiens
315 811 394 846 igitur
406 811 493 846 justus
505 812 712 846 magnitudinem
724 811 830 839 virtutis
839 813 905 847 ejus,
920 812 965 848 qui

175 856 232 883 hinc
245 855 293 883 sibi
307 856 420 888 dixerat,
436 856 504 884 dixit
522 865 529 884 :
544 856 650 884 Minime
665 863 688 885 te
707 858 844 891 dimittam,
860 859 909 885 nisi
927 867 966 886 me

174 901 338 929 baiulis-eris.
356 903 448 937 Magna
463 908 644 938 consequutus
662 911 733 937 sum,
754 909 781 931 et
803 912 862 940 qum
882 912 962 940 supra

174 955 260 975 meam
274 953 335 975 sunt
347 948 499 984 dignieitem
514 958 521 976 :
537 957 589 977 non
603 950 679 984 prius
694 955 720 978 te
740 950 898 985 relinquam,
913 951 963 978 do-

171 1000 222 1020 nec
236 992 449 1021 benedictionem
467 1001 481 1021 a
504 999 529 1021 te
539 995 676 1030 accipiam.
701 995 801 1023 Deinde
818 995 891 1030 dicit,
916 996 961 1023 27.

174 1038 249 1072 Quod
263 1046 353 1066 nomen
366 1043 436 1066 tuum
446 1044 481 1066 est
490 1040 507 1067 ?
517 1040 580 1067 Vide
594 1041 688 1068 iterum
702 1046 829 1076 quantum
842 1049 902 1070 sese
913 1042 963 1070 Lu-

172 1083 256 1111 miliut
268 1089 295 1112 et
305 1089 471 1120 attemperet.
482 1084 549 1113 Num
563 1085 586 1113 si
598 1094 651 1113 non
663 1086 862 1122 interrogasset,
877 1088 950 1115 nesci

172 1130 324 1165 vissetjusti
337 1132 453 1159 nomen?
464 1131 569 1160 Sciebat
579 1133 669 1167 utique
679 1142 685 1160 :
698 1133 744 1160 sed
754 1133 962 1169 interrogatione

171 1177 226 1204 vult
238 1177 297 1212 ejus
314 1177 435 1205 ﬁduciam
449 1178 575 1209 solidare.
591 1183 618 1206 et
631 1178 728 1207 docere
742 1180 801 1214 quis
823 1180 857 1207 sit
877 1180 921 1215 qui
936 1181 959 1208 ei

169 1222 302 1258 loquatur.
316 1222 349 1250 Et
362 1227 502 1258 postquam
516 1223 592 1257 dixit,
607 1223 700 1257 Iacob,
711 1223 757 1251 28.
773 1225 860 1259 inquit
875 1232 881 1251 :
899 1224 961 1252 Non

169 1268 299 1295 rocabitur
322 1277 413 1296 nomen
433 1274 503 1296 tuum
521 1270 612 1303 Jacab,
633 1271 676 1297 sed
696 1270 781 1298 Israel
799 1271 845 1298 erit
869 1279 960 1299 nomen

168 1318 251 1341 tuum.
266 1313 392 1347 Quoniam
403 1315 425 1342 si
437 1320 527 1342 contra
539 1315 622 1342 Deum
635 1316 709 1351 fortis
719 1317 799 1352 fuisti,
815 1317 894 1344 multo
906 1325 962 1343 ma-

168 1360 207 1394 gis
221 1365 309 1387 contra
321 1360 433 1388 homines
444 1366 530 1396 potem
542 1362 601 1389 eris.
616 1361 710 1389 Vidisti
721 1362 856 1397 quomodo
867 1367 960 1390 osten-

167 1405 207 1432 dit
220 1411 301 1433 totam
320 1413 438 1440 causam,
454 1411 561 1442 propter
573 1414 653 1442 quam
669 1407 735 1434 adeo
754 1415 782 1435 se
794 1407 911 1437 demisit.
932 1413 959 1436 et

166 1451 245 1479 simul
259 1452 349 1480 docuit
365 1452 465 1488 justum
485 1461 532 1488 per
547 1453 662 1480 nominis
683 1453 879 1488 impositionem
900 1455 963 1489 quis

165 1502 237 1525 esset
247 1505 325 1533 quem
337 1499 434 1526 viderit
443 1498 719 1534 etcomprehenderit.
736 1499 795 1526 Non
810 1500 878 1527 alim
887 1500 959 1528 ettim

166 1544 294 1571 cacaberis
307 1543 397 1578 Iacob,
412 1545 457 1572 sed
469 1544 553 1572 Israel
566 1546 611 1572 erit
623 1553 713 1572 nomen
729 1550 809 1572 tuum.
824 1546 901 1573 Israél
913 1553 960 1573 au-

167 1594 234 1623 tem,
249 1591 270 1618 si
284 1591 343 1625 quis
357 1591 556 1626 interpretetur,
570 1595 656 1624 sonat,
670 1591 768 1618 Videns
780 1591 873 1618 Deum.
885 1591 958 1625 ρω-

167 1635 238 1662 niam
251 1635 321 1662 sicut
333 1635 423 1663 videre
437 1635 536 1663 homini
553 1636 679 1671 possibile
698 1640 749 1669 est,
764 1637 847 1664 Deum
867 1637 959 1664 vidcrc

166 1680 307 1708 meruisti:
323 1686 461 1716 propterea
480 1685 507 1708 et
524 1681 594 1708 hanc
614 1681 820 1716 appellationem
843 1681 888 1709 tibi
907 1682 958 1709 im-

167 1734 249 1762 pono,
264 1732 293 1755 ut
307 1728 430 1756 omnibus
444 1728 557 1763 posteris
572 1728 742 1755 manifestum
760 1729 805 1762 sit,
823 1736 901 1763 quam
921 1729 960 1756 vi-

166 1773 270 1801 sionem
283 1778 441 1810 asseqnutus
453 1774 544 1802 fueris.
560 1774 593 1801 Et
608 1774 714 1809 subjieit
727 1783 741 1801 λ
751 1774 876 1807 Quoniam
891 1783 959 1809 pra:—

166 1820 268 1846 raluisti
279 1825 365 1846 contra
380 1819 473 1853 Deum,
492 1824 515 1846 et
535 1824 622 1847 contra
638 1819 752 1847 homines
771 1824 859 1855 potens
879 1820 928 1847 eris
949 1828 959 1847 :

167 1865 233 1892 nihil
247 1865 359 1900 amplius
374 1865 438 1893 time
455 1866 475 1900 ί,
490 1873 576 1900 neque
599 1866 726 1893 damnutn
741 1865 848 1901 aliquod
861 1873 958 1900 exspe-

166 1916 235 1945 ctes,
251 1911 321 1947 quod
334 1912 368 1939 ab
380 1912 468 1948 aliquo
480 1912 560 1940 feras.
578 1912 642 1939 Nam
657 1912 701 1947 qui
715 1916 814 1939 tantam
834 1913 958 1940 virtutem

166 1957 306 1992 accepisti,
322 1963 351 1985 ut
363 1965 423 1985 cum
439 1958 493 1985 Deo
512 1958 604 1986 luctari
626 1958 750 1991 ralueris,
771 1958 856 1986 multo
875 1958 960 1994 magis

167 2003 291 2030 homines
305 2003 454 2037 superabis,
467 2007 494 2031 et
507 2003 618 2031 invictus
633 2003 757 2031 omnibus
774 2004 838 2031 eris.

202 2049 230 2076 ὃ.
252 2048 298 2076 llis
321 2049 511 2084 auditisjnstus
535 2049 728 2084 obstupescens
751 2049 958 2084 magnitudinem

165 2094 226 2128 ejus
240 2095 285 2129 qui
298 2101 389 2122 secum
402 2094 614 2129 colloquebatur,
629 2094 695 2121 dicit
707 2094 733 2121 ei
751 2103 757 2120 :
772 2094 816 2122 29.
832 2094 960 2121 Animalia

166 2139 231 2166 mihi
243 2148 333 2167 nomen
346 2145 425 2167 tuum.
439 2139 471 2167 Et
485 2140 549 2167 dixit
566 2147 575 2166 :
587 2139 639 2167 Cur
652 2140 743 2175 quani:
753 2148 844 2167 nomen
857 2139 960 2167 meum?

166 2186 202 2213 Et
216 2186 341 2213 benedixit
353 2194 421 2213 eum.
437 2185 508 2213 Intra
520 2191 579 2214 tuos
591 2186 699 2220 limites,
717 2187 814 2221 inquit,
831 2193 918 2218 mane,
933 2190 960 2214 ct

166 2240 201 2259 ne
217 2232 419 2268 transgrediaris
441 2239 592 2260 mensuram
612 2238 695 2259 tuam.
712 2232 758 2260 Vis
775 2239 860 2260 meum
877 2233 959 2260 bene-

165 2278 311 2305 dictionem
325 2278 464 2306 obtinere?
480 2278 549 2306 Ecce
561 2286 621 2306 eam
636 2278 683 2305 tibi
693 2277 737 2305 do.
754 2277 821 2306 Dicit
832 2278 914 2311 enim,
927 2277 959 2304 Et

164 2324 294 2351 benedixit
314 2332 381 2351 eum.
401 2324 447 2352 50.
470 2323 503 2351 Et
522 2324 629 2356 vocavit,
646 2323 750 2358 inquit,
768 2323 849 2350 Jaeob
870 2331 960 2350 nomen

167 2370 217 2397 loci
231 2370 314 2403 illius,
327 2369 444 2405 Speciem
463 2369 519 2396 Dei.
543 2369 599 2396 Vidi
617 2369 683 2396 enim
701 2367 783 2395 Deum
797 2369 862 2403 facie
873 2368 908 2395 ad
920 2368 961 2403 ft:-

166 2415 247 2446 riem,
256 2419 279 2440 et
293 2414 365 2441 salva
377 2416 447 2450 facta
461 2419 497 2441 est
510 2414 596 2441 anima
611 2422 676 2441 mea.
695 2413 775 2441 Vides
788 2419 915 2449 quantum
935 2414 959 2442 ei

166 2461 272 2488 ﬁducia:
285 2469 299 2487 a
320 2460 422 2488 visione
441 2461 476 2488 sit
493 2461 625 2488 inditum?
641 2460 720 2488 Salva
742 2461 811 2495 facta
825 2465 860 2487 est
875 2460 961 2487 anima

199 2525 209 2541 ι
226 2525 335 2556 Quinque
346 2528 411 2554 Mss"
423 2524 540 2550 neminem
551 2524 653 2556 amplius
662 2524 729 2550 time.

199 2556 237 2586 (α)
254 2555 390 2580 Ιιὶυ⁷εεινίθε
405 2562 434 2580 se
452 2555 724 2581 intrieatam'exhibere
746 2555 829 2586 incipit
845 2561 851 2579 :
869 2561 924 2586 nam
940 2555 961 2579 si

166 2584 243 2621 ita'se
255 2586 353 2621 habeat,
364 2589 393 2621 ut
403 2587 428 2621 in
439 2586 512 2621 Editis
523 2590 549 2611 et
564 2587 590 2621 in
601 2586 765 2621 Manuscriptis
774 2584 961 2621 oin-nibuslegi-

167 2621 217 2646 tur,
229 2617 305 2641 Jaeoh
311 2618 367 2652 ipse
378 2618 404 2651 in
416 2616 478 2641 lucta
491 2618 567 2652 victus
577 2617 660 2652 fuerit,
673 2616 726 2648 ipse
740 2617 837 2652 dixerit
842 2623 850 2652 ε
866 2616 961 2652 pirnt'tte

167 2654 216 2676 me,
228 2647 336 2672 ascendit
345 2647 408 2672 enim
418 2654 516 2673 aurora.
540 2651 567 2673 Et
584 2651 665 2673 tamen
681 2647 730 2672 non
745 2647 815 2672 modo
830 2647 962 2671 Hebraicus

167 2683 262 2710 textus,
278 2685 412 2710 omnesque
427 2682 576 2710 tnterpretes
591 2678 645 2710 haec
653 2678 728 2703 verba
739 2678 892 2710 dicuntresse
903 2677 962 2710 ejus

165 2710 209 2740 qui
222 2709 357 2742 luctabatur
369 2708 424 2742 cum
435 2716 479 2740 eo;
492 2708 539 2742 sed
548 2716 602 2742 nise
623 2709 807 2742 Chrysostqmus
822 2709 882 2733 inira
894 2708 961 2742 dicit,

284 2739 358 2771 igitur
364 2740 446 2770 justus
459 2738 647 2771 magnitudinem
670 2738 763 2771 in‘rtutis
784 2739 837 2770 cjus
858 2745 899 2771 qm
917 2738 963 2763 sibi

166 2770 220 2795 lucc
233 2769 339 2795 dixerat.
349 2769 508 2800 Quamobrem
519 2771 707 2802 rideturﬁscries
721 2769 869 2802 aliquantqu
880 2770 963 2794 vitiata

167 2808 235 2825 esse.
249 2805 304 2837 utut
315 2805 363 2830 est,
375 2805 478 2833 textum,
495 2800 562 2827 nullo
584 2801 732 2833 suffragante
750 2800 844 2832 Codice,
867 2804 962 2825 mutare

172 2839 220 2857 noli
229 2837 281 2857 aust
291 2838 383 2857 sumus.

695 111 726 139 IN
742 112 816 140 CAP.
839 112 943 140 XXXII.
962 111 1082 141 CENES‘.
1103 113 1217 140 munt.
1239 113 1327 142 LVI".

1770 119 1822 147 510

1027 177 1100 204 mea,
1127 179 1185 206 qua:
1210 177 1267 199 erat
1293 174 1483 208 propemodum
1509 181 1612 203 mortua
1633 184 1690 212 pra‘,
1713 178 1817 206 timore.

1026 214 1156 248 Quoniam
1177 217 1266 244 videre
1282 218 1346 245 mihi
1366 218 1457 246 datum
1478 225 1519 248 est
1541 221 1623 248 Deum
1646 223 1712 250 lacie
1731 223 1764 251 ad
1781 224 1820 250 l'a-

1024 261 1104 291 eietn,
1121 261 1199 288 Salva
1210 262 1279 297 facta
1293 267 1329 290 est
1343 265 1431 291 animo
1444 273 1508 294 mea.
1525 267 1570 293 51.
1595 266 1672 294 Ortus
1685 273 1721 295 est
1737 273 1819 296 autem

1024 305 1046 331 ei
1060 305 1108 335 sol.
1123 307 1223 339 quando
1234 308 1354 342 prwteriit
1367 309 1430 336 visio
1444 309 1500 336 Dei.
1516 310 1609 338 Vidisti
1625 313 1758 346 quomodo
1778 314 1818 341 in-

1024 349 1144 377 ﬁrmitati
1156 350 1278 379 humana:
1294 353 1422 380 Dominus
1444 362 1502 382 sese
1522 360 1713 391 attemperans,
1728 360 1816 386 omnia

1023 396 1077 430 agit
1091 400 1117 422 et
1131 401 1238 430 tractat,
1250 402 1278 425 ut
1292 405 1366 425 suam
1384 399 1572 434 benignitatem
1585 402 1719 430 declaret?
1737 404 1769 431 Et
1784 413 1817 431 ne

1023 440 1174 474 admireris,
1197 442 1303 475 dilecte,
1319 443 1390 478 quod
1411 449 1482 472 tanta
1502 445 1537 472 sit
1556 446 1726 481 indulgentia:
1745 449 1816 476 illius

1023 487 1175 521 magnitudo
1189 497 1194 514 :
1209 489 1255 515 sed
1269 490 1352 524 cogita
1366 490 1500 524 quomodo
1518 496 1545 519 ct
1565 493 1732 527 patriarchae,
1754 502 1815 522 cum

1022 532 1090 567 apud
1106 541 1232 568 quercum
1245 535 1363 569 sederet,
1376 535 1401 562 in
1417 535 1532 563 hominis
1546 537 1630 572 ligut'a-
1641 546 1699 565 cum
1712 540 1815 574 angelis

1021 577 1120 612 hospes
1132 579 1220 612 fuerit,
1236 580 1398 615 prxesignans
1419 582 1495 609 nobis
1510 582 1565 617 jam
1582 580 1765 611 multo'antea
1787 591 1814 612 et

1020 622 1054 649 ab
1067 623 1143 650 initio
1157 631 1187 651 se
1202 625 1343 652 humanam
1356 631 1477 653 naturam
1491 633 1675 663 suscepturum
1689 637 1749 657 esse
1759 649 1768 664 ,
1784 636 1812 657 ut

1020 668 1058 696 sic
1067 677 1173 697 omnem
1188 671 1329 698 humanam
1342 677 1463 700 naturam
1486 680 1501 700 a
1515 673 1612 701 diaboli
1627 676 1766 710 tyrannide
1782 677 1812 703 Ii-

1020 715 1136 749 bt-raret,
1152 722 1177 744 et
1192 717 1224 744 ad
1238 718 1351 745 salutem
1367 719 1516 747 reduceret.

1061 761 1158 789 Veritas
1180 763 1362 791 incarnationis
1385 765 1548 798 declaratur;
1570 766 1747 800 beneficiorum
1766 767 1811 794 Dei

1018 814 1180 836 ntonnmenta
1194 809 1220 836 in
1235 810 1417 846 Scriptura.——
1425 811 1523 838 Verum
1538 816 1599 838 tunc
1613 812 1730 847 quidem,
1744 821 1811 848 quu-

1019 852 1089 880 niam
1104 853 1177 881 initia
1192 861 1218 881 et
1233 856 1362 890 principia
1376 861 1461 889 erant,
1480 858 1510 884 in-
1519 857 1601 892 ﬁgura
1616 858 1759 893 unicuique
1776 859 1809 886 il-

1018 898 1103 925 lorum
1117 900 1272 934 apparebat,
1285 901 1355 928 sicut
1371 901 1428 936 ipse
1445 910 1491 937 per
1503 903 1584 929 alium
1599 903 1754 938 propin-tam
1770 905 1810 931 di-

1016 944 1052 970 cit
1067 951 1074 971 :
1089 944 1145 980 Ego
1160 945 1267 973 uisimus
1280 947 1456 982 multiplicari,
1467 952 1488 974 et
1502 949 1528 974 in
1541 949 1656 976 manibus
1671 951 1806 985 prop/Ieta-

1015 998 1072 1016 runt
1084 991 1239 1018 assimilatas
1259 1001 1314 1019 sum
1333 992 1409 1027 (Osce
1433 994 1476 1020 12.
1495 993 1540 1029 10)
1563 1003 1569 1020 :
1593 995 1699 1030 quando
1719 1001 1808 1024 autem

1014 1035 1138 1071 dignatus
1151 1041 1193 1065 est
1206 1038 1333 1066 Dominus
1345 1039 1487 1067 humanam
1500 1038 1613 1068 fortnam
1625 1042 1770 1077 suscipere,
1782 1048 1810 1071 et

1016 1083 1144 1116 primitias
1159 1089 1263 1111 nostras
1277 1085 1406 1119 recipere,
1423 1093 1474 1112 non
1490 1086 1516 1112 in
1532 1086 1613 1121 ﬁgura
1630 1095 1715 1122 neque
1727 1095 1810 1122 appa.

1014 1131 1120 1155 rentem
1133 1132 1235 1156 tantum
1250 1136 1369 1162 (struem,
1385 1131 1432 1157 sed
1446 1138 1538 1158 veram
1553 1131 1648 1159 induit.
1666 1132 1700 1160 Et
1710 1141 1809 1168 capru-

1014 1177 1072 1206 pter
1093 1174 1176 1201 voluit
1199 1181 1246 1208 pcr
1266 1175 1356 1201 omnia
1378 1181 1468 1202 nostra
1491 1177 1621 1210 transire,
1643 1185 1674 1205 ex
1698 1178 1810 1206 muliere

1014 1219 1097 1252 nasci,
1113 1219 1200 1247 infans
1215 1220 1283 1252 ﬁeri,
1304 1221 1454 1255 panniculis
1475 1221 1584 1255 involvi,
1598 1227 1625 1249 et
1643 1222 1709 1250 lacte
1725 1223 1807 1257 pasci,

1012 1264 1122 1300 aliaque
1140 1266 1228 1293 omnia
1250 1266 1334 1300 ferre,
1349 1271 1378 1294 ut
1398 1267 1605 1301 dispensationis
1627 1267 1725 1296 veritas
1745 1276 1806 1296 cre—

1012 1309 1120 1338 dibilior
1147 1316 1236 1344 esset,
1263 1317 1291 1339 et
1314 1312 1501 1339 lnrretieorum
1531 1320 1577 1339 ora
1608 1313 1805 1340 obturarcntur.

1014 1356 1155 1390 Propterea
1184 1361 1211 1384 et
1238 1357 1338 1385 dormit
1365 1357 1392 1385 in
1422 1357 1502 1390 navi,
1537 1362 1565 1385 et
1593 1358 1644 1385 iter
1672 1358 1750 1390 facit,
1779 1363 1807 1386 et

1012 1402 1152 1438 fatigatur,
1177 1407 1204 1430 et
1228 1403 1316 1430 omnia
1340 1403 1455 1430 humana
1481 1403 1612 1436 sustinet,
1637 1408 1665 1430 ut
1688 1411 1736 1438 per
1761 1411 1805 1432 res

1012 1448 1084 1484 ipsas
1118 1447 1251 1483 certisque
1279 1449 1444 1483 argumentis
1479 1448 1636 1482 persuadeat
1671 1448 1804 1476 omnibus.

1011 1493 1124 1529 Propter
1139 1494 1190 1522 hoc
1212 1494 1293 1522 etiam
1314 1494 1438 1522 tribunali
1461 1494 1561 1527 adstat,
1582 1498 1611 1522 et
1632 1494 1804 1530 cruciﬁgitur,

1011 1543 1176 1574 mortemque
1191 1540 1305 1567 sustinet
1320 1540 1610 1574 iguominiosissimam,
1626 1544 1653 1567 rt
1673 1541 1699 1566 in
1717 1540 1806 1575 sepul-

1010 1592 1057 1612 cro
1072 1585 1188 1619 ponitur,
1206 1590 1235 1612 ut
1253 1593 1300 1613 sua
1323 1586 1470 1613 inearnatio
1486 1593 1533 1621 per
1544 1586 1634 1613 omnia
1654 1586 1700 1613 ﬁat
1721 1587 1807 1613 mani-

1010 1631 1089 1659 festa.
1105 1631 1169 1659 Nam
1183 1632 1206 1659 si
1221 1639 1274 1660 non
1291 1639 1354 1660 vere
1374 1639 1483 1659 uirilem
1501 1637 1621 1659 nostram
1640 1632 1782 1666 assumpsit
1797 1641 1804 1659 :

1011 1685 1097 1713 neque
1109 1677 1253 1705 cruciﬁxus
1265 1681 1316 1710 est,
1333 1685 1420 1712 neque
1431 1682 1563 1710 mortuus,
1575 1684 1661 1712 neque
1675 1677 1805 1711 sepultus,

1011 1731 1096 1758 neque
1117 1724 1272 1751 resurrexit.
1294 1723 1370 1757 Quod
1385 1723 1408 1750 si
1421 1730 1474 1750 non
1488 1721 1648 1755 resurrexit,
1671 1722 1760 1750 omnis
1772 1723 1807 1749 de

1011 1768 1194 1796 incarnatione
1209 1776 1300 1796 sermo
1311 1769 1456 1796 subversus
1470 1772 1523 1796 est.
1541 1767 1620 1795 Vides
1636 1768 1661 1794 in
1676 1773 1803 1803 quantum

1011 1813 1204 1840 absurditatem
1216 1813 1337 1841 incidunt
1350 1814 1395 1848 qui
1408 1812 1505 1840 divina:
1519 1812 1664 1848 Scriptura:
1674 1820 1808 1840 cntionem

1010 1858 1086 1893 Sequi
1114 1858 1226 1891 nolunt,
1253 1858 1300 1885 sed
1327 1858 1383 1885 suis
1413 1858 1620 1892 cogitationibus
1650 1857 1808 1892 permittunt

1010 1902 1120 1930 omnia?
1142 1903 1239 1930 Verum
1263 1903 1331 1931 sicut
1353 1903 1397 1930 hic
1421 1903 1559 1938 perspicua
1574 1907 1616 1930 est
1638 1903 1747 1935 veritas,
1770 1903 1805 1929 ita

1010 1948 1080 1983 apud
1096 1948 1198 1982 justum
1214 1948 1290 1975 illum
1315 1948 1399 1984 ﬁgura
1420 1948 1542 1983 quaedam
1564 1952 1631 1979 erat,
1658 1955 1705 1982 per
1724 1955 1809 1982 quani-

1009 1994 1100 2029 justus
1116 1995 1205 2022 multis
1219 1995 1384 2030 argumentis
1397 1995 1498 2022 certior
1518 1993 1604 2025 ﬁeret,
1621 1999 1746 2029 quantam
1763 1994 1805 2020 sai

1010 2048 1101 2068 curam
1117 2041 1186 2068 Deus
1207 2041 1329 2075 haberet,
1353 2046 1380 2068 et
1405 2041 1532 2068 invictum
1556 2048 1586 2068 se
1609 2041 1725 2067 futurum
1745 2047 1809 2068 eest.-

1010 2086 1135 2114 omnibus
1149 2087 1193 2122 qui
1209 2087 1259 2114 sibi
1275 2087 1474 2114 insidit-rentur.
1491 2086 1600 2118 Deinde,
1615 2091 1641 2113 ut
1657 2087 1806 2121 posteritati

1011 2136 1073 2158 uota
1088 2132 1163 2159 ﬁeret
1175 2132 1233 2167 ejus
1249 2131 1326 2165 visio,
1343 2131 1513 2164 Claudicavit,
1528 2132 1623 2166 inquit,
1639 2132 1735 2165 [emere
1743 2139 1806 2158 suo.

1012 2177 1056 2205 32.
1076 2177 1186 2213 Propter
1199 2177 1246 2205 hoc
1260 2186 1310 2205 non
1323 2178 1456 2205 comedunt
1477 2177 1525 2212 [itii
1545 2177 1628 2204 Israel
1644 2185 1746 2204 uerrunt
1761 2178 1803 2212 qui

1011 2224 1143 2258 emarcuit,
1159 2225 1203 2260 qui
1223 2230 1259 2252 est
1279 2233 1355 2260 super
1377 2223 1535 2251 latitudinem
1549 2221 1662 2259 femoris,
1683 2231 1761 2258 usque
1780 2223 1810 2250 in

1011 2271 1078 2298 hunc
1092 2271 1158 2297 diem
1171 2278 1182 2297 :
1197 2270 1256 2305 quia
1270 2270 1353 2305 attigit
1373 2277 1476 2296 nervum
1498 2276 1574 2304 super
1589 2268 1749 2294 latitudinem
1767 2270 1808 2303 [es

1011 2317 1088 2344 moris
1097 2315 1188 2350 .Iarab,
1202 2321 1225 2343 et
1236 2316 1368 2344 emarcuit.
1382 2315 1514 2350 Quoniam
1527 2314 1599 2342 enitn
1614 2314 1702 2348 justus
1714 2313 1808 2348 imp!e~

1012 2364 1045 2391 tis
1058 2364 1119 2390 vita:
1139 2371 1195 2390 suae
1214 2363 1302 2396 annis,
1326 2362 1503 2398 emigraturus
1519 2365 1577 2388 erat
1597 2368 1631 2387 ex
1650 2359 1700 2387 hac
1719 2359 1776 2387 vita
1797 2368 1804 2386 :

1012 2409 1152 2445 oportebat
1164 2414 1252 2437 autem
1267 2408 1461 2444 providentiam
1476 2407 1521 2434 Dei
1543 2407 1570 2433 in
1586 2405 1670 2438 illum,
1691 2409 1718 2432 et
1740 2409 1805 2432 t‘an-

1013 2461 1065 2483 tam
1080 2456 1126 2483 Dei
1140 2455 1388 2490 attemperationem
1408 2454 1479 2482 omni
1497 2452 1632 2479 hominum
1646 2450 1738 2486 generi
1752 2450 1806 2478 de-

1012 2502 1107 2529 eiurari
1122 2510 1128 2528 :
1145 2500 1222 2534 Ideo,
1235 2501 1329 2535 inquit,
1350 2508 1401 2527 non
1420 2499 1553 2526 comedunt
1576 2497 1624 2532 ﬁlii
1645 2496 1730 2524 Israel
1746 2504 1806 2523 ner-

1012 2557 1070 2576 vum
1091 2547 1233 2575 latitudinis
1251 2547 1365 2582 femoris,
1386 2546 1428 2581 qui
1450 2544 1582 2572 emarcuit.
1606 2543 1699 2571 Sciens
1713 2550 1810 2570 eumn)

1013 2594 1155 2621 admodum
1170 2593 1298 2628 ingraqu
1315 2596 1442 2624 mentem,
1462 2595 1490 2618 et
1511 2598 1590 2625 quam
1612 2589 1691 2617 facile
1709 2589 1806 2616 oblivi-

1013 2644 1120 2667 scantur
1130 2639 1175 2666 Dei
1189 2638 1326 2670 beneﬁcia,
1340 2641 1467 2672 perpetuo
1477 2635 1579 2663 artibus
1593 2634 1751 2670 quibusdam
1765 2633 1805 2661 cf:-

1014 2687 1069 2714 ﬁcit
1089 2691 1114 2713 ut
1129 2691 1299 2713 monumenta
1319 2683 1433 2711 habeant
1454 2690 1548 2710 eorum
1570 2689 1630 2716 qua:
1649 2688 1664 2706 a
1686 2688 1714 2707 se
1738 2679 1806 2706 facta

1015 2737 1086 2766 sunt,
1104 2730 1278 2767 providctque
1291 2736 1319 2757 ut
1338 2730 1381 2757 illa
1402 2729 1564 2756 monimenta
1586 2734 1634 2762 per
1655 2725 1812 2760 huiusmodi

1015 2779 1215 2806 observationes
1227 2776 1428 2807 custodiantur;
1443 2773 1467 2801 id
1487 2773 1560 2809 quod
1582 2780 1628 2807 per
1643 2770 1812 2805 Scriptura");

1017 2829 1099 2852 totam
1109 2824 1240 2851 invenies.
1254 2822 1316 2851 Haec
1328 2821 1398 2849 cnim
1412 2820 1530 2848 maxima
1543 2821 1672 2847 causaest
1681 2815 1811 2851 plurimar
