2046 3126
252 127 301 155 5η

253 192 311 212 rum
326 183 555 216 observationem,
569 181 639 216 quod
654 180 718 208 velit
737 183 864 215 perpetuo
881 180 981 206 futuras
993 185 1039 212 ge-

252 230 404 258 nerationes
424 228 546 256 meditari
569 226 698 254 benellcia
721 226 778 259 Dei,
798 229 826 252 et
845 232 897 252 non
915 223 1047 252 oblivione

253 283 378 310 umquam
391 274 564 301 obliterantcs
576 272 611 300 ad
623 279 687 299 suos
701 278 808 299 errores
821 276 961 298 recurrere
979 277 986 296 :
1002 267 1047 304 qui

253 329 312 350 mos
327 321 375 349 fuit
387 320 539 348 Judzeorum
553 319 668 347 maxime
676 318 750 354 genti
762 317 912 352 peculiaris.
925 315 991 344 Nam
1002 316 1048 351 qui

252 367 288 396 de
300 366 437 395 beneﬁciis
447 373 519 401 saepe
532 373 663 393 summam
678 372 732 399 pra:
745 371 775 390 se
789 363 906 390 tulerunt
918 362 1048 397 ingratam

252 415 436 446 voluntatem,
461 412 544 440 multo
563 411 659 445 magis,
682 410 733 437 nisi
747 409 798 437 hoc
818 408 912 436 fuisset
937 408 1046 440 factum],

253 459 343 487 omnia
356 466 417 494 qua
435 466 452 486 a
472 458 527 485 Deo
550 457 576 484 in
597 457 670 492 ipsos
685 455 752 483 facta
774 459 846 486 sunt,
864 461 880 482 e
896 457 985 481 mente
1001 461 1050 481 sua

253 504 424 540 ahjecissent.
442 503 576 531 Cancrum
596 502 733 529 videamus
752 507 824 528 nunc
842 499 978 535 quomodo
994 498 1048 526 fra-

255 552 289 579 tri
307 559 355 578 suo
365 549 482 578 Jacobus
493 548 650 577 occurrerit.
664 548 807 582 Postquam
816 546 889 574 enim
903 553 935 572 es
947 545 980 572 iis
989 552 1050 579 quae

255 598 322 625 facta
336 601 408 628 sunt,
423 595 547 623 idoneam
558 594 662 630 accepit
672 593 882 621 consolationem
894 597 921 620 et
935 591 1048 626 promis-

255 647 358 670 sionem
376 641 448 677 quod
472 641 548 669 fortis
569 640 673 668 futurus
695 643 779 673 esset,
803 642 833 666 et
853 643 948 673 potens
966 637 1049 665 etiam

255 693 348 715 contra
362 687 493 719 homines,
510 686 537 714 l.
553 685 665 712 Elevatis
678 684 759 712 oculis
773 683 846 717 vidit,
868 688 891 710 et
905 690 962 710 ecce
978 681 1050 709 Esau

255 736 335 770 frater
349 733 414 768 ejus,
428 737 452 759 et
463 731 641 767 quadringenti
650 731 697 757 viri
709 738 768 757 cum
786 737 826 757 eo.
844 729 876 756 Et
899 728 982 755 diuisit
1002 727 1050 755 Ja-

255 780 301 807 cob
314 787 404 814 pueros
417 778 451 804 ad
464 777 537 804 Liam
548 782 571 804 et
585 776 692 810 Rachel,
707 781 730 803 et
751 776 816 802 duas
832 775 949 802 ancillas.
966 773 995 801 2.
1017 773 1051 801 Et

258 826 341 860 posuit
356 825 420 851 duas
440 824 546 851 ancillas
566 827 591 850 et
605 831 697 857 pueros
721 830 810 849 earum
828 822 854 849 in
875 820 1010 856 principia,
1028 825 1051 848 et

257 871 331 898 Lirim
343 876 366 898 et
379 878 470 905 pueros
483 871 537 906 ejus
551 874 637 905 postea
647 889 655 901 .
676 873 701 896 et
723 868 820 896 Rachel
843 876 873 894 ac
890 867 986 903 Josepli
1006 875 1053 902 po-

258 917 409 945 stremos.5.
429 916 442 944 l
446 925 489 951 pse
501 921 586 944 autent
604 916 730 952 praecessit
746 920 805 942 ante
828 923 870 942 eos
890 919 915 942 et
937 914 1052 941 adorauit

257 971 334 998 super
352 969 445 990 terram
464 963 565 997 septies,
580 962 660 989 donec
672 961 883 997 appropinquavit
899 960 932 986 ad
947 959 1052 994 fratrem

256 1019 330 1038 suum
342 1009 420 1046 (Cap.
433 1010 497 1046 9:8).
513 1009 580 1037 Vide
593 1009 727 1044 quomodo
742 1008 874 1036 divisione
894 1007 961 1035 facta
971 1027 978 1040 ,
995 1007 1052 1043 ipse

257 1064 312 1091 pra:
325 1056 452 1084 omnibus
468 1055 593 1083 occurrit.
610 1054 644 1082 Et
663 1054 778 1081 adoravit
794 1061 870 1089 super
888 1058 990 1086 terram,
1011 1053 1052 1079 in-

256 1102 323 1137 quit,
338 1102 438 1137 septies,
455 1101 534 1128 donec
549 1101 764 1136 appropinquavit
781 1099 816 1126 ad
836 1101 940 1135 fratrem
953 1107 1027 1126 suum
1044 1106 1053 1125 :

258 1155 306 1182 per
322 1152 424 1183 gestus,
439 1151 468 1175 et
480 1154 528 1182 per
540 1147 725 1174 adorationem
739 1145 850 1173 fratrem
866 1146 892 1172 in
914 1146 954 1173 sui
969 1145 1052 1173 bene-

256 1193 401 1220 volentiam
418 1200 565 1227 provocans
578 1201 584 1218 :
601 1192 626 1219 id
640 1191 710 1226 quod
723 1196 751 1219 et
763 1191 860 1218 factum
874 1195 925 1218 est.
942 1191 968 1218 ι.
984 1189 1054 1217 Nam

259 1239 331 1266 Esau
343 1246 486 1270 occurrens,
500 1237 594 1272 inquit,
610 1237 770 1272 amplexatus
783 1242 820 1264 est
834 1245 900 1269 eum,
914 1241 937 1263 et
952 1237 1052 1264 oscula-

259 1291 299 1312 tus
312 1289 358 1316 est,
372 1283 526 1318 prociditque
544 1284 571 1310 in
585 1283 679 1310 collum
693 1283 748 1318 ejus
763 1291 772 1309 :
792 1288 816 1309 et
830 1282 926 1317 ﬂebant
939 1287 1051 1317 uterque.

295 1330 323 1357 4.
346 1329 410 1356 Vide
424 1329 650 1364 dispensationem
667 1329 714 1356 Dei
729 1337 737 1355 :
751 1328 822 1364 quod
845 1328 916 1356 enim
936 1328 994 1356 heri
1014 1329 1055 1355 di-

258 1377 363 1409 cebam,
373 1376 398 1403 id
409 1376 555 1403 etiamnum
568 1375 665 1403 dicam.
679 1375 790 1410 Quando
803 1375 858 1402 vult
868 1375 987 1402 omnium
1001 1375 1053 1402 Do-

259 1424 348 1450 minus
369 1429 444 1450 suam
465 1429 527 1457 erga
551 1429 601 1449 nos
624 1422 762 1450 declarare
785 1422 989 1458 providentiam,
1008 1429 1055 1450 eos

260 1469 340 1496 etiam
353 1469 399 1504 qui
414 1469 496 1496 atroci
511 1468 536 1495 in
561 1475 610 1496 nos
623 1468 713 1495 animo
726 1472 798 1501 sunt,
821 1468 915 1495 ovibus
931 1475 1055 1495 mansuc-

261 1514 343 1542 tiores
364 1514 437 1541 facit.
461 1514 606 1542 Considera
628 1514 708 1549 igitur
729 1518 855 1549 quantam
880 1514 1055 1542 mutationem

260 1561 379 1588 declarat
402 1560 483 1587 Esau.
506 1560 623 1587 Accurrit
646 1560 729 1593 enim,
752 1560 845 1595 inquit,
871 1560 898 1587 in
924 1568 1055 1587 occursum

260 1607 326 1642 ejus,
349 1610 373 1633 et
397 1606 556 1641 amplexatus
579 1614 636 1633 eum
661 1606 789 1632 osculatus
809 1610 863 1638 est;
887 1611 910 1632 et
934 1606 1056 1640 ﬂeuerunt

260 1653 343 1680 auibo.
357 1653 406 1681 Vis
421 1652 526 1679 tandem
539 1652 627 1686 jttsms
637 1652 779 1687 respiravit
789 1656 816 1679 et
830 1652 952 1680 timorem
964 1660 1057 1680 excus-

261 1699 304 1729 sit,
321 1698 467 1725 animosior
483 1698 577 1724 factus.
594 1698 620 1725 5.
635 1697 746 1724 Elwatis
759 1702 843 1724 autent
856 1699 944 1731 oculis,
960 1698 1054 1734 inquit,

261 1744 332 1772 Esau
345 1744 406 1771 uidit
426 1744 542 1770 mulieres
556 1748 579 1771 et
598 1751 698 1779 pueros,
714 1749 737 1770 et
759 1743 834 1778 dixit,
851 1744 920 1777 Quid
942 1745 995 1771 lucc
1013 1745 1057 1772 tibi

261 1791 338 1818 sunt?
350 1790 448 1818 Videns
460 1790 531 1817 enim
547 1789 636 1817 fratris
650 1789 801 1823 facultates,
815 1790 841 1816 in
854 1790 1055 1818 admirationem

261 1837 391 1865 adductus
401 1841 452 1870 est,
465 1836 525 1864 ideo
535 1841 562 1864 et
575 1843 669 1871 rogare
678 1836 771 1863 voluit.
782 1836 850 1870 Quid
862 1837 941 1871 igitur
948 1837 1056 1871 justus?

264 1883 336 1916 Filii,
352 1883 446 1918 inquit,
461 1887 529 1915 sunt,
543 1881 632 1918 quibus
656 1881 850 1908 misericorditer
864 1881 966 1908 donavit
988 1882 1057 1909 Deus

261 1938 360 1957 servum
374 1934 454 1956 tuum.
471 1927 538 1956 Vide
550 1932 679 1963 quantum
690 1926 903 1955 mansuetudinis
913 1927 995 1954 robur
1009 1936 1015 1954 :
1030 1931 1057 1954 ct

263 1974 397 2009 quomodo
412 1982 460 2009 per
473 1974 614 2002 verborum
629 1973 776 2001 modestam
791 1972 966 2000 humilitatem
987 1972 1056 2000 illius

264 2020 473 2057 indignationem
487 2020 567 2056 fregit
579 2024 606 2048 et
618 2019 758 2056 mitigavit.
773 2019 800 2046 ϐ.
818 2019 852 2046 Et
866 2019 1058 2055 appropinqua-

264 2071 364 2100 t-crunt,
378 2066 474 2102 inquit,
485 2066 586 2093 ancilla
597 2071 621 2093 et
633 2066 692 2100 ﬁlii.
706 2066 733 2093 7.
748 2065 782 2092 Et
795 2065 964 2093 adoraverunt
975 2065 1022 2092 Lia
1032 2071 1057 2092 et

263 2112 369 2139 Rachel.
392 2111 426 2139 Et
440 2113 502 2139 dixit
521 2119 530 2139 :
547 2112 573 2139 8.
598 2111 667 2144 Quid
682 2112 735 2139 hec
754 2111 797 2139 tibi
814 2116 883 2145 sunt,
906 2111 992 2138 omnia
1010 2119 1056 2138 ca-

262 2164 314 2185 stra
325 2157 371 2185 illa
384 2165 440 2193 quis
455 2157 516 2184 mihi
528 2157 627 2184 obviam
639 2157 779 2184 venerunt?
791 2156 842 2184 Ille
863 2161 948 2184 autent
960 2157 1025 2184 dixit
1047 2164 1058 2184 :

264 2203 299 2231 Ut
311 2203 419 2230 inueniat
433 2212 517 2230 servus
531 2208 589 2230 tuus
602 2204 710 2238 gratiam
723 2211 808 2230 coram
823 2208 855 2230 te.

300 2247 452 2276 Humilitate
462 2249 537 2275 t'incit
551 2250 656 2283 fratrem
665 2248 756 2275 Iacob.
766 2263 801 2268 —
808 2247 965 2282 Considera,
976 2249 1057 2277 obsc~

262 2301 320 2328 cro,
336 2294 469 2329 quomodo
489 2293 638 2320 humilitate
660 2293 760 2327 ingenti
775 2292 884 2320 fratrem
897 2293 1026 2322 devicerit
1048 2303 1054 2321 :

263 2345 290 2367 et
301 2347 379 2375 qttem
397 2338 506 2374 putabat
518 2338 586 2365 allici
600 2345 662 2372 erga
682 2345 712 2365 se
725 2337 858 2365 hostiliter
870 2342 898 2366 et
919 2339 1055 2372 atrociter,

263 2385 301 2412 ita
315 2384 447 2411 invenerit
469 2387 635 2410 mansuetum
652 2386 681 2409 ut
700 2382 813 2410 voluerit
834 2382 860 2409 in
881 2383 1056 2412 ministerium

263 2430 323 2464 ejus
337 2437 417 2457 omne
438 2428 557 2456 officium
576 2436 653 2457 suum
673 2429 820 2456 declarare.
841 2429 867 2457 9.
883 2429 956 2457 Dixit
972 2430 1055 2463 enim,

263 2475 358 2510 inquit,
374 2479 432 2501 sunt
452 2474 515 2501 milii
534 2474 623 2506 multa,
638 2475 727 2509 frater,
747 2475 797 2502 sint
815 2475 858 2502 tibi
881 2480 934 2502 tua.
959 2475 1056 2503 Verum

264 2528 351 2556 neque
365 2521 416 2548 hoc
431 2521 550 2554 permisit
563 2520 660 2554 Jacob,
675 2521 723 2549 sed
743 2526 894 2549 tnoustrans
909 2522 1000 2557 quanti
1015 2522 1056 2549 fa-

263 2569 317 2596 ciat
326 2568 385 2602 ejus
393 2568 546 2602 amicitiam,
556 2568 650 2603 inquit.
664 2568 707 2596 l0.
721 2568 753 2596 Si
761 2569 843 2596 inveni
853 2569 961 2604 gratiam
971 2577 1056 2596 coram

263 2620 297 2647 te,
313 2614 399 2649 accipe
408 2614 474 2641 dona
484 2614 515 2641 de
526 2614 640 2642 manibus
652 2615 724 2643 meis.
738 2615 808 2642 Nam
823 2620 925 2649 propter
936 2615 983 2642 hoc
992 2615 1057 2643 vidc-

264 2660 321 2686 bam
339 2660 429 2695 faciem
443 2666 510 2687 luant
521 2682 528 2694 ,
540 2661 612 2696 quasi
622 2662 713 2697 aliquis
726 2662 808 2688 videat
821 2662 915 2688 cultum
929 2661 986 2688 Dei.
1006 2663 1057 2690 Ac-

264 2706 339 2741 cipe,
355 2706 458 2741 inquit,
474 2706 544 2734 dona
564 2715 623 2742 qua:
643 2715 657 2734 a
681 2715 724 2734 me
741 2707 788 2734 tibi
807 2707 964 2734 offeruntur.
990 2708 1055 2735 Cum

263 2755 334 2778 tanta
349 2752 419 2778 enim
432 2751 595 2786 jucunditate
608 2753 661 2780 vidi
676 2752 768 2780 faciem
785 2757 868 2786 tuam,
884 2760 944 2780 cum
958 2758 1055 2789 quanta

264 2797 323 2832 quis
338 2797 434 2824 viderit
450 2797 495 2825 Dei
511 2797 616 2826 facient.
642 2799 698 2826 [loc
721 2799 808 2834 magni
830 2799 949 2834 obsequii
972 2800 1055 2834 gratia

263 2842 362 2871 dictum
377 2847 418 2871 est
431 2850 447 2870 a
459 2842 540 2878 justo,
558 2849 587 2872 ut
600 2851 661 2872 eum
674 2844 848 2879 demulceret,
863 2849 889 2873 et
907 2844 941 2872 ad
961 2844 1056 2873 frater-

1858 64 1871 78 ι

626 123 654 151 S.
674 121 814 150 JOANNlS
833 117 1071 148 CllﬂYSOSTOHi
1090 117 1248 146 ARClllEP.
1268 117 1534 146 CONbTANTlNOP.
1841 115 1894 144 itii".

1101 183 1160 202 nam
1173 175 1387 203 benevolentiam
1403 174 1522 202 duceret.
1539 173 1571 201 Et
1585 173 1766 208 buneplucitum
1778 174 1839 200 mihi
1853 177 1891 208 {a-

1099 222 1160 255 cics,
1172 221 1222 249 hoc
1228 225 1391 256 est,gratum
1404 221 1469 248 mihi
1481 221 1571 248 facies.
1581 221 1624 248 ti.
1636 220 1727 254 Accipe
1735 220 1811 256 igitur
1826 220 1897 248 bene-

1100 268 1222 294 dictiones
1242 275 1304 302 quas
1321 267 1396 294 attuli
1412 267 1475 299 tibi,
1489 267 1548 301 quia
1562 266 1678 293 misertus
1694 271 1728 293 cst
1743 266 1792 293 inci
1806 266 1873 293 Deus
1882 285 1893 299 ,

1100 319 1123 339 et
1134 318 1193 340 sunt
1202 313 1264 340 milii
1273 313 1368 340 onmia.
1381 312 1420 340 Nc
1430 312 1573 346 detrectes,
1585 311 1680 347 inquit,
1691 312 1822 346 accipere.
1834 312 1892 340 llaec

1100 360 1171 386 enim
1185 358 1273 386 omnia
1285 366 1300 385 a
1317 359 1370 386 Deo
1382 358 1445 385 mihi
1456 357 1553 385 donata
1568 362 1640 391 sunt,
1657 362 1684 385 et
1701 358 1743 384 hic
1763 356 1828 384 mihi
1846 354 1905 385 ho-'

1100 412 1159 432 rum
1174 405 1294 432 omnium
1304 404 1486 440 suppeditatur
1497 403 1582 431 factus
1593 409 1644 432 est.
1658 404 1709 431 Per
1724 411 1783 439 quae
1794 404 1893 438 placide

1100 455 1130 478 ct
1143 451 1215 478 illuni
1226 450 1327 484 docuit,
1336 454 1435 486 quanta
1449 458 1511 485 erga
1522 458 1551 478 se
1567 450 1645 478 luerit
1656 448 1702 478 Dei
1718 450 1890 483 providentia.

1101 500 1128 524 ct
1140 497 1227 524 effecit
1243 501 1271 524 ut
1283 504 1405 532 magnam
1423 496 1473 524 sibi
1493 501 1668 524 reverentiam
1689 497 1837 523 exhiberet.
1862 495 1893 522 Et

1101 542 1180 578 coegit
1193 551 1260 574 eum,
1269 547 1291 569 et
1301 543 1407 578 accepit.
1423 541 1491 570 Vide
1506 550 1576 569 nunc
1586 542 1771 569 mutationem.
1793 541 1825 569 Et
1834 542 1894 568 dixit

1105 589 1184 622 Esau,
1199 589 1310 624 Profecti
1323 597 1408 616 eamus
1423 589 1449 616 in
1459 594 1551 616 rectam
1565 597 1575 616 :
1588 588 1644 616 Hoc
1655 593 1714 621 est,
1729 596 1800 615 nunc
1818 588 1894 615 simul

1102 635 1153 662 iter
1167 634 1306 662 faciamus.
1331 634 1378 662 Ille
1387 639 1476 662 autem
1491 638 1614 662 causatus
1627 634 1771 661 honestum
1782 640 1893 668 praetex-

1103 684 1157 707 tutn
1175 689 1181 706 ι
1197 679 1320 706 Dominus
1328 688 1408 714 meus,
1421 679 1514 715 inquit,
1530 680 1577 707 scit
1587 679 1654 714 quod
1665 679 1714 714 filii
1729 679 1776 706 mei
1788 679 1892 706 teucria

1103 733 1153 758 res,
1167 730 1190 752 et
1205 733 1271 758 oues,
1286 730 1309 751 et
1318 725 1389 752 boves
1401 727 1467 760 [Ith
1481 725 1529 752 sint
1545 725 1585 752 :si
1599 725 1676 761 igitur
1687 725 1755 759 sequi
1768 733 1796 751 en
1808 733 1894 760 cogant

1102 779 1152 797 uno
1166 770 1223 803 die,
1239 770 1385 797 morientur.
1399 770 1456 797 Non
1469 777 1576 805 possum
1589 791 1596 803 ,
1616 770 1710 805 inquit,
1726 770 1895 798 acet-.leratius

1103 817 1191 844 facere
1204 818 1263 849 iter,
1271 816 1318 844 sed
1325 824 1405 851 cogor
1416 817 1487 844 lente
1497 816 1691 851 etpedetcntitn
1700 816 1833 851 progredi,
1844 821 1895 842 tam

1104 867 1213 897 propter
1231 870 1327 897 pueros
1343 869 1422 897 quam
1444 867 1552 896 propter
1565 862 1692 896 pecudes,
1703 867 1731 888 ut
1741 869 1792 888 non
1806 861 1894 889 labore

1105 909 1217 943 plurimo
1225 908 1421 944 pereant.\’adc
1429 908 1516 943 igitur,
1527 908 1621 943 inquit,
1630 913 1657 935 tu
1667 912 1824 943 :egoautem
1835 916 1894 943 pan

1103 962 1168 982 cens
1183 955 1266 981 labori
1289 962 1431 989 puerorum
1446 959 1472 981 et
1488 954 1617 988 pecudum
1631 975 1638 988 ,
1651 954 1808 981 conveniam
1827 960 1852 981 te
1871 955 1896 981 in

1104 1000 1172 1028 Seir.
1185 1000 1285 1034 Quibus
1293 1001 1390 1028 auditis
1398 999 1479 1027 frater
1488 1000 1541 1028 :l5.
1552 1000 1582 1028 Si
1597 1000 1643 1034 vis,
1654 1000 1749 1036 inquit,
1759 1001 1896 1035 relinquam

1105 1047 1202 1082 aliquos
1213 1055 1325 1074 meorum
1338 1047 1407 1082 apud
1420 1053 1453 1075 te.
1467 1047 1591 1074 Faciebat
1599 1048 1649 1075 hoc
1658 1048 1684 1075 in
1695 1049 1799 1083 signum
1812 1050 1895 1083 ungui

1106 1093 1215 1120 honoris
1226 1099 1253 1121 ct
1266 1093 1358 1120 ofﬁcii.
1375 1093 1420 1121 llle
1433 1097 1520 1120 autent
1533 1094 1597 1120 nihil
1611 1094 1662 1121 tale
1672 1094 1785 1129 accepit.
1796 1094 1897 1121 Sufiieit

1105 1141 1176 1167 enirn
1191 1140 1267 1174 mihi,
1278 1140 1370 1175 inquit,
1382 1140 1451 1175 quod
1463 1148 1526 1168 vere
1538 1141 1625 1168 inveni
1639 1140 1750 1175 gratiam
1761 1149 1850 1168 coram
1862 1145 1896 1168 te.

1106 1186 1162 1214 lloe
1176 1194 1256 1213 unum
1269 1186 1332 1213 mihi
1345 1194 1417 1214 cura:
1431 1192 1498 1219 erat,
1515 1191 1544 1214 ut
1563 1187 1678 1214 amicum
1699 1191 1725 1215 te
1743 1188 1897 1214 invenirem.

1106 1232 1236 1265 Quoniam
1253 1233 1331 1268 igitur
1345 1232 1395 1260 hoc
1408 1237 1568 1268 asscquutus
1579 1240 1648 1265 sum,
1663 1241 1715 1260 non
1729 1233 1840 1260 alterius
1851 1240 1899 1260 cu-

1103 1279 1220 1315 juspiam
1243 1279 1360 1315 indigeo.
1376 1280 1420 1307 1⁸1.
1434 1279 1468 1306 Et
1488 1279 1625 1314 profectus,
1641 1280 1736 1314 iuqttit,
1749 1278 1830 1306 Iacob
1843 1280 1899 1315 fecit

1106 1327 1152 1354 sibi
1165 1327 1214 1361 ipsi
1228 1331 1251 1353 et
1261 1327 1382 1361 iumentis
1393 1326 1446 1354 suis
1456 1326 1620 1354 tabernacula
1633 1334 1642 1354 :
1656 1331 1789 1362 propterea
1807 1327 1899 1353 vocarit

1107 1374 1189 1401 locum
1205 1373 1277 1400 illuni
1292 1373 1477 1401 Tabernacula.

1142 1420 1169 1447 5.
1181 1419 1290 1446 Moralis
1300 1420 1431 1454 epilogus;
1451 1419 1565 1446 inimicos
1584 1419 1631 1446 sibi
1652 1418 1790 1446 conciliare
1809 1427 1900 1454 magna

1107 1466 1201 1498 virtus;
1224 1466 1389 1492 mansuetudo
1408 1471 1528 1501 quautam
1549 1465 1597 1492 vim
1616 1465 1716 1492 habeat.
1730 1480 1764 1486 —
1779 1465 1841 1492 lla‘c
1853 1473 1900 1492 au-

1106 1514 1208 1541 dientes
1221 1513 1356 1540 imitemur
1373 1512 1473 1547 justum
1493 1511 1579 1545 illum,
1598 1516 1625 1538 et
1643 1512 1765 1539 eamdem
1778 1511 1898 1539 exhibete

1107 1567 1166 1586 mus
1179 1558 1358 1586 humilitatem
1370 1558 1455 1585 animi
1467 1567 1473 1584 :
1488 1562 1515 1585 et
1527 1558 1549 1586 si
1564 1557 1607 1592 qui
1620 1562 1683 1584 sunt
1696 1557 1740 1592 qui
1754 1557 1824 1584 male
1840 1565 1901 1590 erga

1108 1612 1157 1632 nos
1171 1604 1319 1631 afficiantur
1332 1623 1339 1635 ,
1353 1610 1406 1630 non
1420 1603 1504 1638 magis
1519 1610 1611 1630 eorum
1625 1602 1804 1630 accendamus
1819 1603 1883 1629 inim
1893 1624 1900 1634 ,

1107 1649 1155 1678 Sed
1169 1657 1262 1685 magna
1277 1649 1480 1678 mansuetudine
1493 1653 1520 1677 et
1533 1649 1682 1676 humilitate
1696 1653 1748 1676 tam
1761 1649 1901 1676 verborum

1107 1704 1187 1731 quam
1200 1703 1311 1731 operum
1324 1696 1501 1730 repriinamus
1513 1703 1604 1723 eorum
1620 1695 1782 1728 inimicitias,
1795 1701 1822 1722 et
1837 1695 1902 1721 indi-

1107 1745 1200 1776 gnatas
1211 1749 1304 1769 eorum
1319 1748 1444 1768 curemus
1458 1741 1570 1768 animas.
1583 1740 1650 1768 Vide
1661 1741 1732 1768 enim
1747 1742 1901 1776 sapientiam

1109 1787 1187 1822 hujus
1210 1787 1288 1821 iusti.
1305 1786 1441 1822 quomodo
1457 1793 1551 1821 magna
1566 1785 1708 1814 verborum
1728 1786 1848 1814 efﬁcacia
1869 1786 1901 1813 ita

1109 1832 1181 1860 Esau
1194 1832 1335 1866 demulsit,
1350 1837 1380 1860 ut
1391 1837 1418 1860 et
1429 1832 1464 1860 ad
1478 1840 1538 1860 eum
1552 1832 1692 1860 colendum
1704 1833 1843 1860 festinaret
1853 1853 1862 1865 ,
1877 1838 1902 1860 et

1108 1878 1196 1906 facere
1204 1879 1284 1907 vellet
1293 1879 1381 1906 omnia
1395 1887 1454 1915 qua:
1467 1879 1500 1906 ad
1514 1879 1572 1914 ejus
1584 1879 1749 1914 pertinebant
1761 1879 1900 1907 honorem.

1108 1925 1164 1952 lloc
1179 1933 1241 1953 vere
1257 1933 1369 1953 summa:
1380 1925 1483 1953 virtutis
1497 1930 1539 1953 est
1550 1945 1558 1958 ,
1573 1929 1602 1952 ut
1620 1933 1673 1952 non
1691 1925 1779 1952 solum
1794 1933 1841 1953 eos
1860 1926 1900 1960 qui

1108 1971 1177 1998 bene
1191 1971 1218 1998 in
1231 1979 1281 1999 nos
1293 1971 1445 1999 afficiuntur
1456 1993 1463 2005 ,
1479 1979 1575 2007 magno
1594 1973 1684 1999 studio
1700 1972 1842 2007 diligentius
1853 1992 1859 2004 ,
1877 1978 1901 1999 et

1108 2017 1148 2044 cis
1160 2017 1284 2044 omnibus
1297 2017 1384 2045 modis
1397 2017 1545 2044 serviamus
1559 2026 1566 2044 :
1582 2017 1629 2045 sed
1644 2021 1673 2045 ut
1691 2018 1772 2044 etiam
1793 2025 1842 2044 eos
1860 2018 1902 2052 qui

1109 2061 1186 2090 nobis
1199 2061 1286 2090 infesti
1305 2069 1367 2090 esse
1378 2063 1480 2095 volunt,
1496 2062 1652 2090 assiduitate
1664 2063 1813 2090 ofﬁciorum
1828 2063 1902 2090 nobis

1108 2109 1282 2136 conciliemus
1303 2110 1413 2137 amicos.
1437 2109 1507 2136 Nihil
1527 2109 1598 2136 enim
1619 2109 1823 2137 mansuetudine
1848 2109 1902 2136 vio-

1110 2154 1217 2183 lentius.
1232 2155 1299 2182 Nam
1313 2155 1381 2183 sicut
1394 2163 1487 2190 rogum
1500 2155 1674 2184 vehementer
1686 2156 1824 2183 incensum
1837 2164 1902 2191 aqua

1111 2200 1206 2236 injecta
1222 2201 1372 2236 restinguit,
1389 2201 1423 2228 ita
1438 2207 1465 2228 et
1478 2201 1595 2229 animum
1610 2203 1716 2228 camino
1731 2201 1816 2235 magis
1827 2209 1903 2228 emr-

1109 2247 1263 2275 desccntcm
1273 2267 1281 2280 ,
1295 2247 1404 2274 verbum
1420 2255 1481 2275 cum
1495 2247 1699 2274 mansuetudine
1713 2246 1845 2282 prolatum
1860 2255 1903 2273 ex-

1110 2293 1219 2327 stinguit
1233 2302 1240 2320 ε
1256 2297 1282 2320 et
1299 2293 1395 2328 duplex
1412 2292 1473 2320 inde
1484 2292 1560 2320 nobis
1573 2293 1676 2320 lucrum
1691 2293 1832 2327 accrescit,
1849 2299 1901 2320 tum

1110 2340 1180 2375 quod
1195 2348 1243 2366 nos
1256 2340 1486 2367 mansuetudinem
1505 2339 1664 2367 exhibemus
1674 2360 1680 2372 ,
1694 2344 1751 2367 tum
1764 2339 1836 2374 quod
1852 2339 1903 2366 fta-

1113 2386 1161 2413 tris
1177 2385 1383 2421 indignationem
1399 2385 1534 2419 sedamus,
1546 2390 1573 2413 et
1585 2389 1701 2413 mentem
1716 2386 1775 2420 ejus
1788 2394 1803 2413 a
1817 2386 1904 2413 turba-

1111 2433 1182 2460 tione
1195 2432 1349 2460 liberamus.
1361 2432 1431 2466 Quid
1445 2432 1532 2466 enim,
1548 2431 1593 2459 dic
1606 2432 1688 2460 mihi?
1704 2433 1800 2460 Annon
1816 2440 1903 2468 repre-

1110 2477 1205 2506 hendis
1224 2477 1332 2505 fratrem
1353 2483 1426 2505 tuum
1445 2482 1472 2505 et
1489 2485 1598 2505 accusas
1611 2478 1669 2512 ejus
1684 2478 1902 2513 indignationem,

1110 2523 1180 2558 quod
1197 2523 1330 2551 hostiliter
1341 2523 1377 2550 sit
1389 2523 1500 2550 allectus
1512 2531 1574 2558 erga
1587 2524 1632 2551 te?
1645 2523 1698 2551 Cur
1711 2524 1791 2558 igitur
1802 2531 1856 2551 non
1867 2523 1904 2550 di-

1110 2577 1187 2596 versa
1202 2570 1242 2596 via
1257 2569 1347 2596 studes
1360 2569 1494 2602 incedere,
1510 2569 1558 2596 sed
1573 2569 1629 2604 ipse
1646 2570 1731 2604 magis
1750 2570 1830 2597 irasci
1846 2570 1903 2596 vis!

1109 2614 1176 2642 Num
1193 2620 1278 2650 potest
1294 2615 1346 2650 igni
1365 2615 1432 2650 ignis
1446 2615 1597 2650 exstingui?
1611 2615 1752 2651 chugnat
1766 2616 1818 2643 hoc
1830 2621 1903 2643 natu-

1110 2669 1157 2688 ιω.
1173 2661 1218 2688 Sic
1229 2669 1315 2696 neque
1329 2661 1401 2688 furor
1414 2661 1503 2688 furore
1515 2661 1567 2689 alio
1576 2653 1721 2689 demulceri
1734 2661 1834 2696 poterit
1849 2670 1902 2689 umv

1110 2715 1200 2742 quam.
1218 2706 1323 2734 Etenim
1337 2706 1407 2741 quod
1424 2706 1476 2740 igni
1492 2710 1532 2733 est
1547 2713 1613 2741 aqua
1624 2727 1631 2738 ,
1648 2707 1697 2733 hoc
1711 2712 1754 2733 est
1767 2707 1815 2734 ira:
1828 2715 1903 2734 man-

1110 2752 1223 2780 suetudo
1240 2757 1267 2779 ct
1284 2752 1442 2780 moderatio.
1464 2752 1606 2787 Propterea
1620 2757 1646 2780 et
1660 2752 1785 2780 Christus
1802 2753 1903 2780 diccbat

1110 2798 1246 2833 discipulis
1263 2807 1269 2825 :
1284 2799 1314 2826 Si
1334 2798 1464 2834 diligentes
1476 2806 1519 2826 vos
1531 2798 1635 2834 diligitis
1647 2819 1654 2831 ,
1673 2807 1749 2833 quam
1767 2801 1902 2826 mercedem

1111 2845 1205 2872 habt-tis
1222 2844 1333 2880 (Matth.
1349 2845 1375 2873 5.
1391 2845 1425 2872 46
1435 2844 1465 2881 )?
1487 2844 1586 2872 Deinde
1602 2844 1685 2878 magis
1699 2843 1732 2871 ad
1748 2843 1798 2872 hoc
1812 2846 1902 2872 cohor—
