2046 3126
171 145 224 173 513

173 202 220 229 lari
232 205 260 228 et
275 199 468 234 reprehendere
482 199 644 234 negligentes
654 199 755 231 volens,
764 198 828 226 dicit
840 207 846 224 :
863 197 955 224 Nonne

172 252 195 273 et
210 246 337 281 publicani
348 247 414 273 idem
428 245 544 282 faciunt?
555 245 751 278 Quemcumque
765 244 835 271 enim
854 243 960 277 ignavo-

173 297 232 318 rum
245 291 391 325 sumpseris
401 311 408 321 ,
420 298 507 317 nonne
523 290 573 316 hoc
587 289 666 316 facit?
689 289 779 316 Nonne
789 288 958 323 et‘pnbliraui

173 343 270 369 magno
290 335 376 362 studio
396 335 452 362 lucc
479 334 593 361 faciunt?
614 334 681 367 Quid
707 339 794 360 autem
823 333 960 367 publicano

173 380 309 408 deterius?
331 380 451 406 Attamen
473 379 590 406 invenies
610 387 670 406 eum
694 379 743 405 hoc
761 378 883 405 omttibus
905 386 961 404 mo-

174 427 215 452 dis
238 425 399 456 observare,
420 430 446 452 et
463 432 514 451 nott
529 429 569 451 est
584 424 708 459 possibile
727 429 755 450 ut
774 431 825 450 non
844 423 962 450 redatnet

177 470 221 505 qui
237 473 349 496 antatur.
375 469 429 504 Ego
444 473 529 496 autem
549 469 607 504 quia
626 473 650 495 ct
671 468 830 495 excelsiores
843 475 888 494 vos
902 474 961 494 esse

175 515 247 548 volo,
258 519 285 542 ct
295 514 390 549 aliquid
401 514 513 548 amplius
524 513 632 546 habere,
643 521 694 540 non
706 513 755 539 hoc
764 512 905 543 admoneo,
915 511 962 538 sed

177 565 204 587 ιιι
225 561 346 588 inimicos
362 559 485 594 diligatis.
502 559 527 586 Id
541 559 609 594 quod
625 559 716 585 beatus
730 558 772 585 ille
784 563 845 584 ante
860 557 960 592 legem,

177 606 395 638 antedomrinam
411 605 444 632 ab
457 605 514 631 aliis
524 609 658 638 acceptam
669 608 763 638 sponte
777 611 824 630 sua
840 603 899 629 fecit
913 611 920 629 :
936 606 963 628 et

180 655 287 685 propter
300 651 474 677 excellentem
494 649 719 676 mansuetudinem
741 648 812 682 prius
829 646 964 681 superavit

179 695 281 728 Laban,
301 703 370 722 nunc
389 700 475 722 autem
496 699 524 722 et
546 694 661 721 fratrem.
682 693 746 720 Nam
768 693 829 720 licet
847 699 964 726 superno

178 741 303 776 pr.csidio
316 741 400 768 fretus
415 740 501 773 fuerit,
514 745 631 767 attamen
645 739 714 774 quod
729 746 806 767 suum
821 743 878 765 erat
892 738 964 772 prius

177 785 296 813 exhibuit
308 784 354 820 (τι).
365 784 401 812 Ita
415 784 516 811 sandet
527 791 574 811 nos
587 784 790 819 persuadeamus
803 783 889 816 nobis,
904 783 965 810 liet-t

179 831 275 858 millies
299 832 449 863 enitamur,
468 830 534 856 nihil
555 834 641 856 tamen
668 837 775 864 prorsus
794 833 865 856 recte
885 835 964 863 agere

181 883 269 910 posse,
285 875 334 902 nisi
349 883 464 910 superno
481 874 579 901 auxilio
596 874 710 908 adiutos.
731 874 804 901 Sicut
825 874 895 901 enim
914 873 964 900 nisi

181 922 226 948 illo
239 921 356 948 subsidio
369 920 504 953 fruamur,
518 920 581 947 nihil
600 927 722 955 umquam
739 927 880 954 possumus
894 924 965 946 recte

178 974 258 1001 agere
271 975 277 994 :
293 967 326 994 ita
337 966 386 993 nisi
399 966 468 1001 quod
483 971 601 992 nostrum
616 971 656 993 est
668 966 842 998 attnlcrimus,
855 972 906 992 non
919 972 966 999 po-

179 1013 289 1039 terimus
313 1020 456 1047 supernum
481 1012 606 1038 auxilium
625 1012 754 1038 obtittere.
777 1011 873 1038 Demus
887 1010 966 1046 igitur

180 1065 289 1093 operam
302 1063 331 1085 ut
343 1062 369 1086 et
382 1063 469 1085 nostra
485 1057 640 1089 aﬁcramus.
654 1063 681 1084 et
693 1065 836 1092 supernum
850 1057 964 1084 favorem

179 1103 336 1136 alliciatnus,
348 1108 374 1131 ut
385 1109 411 1131 et
421 1111 454 1131 ex
465 1107 556 1131 nostro
567 1103 653 1131 studio
666 1108 692 1131 et
704 1111 736 1130 cx
749 1102 794 1130 Dei
808 1102 967 1137 bettignita'e

184 1149 296 1176 virtutes
311 1153 407 1176 nostra:
422 1149 539 1183 quotidie
551 1153 690 1180 crescant,
705 1149 839 1183 multaque
851 1155 966 1182 superna

181 1194 300 1221 fruantur
311 1194 404 1228 gratia.
419 1194 493 1228 Quod
508 1194 583 1221 nobis
595 1194 715 1221 omnibus
726 1193 896 1223 concedatur,
907 1200 965 1227 gra-

180 1240 216 1266 tia
232 1244 258 1267 et
272 1239 429 1274 benignitate
443 1239 544 1266 Domini
560 1239 641 1266 nostri
655 1238 716 1266 Jcsu
729 1238 838 1271 Christi,
852 1238 893 1265 cui
906 1244 966 1264 cum

182 1286 259 1313 Patre
273 1291 299 1313 et
312 1291 403 1313 sancto
415 1285 513 1320 Spiritu
534 1285 567 1313 sit
585 1285 666 1320 gloria
676 1306 683 1318 ,
698 1285 836 1319 imperium
848 1304 856 1317 ,
870 1283 965 1316 honor,

182 1339 252 1358 nunc
264 1335 291 1359 et
302 1338 416 1366 semper,
429 1335 456 1358 et
468 1331 494 1358 in
510 1331 605 1358 stecula
620 1330 785 1358 smculorum.
801 1330 895 1356 Amen.

463 1395 602 1423 IIOMILI.\
620 1395 689 1423 LIX.

183 1450 217 1478 Et
235 1452 299 1478 venit
309 1452 389 1479 Jacob
405 1451 442 1487 (1))
455 1452 480 1478 in
499 1451 584 1479 Salen:
598 1451 720 1477 civitatein
731 1450 887 1478 Secintorum
907 1450 932 1482 ί,
946 1454 969 1477 et

218 1499 276 1524 emit
286 1502 380 1530 partem
392 1498 447 1531 agri
454 1496 484 1523 ab
493 1496 571 1523 Emor
580 1501 650 1531 patre
660 1496 768 1531 Syc/tem
774 1501 871 1522 centum
879 1503 951 1530 agnis
959 1503 970 1523 :

218 1548 240 1571 et
250 1544 326 1571 erexit
335 1543 368 1570 ibi
382 1543 476 1578 altare,
490 1546 512 1569 et
525 1541 646 1570 invocavit
656 1540 736 1568 Deum
751 1540 833 1568 Israel
842 1539 968 1578 (σωκῶ.

219 1588 327 1624 18-20).

219 1636 244 1663 ι.
266 1635 373 1663 Vidistis
387 1635 442 1662 heri
457 1639 484 1662 et
499 1635 580 1662 nostri
601 1634 717 1661 omniunt
734 1634 836 1661 Domini
847 1634 970 1661 eximiam

180 1681 359 1712 clementiam,
371 1685 397 1707 et
407 1680 593 1715 discipulorum
609 1679 812 1714 philosophiam,
825 1684 852 1707 et
866 1679 970 1706 JlldlL‘O-

181 1734 242 1755 rum
255 1726 384 1761 ingratum
397 1725 533 1752 animum?
545 1725 652 1752 Vidistis
664 1728 759 1759 quanta
772 1732 831 1751 cum
843 1724 969 1759 patientia

182 1779 276 1799 eorum
305 1771 483 1806 impudentem
507 1770 643 1798 audaciam
668 1771 852 1798 obmutescere
873 1771 970 1804 coegit,

182 1825 244 1845 cum
264 1824 327 1844 suos
341 1821 479 1844 excusaret
492 1816 637 1851 discipulos
648 1837 654 1847 ,
671 1822 823 1843 monstrans
840 1816 912 1850 ipsos
925 1815 969 1850 qui

184 1863 270 1896 legem
284 1862 419 1889 vindicare
431 1862 565 1893 volebant,
578 1861 642 1896 legis
654 1861 818 1888 voluntatem
839 1861 970 1896 ignorare,

183 1913 212 1935 et
233 1907 378 1935 irradiante
393 1908 503 1935 veritate
513 1929 520 1940 ,
533 1907 619 1934 adbuc
639 1907 739 1934 umbra:
750 1907 868 1935 assidere
882 1908 972 1934 velle?

185 1954 295 1981 Vidistis
310 1953 442 1988 quomodo
460 1954 513 1988 jam
533 1954 595 1981 inde
617 1953 650 1980 ab
668 1953 742 1980 initio
766 1953 968 1981 observationes

185 1999 284 2034 legales
308 1999 412 2026 auferre
431 1998 570 2030 studebat,
595 1998 693 2025 docens
713 2006 776 2030 eos,
799 2002 892 2025 exorto
916 1998 972 2025 sole

183 2044 304 2079 justitia‘,
319 2044 435 2071 lucerna:
448 2044 536 2071 lumen
553 2043 616 2070 nihil
630 2044 683 2078 jam
697 2043 803 2070 efﬁcere
817 2051 894 2078 posse
903 2044 915 2071 ?
924 2044 972 2071 Ju-

186 2091 235 2117 bar
247 2090 318 2116 enim
332 2089 426 2116 solaris
440 2089 549 2116 luminis
563 2089 633 2124 quod
653 2089 753 2116 accedit
766 2109 772 2120 ,
787 2089 837 2115 hoc
850 2089 929 2123 tegit,
946 2094 973 2116 et

186 2135 271 2163 videri
287 2143 339 2162 non
352 2135 424 2161 sinit.
438 2135 571 2161 Didicistis
590 2134 724 2169 quomodo
737 2134 863 2168 possibile
876 2134 911 2160 sit
922 2154 928 2164 ,
944 2138 972 2161 ιιι

187 2180 261 2207 feria:
274 2183 408 2215 perpetuae
422 2183 542 2214 agantur,
557 2183 584 2206 et
597 2187 610 2205 a
624 2183 772 2213 temporum
785 2179 972 2206 observatione

187 2226 340 2254 liberemur.
351 2225 416 2252 Nam
439 2229 546 2260 propter
565 2224 616 2251 hoc
631 2225 702 2251 venit
722 2225 850 2252 Dominus
870 2230 971 2258 noster,

187 2277 216 2298 ut
231 2279 280 2298 nos
295 2271 419 2298 liberaret
433 2278 447 2297 a
463 2275 612 2305 temporum
635 2270 795 2298 necessitate
812 2279 818 2297 :
833 2274 860 2297 et
883 2270 973 2298 efﬁce-

187 2322 239 2349 ret,
250 2322 277 2344 ut
291 2317 370 2344 altius
384 2317 560 2349 evolat-emus,
575 2320 602 2344 et
614 2316 668 2351 jam
689 2317 714 2344 in
728 2317 795 2344 cado
815 2316 973 2344 haberemus

187 2363 379 2398 municipatum
390 2383 398 2396 ,
414 2367 440 2389 et
453 2370 513 2390 eum
526 2363 613 2389 adltttc
627 2363 747 2390 ltontines
766 2370 872 2396 sumus,
883 2363 973 2398 Ange-

220 2433 229 2448 ι
245 2435 316 2456 Juxta
325 2431 395 2467 savii.
404 2430 535 2462 legendum
542 2435 617 2461 esset,
626 2430 770 2456 Sicanorum
775 2437 785 2462 ,'
797 2436 823 2457 et
830 2432 898 2463 juxta
906 2433 976 2463 quio-

184 2469 235 2494 que
248 2467 311 2493 uss,
322 2466 470 2487 Swimorum.

184 2503 394 2558 ΐᾶἐαὶειὲιῖιῶἑιὲε
405 2505 540 2534 sequuntur
549 2504 631 2527 contra
642 2508 685 2527 eos
699 2502 740 2534 qui
747 2502 865 2534 chrysost.
879 2502 975 2534 Pelagio

224 2541 240 2558 Ε

231 2540 270 2558 πε
278 2537 372 2558 σιαωιι.

194 2540 470 2595 ἃνίλῖειῗέῗὲηἴωιιὶιιδω
480 2563 564 2588 habuit
575 2562 697 2617 postridie,
714 2566 742 2587 ut
762 2563 829 2587 initio
849 2563 890 2592 ait,
903 2569 974 2594 quam

194 2595 257 2617 Iliam
269 2594 396 2617 habuerat.
406 2594 446 2617 ubi
459 2594 550 2617 Domini
561 2600 574 2617 c
585 2594 700 2617 umentia.
709 2596 734 2617 et
742 2593 911 2617 discinttlorum
923 2594 974 2617 nhi-

184 2593 257 2619 alian't
269 2594 396 2622 habuerat,
406 2594 446 2617 ubi
459 2594 550 2618 Domini
561 2593 700 2618 clementia.
709 2596 734 2617 et
742 2593 918 2623 discipulorum
922 2594 974 2623 phi-

187 2624 297 2656 l-vsophia
309 2625 477 2656 exhibebatur.
490 2624 624 2656 Judzeorum
634 2624 743 2656 ingratus
753 2624 848 2656 animus
867 2623 974 2656 dedam:

187 2653 266 2686 natur,
278 2656 436 2679 incusantium
447 2653 590 2686 discipulos;
608 2661 655 2686 qua
666 2654 698 2686 de
711 2661 739 2678 re
756 2654 893 2686 incusarent
912 2654 975 2678 haud

185 2684 283 2710 diIIicile
296 2689 334 2710 est
341 2686 462 2715 augurari,
483 2684 545 2715 quod
565 2684 629 2708 fume
642 2684 779 2709 laborantes
796 2684 856 2715 idum
867 2690 911 2715 per
923 2688 974 2709 sata

186 2704 439 2740 ἶιῗὲἱιέίῖειῖῐέἱῦῗιέἰὲ
447 2704 544 2746 ’ἐνέἆῖ
549 2704 975 2746 νᾷἰιὶἔρῆζὲἱ’ὧιῖιῖεάἱῖ-ἑιιίῗῖιιῖἷιὶἧ

186 2722 320 2740 transirent
331 2722 433 2739 saeuam
451 2722 529 2769 stillas
549 2722 671 2739 vellerent
681 2722 707 2739 et
718 2722 884 2743 commerent,
904 2722 975 2746 quam

186 2748 285 2771 vivendi
298 2746 459 2776 frugalitatem
488 2746 509 2769 ie
518 2750 543 2769 et
550 2745 603 2769 aliis
622 2746 645 2769 in
664 2745 722 2776 locis
732 2745 910 2776 Chrysostontus
922 2745 975 2776 phi-

187 2776 320 2807 losophiam
332 2775 407 2800 vocat.
424 2776 558 2807 Judmorum
577 2781 637 2799 vero
655 2775 902 2807 audaclautleoercuit
913 2775 976 2807 Chri-

187 2805 249 2834 stus,
261 2811 292 2830 ut
300 2806 487 2841 itidemnarrat
504 2806 689 2838 (Chrysostomus.
713 2805 835 2830 Itouiilinm
851 2811 922 2836 ιοιϊο
937 2805 976 2830 hic

187 2840 346 2863 metwtrutant
356 2840 486 2861 attnstnttts.

669 143 701 171 IN
719 143 793 171 CAP.
815 142 933 171 XXXIII.
953 141 1071 171 GENES.
1089 143 1201 171 IiOMIL.
1225 144 1290 171 LIX.

1746 147 1798 174 5H

1013 197 1098 224 lorum
1123 197 1288 226 imitaremur
1310 198 1405 231 vitam,
1430 207 1461 227 ac
1488 208 1530 228 res
1552 200 1682 230 humanas
1703 209 1797 229 ouun-s

1013 243 1193 270 irridcrcmus.
1208 245 1263 278 Age
1275 243 1364 276 hodie,
1376 245 1397 271 si
1412 245 1532 279 videtur,
1544 248 1640 274 seriem
1654 248 1796 275 verborum

1013 286 1081 313 beati
1097 287 1176 314 Musis
1199 293 1357 323 Sequentes,
1373 297 1403 316 ea
1421 299 1479 324 qua:
1501 293 1682 325 superioribus
1702 293 1797 320 diebus

1011 331 1080 359 dicta
1095 337 1252 367 sequuntur.
1268 337 1421 367 tractemus,
1437 340 1464 362 et
1478 335 1538 363 inde
1551 337 1624 364 vobis
1635 345 1799 371 apponantus

1013 378 1174 404 convivium.
1191 378 1269 405 Scitis
1281 379 1351 406 ettitn
1367 387 1416 406 nos
1427 400 1433 410 ,
1449 388 1509 407 cum
1524 381 1645 408 rediissct
1662 390 1695 409 ex
1711 383 1798 409 Meso-

1013 424 1129 458 potamia
1140 423 1231 456 Iacob,
1243 429 1271 451 et
1283 430 1435 452 occurreret
1449 426 1521 452 fratri
1533 446 1539 456 .
1554 431 1581 454 et
1602 427 1696 454 iterum
1718 428 1752 454 ab
1766 436 1799 454 eo

1013 473 1193 502 scpararelur.
1208 473 1233 496 et
1248 469 1293 496 ille
1311 470 1417 504 quidem
1441 470 1466 496 itt
1482 470 1542 498 Seir
1557 477 1673 498 montetn
1686 477 1799 499 conten-

1014 513 1104 545 deret,
1119 513 1201 541 .lacoh
1216 520 1303 542 autem
1320 516 1487 543 tabernacula
1504 517 1609 551 figeret,
1622 522 1648 544 et
1662 518 1746 544 locum
1766 519 1801 545 ab

1014 563 1110 586 eventu
1125 559 1304 587 Tabcrttacula
1320 566 1423 589 vocaret
1436 583 1444 595 ,
1459 570 1609 589 sermonem
1628 562 1671 589 hic
1691 564 1799 590 missum

1015 604 1131 632 fecisse:
1150 605 1209 633 ideo
1221 614 1287 640 optts
1307 611 1347 634 est
1368 611 1397 634 ut
1419 608 1554 642 sequentia
1573 616 1620 642 pro
1635 608 1733 635 viribus
1751 617 1801 635 nn-

1015 649 1077 676 stris
1100 655 1257 682 tractantes,
1270 651 1416 679 doctrinam
1431 653 1506 680 vobis
1522 653 1702 688 relinquamus
1722 655 1801 688 spiri-

1016 696 1124 722 tualcm.
1151 696 1265 723 Securus
1289 698 1358 724 enim
1384 698 1490 725 tandem
1512 698 1595 725 factus
1616 699 1749 733 jnstus,et
1769 700 1820 727 ab-

1016 741 1088 767 omni
1104 742 1200 769 mentis
1221 750 1319 777 angore
1342 743 1486 775 liberatus,
1502 745 1545 772 IS.
1564 744 1642 777 Venit,
1659 746 1760 779 inquit,
1775 747 1803 772 in

1015 786 1137 812 ciuitatem
1150 786 1306 813 Serimorum
1317 808 1323 819 ,
1339 788 1381 816 19.
1398 793 1419 815 ct
1429 790 1487 816 emit
1501 795 1596 824 portent
1607 792 1661 825 agri
1674 791 1704 817 ob
1727 791 1804 818 linter

1017 835 1088 864 patre
1100 830 1207 865 Syc/tem
1222 837 1318 858 cenlunt
1332 833 1419 867 agnis‘
1432 842 1441 860 :
1451 834 1495 861 20.
1511 840 1533 861 et
1544 837 1622 862 erexit
1634 835 1668 862 i‘ti
1680 836 1769 868 altare,
1780 841 1803 863 et

1016 874 1138 902 invocavit
1153 876 1236 903 Deum
1251 876 1339 904 Israel.
1349 877 1386 905 Ne
1401 884 1586 911 praetereamus
1601 880 1730 908 obiter-ca
1744 889 1803 916 qua:

1018 921 1044 947 itt
1060 921 1156 948 divinis
1170 922 1314 956 Scripturis
1329 928 1390 950 sttttt
1413 929 1547 952 contenta.
1564 925 1629 952 Nam
1651 926 1673 953 si
1688 927 1732 961 qui
1747 928 1802 954 auri

1018 973 1136 994 ramenta
1161 975 1177 995 e
1197 973 1265 996 terra
1290 969 1435 1002 eﬂ'odiuut,
1451 971 1513 998 unlli
1533 971 1614 998 labori
1638 978 1762 1006 parcunt,
1777 979 1805 1000 ct

1018 1013 1106 1039 omnia
1121 1014 1210 1048 gravia
1230 1015 1332 1047 ferunt,
1350 1020 1378 1042 ιιι
1391 1017 1492 1050 possint
1507 1025 1600 1044 aurum
1615 1026 1629 1044 a
1644 1024 1712 1045 terra
1727 1027 1803 1054 sepa-

1019 1065 1079 1085 rare
1091 1068 1097 1084 :
1111 1059 1193 1085 multo
1207 1059 1399 1094 magisjustuut
1413 1060 1490 1089 fuerit
1501 1067 1529 1088 ut
1540 1067 1690 1090 scrutentur
1701 1064 1803 1099 eloquia

1018 1103 1150 1137 Spiritus,
1167 1109 1193 1131 ct
1214 1105 1352 1133 utilitatem
1367 1114 1424 1140 quae
1437 1107 1497 1134 inde
1512 1112 1552 1134 est
1574 1109 1764 1142 percipianuts,
1779 1117 1807 1137 ct

1019 1150 1058 1177 sic
1073 1151 1134 1177 ltittc
1147 1158 1283 1178 exeamus.
1299 1152 1401 1186 Cogita.
1414 1153 1538 1186 obsecro,
1555 1155 1644 1181 eximii
1666 1155 1740 1182 istius
1757 1158 1804 1183 viri

1020 1195 1226 1230 pbilosophiam,
1239 1197 1371 1230 quomodo
1381 1203 1453 1225 tattto
1467 1200 1567 1226 auxilio
1578 1208 1692 1234 superne
1704 1201 1805 1232 fruens,

1019 1245 1047 1268 et.
1061 1241 1153 1269 videns
1172 1243 1263 1277 augeri
1278 1243 1415 1270 facultates
1429 1252 1500 1277 suas,
1515 1252 1609 1279 pecora
1622 1246 1691 1277 dico.
1707 1251 1734 1273 et
1751 1252 1807 1273 tan-

1020 1291 1075 1314 tunt
1090 1294 1227 1316 numerum
1242 1289 1354 1317 ﬁliorum
1370 1290 1595 1324 circuntsuitttetn,
1606 1298 1807 1321 uouexstrncn-

1020 1333 1062 1360 dis
1072 1334 1189 1362 aediliciis
1199 1335 1293 1369 amplis
1307 1341 1332 1363 et
1343 1336 1478 1371 prmclaris
1492 1336 1541 1364 fuit
1555 1343 1708 1372 occupatus,
1720 1347 1806 1373 neque

1021 1387 1098 1414 agt-os
1113 1385 1140 1408 et
1153 1381 1229 1408 villas
1243 1388 1333 1409 emere
1347 1384 1466 1416 curavit,
1487 1392 1545 1418 quae
1562 1384 1685 1412 sufﬁcere
1699 1391 1808 1419 possent

1021 1430 1050 1453 ut
1062 1426 1284 1455 distribuerentur
1304 1427 1374 1456 ﬁliis.
1397 1429 1459 1456 lltcc
1477 1429 1546 1456 cuitu
1563 1434 1589 1457 ct.
1612 1431 1705 1457 similia
1726 1439 1807 1465 agere

1022 1473 1111 1511 solent
1124 1475 1166 1508 qui
1184 1482 1232 1501 nos
1245 1475 1340 1509 opibus
1356 1475 1518 1503 antecellunt
1532 1481 1654 1510 :elsa‘pe
1665 1478 1709 1511 qui
1725 1485 1805 1504 uttutn

1023 1510 1123 1546 tantum
1147 1519 1225 1547 habet
1241 1519 1339 1553 ﬁlium,
1354 1520 1446 1548 dccctn
1469 1521 1549 1548 millia
1570 1510 1727 1550 calamorum
1751 1525 1807 1550 auri

1022 1564 1145 1599 colligrre
1166 1566 1276 1600 quwrit,
1291 1571 1318 1592 ut
1344 1573 1422 1601 agros
1446 1571 1534 1599 emat,
1556 1572 1582 1594 et
1604 1567 1699 1595 domus
1721 1568 1808 1595 claras

1024 1615 1158 1637 exstruat:
1171 1615 1198 1638 et
1211 1612 1310 1638 utinam
1332 1620 1363 1638 ex
1377 1611 1456 1646 justis
1470 1612 1606 1639 laboribus
1618 1633 1625 1645 ,
1641 1617 1668 1640 et
1688 1613 1745 1640 sine
1769 1614 1809 1640 iu-

1026 1656 1128 1690 justitia
1144 1662 1229 1684 tantas
1243 1665 1307 1691 opes
1322 1658 1472 1692 colligeret;
1484 1658 1530 1685 sed
1541 1659 1611 1693 quod
1627 1666 1705 1692 grave
1717 1663 1769 1691 est,
1781 1664 1809 1686 et

1023 1703 1141 1729 omnium
1155 1703 1351 1737 gravissitmtm.
1367 1703 1400 1730 ab
1413 1704 1472 1731 aliis
1491 1706 1578 1739 rapit,
1602 1705 1669 1732 alios
1690 1706 1806 1732 circum-

1023 1749 1110 1781 venit,
1126 1749 1186 1776 aliis
1200 1749 1260 1776 lites
1275 1754 1380 1782 movet,
1393 1754 1419 1776 et
1433 1750 1466 1776 ita
1482 1750 1581 1777 alienas
1596 1750 1734 1778 facultates
1746 1758 1807 1778 suas

1024 1794 1095 1821 facit.
1112 1795 1144 1822 Et
1165 1795 1187 1822 si
1207 1795 1266 1830 quis
1281 1795 1376 1822 dixerit
1392 1804 1399 1822 :
1415 1796 1454 1822 Ad
1470 1796 1531 1830 quid
1543 1801 1614 1824 tanta
1634 1797 1666 1824 ad
1681 1798 1807 1832 colligen-

1024 1841 1072 1868 das
1087 1849 1152 1876 opes
1167 1841 1269 1868 insania
1280 1842 1291 1867 ’ἶ
1305 1842 1349 1869 ille
1363 1842 1451 1869 statim
1467 1842 1549 1870 ﬁliuni
1562 1844 1694 1878 prmlexit,
1705 1849 1732 1871 et
1744 1844 1819 1872 dicit'

1024 1895 1053 1915 se
1065 1888 1125 1915 talia
1138 1888 1243 1922 operari
1255 1888 1289 1915 ob
1299 1896 1375 1915 suum
1388 1889 1413 1915 in
1427 1889 1501 1918 illum
1515 1897 1641 1917 amorem.
1651 1890 1682 1917 [Ct
1696 1891 1739 1917 illc
1750 1892 1810 1925 quis

1024 1933 1084 1960 dem
1096 1933 1199 1961 tametsi
1210 1941 1317 1968 puerum
1329 1939 1486 1968 prin-texens,
1494 1934 1550 1961 haec
1560 1939 1700 1970 utcumque
1710 1943 1740 1963 ex
1746 1937 1808 1970 piat,

1025 1979 1120 2007 frustra
1142 1984 1228 2007 tantett
1249 1984 1276 2007 et
1298 1980 1441 2008 incassum.
1458 1980 1526 2007 Sunt
1545 1985 1633 2007 autent
1655 1981 1700 2015 qui
1724 1988 1810 2016 nequ-t

1025 2034 1123 2061 pueros
1136 2027 1245 2060 habent,
1259 2031 1286 2054 ct
1300 2027 1433 2053 insattittnt
1447 2031 1474 2053 ut
1486 2027 1610 2061 pecunias
1622 2027 1748 2062 colligant
1762 2036 1769 2054 :
1784 2033 1810 2054 rt

1026 2073 1134 2099 tnallent
1149 2073 1303 2107 gravissima
1317 2072 1387 2099 ferre
1397 2093 1404 2104 ,
1417 2080 1496 2107 quam
1516 2079 1597 2106 unum
1613 2072 1720 2100 obolunt
1743 2073 1811 2100 indi-

1024 2119 1147 2153 gentibus
1160 2125 1281 2153 erogare.
1297 2118 1348 2146 Sed
1362 2117 1450 2152 justus
1466 2117 1510 2144 ille
1524 2117 1590 2145 nihil
1605 2118 1692 2145 simile
1706 2119 1812 2145 consul-

1026 2165 1091 2191 tavit
1102 2185 1108 2196 ,
1121 2172 1207 2199 neque
1221 2164 1365 2199 cogitavit:
1381 2163 1427 2191 sed
1440 2171 1500 2190 euut
1516 2171 1597 2198 parvo
1612 2170 1679 2198 opus
1702 2164 1812 2191 haberet

1024 2217 1098 2244 agro,
1112 2214 1219 2236 centum
1234 2209 1310 2243 agnis
1322 2209 1403 2241 datis,
1420 2213 1519 2243 partem
1534 2209 1589 2243 agri
1606 2209 1672 2236 omit
1683 2209 1717 2236 ab
1730 2209 1812 2236 Etuor

1025 2261 1100 2290 patre
1111 2254 1236 2290 Sycltem.
1252 2254 1283 2281 Et
1296 2254 1356 2281 vide
1372 2255 1507 2289 pietatem,
1522 2254 1730 2290 religionemque
1744 2254 1792 2281 viri
1802 2275 1810 2285 ,

1024 2310 1078 2338 qua
1099 2301 1133 2328 de
1154 2308 1233 2327 causa
1256 2308 1348 2336 agrum
1362 2308 1453 2328 emere
1476 2300 1617 2329 studuerit.
1633 2300 1666 2327 Et
1677 2301 1754 2328 erexit
1766 2302 1811 2332 iln‘,

1026 2346 1120 2381 inquit,
1134 2346 1231 2378 altare,
1243 2351 1269 2372 et
1288 2345 1409 2372 invocavit
1427 2345 1507 2372 Deum
1525 2344 1609 2372 [δι-πει
1622 2353 1633 2372 :
1646 2349 1673 2372 et
1684 2346 1739 2379 agri
1752 2353 1812 2380 par-

1028 2395 1081 2418 tem
1096 2392 1161 2419 emit
1174 2391 1244 2418 mtlla
1261 2391 1311 2418 alia
1327 2391 1362 2418 de
1377 2398 1553 2425 causa,quatn
1569 2394 1598 2416 ut
1610 2391 1708 2424 gratias
1723 2395 1814 2424 ageret

1026 2437 1160 2463 communi
1183 2436 1267 2463 nostri
1289 2436 1408 2462 oumium
1432 2435 1553 2462 Dontino.
1574 2434 1648 2462 Illum
1672 2439 1810 2469 oporteret

1026 2482 1122 2508 Imitari
1137 2488 1229 2508 omnes
1241 2481 1286 2515 qui
1302 2480 1352 2507 sub
1371 2480 1455 2514 gratia
1475 2484 1553 2512 sunt,
1567 2480 1612 2515 qui
1628 2480 1677 2507 fuit
1692 2484 1754 2507 ante
1775 2480 1813 2506 Ie»-

1025 2534 1085 2563 gem
1098 2534 1106 2559 ;
1120 2530 1148 2553 et
1168 2533 1220 2553 non
1242 2525 1282 2552 sic
1305 2525 1421 2552 insanire
1444 2525 1470 2552 itt
1492 2525 1662 2559 pecuniarum
1677 2525 1814 2552 collectio-

1027 2580 1098 2598 nem.
1120 2572 1206 2604 Quare
1233 2570 1315 2602 enint,
1330 2570 1373 2597 die
1387 2570 1462 2602 milti,
1477 2574 1504 2597 et
1527 2570 1624 2605 libiipsi
1651 2570 1710 2597 lta:c
1730 2577 1812 2598 onera

1027 2618 1162 2652 spinarum
1177 2624 1334 2651 congregas,
1350 2616 1463 2651 liliisqtte
1478 2616 1530 2642 tuis
1543 2615 1681 2643 materiam
1694 2620 1721 2643 et
1733 2623 1814 2643 occa-

1027 2664 1128 2691 sionem
1144 2663 1250 2690 malitia:
1272 2667 1298 2689 te
1321 2663 1472 2696 relinquere
1493 2670 1544 2689 tton
1567 2662 1706 2690 advortis?
1721 2661 1812 2689 Nescis

1029 2709 1168 2749 Dominum
1182 2708 1328 2742 majorem,
1342 2715 1420 2742 quant
1435 2711 1462 2734 tu
1476 2707 1592 2741 habeas,
1608 2707 1655 2734 ﬁlii
1669 2707 1705 2734 tui
1719 2715 1811 2734 curam

1059 2788 1066 2803 ³
1085 2791 1110 2812 ln
1127 2787 1244 2812 Itebraico
1261 2786 1351 2819 legitur
1363 2788 1462 2828 ne"va
1471 2789 1554 2815 Πκιετι
1567 2795 1573 2813 :
1589 2790 1627 2816 alii
1640 2792 1747 2819 vertunt,
1759 2795 1813 2814 (θην

1027 2838 1076 2861 tum
1086 2835 1196 2860 nummis.
