2046 3126
231 153 280 180 5ὶ5

206 213 333 241 νει-ιντο,
349 210 376 230 tn
394 209 481 230 autem
494 208 628 237 tamquam
643 202 712 229 illius
725 202 852 236 majorem
865 208 956 228 curam
969 207 1016 235 go:

232 260 304 284 rens,
318 251 472 278 occasiones
484 250 520 276 illi
537 249 687 282 relinquere
702 247 805 280 situlos,
821 255 880 281 qua:
899 246 1020 273 submer—

230 305 293 332 gere
317 296 432 323 animam
457 295 514 329 ejus
538 293 661 320 valeant?

265 342 388 368 Iuventus
400 341 433 367 ad
442 341 535 367 malum
544 337 748 374 proclivis.—-Au
758 337 845 364 nescis
854 336 1019 370 iuventutem

234 396 282 423 per
297 388 411 422 seipsam
425 386 457 413 ad
471 386 573 413 ruinam
592 384 736 419 proclivem
757 389 827 414 esse,
843 383 870 408 et
890 380 923 408 ad
947 380 1022 407 mali-

234 435 297 460 tiam
314 433 365 460 levi
381 436 517 459 momento
528 429 669 458 inclinari?
682 427 788 464 quando
803 431 892 454 autem
903 430 930 453 et
942 432 1022 460 opum

235 478 398 506 affluentiam
413 476 653 511 acceperit,multo
670 475 754 509 magis
777 473 809 500 ad
834 472 932 499 malum
960 478 1022 505 pro-

235 525 298 552 ruit.
313 524 387 551 Sicut
401 524 471 550 enim
486 523 554 557 ignis
567 529 627 548 cum
643 520 762 547 fomitem
778 518 877 545 invenit
887 537 895 550 ,
910 516 1023 542 validio-

235 571 309 597 ribus
332 569 445 596 flammis
463 568 601 602 exsurgit:
620 568 654 594 ita
679 571 704 593 et
726 565 832 601 quando
853 565 878 590 iu
899 564 1023 597 juvenem

237 617 347 643 materia
361 616 531 650 pecuniarum
544 614 673 644 inciderit,
687 617 785 639 lautam
801 610 923 638 accendit
937 609 1026 636 forna-

239 670 297 690 cem
308 683 314 692 .
329 667 358 688 ut
381 662 495 688 animam
515 660 619 694 juvenis
635 663 717 685 totam
733 657 887 684 inﬂammet.
899 655 1024 690 Quando-

239 715 300 734 nam
317 708 413 741 pulerit
428 707 487 732 talis
499 706 576 731 homo
591 703 761 730 eontiuenlite
773 709 863 729 curam
874 701 983 733 habere,
999 704 1027 727 et

239 753 469 787 intemperantiam
486 750 592 784 fugere,
609 757 641 776 ac
659 749 777 775 laborem
793 755 841 783 pro
854 747 967 779 virtute,
984 746 1026 773 vel

237 797 308 824 aliud
325 798 464 831 spiritualc
478 796 604 831 quiddam
620 794 779 829 suscipere?

272 843 300 869 2.
323 842 471 868 Diuitiarum
482 842 627 867 tmut'laL—
636 839 731 867 Annon
749 838 825 866 auidis
837 838 971 864 Christum
987 837 1027 864 di-

240 884 344 915 ccnleiu
363 897 369 913 :
383 887 456 914 (Iura-
467 887 542 921 hujus
549 886 635 912 και-ιιιί
643 890 665 912 (ι
673 884 784 919 ἀρειριὶο
793 883 937 910 divitiarum
946 882 1028 916 suﬁc-

239 938 297 960 rnnt
306 937 420 962 mentem,
430 940 460 958 ac
474 932 564 958 sterilis
581 931 609 965 [lt
619 930 722 965 (Matth.
735 930 777 957 i5.
793 928 851 964 22),
864 937 923 963 quze
939 927 1028 955 omnia

239 979 329 1012 spinas
339 978 494 1004 nominavit?
504 976 567 1003 Nam
579 983 637 1003 eum
646 975 761 1002 dixisset
774 975 799 1001 iu
809 973 932 1008 parabola
947 973 1029 999 semi-

240 1024 292 1055 nis,
303 1024 372 1050 aliud
384 1031 414 1050 ex
429 1023 574 1050 seminibus
586 1022 612 1053 in
627 1022 716 1055 spinas
731 1018 973 1052 iucidissc,deiude
986 1019 1028 1045 di-

240 1069 349 1103 scipulis
361 1070 538 1104 interpretans
552 1075 673 1103 quaenam
687 1068 740 1094 sint
750 1067 844 1101 spinr,
855 1066 954 1100 inquit:
968 1065 1028 1092 Sol-

244 1115 352 1142 licitudo
367 1114 443 1149 hujus
458 1114 546 1141 smeuli
559 1118 587 1140 et
599 1113 722 1147 deceplio
731 1112 882 1139 divitiarum
895 1111 1028 1138 suffocaut

242 1165 369 1191 mentem,
383 1164 410 1187 et
424 1159 523 1186 sterilis
536 1159 562 1185 tit
576 1158 681 1193 (Manli.
697 1158 747 1189 is;
762 1162 786 1184 et
796 1157 858 1183 an.
870 1155 906 1192 8),
919 1155 950 1182 Et
963 1155 1030 1182 bt‘ne

241 1207 326 1242 spinis
340 1205 502 1240 comparavit
523 1204 728 1231 sollicitudinem
749 1203 826 1237 hujus
840 1200 930 1229 steculi
957 1201 1031 1228 Sicut

243 1253 314 1280 enim
329 1253 411 1287 spina:
422 1259 474 1278 non
486 1251 578 1278 sinunt
590 1257 681 1278 semen
695 1249 820 1282 emicare,
833 1249 880 1275 sed
899 1248 1031 1275 densitate

242 1306 289 1325 sua
304 1298 461 1325 sciuinalum
474 1297 643 1331 supprimunt
658 1306 663 1322 :
682 1296 717 1322 ita
732 1299 758 1322 et
771 1302 843 1322 cura:
858 1294 1029 1329 temporales,

242 1344 381 1378 spirituale
395 1350 498 1374 semen,
514 1342 584 1377 quod
600 1342 626 1368 in
641 1342 728 1368 anima
744 1341 906 1372 seminatur,
921 1347 976 1366 non
990 1340 1030 1366 si-

244 1394 310 1417 nunt
324 1389 435 1416 fructum
456 1388 552 1415 afferre
566 1395 573 1414 :
589 1386 635 1413 sed
651 1386 765 1413 adurunt
780 1391 807 1413 et
822 1385 951 1412 summam
963 1385 1032 1412 sicut

242 1435 338 1469 spinae,
350 1441 400 1461 nec
413 1433 503 1460 sinunt
522 1431 660 1467 spirituale
675 1439 767 1458 semen
788 1437 920 1460 erexere.
938 1429 971 1457 Et
985 1431 1031 1458 dc-

244 1481 325 1516 uptio
349 1480 502 1506 divitiarum.
526 1479 610 1506 [tecte
632 1477 700 1505 dixit
724 1477 908 1512 deccptionem
927 1476 1033 1504 divitia-

244 1535 304 1554 rum
321 1536 327 1553 :
344 1526 442 1554 etenim
465 1533 529 1552 vere
546 1524 669 1559 deceplio
684 1527 735 1550 est.
751 1523 816 1557 Qua:
837 1523 908 1551 enim
932 1523 1032 1550 utilitas

244 1577 283 1599 tot
296 1572 456 1598 talentorum
466 1590 474 1604 ,
488 1576 514 1598 et
529 1574 609 1597 tautae
624 1569 762 1604 pecuniaif
774 1568 914 1601 Profecto,
928 1568 1012 1602 inquit
1023 1588 1031 1600 ,

245 1625 367 1652 magnam
382 1616 481 1651 prarbet
491 1616 607 1642 laetitiam
618 1615 760 1650 possessio.
773 1613 884 1647 Qualem
901 1613 1032 1640 ltetitiam‘

248 1663 282 1690 Et
308 1662 371 1696 quid
400 1662 461 1689 dico
488 1661 628 1689 lmtitimn?
650 1661 743 1688 Nonne
763 1660 878 1687 maxime
900 1660 1031 1694 intempe-

248 1709 343 1736 stivam
357 1707 488 1735 lristitiam
501 1712 526 1734 et
539 1714 679 1734 num-orem
691 1706 801 1733 multum
817 1705 903 1740 parit?
914 1704 1031 1732 nondum

247 1754 306 1782 dico
328 1761 450 1788 magnam
470 1753 540 1780 illaut
562 1757 588 1779 et
609 1753 634 1779 itt
656 1752 746 1779 futuro
762 1751 905 1786 repositam
926 1754 1033 1785 propter

247 1801 319 1835 ipsas
342 1807 446 1835 pinnam
464 1799 531 1826 :sed
555 1799 588 1826 de
610 1799 650 1826 his
665 1799 761 1833 loquor
779 1806 839 1833 quin
862 1798 888 1824 in
909 1797 1032 1832 praesenti

247 1846 298 1873 vita
309 1845 474 1880 contingunt,
491 1851 587 1878 nempe
601 1852 634 1871 tte
647 1844 811 1878 voluptatem
830 1843 937 1878 quidem
951 1843 1031 1870 ullam

251 1891 320 1918 hanc
334 1898 397 1918 vere
412 1890 511 1917 habere
525 1897 613 1924 posse,
628 1889 676 1916 sed
692 1889 779 1924 potius
793 1889 962 1923 quotidianus
978 1893 1033 1915 tur—

246 1936 366 1964 bationes
377 1940 405 1963 et
417 1935 617 1962 amariludiues.
641 1934 695 1962 Nec
709 1942 782 1961 mare
801 1933 925 1960 ﬂuetibus
941 1933 975 1960 ita
992 1933 1032 1960 itt-

248 1981 382 2013 tumoscit,
395 1986 424 2008 ut
444 1981 523 2008 talem
543 1980 658 2007 animam
671 1987 686 2006 a
698 1979 903 2014 cogitationibus
921 1984 948 2006 et
968 1979 1033 2006 alie-

249 2027 383 2054 ctionibus
398 2026 528 2058 infestari,
539 2031 566 2053 et
580 2026 606 2052 in
623 2032 717 2052 omnes
732 2029 784 2051 tam
796 2031 859 2051 suos
877 2030 954 2059 quam
968 2024 1034 2051 alie-

247 2080 296 2100 nos
308 2071 376 2099 male
387 2071 456 2098 allici
470 2071 598 2098 videmus.
613 2071 679 2097 Etsi
692 2070 798 2104 (plaudo
813 2075 915 2104 partem
927 2069 1032 2096 illorutn

245 2117 347 2144 attferat
365 2117 478 2151 aliquis:
495 2115 576 2143 multa
591 2115 663 2142 enim
683 2115 815 2148 accidunt,
830 2119 857 2142 et
872 2114 946 2141 multi
964 2114 1028 2141 insi-

245 2163 361 2194 diantur.
376 2169 472 2196 nempe
486 2161 643 2188 famulorum
659 2161 819 2195 malignitas,
833 2160 1034 2195 potentiumun

247 2209 388 2240 violentia;
405 2213 467 2235 tunc
486 2208 576 2241 utique
594 2207 712 2234 invenies
728 2207 786 2233 illus
802 2207 881 2233 vitam
897 2207 946 2233 sibi
959 2214 1035 2233 aecr-

247 2255 308 2282 bam
321 2253 428 2281 ducere.
441 2252 567 2286 Qualibus
585 2252 665 2286 igitur
686 2252 809 2278 lamentis
824 2251 889 2278 tales
910 2258 961 2278 non
978 2251 1033 2278 fue-

248 2301 303 2327 rint
311 2299 394 2335 digni,
406 2298 450 2333 qui
462 2298 550 2324 omnia
560 2297 647 2324 facere
657 2297 765 2323 student
775 2304 834 2330 quat
847 2297 896 2324 sibi
910 2302 1032 2329 noceant.

245 2351 273 2373 et
291 2345 317 2373 in
333 2344 478 2381 perniciem
498 2342 594 2369 anime
612 2350 668 2368 sua:
690 2342 750 2368 talia
771 2341 897 2376 colligere
919 2342 1032 2369 volunt?

246 2392 356 2425 Verum,
373 2392 395 2419 si
409 2391 524 2421 videtur,
540 2389 635 2417 talibus
653 2389 753 2415 relictis
771 2388 803 2415 ad
820 2388 958 2415 historiam
966 2389 1031 2423 justi

248 2438 327 2473 hujus
348 2437 500 2468 redeamus,
516 2440 543 2463 et
572 2435 708 2462 videmnus
733 2434 898 2469 sequentium
923 2434 1030 2462 seriem.

247 2483 335 2510 Erexit
344 2503 351 2515 ,
367 2482 461 2516 inquit,
475 2481 556 2508 altam
568 2481 593 2507 in
607 2485 684 2515 parte
696 2480 762 2514 agri,
776 2485 798 2506 et
811 2479 933 2506 invocavit
952 2479 1033 2506 Deum

247 2529 329 2557 Irrue“!
341 2533 387 2561 ,et
406 2534 495 2564 postea
511 2528 536 2556 in
556 2528 669 2556 Sci—imis
689 2525 851 2555 donni-ilium
874 2527 972 2555 habere
987 2535 1028 2555 vo-

248 2575 308 2603 luit.
325 2574 376 2602 Sod
393 2575 453 2602 vide
469 2575 563 2602 iterum
579 2575 712 2609 quomodo
730 2574 819 2609 justus
838 2579 867 2602 et
891 2574 934 2602 hic
956 2582 1031 2601 suam

246 2621 474 2648 nmusuetttdiuem
483 2621 646 2648 declarat.Et
656 2621 717 2656 quid
727 2621 833 2648 accidit?
845 2621 868 2648 I.
880 2621 986 2656 Egressa
997 2626 1032 2648 est

245 2672 344 2699 autem,
361 2667 459 2701 inquit,
477 2666 543 2693 Dina
557 2667 611 2701 [ilia
626 2666 688 2698 Litu,
703 2670 729 2693 ut
745 2666 837 2693 videret
851 2666 919 2701 ﬁlius
933 2667 1030 2701 indige-

245 2719 346 2738 narum.
355 2711 383 2738 2.
397 2711 428 2738 Et
436 2716 466 2738 ut
479 2711 539 2738 uidit
553 2720 609 2738 eam
623 2711 730 2747 Syclmn
742 2711 810 2745 ﬁlius
827 2711 905 2737 Emor
915 2730 922 2743 ,
936 2711 1031 2737 dormi-

245 2756 280 2783 vit
295 2764 352 2783 cum
365 2764 411 2790 ea,
427 2756 454 2784 5.
469 2761 491 2783 et
509 2756 598 2783 diluxit
616 2756 736 2790 virginem
747 2776 755 2787 ,
769 2761 793 2782 et
813 2756 931 2790 loquutus
953 2760 988 2782 est
1008 2755 1031 2782 ei

240 2803 320 2837 juxta
340 2808 445 2829 mentem
459 2802 564 2838 virginis
576 2803 650 2836 (Cap.
667 2803 723 2837 54).
738 2802 831 2829 Vidisti
850 2806 977 2836 quantum
997 2801 1031 2828 sit

241 2848 366 2884 juventus
380 2849 490 2882 malum,
504 2847 609 2883 quando
625 2851 702 2875 rcch
717 2847 826 2875 rationis
846 2847 920 2875 lrcno
942 2847 1028 2875 caret?

582 147 610 175 S.
631 147 770 175 .IO;\N.\'IS
784 143 1020 174 CIIIIVSOSTOMI
1042 143 1200 172 AltClllEl”.
1221 144 1487 174 CONSTANTINOP.

1811 147 1862 177 5M

1075 200 1147 227 \‘idit
1173 201 1246 228 enim
1273 201 1422 236 virginem,
1446 206 1473 229 ct
1497 206 1568 230 totus
1592 206 1701 238 propter
1724 209 1863 238 aspectum

1073 253 1163 273 amore
1175 251 1324 281 correptus,
1341 247 1585 281 concupiscentiam
1597 253 1681 282 opere
1698 248 1858 283 complevit,

1073 295 1096 317 et
1109 291 1227 325 loquutus
1240 297 1274 319 est
1289 293 1312 318 ei
1319 293 1395 327 juxta
1406 297 1508 319 mentem
1518 292 1630 327 uirginis.
1641 292 1709 326 Quid
1720 299 1771 327 est,
1786 294 1862 330 jura

1074 342 1181 363 mentem
1200 337 1304 372 virginis
1313 338 1326 363 .’
1336 337 1466 370 Quoniam
1480 338 1585 371 juvenis
1599 343 1657 365 erat
1672 339 1760 373 puella
1769 359 1776 370 ,
1790 339 1861 373 ejus-

1075 382 1146 410 tnodi
1160 384 1250 417 verba,
1265 384 1364 418 inquit,
1379 391 1439 410 eum
1454 391 1485 411 ea
1501 384 1625 419 loquutus
1639 389 1697 416 est,
1709 392 1768 419 quae
1789 385 1862 412 sufli-

1075 429 1181 456 ciebaut
1204 429 1237 456 ad
1259 430 1454 457 conciliandum
1467 429 1516 457 sibi
1532 438 1600 457 eam.
1618 431 1650 458 Et
1667 431 1753 466 inquit
1765 431 1798 458 ad
1815 439 1861 466 pa-

1076 479 1142 500 trem
1155 482 1162 501 :
1176 475 1202 500 ι.
1218 475 1308 510 Accipe
1322 475 1384 502 milii
1397 475 1506 510 puellum
1521 476 1589 502 hanc
1611 476 1637 502 in
1652 484 1767 503 uxorem.
1781 477 1862 504 Audi-

1076 519 1114 546 vit
1123 526 1213 546 autem
1227 519 1309 547 Iacob
1322 519 1436 552 factum,
1453 524 1480 547 ct
1493 525 1555 547 tunc
1570 520 1664 548 leviter
1685 521 1756 554 tulit,
1769 528 1864 556 exspe-

1076 570 1151 591 ctans
1162 564 1272 592 fratrum
1285 565 1343 599 ejus
1356 565 1509 592 adventum.
1527 566 1608 592 Erant
1621 566 1692 594 enim
1707 566 1733 593 in
1749 567 1862 601 pascuis.

1077 611 1103 638 5.
1118 610 1150 636 Et
1162 611 1242 642 siluit,
1259 611 1344 645 inquit
1356 631 1362 641 ,
1378 610 1475 643 Iacob,
1487 610 1567 638 donec
1580 611 1691 638 venirent
1705 612 1754 638 illi.
1764 611 1791 639 6.
1802 611 1864 639 Cum

1077 662 1160 684 autem
1174 657 1278 684 veniunt
1291 656 1370 683 Emur
1382 656 1417 683 ad
1430 656 1524 687 Iacob,
1540 657 1566 683 7.
1581 661 1700 684 venerunt
1724 661 1748 684 et
1774 658 1864 692 fratres

1078 703 1164 736 Dium,
1178 707 1200 729 et
1210 711 1267 729 cum
1281 702 1433 729 audivissent
1447 709 1504 736 qua:
1522 702 1589 736 facta
1609 707 1680 728 eram
1700 702 1781 729 sorori
1794 709 1846 728 nu:
1855 723 1863 734 ,

1078 748 1220 782 τοηψηηειί
1233 752 1299 774 sum.
1311 747 1379 780 Quid
1401 751 1441 774 est
1451 769 1458 780 ,
1474 748 1616 782 tompuncti
1628 747 1706 774 sunt!
1719 748 1865 774 contristati

1079 797 1151 825 sunt,
1169 800 1277 828 remque
1294 793 1490 820 intolerabilem
1504 800 1564 820 esse
1579 786 1740 827 putaverunt
1759 797 1786 820 ct
1805 800 1865 828 gra-

1080 839 1215 866 vissimam
1229 859 1237 870 ,
1251 844 1360 873 eratque
1374 838 1413 865 eis
1428 838 1558 866 mwrendi
1572 845 1666 873 magna
1678 839 1794 866 occasio.
1807 838 1865 864 Ma-

1079 891 1129 919 gna
1140 883 1216 917 enim,
1233 884 1328 918 inquit,
1340 892 1381 910 eos
1404 883 1505 910 tristitia
1519 882 1654 918 aﬁciebat,
1669 883 1736 918 quod
1750 891 1802 910 rem
1815 889 1865 909 tur-

1080 937 1136 963 pem
1150 930 1243 963 fecerat
1257 929 1282 955 in
1298 927 1382 956 Isi-util
1392 928 1500 964 Sycltem
1511 950 1517 961 ,
1531 929 1573 963 qui
1584 928 1734 955 dormiverut
1747 936 1803 955 cum
1814 928 1867 962 ﬁlia

1080 973 1170 1001 Iacob.
1197 974 1276 1002 Vides
1304 974 1419 1002 filiorum
1437 974 1651 1002 continentiam?
1675 972 1866 1009 turpitudinem

1081 1020 1223 1046 maximam
1236 1020 1287 1047 hoc
1306 1020 1404 1047 factum
1418 1019 1600 1055 reputabant?
1620 1019 1715 1047 Vidisti
1734 1019 1868 1055 quomodo

1079 1067 1168 1102 justus
1186 1074 1282 1102 pueros
1305 1074 1369 1094 suos
1390 1067 1487 1094 erudiit
1509 1067 1543 1094 ad
1570 1066 1715 1094 virtutem?
1730 1066 1869 1101 Quomodo

1082 1114 1144 1140 item
1162 1113 1231 1140 ﬁlius
1246 1114 1328 1140 Emor
1342 1121 1418 1141 suam
1436 1114 1681 1148 concupiscentiam
1702 1120 1784 1148 opere
1796 1120 1868 1140 com-

1083 1158 1159 1194 plcns
1169 1179 1176 1192 ,
1191 1158 1221 1185 llt
1241 1159 1309 1194 patri
1327 1163 1354 1186 et
1368 1164 1395 1186 to
1408 1159 1415 1186 i
1429 1159 1529 1186 civitati
1544 1159 1673 1193 perniciei
1689 1160 1806 1186 auctor?
1819 1158 1870 1186 Sed

1083 1205 1157 1239 prius
1168 1204 1308 1232 audiamus
1320 1212 1380 1240 qua:
1391 1204 1473 1232 Emor
1489 1205 1522 1232 ad
1545 1211 1591 1232 eos
1603 1204 1702 1232 dixerit
1714 1225 1721 1236 .
1735 1209 1763 1232 ct
1777 1208 1869 1240 postea

1082 1250 1173 1277 scietis
1188 1249 1299 1278 fratrum
1312 1251 1386 1278 Dium
1404 1249 1549 1278 versutiam
1560 1272 1568 1283 ,
1581 1255 1609 1278 et
1633 1250 1768 1285 quomodo
1787 1249 1871 1277 vindi-

1082 1302 1144 1324 care
1160 1297 1318 1324 studuerunt
1331 1296 1453 1332 iujuriam
1465 1298 1550 1325 sorori
1566 1297 1677 1324 illatam.
1693 1296 1721 1325 8.
1737 1296 1770 1323 Et
1782 1297 1869 1331 loquu-

1083 1347 1123 1370 tus
1138 1348 1174 1370 est
1194 1343 1229 1370 eis
1242 1342 1320 1370 Enior
1340 1343 1423 1370 dicens
1435 1352 1444 1370 :
1456 1343 1565 1378 Syr/tein
1581 1343 1650 1377 ﬁlius
1664 1349 1734 1370 meus
1747 1342 1872 1377 pra'rlrgit

1082 1389 1169 1415 anima
1189 1389 1270 1422 lilium
1284 1393 1401 1416 vestram.
1415 1388 1481 1416 Vide
1495 1388 1630 1424 quomodo
1651 1388 1706 1423 jam
1732 1387 1873 1422 praesignat

1085 1435 1231 1469 perniciem
1253 1442 1282 1462 se
1296 1435 1564 1469 eomprehensuram.
1581 1433 1714 1470 Praelcgit
1728 1433 1800 1460 enim
1811 1454 1818 1465 ,
1834 1432 1873 1460 iu-

1084 1480 1276 1515 quit,anima:
1292 1480 1342 1507 hoc
1366 1485 1418 1512 est,
1432 1482 1548 1507 animant
1574 1487 1649 1506 suam
1675 1479 1801 1514 exposuit
1824 1485 1873 1513 pro

1085 1527 1136 1553 ﬁlia
1162 1533 1262 1554 vestra.
1288 1527 1336 1554 Ille
1365 1527 1472 1561 quidem
1499 1526 1608 1554 dicebat
1629 1525 1872 1560 cuicupiseenliatn

1084 1571 1152 1606 ejus,
1164 1579 1242 1606 quam
1257 1579 1320 1606 erga
1335 1571 1450 1606 puellam
1468 1571 1581 1598 habebat
1595 1580 1601 1597 :
1614 1571 1693 1605 paulo
1707 1576 1768 1605 post
1784 1575 1873 1598 autem

1084 1618 1186 1651 didicit,
1202 1618 1270 1645 lianc
1285 1626 1340 1645 sine
1353 1623 1380 1645 et
1392 1619 1509 1645 omnium
1525 1618 1570 1652 qui
1586 1617 1620 1644 ibi
1634 1622 1727 1650 erant,
1743 1616 1872 1651 perditio-

1084 1665 1125 1692 nis
1153 1665 1210 1692 i'orc
1232 1665 1412 1692 occasionem.
1429 1665 1494 1698 Quia
1516 1664 1596 1698 igitur
1615 1663 1661 1690 ille
1685 1663 1815 1698 virginem
1834 1663 1873 1690 sic

1083 1709 1231 1745 deperibat,
1247 1709 1319 1742 Date,
1334 1710 1427 1744 inquit,
1441 1710 1516 1736 istam
1526 1709 1565 1736 illi
1578 1716 1693 1739 uxorem.
1706 1708 1735 1737 9.
1750 1713 1771 1735 et
1788 1708 1873 1743 aﬂui-

1084 1760 1159 1782 tatem
1175 1756 1314 1782 contra/tite
1331 1756 1458 1782 nobiscum
1470 1763 1479 1782 :
1493 1755 1561 1789 ﬁlias
1575 1760 1667 1781 vestras
1677 1754 1736 1780 date
1753 1753 1839 1785 nobis,
1850 1758 1873 1779 et

1084 1802 1150 1836 ﬁlias
1164 1806 1262 1829 nostras
1273 1801 1377 1836 accipite
1387 1801 1446 1835 [iliis
1461 1801 1546 1827 vestris
1556 1821 1564 1833 ,
1577 1800 1619 1827 10.
1630 1805 1653 1827 et
1665 1800 1729 1826 inter
1742 1807 1787 1825 uos
1800 1799 1872 1825 Inibi-

1084 1852 1144 1876 tata.
1155 1847 1187 1874 Et
1200 1854 1255 1873 ecce
1268 1850 1335 1873 terra
1348 1846 1401 1872 lata
1415 1851 1451 1873 est
1463 1854 1548 1872 coram
1562 1845 1646 1876 vobis,
1661 1844 1772 1871 habitat:
1791 1849 1814 1870 et
1828 1852 1872 1870 ne-

1083 1893 1213 1928 gotiantim'
1226 1893 1252 1920 iu
1265 1900 1304 1925 ea,
1318 1897 1341 1919 et
1355 1893 1381 1919 in
1397 1900 1434 1922 ea,
1448 1891 1614 1925 possessione:
1627 1890 1723 1917 habete.
1743 1889 1808 1917 Vide
1825 1897 1872 1924 pa-

1085 1945 1163 1971 trem,
1173 1942 1298 1973 quantam
1314 1942 1422 1972 propter
1436 1937 1482 1964 lilii
1497 1944 1616 1964 amorem
1631 1936 1711 1963 habet
1721 1943 1783 1969 erga
1797 1942 1873 1969 pere-

1084 1985 1175 2020 grinos
1190 1985 1390 2019 benignitatem,
1404 1988 1430 2010 et
1443 1982 1578 2018 quomodo
1591 1989 1639 2010 eos
1662 1981 1807 2009 conciliare
1821 1980 1871 2007 sibi

1084 2031 1151 2062 vult,
1167 2030 1227 2057 data
1242 2031 1281 2057 eis
1294 2030 1321 2057 in
1333 2029 1408 2057 omni
1423 2029 1531 2064 regione
1546 2036 1594 2055 sua
1605 2032 1747 2063 potestate.
1768 2027 1801 2053 Et
1816 2026 1873 2052 ha-c

1085 2075 1192 2111 quidem
1214 2076 1268 2110 egit
1291 2079 1388 2109 pater:
1405 2074 1475 2101 filius
1497 2078 1586 2100 autern
1612 2072 1673 2108 quis
1700 2071 1766 2099 vidit
1791 2071 1873 2106 patris

1085 2128 1147 2155 erga
1169 2128 1198 2148 se
1209 2120 1334 2152 studium,
1348 2124 1375 2146 ct
1397 2118 1530 2154 quomodo
1548 2118 1637 2145 omnia
1657 2116 1746 2144 facere
1766 2121 1873 2151 paratus

1085 2166 1174 2198 fuerit,
1201 2170 1229 2192 ut
1252 2165 1407 2199 impleretur
1430 2163 1499 2198 quod
1526 2163 1661 2198 cupiebat,
1687 2161 1779 2196 adjicit
1802 2160 1872 2196 quod

1085 2218 1162 2238 suum
1185 2215 1241 2242 est,
1258 2209 1375 2244 dicitque
1388 2209 1420 2236 ad
1434 2208 1516 2236 Iacob
1532 2213 1559 2235 et
1582 2207 1616 2234 ad
1638 2207 1736 2234 fratres
1752 2206 1849 2241 puella:
1863 2215 1870 2232 :

1085 2256 1097 2283 1
1107 2255 1150 2283 |.l
1155 2256 1267 2282 nveniam
1281 2255 1389 2290 gratiam
1398 2262 1482 2281 rorant
1491 2253 1569 2286 vobis,
1579 2257 1602 2280 et
1612 2252 1733 2287 quidquid
1746 2251 1872 2283 dixeritis,

1085 2302 1219 2329 dabimus:
1239 2301 1281 2328 12.
1303 2301 1469 2336 Multiplicate
1491 2299 1591 2331 dotem,
1605 2303 1628 2326 et
1651 2297 1717 2325 dabo
1734 2297 1873 2324 secundum

1084 2347 1151 2383 quod
1161 2347 1273 2374 dixeritis
1286 2347 1356 2379 mihi,
1364 2351 1387 2372 et
1400 2345 1490 2372 dabitis
1504 2344 1564 2371 mihi
1573 2344 1683 2379 puellam
1694 2343 1759 2369 hanc
1771 2343 1798 2368 in
1810 2350 1872 2368 iuo-

1085 2401 1147 2420 rem.
1163 2392 1257 2419 Vidisti
1273 2397 1374 2426 patrem
1386 2395 1494 2425 propter
1506 2389 1622 2417 studium
1637 2393 1665 2416 et
1684 2395 1776 2416 curant
1790 2387 1816 2414 in
1839 2387 1870 2413 li-

1085 2439 1149 2466 lium
1175 2438 1273 2466 obnixe
1299 2437 1413 2473 precari,
1435 2436 1616 2471 iuvenemque
1639 2439 1762 2470 prompte
1783 2432 1871 2461 omnia

1085 2484 1252 2519 promittere,
1268 2488 1295 2510 ut
1309 2483 1396 2518 puella
1411 2481 1561 2518 potiretur?

1120 2531 1147 2557 5.
1158 2530 1219 2557 Ηωο
1232 2529 1313 2561 enim,
1327 2528 1382 2555 ltme
1396 2528 1543 2562 perniciosa
1558 2526 1664 2554 affectio
1677 2525 1765 2552 omnia
1785 2523 1872 2552 susci-

1086 2575 1181 2610 pienda
1196 2574 1307 2602 libidine
1321 2573 1451 2601 tlifllucnti
1464 2571 1619 2608 persuadet,
1636 2571 1722 2599 donec
1736 2570 1763 2597 in
1776 2569 1872 2598 inferni

1086 2620 1246 2655 profundum
1265 2620 1353 2647 ducat.
1381 2619 1415 2647 Et
1435 2619 1514 2650 vide,
1529 2618 1642 2646 obsecro
1663 2625 1672 2643 :
1699 2617 1789 2644 satior
1812 2616 1872 2650 qui-

1084 2667 1144 2695 dcm
1157 2666 1239 2694 Iacob
1252 2666 1308 2694 haec
1317 2665 1427 2693 audiens
1438 2665 1542 2698 silet,et
1551 2671 1598 2699 pro
1610 2671 1657 2691 sua
1666 2662 1870 2690 manSuetndine

1084 2713 1149 2740 nihil
1164 2712 1296 2747 loquitur:
1309 2713 1356 2739 sed
1370 2713 1421 2738 vim
1436 2712 1496 2739 lilia:
1507 2711 1602 2738 locum
1614 2709 1745 2744 patienter
1753 2708 1815 2735 fert.
1830 2708 1871 2735 Π.

1086 2758 1146 2784 Filii
1160 2763 1241 2785 autem
1257 2757 1336 2784 Iacob
1356 2757 1472 2784 dixerunt
1488 2756 1596 2792 Syrltem
1609 2759 1633 2782 et
1648 2753 1727 2781 Emor
1738 2754 1806 2788 patri
1819 2754 1873 2786 eius

1084 2804 1178 2835 dolose,
1192 2808 1217 2830 et
1232 2803 1327 2837 loquuti
1339 2808 1397 2830 sunt
1415 2803 1476 2835 illis,
1493 2801 1558 2835 quod
1570 2800 1759 2835 coinquinoritu
1783 2799 1876 2826 Dium

1084 2857 1194 2877 sororem
1205 2857 1286 2876 suam.
1300 2848 1445 2877 Considera
1460 2847 1502 2876 hic
1522 2845 1657 2883 quomodo
1671 2849 1785 2882 propter
1800 2847 1877 2875 uni-as
