3752 6244
1961 259 3439 289 _—_——————'——’_—___—_—————-————“_

1043 737 2636 976 PBXEFATIO

1801 1189 1866 1235 LV

1282 1418 1860 1526 QUARTUM
1935 1413 2409 1509 TOMUM.

259 2081 406 2142 1am
437 2079 764 2159 attigimus
791 2077 1263 2159 Commentaria
1293 2096 1408 2139 seu
1436 2079 1749 2142 Homilias
1775 2078 1840 2140 S.
1883 2080 2151 2141 Joannis
2184 2078 2718 2159 Chryso'stomiin
2750 2078 3143 2159 scripturam
3173 2099 3420 2146 sacram
3447 2129 3466 2158 ,

182 2177 329 2236 quae
355 2160 506 2238 jure
551 2157 646 2238 vel
675 2158 1138 2238 commentaria
1173 2159 1273 2217 vel
1327 2160 1671 2238 conciones
1705 2161 1918 2220 vocari
1951 2165 2224 2236 possunt
2253 2199 2268 2229 ,
2304 2158 2458 2234 quia
2488 2157 2554 2216 in
2590 2157 3130 2238 illis_interpretis
3176 2162 3366 2222 simul
3400 2157 3462 2225 et

180 2236 564 2300 Christianre
600 2237 948 2314 disciplina:
999 2237 1277 2298 doctoris
1309 2239 1442 2316 agit
1477 2237 1778 2300 officium.
1809 2239 2104 2298 Przeeunt
2141 2243 2356 2298 autem
2401 2236 2645 2316 czpteris
2691 2236 2986 2316 Homiliaa
3022 2238 3088 2298 in
3127 2240 3461 2313 Genesim,

177 2337 326 2396 qua
353 2334 628 2379 numero
659 2316 997 2395 sexaginta
1025 2322 1269 2396 septem
1299 2314 1505 2378 totum
1529 2319 1764 2379 librum
1789 2318 2157 2378 absolvunt.
2190 2317 2300 2376 His
2327 2314 2762 2394 subjiciuntur
2790 2315 3127 2378 Sermones
3147 2337 3377 2382 novem
3405 2323 3469 2381 in

181 2395 514 2469 Genesim,
539 2397 808 2474 aliquot,
839 2401 910 2455 ut
940 2395 1214 2468 videtur,
1236 2397 1424 2457 annis
1462 2397 1611 2457 editi
1637 2404 1986 2475 antequam
2016 2402 2220 2456 totum
2249 2397 2486 2456 librum
2527 2397 3084 2475 interpretaretur.
3116 2398 3248 2459 Hos
3285 2403 3470 2461 exci-

178 2473 677 2554 piuntHomilia:
706 2477 995 2554 quinque
1022 2476 1087 2534 in
1120 2477 1372 2536 Annam
1398 2482 1668 2537 matrem
1696 2473 2035 2547 Samuelis,
2067 2493 2212 2552 quae
2241 2475 2394 2535 olim
2429 2492 2544 2554 sex
2573 2473 2773 2544 fuere,
2811 2474 2921 2535 sed
2948 2493 3078 2537 una
3108 2495 3330 2538 earum
3363 2481 3469 2540 in-

177 2553 376 2616 teriit.
427 2558 673 2634 Agmen
729 2553 1037 2615 claudunt
1066 2559 1196 2615 tres
1232 2555 1527 2617 Homilies
1575 2557 1641 2617 in
1672 2556 1977 2618 Davidem
2007 2560 2069 2616 et
2095 2555 2375 2616 Saiilem.
2408 2555 2482 2614 lu
2519 2553 2656 2614 haec
2685 2560 2901 2615 autem
2935 2557 3152 2618 omnia
3174 2559 3467 2634 quaedam

177 2636 281 2693 hic
306 2634 715 2693 observanda
736 2639 909 2693 sunt.

177 2636 281 2698 hic
306 2636 715 2696 observanda
736 2639 909 2695 sunt.

215 2759 243 2830 ᾗ
275 2759 326 2820 ι.
362 2760 452 2819 De
482 2775 738 2819 numero
768 2757 1193 2819 Homiiiarum
1219 2759 1290 2819 in
1314 2758 1617 2828 Genesim,
1661 2767 1718 2820 et
1751 2759 2176 2820 Antiochinae
2202 2776 2285 2818 an
2311 2757 2868 2836 Constantinopoli
2898 2756 3126 2818 habita:
3151 2761 3414 2837 fuerint.

259 2884 353 2946 De
379 2883 666 2943 homiliis
708 2882 884 2943 hisce
913 2897 1046 2942 non
1075 2899 1284 2959 pauca
1313 2881 1567 2942 disserit
1595 2882 1881 2955 Photius,
1913 2900 2058 2960 qua
2086 2883 2150 2941 in
2182 2888 2506 2959 postremo
2527 2884 2728 2942 Tomo
2749 2899 2882 2944 una
2913 2901 3058 2944 cum
3086 2885 3231 2946 aliis
3257 2905 3340 2947 ex
3372 2907 3468 2949 ρον

173 2961 318 3024 dem
339 2963 658 3044 scriptore
685 2963 1003 3044 excerptis
1025 2963 1536 3044 publicabuntur
1567 2981 1581 3020 :
1610 2962 1866 3044 interim
1889 2979 2044 3022 vero
2077 2963 2210 3044 haec
2240 2962 2610 3044 annotanda
2642 2967 2792 3022 sunt
2832 2982 2848 3020 :
2900 2963 3195 3044 Photium
3235 2984 3464 3044 nempe

174 3042 517 3122 sexaginta
549 3047 608 3101 et
635 3041 1161 3122 unamhomilias
1191 3044 1256 3122 in
1290 3041 1588 3122 Genesim
1618 3059 1689 3122 se
1720 3041 1954 3102 vidisse
1985 3040 2311 3122 testiﬁcari
2342 3061 2356 3098 :
2392 3058 2474 3100 ne
2518 3047 2736 3122 autem
2765 3058 3057 3103 errorem
3087 3043 3153 3102 in
3190 3040 3462 3106 numero

176 3119 389 3182 inesse
421 3125 747 3199 putemus,
781 3119 952 3179 addit
982 3137 1089 3181 eas
1128 3138 1196 3180 se
1227 3120 1528 3182 habuisse
1552 3121 1755 3181 tribus
1788 3120 2225 3199 voluminibus
2254 3119 2784 3199 comprehensas,
2816 3138 3096 3197 quorum
3136 3141 3344 3184 unum
3376 3127 3464 3186 vi-

174 3201 334 3280 ginti
383 3198 682 3261 homilias
714 3200 1012 3280 habebat,
1064 3200 1418 3260 secundum
1454 3200 1773 3280 sexdecim
1800 3245 1815 3272 ,
1846 3201 2107 3280 tertium
2141 3198 2694 3280 vigintiquinque
2725 3199 2950 3280 {unde
2998 3201 3062 3260 id
3096 3207 3464 3266 necessario

176 3278 604 3358 consequitur
633 3323 650 3351 ,
682 3279 782 3339 vel
817 3279 1151 3356 illas-quas
1203 3296 1474 3339 numero
1500 3279 1578 3338 67
1623 3279 1812 3340 hodie
1862 3279 2176 3340 habemus
2217 3278 2544 3348 homilias,
2579 3278 2733 3338 olim
2756 3279 2825 3358 in
2851 3280 3192 3356 pauciores
3223 3284 3459 3346 divisas

173 3357 413 3430 fuisse,
439 3359 540 3419 vel
563 3358 768 3418 Pbotii
800 3358 1131 3438 exemplar
1160 3376 1292 3418 non
1325 3375 1545 3419 omnes
1574 3359 1640 3418 in
1673 3359 1973 3420 Genesim
2006 3358 2302 3419 homilias
2335 3358 2745 3436 complexum
2773 3357 2992 3419 fuisse.
3031 3360 3167 3420 Hoc
3196 3369 3461 3438 postre-—

173 3457 353 3500 mum
394 3439 697 3499 libentius
745 3437 1042 3517 credam;
1077 3439 1312 3498 etenim
1356 3456 1576 3499 omnes
1625 3455 1793 3515 .quas
1837 3439 2180 3517 sexaginta
2231 3443 2476 3517 septem
2517 3455 2787 3498 numero
2843 3439 3152 3500 habemus
3184 3437 3462 3504 homilias

171 3536 293 3579 suo
325 3518 608 3596 gaudent
632 3517 896 3577 exordio
925 3522 986 3578 et
1007 3516 1154 3586 line,
1184 3518 1545 3595 incipientis
1568 3536 1643 3580 ac
1663 3515 2026 3579 desinentis
2045 3523 2262 3578 notam
2282 3515 2904 3596 praeferentibusEx
2936 3517 3014 3578 iis
3046 3527 3264 3579 autem
3294 3522 3458 3582 Pho-

173 3599 301 3659 tius
335 3595 561 3675 viginti
593 3602 834 3676 septem
866 3597 930 3656 in
957 3596 1464 3676 Quadragesima
1494 3598 1752 3660 habitas
1780 3597 1971 3670 dicit;
2018 3614 2164 3657 cum
2191 3601 2407 3657 tamen
2440 3595 2509 3676 in
2541 3595 2873 3676 hodiernis
2903 3597 3200 3658 omnibus
3236 3618 3460 3661 exem-

175 3674 760 3768 plaribu-sntriginta
787 3675 926 3736 duae
959 3676 1022 3768 in
1053 3674 1557 3768 Quadragesima
1594 3677 1824 3768 habita:
1879 3677 2221 3768 feranturr
2255 3692 2331 3737 ac
2358 3674 2630 3768 proinde
2677 3682 2924 3768 certum
2968 3685 3068 3768 est
3094 3677 3159 3768 in
3180 3679 3459 3768 _du_obu_s

173 3756 400 3834 primis
431 3755 726 3815 Photiani
760 3756 1144 3834 exemplaris
1178 3755 1364 3816 tomis
1395 3757 1685 3834 quinque
1723 3757 2022 3817 homilias
2053 3755 2334 3816 defuisse
2363 3775 2379 3825 ;
2411 3755 2534 3815 nisi
2567 3760 2780 3834 tamen
2812 3755 2874 3814 id
2905 3774 2984 3816 ex
3011 3755 3344 3818 divisionis
3367 3760 3460 3818 di-

173 3833 480 3897 versitate
511 3834 852 3914 prodierit,
887 3833 1065 3910 quod
1103 3853 1270 3914 aegre
1312 3833 1705 3896 admiserim.
1755 3835 1930 3914 Idem
1985 3851 2140 3896 vero
2176 3834 2440 3914 Photius
2485 3833 2904 3895 subdubitare
2939 3834 3195 3895 videtur
3216 3839 3459 3898 Antio-

171 3915 422 3976 chicne
449 3959 465 3980 .
502 3912 585 3976 an
610 3912 1184 3991 Constantinopoli
1209 3915 1306 3975 ha;
1332 3915 1608 3976 homilias
1635 3915 1869 3976 habita:
1897 3913 2156 3976 fuerint.
2200 3913 2479 3974 Savilius
2511 3917 2728 3974 autem
2769 3914 2973 3973 Photii
3030 3931 3188 3974 usus
3223 3922 3460 3978 aucto—

171 3995 364 4055 ritate
396 3993 490 4054 sic
522 3996 905 4055 sententiam
959 3995 1278 4071 expromit
1308 4011 1492 4073 suam
1526 4014 1540 4052 :
1577 4017 1605 4051 ‹‹
1641 3995 1730 4056 De
1760 3994 1905 4056 loco
1959 3999 2021 4056 et
2080 3999 2366 4071 tempore
2419 3993 2748 4073 assentior,
2797 3994 3002 4053 Photii
3043 3995 3458 4073 conjecturis,

174 4073 430 4154 habitas
478 4091 616 4133 esse
671 4073 1262 4154 ConﬁstantinOpoli,
1299 4072 1471 4152 quod
1509 4075 1609 4154 vel
1645 4074 1900 4154 phrasis
1951 4074 2091 4154 ipsa
2149 4072 2701 4154 indicat,_ut_ips_e
2737 4072 3048 4150 loquitur,
3096 4072 3461 4154 in’inferius

175 4151 454 4232 delapsa,
489 4159 556 4212 ut
582 4159 732 4232 sunt
759 4153 1064 4232 pleraque
1106 4152 1243 4232 ejus
1274 4151 1512 4230 seripta
1542 4151 2257 4230 Constantinopolitana
2299 4151 2715 4232 Antiochenis
2758 4154 2972 4213 minus
3029 4151 3368 4227 accurata;
3397 4163 3462 4216 et

173 4231 406 4294 auctor
425 4231 584 4292 Vitas
611 4231 1051 4311 Chrysostomi
1088 4231 1226 4310 cap.
1267 4232 1343 4291 36
1369 4232 1542 4294 hunc
1569 4233 1804 4293 librum
1833 4234 1899 4292 in
1949 4233 2266 4311 Genesim,
2290 4231 2486 4311 ponit
2507 4231 2674 4311 inter
2702 4238 2970 4309 excepta
3000 4248 3061 4303 _a
3089 4233 3318 4295 scribis
3344 4279 3359 4308 ,
3393 4241 3458 4296 et

173 4313 365 4374 annis
401 4308 809 4389 episcopatus
839 4314 937 4371 sui
972 4308 1252 4372 secundo
1270 4316 1331 4371 et
1360 4317 1616 4388 quarto,
1649 4313 1771 4374 hoc
1796 4321 1893 4373 est
1916 4313 2104 4373 annis
2124 4310 2357 4372 Christi
2385 4310 2503 4368 399
2531 4315 2594 4370 et
2634 4308 2746 4389 1ιο1
2768 4349 2786 4365 .
2814 4333 2840 4364 ››

254 4388 668 4470 Atjudicium
703 4391 1068 4470 hujusmodi
1101 4389 1246 4451 inde
1278 4395 1634 4470 sumptum,
1667 4392 1838 4468 quod
1860 4409 2004 4469 quae
2037 4390 2391 4451 Antiochia:
2423 4389 2617 4470 edidit
2652 4388 3150 4470 Chrysostomus
3193 4409 3461 4454 accura-

174 4468 510 4531 tiora‘sint
539 4470 642 4542 iis,
675 4468 819 4546 quae
848 4469 1408 4547 ConstantinOpoli
1434 4514 1451 4542 ,
1505 4470 1850 4532 admodum
1880 4468 2110 4531 ’fallax
2146 4475 2243 4530 est
2273 4513 2289 4541 ,
2337 4473 2409 4528 ut
2440 4468 2674 4529 fatetur
2700 4469 2835 4545 ipse
2871 4469 3148 4531 Savilius
3184 4472 3251 4534 in
3281 4474 3450 4533 notis

176 4569 241 4628 ι).
265 4550 408 4608 227.
462 4549 581 4609 Hic
609 4567 765 4609 vero
796 4567 1060 4626 prorsus
1091 4548 1322 4610 falsum
1350 4549 1692 4610 statuimus
1729 4569 1869 4612 esse
1904 4570 1919 4609 :
1957 4567 2104 4611 nam
2154 4550 2251 4609 ha:
2283 4549 2346 4607 in
2378 4547 2681 4609 Genesim
2704 4548 2983 4609 homilias
3011 4594 3026 4621 ,
3060 4567 3205 4626 qua:
3239 4552 3457 4613 minus

175 4633 523 4699 accurato,
554 4644 752 4708 quam
778 4629 920 4690 aliae
947 4629 1019 4708 in
1043 4634 1393 4706 utrumque
1422 4630 1908 4690 Testamentum
1935 4674 1951 4700 ,
1982 4630 2147 4708 stylo
2179 4632 2558 4708 conscriptas
2605 4633 2758 4708 sunt
2785 4672 2801 4699 ,
2835 4629 3191 4690 Antiochiae
3221 4632 3461 4692 certis-

176 4710 336 4769 sime
381 4709 612 4788 habita:
643 4707 860 4788 fuere.
901 4707 1108 4788 Hujus
1142 4709 1232 4769 rei
1262 4717 1722 4785 argumentum
1749 4707 2159 4788 perspicuum
2193 4707 2558 4788 suppeditat
2585 4707 3082 4788 Chrysostomus
3114 4709 3299 4769 initio
3329 4712 3461 4772 Ho-

173 4789 367 4848 miliaa
401 4787 481 4846 33
522 4788 587 4846 in
625 4787 950 4868 Genesim.
980 4787 1139 4868 Nam
1165 4804 1427 4868 causam
1450 4787 1896 4868 aperienscur
1924 4788 2447 4868 Homiliarumin
2477 4787 2776 4868 Genesim
2801 4804 3064 4848 cursum
3097 4793 3240 4866 post
3267 4792 3461 4868 trige-

171 4869 406 4958 simam
428 4867 777 4958 secundam
807 4867 1370 4957 interpellavisset,
1394 4867 1525 4958 haec
1551 4869 1642 4928 ait
1671 4887 1684 4925 :
1720 4867 1882 4929 Nam
1909 4876 2139 4958 sancta:
2166 4866 2530 4958 festiuitatis
2563 4866 2867 4958 adventus
2882 4868 3106 4958 seriem
3153 4868 3335 4928 nobis
3355 4866 3462 4930 in-

173 4947 553 5024 terpellavit.
586 4945 796 5025 Neque
826 4944 984 5006 enim
1022 4963 1142 5024 par
1183 4953 1339 5025 erat,
1373 4953 1442 5005 ut
1471 4945 1618 5006 dum
1646 4963 1888 5007 crucem
1921 4944 2179 5006 Domini
2216 4944 2672 5013 celebraremus,
2703 4946 2776 5006 de
2805 4945 2952 5006 aliis
2980 4965 3313 5007 sermonem
3341 4969 3460 5009 vo-

169 5022 712 5116 bis—a/Terremus‘f
730 5043 936 5115 mensa
963 5022 1165 5116 autem
1189 5022 1362 5116 vobis
1388 5025 1756 5116 opponenda
1784 5035 1913 5085 erat
1944 5026 2074 5086 suis
2101 5025 2913 5116 congruatemporibuszEt
2941 5026 3179 5086 idcirco
3208 5030 3455 5106 quando

167 5102 342 5166 venit
354 5102 500 5164 dies
533 5102 916 5184 traditionis,
940 5105 1237 5184 continua
1265 5102 1567 5184 doctrinm
1581 5105 1734 5165 serie
1761 5114 2012 5172 resecta,
2036 5102 2447 5183 praesentibus
2468 5102 2600 5184 quae
2629 5103 2933 5184 urgebant
2960 5123 3075 5164 nos
3109 5102 3458 5184 accommo—

168 5185 412 5250 dantes,
454 5184 524 5263 in
544 5183 939 5261 proditorem
965 5182 1244 5262 linguam
1273 5183 1625 5244 taxavimus
1657 5203 1677 5242 :
1704 5184 1925 5244 deinde
1951 5180 2245 5245 de_cruce
2274 5180 2495 5263 aliqud
2514 5185 2582 5244 in
2706 5180 2972 5243 medium
3051 5180 3449 5258 protulimus.

174 5265 425 5336 Postea,
442 5261 1457 5337 illucescenteResurrectionisdie,
1485 5265 1898 5324 necessarium
1927 5272 2060 5323 erat
2115 5273 2187 5324 ut
2217 5264 2289 5323 de
2331 5261 2808 5324 Resurrectione
2837 5263 3098 5322 Domini
3129 5265 3458 5326 caritatem

171 5351 440 5401 vestram
467 5342 823 5401 doceremus
853 5360 873 5398 :
910 5349 981 5420 et,
993 5341 1389 5420 sequentibus
1419 5339 1651 5408 diebus,
1670 5360 1786 5420 per
1811 5362 1879 5402 ea
1907 5344 2210 5403 miracula
2243 5361 2376 5420 qua:
2403 5351 2551 5401 tunc
2573 5341 2742 5419 facta
2765 5349 2937 5408 sunt,
2972 5345 3452 5405 resurrectionis

169 5420 620 5514 demonstratio
653 5420 880 5480 iterum
908 5419 1222 5499 afferenda
1267 5427 1401 5511 erat
1428 5439 1448 5478 :
1474 5419 1722 5514 quando
1747 5422 1933 5514 etiam
1958 5419 2405 5514 Apostolorum
2435 5421 2591 5514 {icta
2612 5421 2951 5514 emplanare
2977 5422 3286 5512 coepimus.
3314 5425 3456 5484 inde

171 5499 342 5582 nobis
366 5500 673 5582 continua
699 5511 1081 5576 opponentes
1112 5499 1421 5582 convicia,
1457 5507 1513 5558 et
1558 5499 1790 5564 crebris
1841 5499 2343 5582 quotidianisque
2372 5499 2908 5562 admonitionibus
2937 5499 3075 5567 eos,’
3095 5502 3205 5580 qui
3255 5521 3455 5581 nuper

172 5577 465 5659 baptismi
492 5579 761 5657 gratiam
791 5585 1188 5656 acceperant,
1225 5577 1644 5640 exhortantes.

517 5707 788 5765 PATBOL.
828 5703 944 5764 Gn.
994 5702 1152 5764 Llll.

3047 5701 3076 5760 1
