  <div class='ocr_page' id='page_1' title='image "/cluster/home/n/w/nwhite01/storage/ocr_20150623/53-54/hvd.32044012465829/013.png"; bbox 0 0 3752 6272; ppageno 0'>
   <div class='ocr_carea' id='block_1_1' title="bbox 361 201 3634 271">
    <p class='ocr_par' dir='ltr' id='par_1_1' title="bbox 361 201 3634 271">
     <span class='ocr_line' id='line_1_1' title="bbox 361 201 3634 271; baseline -0.005 0"><span class='ocrx_word' id='word_1_1' title='bbox 361 214 390 271; x_wconf 80' lang='lat'><strong>7</strong></span> <span class='ocrx_word' id='word_1_2' title='bbox 1788 201 2181 262; x_wconf 60' lang='grc' dir='ltr'><strong>ΡΒΑΕΡΑΤΙΟ.</strong></span> <span class='ocrx_word' id='word_1_3' title='bbox 3598 206 3634 255; x_wconf 83' lang='grc'><strong>8</strong></span> 
     </span>
    </p>
   </div>
   <div class='ocr_carea' id='block_1_2' title="bbox 446 305 3647 393">
    <p class='ocr_par' dir='ltr' id='par_1_2' title="bbox 446 305 3647 393">
     <span class='ocr_line' id='line_1_2' title="bbox 446 305 3647 393; baseline 0.004 -28"><span class='ocrx_word' id='word_1_4' title='bbox 446 305 875 393; x_wconf 64' lang='lat' dir='ltr'><strong>[laminarum</strong></span> <span class='ocrx_word' id='word_1_5' title='bbox 900 324 1055 386; x_wconf 87' lang='lat' dir='ltr'><strong>ergo</strong></span> <span class='ocrx_word' id='word_1_6' title='bbox 1091 306 1159 393; x_wconf 92' lang='lat' dir='ltr'><strong>in_</strong></span> <span class='ocrx_word' id='word_1_7' title='bbox 1189 307 1692 393; x_wconf 66' lang='lat' dir='ltr'><strong>G_enpsim,quas</strong></span> <span class='ocrx_word' id='word_1_8' title='bbox 1715 309 1782 371; x_wconf 93' lang='lat' dir='ltr'><strong>in</strong></span> <span class='ocrx_word' id='word_1_9' title='bbox 1812 311 2323 391; x_wconf 87' lang='lat' dir='ltr'><strong>Quadragesima</strong></span> <span class='ocrx_word' id='word_1_10' title='bbox 2366 310 2718 393; x_wconf 72' lang='lat' dir='ltr'><strong>habuerat,</strong></span> <span class='ocrx_word' id='word_1_11' title='bbox 2754 327 3019 374; x_wconf 86' lang='lat' dir='ltr'><strong>cursum</strong></span> <span class='ocrx_word' id='word_1_12' title='bbox 3061 305 3538 393; x_wconf 68' lang='lat' dir='ltr'><strong>interpellavit,</strong></span> <span class='ocrx_word' id='word_1_13' title='bbox 3568 323 3647 378; x_wconf 85' lang='lat' dir='ltr'><strong>ut</strong></span> 
     </span>
    </p>
   </div>
   <div class='ocr_carea' id='block_1_3' title="bbox 363 384 3642 475">
    <p class='ocr_par' dir='ltr' id='par_1_3' title="bbox 363 384 3642 475">
     <span class='ocr_line' id='line_1_3' title="bbox 363 384 3642 475; baseline 0.004 -31"><span class='ocrx_word' id='word_1_14' title='bbox 363 384 429 475; x_wconf 84' lang='lat' dir='ltr'><strong>i_n</strong></span> <span class='ocrx_word' id='word_1_15' title='bbox 461 384 1107 475; x_wconf 76' lang='lat' dir='ltr'><strong>hebdomadasancta</strong></span> <span class='ocrx_word' id='word_1_16' title='bbox 1126 386 1203 450; x_wconf 90' lang='lat' dir='ltr'><strong>de</strong></span> <span class='ocrx_word' id='word_1_17' title='bbox 1216 389 1260 475; x_wconf 86' lang='lat' dir='ltr'><strong>_J</strong></span> <span class='ocrx_word' id='word_1_18' title='bbox 1269 388 1392 475; x_wconf 87' lang='lat' dir='ltr'><strong>uda</strong></span> <span class='ocrx_word' id='word_1_19' title='bbox 1420 394 1483 475; x_wconf 88' lang='lat' dir='ltr'><strong>e_t</strong></span> <span class='ocrx_word' id='word_1_20' title='bbox 1508 384 1587 475; x_wconf 67' lang='lat' dir='ltr'><strong>de</strong></span> <span class='ocrx_word' id='word_1_21' title='bbox 1622 406 1813 475; x_wconf 74' lang='lat' dir='ltr'><strong>cruce</strong></span> <span class='ocrx_word' id='word_1_22' title='bbox 1844 384 2109 475; x_wconf 53' lang='lat' dir='ltr'><strong>ageret:</strong></span> <span class='ocrx_word' id='word_1_23' title='bbox 2133 408 2210 453; x_wconf 90' lang='lat' dir='ltr'><strong>ac</strong></span> <span class='ocrx_word' id='word_1_24' title='bbox 2239 390 2647 475; x_wconf 79' lang='lat' dir='ltr'><strong>continenter</strong></span> <span class='ocrx_word' id='word_1_25' title='bbox 2680 390 2759 451; x_wconf 90' lang='lat' dir='ltr'><strong>de</strong></span> <span class='ocrx_word' id='word_1_26' title='bbox 2787 384 3263 475; x_wconf 70' lang='lat' dir='ltr'><strong>resurrectione</strong></span> <span class='ocrx_word' id='word_1_27' title='bbox 3294 437 3311 475; x_wconf 83' lang='lat'><strong>,</strong></span> <span class='ocrx_word' id='word_1_28' title='bbox 3350 384 3642 475; x_wconf 75' lang='lat' dir='ltr'><strong>moxque</strong></span> 
     </span>
    </p>
   </div>
   <div class='ocr_carea' id='block_1_4' title="bbox 363 464 3643 551">
    <p class='ocr_par' dir='ltr' id='par_1_4' title="bbox 363 464 3643 551">
     <span class='ocr_line' id='line_1_4' title="bbox 363 464 3643 551; baseline 0.004 -28"><span class='ocrx_word' id='word_1_29' title='bbox 363 464 442 525; x_wconf 89' lang='lat' dir='ltr'><strong>de</strong></span> <span class='ocrx_word' id='word_1_30' title='bbox 482 465 1138 551; x_wconf 80' lang='lat' dir='ltr'><strong>Actis__Apos_t_olorum</strong></span> <span class='ocrx_word' id='word_1_31' title='bbox 1163 510 1180 539; x_wconf 94' lang='lat'><strong>,</strong></span> <span class='ocrx_word' id='word_1_32' title='bbox 1212 466 1598 551; x_wconf 50' lang='lat' dir='ltr'><strong>intermixtis</strong></span> <span class='ocrx_word' id='word_1_33' title='bbox 1617 464 2165 551; x_wconf 74' lang='lat' dir='ltr'><strong>admonitionibus</strong></span> <span class='ocrx_word' id='word_1_34' title='bbox 2192 470 2271 533; x_wconf 90' lang='lat' dir='ltr'><strong>ad</strong></span> <span class='ocrx_word' id='word_1_35' title='bbox 2293 487 2404 551; x_wconf 85' lang='lat' dir='ltr'><strong>eos</strong></span> <span class='ocrx_word' id='word_1_36' title='bbox 2434 470 2546 551; x_wconf 86' lang='lat' dir='ltr'><strong>qui</strong></span> <span class='ocrx_word' id='word_1_37' title='bbox 2580 487 2790 548; x_wconf 83' lang='lat' dir='ltr'><strong>nuper</strong></span> <span class='ocrx_word' id='word_1_38' title='bbox 2813 471 3113 551; x_wconf 82' lang='lat' dir='ltr'><strong>baptismi</strong></span> <span class='ocrx_word' id='word_1_39' title='bbox 3149 464 3423 551; x_wconf 77' lang='lat' dir='ltr'><strong>gratiam</strong></span> <span class='ocrx_word' id='word_1_40' title='bbox 3454 464 3643 537; x_wconf 68' lang='lat' dir='ltr'><strong>acce-</strong></span> 
     </span>
    </p>
   </div>
   <div class='ocr_carea' id='block_1_5' title="bbox 364 545 3646 637">
    <p class='ocr_par' dir='ltr' id='par_1_5' title="bbox 364 545 3646 637">
     <span class='ocr_line' id='line_1_5' title="bbox 364 545 3646 637; baseline 0.002 -27"><span class='ocrx_word' id='word_1_41' title='bbox 364 550 617 637; x_wconf 63' lang='lat' dir='ltr'><strong>perant.</strong></span> <span class='ocrx_word' id='word_1_42' title='bbox 648 545 932 606; x_wconf 84' lang='lat' dir='ltr'><strong>Homilia</strong></span> <span class='ocrx_word' id='word_1_43' title='bbox 969 562 1121 607; x_wconf 87' lang='lat' dir='ltr'><strong>vero</strong></span> <span class='ocrx_word' id='word_1_44' title='bbox 1148 546 1429 637; x_wconf 70' lang='lat' dir='ltr'><strong>secunda</strong></span> <span class='ocrx_word' id='word_1_45' title='bbox 1459 547 1536 608; x_wconf 90' lang='lat' dir='ltr'><strong>de</strong></span> <span class='ocrx_word' id='word_1_46' title='bbox 1567 548 1731 637; x_wconf 86' lang='lat' dir='ltr'><strong>Ju_da</strong></span> <span class='ocrx_word' id='word_1_47' title='bbox 1759 549 2293 637; x_wconf 18' lang='lat' dir='ltr'><strong>proditprei&#39;i‘om.</strong></span> <span class='ocrx_word' id='word_1_48' title='bbox 2322 550 2404 621; x_wconf 88' lang='lat' dir='ltr'><strong>ll,</strong></span> <span class='ocrx_word' id='word_1_49' title='bbox 2443 545 2546 637; x_wconf 76' lang='lat' dir='ltr'><strong>bis</strong></span> <span class='ocrx_word' id='word_1_50' title='bbox 2576 545 3052 637; x_wconf 71' lang='lat' dir='ltr'><strong>verbisincipit,</strong></span> <span class='ocrx_word' id='word_1_51' title='bbox 3101 545 3389 637; x_wconf 57' lang='lat' dir='ltr'><strong>Volebam</strong></span> <span class='ocrx_word' id='word_1_52' title='bbox 3415 552 3490 637; x_wconf 79' lang='lat' dir='ltr'><strong>de</strong></span> <span class='ocrx_word' id='word_1_53' title='bbox 3510 573 3646 637; x_wconf 86' lang='lat' dir='ltr'><strong>pa-</strong></span> 
     </span>
    </p>
   </div>
   <div class='ocr_carea' id='block_1_6' title="bbox 363 624 3642 710">
    <p class='ocr_par' dir='ltr' id='par_1_6' title="bbox 363 624 3642 710">
     <span class='ocr_line' id='line_1_6' title="bbox 363 624 3642 710; baseline 0.004 -27"><span class='ocrx_word' id='word_1_54' title='bbox 363 624 643 710; x_wconf 50' lang='lat' dir='ltr'><strong>triarcha</strong></span> <span class='ocrx_word' id='word_1_55' title='bbox 670 642 1277 710; x_wconf 61' lang='lat' dir='ltr'><strong>rursu_s__sermonem</strong></span> <span class='ocrx_word' id='word_1_56' title='bbox 1325 624 1542 710; x_wconf 79' lang='lat' dir='ltr'><strong>habere</strong></span> <span class='ocrx_word' id='word_1_57' title='bbox 1576 647 1596 695; x_wconf 88' lang='lat'><strong><em>;</em></strong></span> <span class='ocrx_word' id='word_1_58' title='bbox 1634 624 1885 690; x_wconf 42' lang='lat' dir='ltr'><strong>hoc-est</strong></span> <span class='ocrx_word' id='word_1_59' title='bbox 1909 674 1925 701; x_wconf 93' lang='lat'><strong>,</strong></span> <span class='ocrx_word' id='word_1_60' title='bbox 1957 630 2034 691; x_wconf 90' lang='lat' dir='ltr'><strong>de</strong></span> <span class='ocrx_word' id='word_1_61' title='bbox 2068 630 2435 710; x_wconf 80' lang='lat' dir='ltr'><strong>Abrahamo</strong></span> <span class='ocrx_word' id='word_1_62' title='bbox 2463 672 2480 702; x_wconf 93' lang='lat'><strong>,</strong></span> <span class='ocrx_word' id='word_1_63' title='bbox 2511 628 2756 710; x_wconf 83' lang='lat' dir='ltr'><strong>dequo</strong></span> <span class='ocrx_word' id='word_1_64' title='bbox 2794 629 2861 689; x_wconf 90' lang='lat' dir='ltr'><strong>in</strong></span> <span class='ocrx_word' id='word_1_65' title='bbox 2897 624 3229 710; x_wconf 78' lang='lat' dir='ltr'><strong>trigesima</strong></span> <span class='ocrx_word' id='word_1_66' title='bbox 3255 624 3538 696; x_wconf 74' lang='lat' dir='ltr'><strong>secunda</strong></span> <span class='ocrx_word' id='word_1_67' title='bbox 3568 635 3642 695; x_wconf 90' lang='lat' dir='ltr'><strong>in</strong></span> 
     </span>
    </p>
   </div>
   <div class='ocr_carea' id='block_1_7' title="bbox 363 703 3645 792">
    <p class='ocr_par' dir='ltr' id='par_1_7' title="bbox 363 703 3645 792">
     <span class='ocr_line' id='line_1_7' title="bbox 363 703 3645 792; baseline 0.003 -29"><span class='ocrx_word' id='word_1_68' title='bbox 363 703 964 792; x_wconf 79' lang='lat' dir='ltr'><strong>Genesim_ho_milia</strong></span> <span class='ocrx_word' id='word_1_69' title='bbox 1009 721 1377 792; x_wconf 77' lang='lat' dir='ltr'><strong>sermonem</strong></span> <span class='ocrx_word' id='word_1_70' title='bbox 1421 706 1777 792; x_wconf 86' lang='lat' dir='ltr'><strong>habuerat,</strong></span> <span class='ocrx_word' id='word_1_71' title='bbox 1811 713 1955 786; x_wconf 89' lang='lat' dir='ltr'><strong>post</strong></span> <span class='ocrx_word' id='word_1_72' title='bbox 1979 726 2177 786; x_wconf 89' lang='lat' dir='ltr'><strong>quam</strong></span> <span class='ocrx_word' id='word_1_73' title='bbox 2217 709 2573 792; x_wconf 82' lang='lat' dir='ltr'><strong>homiliam,</strong></span> <span class='ocrx_word' id='word_1_74' title='bbox 2606 703 2747 792; x_wconf 77' lang='lat' dir='ltr'><strong>ipsp</strong></span> <span class='ocrx_word' id='word_1_75' title='bbox 2779 703 3108 792; x_wconf 62' lang='lat' dir='ltr'><strong>narrafite,</strong></span> <span class='ocrx_word' id='word_1_76' title='bbox 3141 712 3230 792; x_wconf 79' lang='lat' dir='ltr'><strong>ab</strong></span> <span class='ocrx_word' id='word_1_77' title='bbox 3270 710 3385 771; x_wconf 91' lang='lat' dir='ltr'><strong>illo</strong></span> <span class='ocrx_word' id='word_1_78' title='bbox 3425 729 3645 792; x_wconf 34' lang='lat' dir='ltr'><strong>argue</strong></span> 
     </span>
    </p>
   </div>
   <div class='ocr_carea' id='block_1_8' title="bbox 364 783 3643 867">
    <p class='ocr_par' dir='ltr' id='par_1_8' title="bbox 364 783 3643 867">
     <span class='ocr_line' id='line_1_8' title="bbox 364 783 3643 867; baseline 0.004 -25"><span class='ocrx_word' id='word_1_79' title='bbox 364 788 579 845; x_wconf 88' lang='lat' dir='ltr'><strong>mento</strong></span> <span class='ocrx_word' id='word_1_80' title='bbox 623 784 938 844; x_wconf 83' lang='lat' dir='ltr'><strong>abstinuit</strong></span> <span class='ocrx_word' id='word_1_81' title='bbox 970 783 1404 863; x_wconf 85' lang='lat' dir='ltr'><strong>aliquantum,</strong></span> <span class='ocrx_word' id='word_1_82' title='bbox 1435 790 1510 867; x_wconf 81' lang='lat' dir='ltr'><strong>ut</strong></span> <span class='ocrx_word' id='word_1_83' title='bbox 1550 803 1749 864; x_wconf 84' lang='lat' dir='ltr'><strong>supra</strong></span> <span class='ocrx_word' id='word_1_84' title='bbox 1792 783 2181 851; x_wconf 71' lang='lat' dir='ltr'><strong>memoratas</strong></span> <span class='ocrx_word' id='word_1_85' title='bbox 2236 789 2581 849; x_wconf 73' lang='lat' dir='ltr'><strong>conciones</strong></span> <span class='ocrx_word' id='word_1_86' title='bbox 2620 783 2910 849; x_wconf 79' lang='lat' dir='ltr'><strong>haberet.</strong></span> <span class='ocrx_word' id='word_1_87' title='bbox 2966 788 3312 849; x_wconf 85' lang='lat' dir='ltr'><strong>Homiliam</strong></span> <span class='ocrx_word' id='word_1_88' title='bbox 3342 783 3537 867; x_wconf 74' lang='lat' dir='ltr'><strong>porro</strong></span> <span class='ocrx_word' id='word_1_89' title='bbox 3559 788 3643 855; x_wconf 87' lang='lat' dir='ltr'><strong>de</strong></span> 
     </span>
    </p>
   </div>
   <div class='ocr_carea' id='block_1_9' title="bbox 352 866 3646 943">
    <p class='ocr_par' dir='ltr' id='par_1_9' title="bbox 352 866 3646 943">
     <span class='ocr_line' id='line_1_9' title="bbox 352 866 3646 943; baseline 0.004 -22"><span class='ocrx_word' id='word_1_90' title='bbox 352 879 549 923; x_wconf 80' lang='lat' dir='ltr'><strong>cruce</strong></span> <span class='ocrx_word' id='word_1_91' title='bbox 600 880 796 940; x_wconf 85' lang='lat' dir='ltr'><strong>quam</strong></span> <span class='ocrx_word' id='word_1_92' title='bbox 834 880 1030 943; x_wconf 83' lang='lat' dir='ltr'><strong>supra</strong></span> <span class='ocrx_word' id='word_1_93' title='bbox 1054 872 1365 925; x_wconf 87' lang='lat' dir='ltr'><strong>memorat</strong></span> <span class='ocrx_word' id='word_1_94' title='bbox 1390 882 1473 926; x_wconf 89' lang='lat' dir='ltr'><strong>an</strong></span> <span class='ocrx_word' id='word_1_95' title='bbox 1500 866 1850 928; x_wconf 86' lang='lat' dir='ltr'><strong>habeamus</strong></span> <span class='ocrx_word' id='word_1_96' title='bbox 1889 868 2208 928; x_wconf 88' lang='lat' dir='ltr'><strong>incertum</strong></span> <span class='ocrx_word' id='word_1_97' title='bbox 2256 873 2383 939; x_wconf 86' lang='lat' dir='ltr'><strong>est;</strong></span> <span class='ocrx_word' id='word_1_98' title='bbox 2418 867 2743 928; x_wconf 90' lang='lat' dir='ltr'><strong>nescimus</strong></span> <span class='ocrx_word' id='word_1_99' title='bbox 2785 868 2953 927; x_wconf 89' lang='lat' dir='ltr'><strong>enim</strong></span> <span class='ocrx_word' id='word_1_100' title='bbox 2984 884 3068 929; x_wconf 89' lang='lat' dir='ltr'><strong>an</strong></span> <span class='ocrx_word' id='word_1_101' title='bbox 3109 885 3183 929; x_wconf 86' lang='lat' dir='ltr'><strong>ea</strong></span> <span class='ocrx_word' id='word_1_102' title='bbox 3212 866 3524 933; x_wconf 79' lang='lat' dir='ltr'><strong>alterutra</strong></span> <span class='ocrx_word' id='word_1_103' title='bbox 3554 874 3646 933; x_wconf 86' lang='lat' dir='ltr'><strong>sit</strong></span> 
     </span>
    </p>
   </div>
   <div class='ocr_carea' id='block_1_10' title="bbox 359 942 3642 1025">
    <p class='ocr_par' dir='ltr' id='par_1_10' title="bbox 359 942 3642 1025">
     <span class='ocr_line' id='line_1_10' title="bbox 359 942 3642 1025; baseline 0.004 -24"><span class='ocrx_word' id='word_1_104' title='bbox 359 958 591 1025; x_wconf 79' lang='lat' dir='ltr'><strong>earum</strong></span> <span class='ocrx_word' id='word_1_105' title='bbox 617 959 781 1020; x_wconf 90' lang='lat' dir='ltr'><strong>quas</strong></span> <span class='ocrx_word' id='word_1_106' title='bbox 814 942 1097 1025; x_wconf 80' lang='lat' dir='ltr'><strong>secundo</strong></span> <span class='ocrx_word' id='word_1_107' title='bbox 1122 944 1323 1025; x_wconf 82' lang='lat' dir='ltr'><strong>Tomo</strong></span> <span class='ocrx_word' id='word_1_108' title='bbox 1350 945 1687 1006; x_wconf 89' lang='lat' dir='ltr'><strong>edidimus.</strong></span> <span class='ocrx_word' id='word_1_109' title='bbox 1739 946 2025 1009; x_wconf 88' lang='lat' dir='ltr'><strong>Homilia</strong></span> <span class='ocrx_word' id='word_1_110' title='bbox 2058 964 2211 1008; x_wconf 91' lang='lat' dir='ltr'><strong>vero</strong></span> <span class='ocrx_word' id='word_1_111' title='bbox 2241 947 2317 1007; x_wconf 90' lang='lat' dir='ltr'><strong>de</strong></span> <span class='ocrx_word' id='word_1_112' title='bbox 2345 946 2821 1009; x_wconf 88' lang='lat' dir='ltr'><strong>resurrectione</strong></span> <span class='ocrx_word' id='word_1_113' title='bbox 2847 963 3044 1025; x_wconf 91' lang='lat' dir='ltr'><strong>quam</strong></span> <span class='ocrx_word' id='word_1_114' title='bbox 3080 947 3393 1008; x_wconf 86' lang='lat' dir='ltr'><strong>edidimus</strong></span> <span class='ocrx_word' id='word_1_115' title='bbox 3431 952 3642 1013; x_wconf 89' lang='lat' dir='ltr'><strong>Tomo</strong></span> 
     </span>
    </p>
   </div>
   <div class='ocr_carea' id='block_1_11' title="bbox 355 1020 3639 1113">
    <p class='ocr_par' dir='ltr' id='par_1_11' title="bbox 355 1020 3639 1113">
     <span class='ocr_line' id='line_1_11' title="bbox 355 1020 3639 1113; baseline 0.003 -33"><span class='ocrx_word' id='word_1_116' title='bbox 355 1020 639 1113; x_wconf 69' lang='lat' dir='ltr'><strong>secundo</strong></span> <span class='ocrx_word' id='word_1_117' title='bbox 686 1039 831 1113; x_wconf 69' lang='lat' dir='ltr'><strong>quae</strong></span> <span class='ocrx_word' id='word_1_118' title='bbox 882 1022 1056 1113; x_wconf 78' lang='lat' dir='ltr'><strong>hunc</strong></span> <span class='ocrx_word' id='word_1_119' title='bbox 1114 1023 1373 1113; x_wconf 70' lang='lat' dir='ltr'><strong>titulum</strong></span> <span class='ocrx_word' id='word_1_120' title='bbox 1430 1025 1663 1094; x_wconf 88' lang='lat' dir='ltr'><strong>habet,</strong></span> <span class='ocrx_word' id='word_1_121' title='bbox 1704 1034 1936 1113; x_wconf 77' lang='lat' dir='ltr'><strong>contra</strong></span> <span class='ocrx_word' id='word_1_122' title='bbox 1992 1026 2305 1113; x_wconf 70' lang='lat' dir='ltr'><strong>Ebriasos</strong></span> <span class='ocrx_word' id='word_1_123' title='bbox 2343 1036 2414 1113; x_wconf 81' lang='lat' dir='ltr'><strong>_e_t</strong></span> <span class='ocrx_word' id='word_1_124' title='bbox 2460 1027 2535 1087; x_wconf 90' lang='lat' dir='ltr'><strong>de</strong></span> <span class='ocrx_word' id='word_1_125' title='bbox 2588 1020 3064 1113; x_wconf 70' lang='lat' dir='ltr'><strong>Resurrectione</strong></span> <span class='ocrx_word' id='word_1_126' title='bbox 3095 1027 3283 1113; x_wconf 85' lang='lat' dir='ltr'><strong>;_ill_a,</strong></span> <span class='ocrx_word' id='word_1_127' title='bbox 3337 1028 3639 1113; x_wconf 66' lang='lat' dir='ltr'><strong>inquam,</strong></span> 
     </span>
    </p>
   </div>
   <div class='ocr_carea' id='block_1_12' title="bbox 354 1099 3641 1184">
    <p class='ocr_par' dir='ltr' id='par_1_12' title="bbox 354 1099 3641 1184">
     <span class='ocr_line' id='line_1_12' title="bbox 354 1099 3641 1184; baseline 0.004 -26"><span class='ocrx_word' id='word_1_128' title='bbox 354 1099 620 1161; x_wconf 78' lang='lat' dir='ltr'><strong>‘homilia</strong></span> <span class='ocrx_word' id='word_1_129' title='bbox 653 1100 879 1184; x_wconf 85' lang='lat' dir='ltr'><strong>eadem</strong></span> <span class='ocrx_word' id='word_1_130' title='bbox 922 1101 1062 1184; x_wconf 84' lang='lat' dir='ltr'><strong>ipsa</strong></span> <span class='ocrx_word' id='word_1_131' title='bbox 1091 1108 1359 1184; x_wconf 65' lang='lat' dir='ltr'><strong>estquae</strong></span> <span class='ocrx_word' id='word_1_132' title='bbox 1409 1111 1803 1166; x_wconf 86' lang='lat' dir='ltr'><strong>memoratur</strong></span> <span class='ocrx_word' id='word_1_133' title='bbox 1841 1124 2041 1184; x_wconf 86' lang='lat' dir='ltr'><strong>supra</strong></span> <span class='ocrx_word' id='word_1_134' title='bbox 2072 1108 2137 1167; x_wconf 92' lang='lat' dir='ltr'><strong>in</strong></span> <span class='ocrx_word' id='word_1_135' title='bbox 2167 1107 2310 1168; x_wconf 91' lang='lat' dir='ltr'><strong>loco</strong></span> <span class='ocrx_word' id='word_1_136' title='bbox 2340 1107 2475 1180; x_wconf 91' lang='lat' dir='ltr'><strong>illo,</strong></span> <span class='ocrx_word' id='word_1_137' title='bbox 2508 1124 2590 1165; x_wconf 84' lang='lat' dir='ltr'><strong>ex</strong></span> <span class='ocrx_word' id='word_1_138' title='bbox 2622 1105 2949 1184; x_wconf 86' lang='lat' dir='ltr'><strong>trigesima</strong></span> <span class='ocrx_word' id='word_1_139' title='bbox 2985 1107 3172 1167; x_wconf 88' lang='lat' dir='ltr'><strong>tertia</strong></span> <span class='ocrx_word' id='word_1_140' title='bbox 3216 1107 3281 1165; x_wconf 91' lang='lat' dir='ltr'><strong>in</strong></span> <span class='ocrx_word' id='word_1_141' title='bbox 3335 1099 3641 1171; x_wconf 78' lang='lat' dir='ltr'><strong>Genesim</strong></span> 
     </span>
    </p>
   </div>
   <div class='ocr_carea' id='block_1_13' title="bbox 359 1180 3639 1259">
    <p class='ocr_par' dir='ltr' id='par_1_13' title="bbox 359 1180 3639 1259">
     <span class='ocr_line' id='line_1_13' title="bbox 359 1180 3639 1259; baseline 0.004 -20"><span class='ocrx_word' id='word_1_142' title='bbox 359 1183 687 1257; x_wconf 77' lang='lat' dir='ltr'><strong>excerpto,</strong></span> <span class='ocrx_word' id='word_1_143' title='bbox 711 1180 884 1258; x_wconf 90' lang='lat' dir='ltr'><strong>quod</strong></span> <span class='ocrx_word' id='word_1_144' title='bbox 924 1182 1019 1241; x_wconf 88' lang='lat' dir='ltr'><strong>sic</strong></span> <span class='ocrx_word' id='word_1_145' title='bbox 1070 1180 1396 1242; x_wconf 86' lang='lat' dir='ltr'><strong>evidenter</strong></span> <span class='ocrx_word' id='word_1_146' title='bbox 1424 1185 1759 1259; x_wconf 88' lang='lat' dir='ltr'><strong>probatur.</strong></span> <span class='ocrx_word' id='word_1_147' title='bbox 1798 1185 1871 1246; x_wconf 92' lang='lat' dir='ltr'><strong>In</strong></span> <span class='ocrx_word' id='word_1_148' title='bbox 1918 1180 2040 1247; x_wconf 75' lang='lat' dir='ltr'><strong>hac</strong></span> <span class='ocrx_word' id='word_1_149' title='bbox 2085 1185 2163 1246; x_wconf 90' lang='lat' dir='ltr'><strong>de</strong></span> <span class='ocrx_word' id='word_1_150' title='bbox 2212 1185 2688 1247; x_wconf 87' lang='lat' dir='ltr'><strong>resurrectione</strong></span> <span class='ocrx_word' id='word_1_151' title='bbox 2712 1180 3029 1257; x_wconf 57' lang='lat' dir='ltr'><strong>&#39;homilia,</strong></span> <span class='ocrx_word' id='word_1_152' title='bbox 3060 1186 3168 1246; x_wconf 88' lang='lat' dir='ltr'><strong>ubi</strong></span> <span class='ocrx_word' id='word_1_153' title='bbox 3201 1186 3279 1245; x_wconf 91' lang='lat' dir='ltr'><strong>de</strong></span> <span class='ocrx_word' id='word_1_154' title='bbox 3321 1188 3639 1251; x_wconf 87' lang='lat' dir='ltr'><strong>ebrietate</strong></span> 
     </span>
    </p>
   </div>
   <div class='ocr_carea' id='block_1_14' title="bbox 358 1259 3642 1335">
    <p class='ocr_par' dir='ltr' id='par_1_14' title="bbox 358 1259 3642 1335">
     <span class='ocr_line' id='line_1_14' title="bbox 358 1259 3642 1335; baseline 0.003 -16"><span class='ocrx_word' id='word_1_155' title='bbox 358 1259 560 1321; x_wconf 87' lang='lat' dir='ltr'><strong>multa</strong></span> <span class='ocrx_word' id='word_1_156' title='bbox 591 1260 907 1332; x_wconf 78' lang='lat' dir='ltr'><strong>edisserit,</strong></span> <span class='ocrx_word' id='word_1_157' title='bbox 941 1261 1074 1321; x_wconf 67' lang='lat' dir='ltr'><strong>haec</strong></span> <span class='ocrx_word' id='word_1_158' title='bbox 1102 1263 1193 1322; x_wconf 89' lang='lat' dir='ltr'><strong>ait</strong></span> <span class='ocrx_word' id='word_1_159' title='bbox 1226 1279 1378 1320; x_wconf 92' lang='lat' dir='ltr'><strong>num</strong></span> <span class='ocrx_word' id='word_1_160' title='bbox 1436 1263 1465 1321; x_wconf 84' lang='lat'><strong>1</strong></span> <span class='ocrx_word' id='word_1_161' title='bbox 1504 1261 2065 1326; x_wconf 63' lang='lat' dir='ltr'><strong>:Abstineamustb</strong></span> <span class='ocrx_word' id='word_1_162' title='bbox 2093 1264 2378 1326; x_wconf 81' lang='lat' dir='ltr'><strong>ebrietate</strong></span> <span class='ocrx_word' id='word_1_163' title='bbox 2412 1284 2429 1325; x_wconf 89' lang='lat'><strong>:</strong></span> <span class='ocrx_word' id='word_1_164' title='bbox 2464 1282 2594 1324; x_wconf 85' lang='lat' dir='ltr'><strong>non</strong></span> <span class='ocrx_word' id='word_1_165' title='bbox 2619 1264 2784 1331; x_wconf 87' lang='lat' dir='ltr'><strong>dico,</strong></span> <span class='ocrx_word' id='word_1_166' title='bbox 2814 1262 3224 1326; x_wconf 77' lang='lat' dir='ltr'><strong>abstineamus</strong></span> <span class='ocrx_word' id='word_1_167' title='bbox 3253 1285 3290 1325; x_wconf 91' lang='lat' dir='ltr'><strong>a</strong></span> <span class='ocrx_word' id='word_1_168' title='bbox 3312 1267 3483 1335; x_wconf 83' lang='lat' dir='ltr'><strong>vino,</strong></span> <span class='ocrx_word' id='word_1_169' title='bbox 3529 1266 3642 1330; x_wconf 80' lang='lat' dir='ltr'><strong>sed</strong></span> 
     </span>
    </p>
   </div>
   <div class='ocr_carea' id='block_1_15' title="bbox 359 1337 3641 1423">
    <p class='ocr_par' dir='ltr' id='par_1_15' title="bbox 359 1337 3641 1423">
     <span class='ocr_line' id='line_1_15' title="bbox 359 1337 3641 1423; baseline 0.003 -25"><span class='ocrx_word' id='word_1_170' title='bbox 359 1338 434 1398; x_wconf 79' lang='lat' dir='ltr'><strong>ub</strong></span> <span class='ocrx_word' id='word_1_171' title='bbox 463 1338 757 1423; x_wconf 73' lang='lat' dir='ltr'><strong>ebrietate</strong></span> <span class='ocrx_word' id='word_1_172' title='bbox 775 1337 1228 1423; x_wconf 52' lang='lat' dir='ltr'><strong>abstineamus;</strong></span> <span class='ocrx_word' id='word_1_173' title='bbox 1256 1359 1384 1400; x_wconf 87' lang='lat' dir='ltr'><strong>non</strong></span> <span class='ocrx_word' id='word_1_174' title='bbox 1404 1342 1619 1404; x_wconf 82' lang='lat' dir='ltr'><strong>vinum</strong></span> <span class='ocrx_word' id='word_1_175' title='bbox 1642 1342 1833 1421; x_wconf 80' lang='lat' dir='ltr'><strong>efﬁcit</strong></span> <span class='ocrx_word' id='word_1_176' title='bbox 1864 1342 2211 1423; x_wconf 82' lang='lat' dir='ltr'><strong>ebrietatem</strong></span> <span class='ocrx_word' id='word_1_177' title='bbox 2238 1362 2253 1401; x_wconf 92' lang='lat'><strong>:</strong></span> <span class='ocrx_word' id='word_1_178' title='bbox 2292 1352 2379 1403; x_wconf 89' lang='lat' dir='ltr'><strong>est</strong></span> <span class='ocrx_word' id='word_1_179' title='bbox 2412 1344 2572 1404; x_wconf 82' lang='lat' dir='ltr'><strong>enim</strong></span> <span class='ocrx_word' id='word_1_180' title='bbox 2600 1344 2717 1404; x_wconf 81' lang='lat' dir='ltr'><strong>Dei</strong></span> <span class='ocrx_word' id='word_1_181' title='bbox 2742 1352 3053 1411; x_wconf 85' lang='lat' dir='ltr'><strong>creatura;</strong></span> <span class='ocrx_word' id='word_1_182' title='bbox 3085 1345 3204 1406; x_wconf 85' lang='lat' dir='ltr'><strong>Dei</strong></span> <span class='ocrx_word' id='word_1_183' title='bbox 3220 1362 3421 1423; x_wconf 87' lang='lat' dir='ltr'><strong>porro</strong></span> <span class='ocrx_word' id='word_1_184' title='bbox 3454 1365 3641 1407; x_wconf 82' lang='lat' dir='ltr'><strong>crea-</strong></span> 
     </span>
    </p>
   </div>
   <div class='ocr_carea' id='block_1_16' title="bbox 354 1421 3633 1504">
    <p class='ocr_par' dir='ltr' id='par_1_16' title="bbox 354 1421 3633 1504">
     <span class='ocr_line' id='line_1_16' title="bbox 354 1421 3633 1504; baseline 0 -16"><span class='ocrx_word' id='word_1_185' title='bbox 354 1440 499 1488; x_wconf 81' lang='lat' dir='ltr'><strong>tura</strong></span> <span class='ocrx_word' id='word_1_186' title='bbox 522 1422 683 1486; x_wconf 77' lang='lat' dir='ltr'><strong>nihil</strong></span> <span class='ocrx_word' id='word_1_187' title='bbox 712 1423 900 1504; x_wconf 78' lang='lat' dir='ltr'><strong>efﬁcit</strong></span> <span class='ocrx_word' id='word_1_188' title='bbox 925 1423 1093 1504; x_wconf 77' lang='lat' dir='ltr'><strong>mali,</strong></span> <span class='ocrx_word' id='word_1_189' title='bbox 1113 1421 1236 1504; x_wconf 68' lang='lat' dir='ltr'><strong>sed</strong></span> <span class='ocrx_word' id='word_1_190' title='bbox 1257 1424 1547 1504; x_wconf 75' lang='lat' dir='ltr'><strong>voluntas</strong></span> <span class='ocrx_word' id='word_1_191' title='bbox 1577 1426 1851 1504; x_wconf 82' lang='lat' dir='ltr'><strong>maligna</strong></span> <span class='ocrx_word' id='word_1_192' title='bbox 1881 1423 2070 1504; x_wconf 72' lang='lat' dir='ltr'><strong>efﬁcit</strong></span> <span class='ocrx_word' id='word_1_193' title='bbox 2101 1422 2471 1504; x_wconf 79' lang='lat' dir='ltr'><strong>ebrietatem.</strong></span> <span class='ocrx_word' id='word_1_194' title='bbox 2508 1425 2654 1484; x_wconf 66' lang='lat' dir='ltr'><strong>Haec</strong></span> <span class='ocrx_word' id='word_1_195' title='bbox 2682 1430 2894 1504; x_wconf 79' lang='lat' dir='ltr'><strong>autem</strong></span> <span class='ocrx_word' id='word_1_196' title='bbox 2920 1430 3116 1488; x_wconf 90' lang='lat' dir='ltr'><strong>verba</strong></span> <span class='ocrx_word' id='word_1_197' title='bbox 3170 1421 3329 1489; x_wconf 57' lang='lat' dir='ltr'><strong>mire</strong></span> <span class='ocrx_word' id='word_1_198' title='bbox 3376 1445 3633 1489; x_wconf 86' lang='lat' dir='ltr'><strong>conso-</strong></span> 
     </span>
    </p>
   </div>
   <div class='ocr_carea' id='block_1_17' title="bbox 351 1500 3631 1578">
    <p class='ocr_par' dir='ltr' id='par_1_17' title="bbox 351 1500 3631 1578">
     <span class='ocr_line' id='line_1_17' title="bbox 351 1500 3631 1578; baseline 0.001 -12"><span class='ocrx_word' id='word_1_199' title='bbox 351 1511 510 1567; x_wconf 90' lang='lat' dir='ltr'><strong>nant</strong></span> <span class='ocrx_word' id='word_1_200' title='bbox 564 1519 708 1565; x_wconf 86' lang='lat' dir='ltr'><strong>cum</strong></span> <span class='ocrx_word' id='word_1_201' title='bbox 743 1500 878 1563; x_wconf 81' lang='lat' dir='ltr'><strong>illis</strong></span> <span class='ocrx_word' id='word_1_202' title='bbox 933 1501 1275 1563; x_wconf 84' lang='lat' dir='ltr'><strong>Concionis</strong></span> <span class='ocrx_word' id='word_1_203' title='bbox 1320 1501 1540 1578; x_wconf 70' lang='lat' dir='ltr'><strong>prima:</strong></span> <span class='ocrx_word' id='word_1_204' title='bbox 1603 1500 1668 1560; x_wconf 91' lang='lat' dir='ltr'><strong>in</strong></span> <span class='ocrx_word' id='word_1_205' title='bbox 1736 1500 2118 1578; x_wconf 87' lang='lat' dir='ltr'><strong>principium</strong></span> <span class='ocrx_word' id='word_1_206' title='bbox 2174 1502 2478 1561; x_wconf 81' lang='lat' dir='ltr'><strong>Actorum</strong></span> <span class='ocrx_word' id='word_1_207' title='bbox 2525 1546 2540 1572; x_wconf 92' lang='lat'><strong>,</strong></span> <span class='ocrx_word' id='word_1_208' title='bbox 2610 1503 2777 1563; x_wconf 89' lang='lat' dir='ltr'><strong>tertii</strong></span> <span class='ocrx_word' id='word_1_209' title='bbox 2836 1504 3015 1563; x_wconf 89' lang='lat' dir='ltr'><strong>Tomi</strong></span> <span class='ocrx_word' id='word_1_210' title='bbox 3092 1522 3267 1564; x_wconf 91' lang='lat' dir='ltr'><strong>num.</strong></span> <span class='ocrx_word' id='word_1_211' title='bbox 3324 1509 3358 1563; x_wconf 77' lang='lat'><strong>2</strong></span> <span class='ocrx_word' id='word_1_212' title='bbox 3404 1526 3418 1564; x_wconf 88' lang='lat'><strong>:</strong></span> <span class='ocrx_word' id='word_1_213' title='bbox 3481 1508 3631 1577; x_wconf 78' lang='lat' dir='ltr'><strong>Non</strong></span> 
     </span>
    </p>
   </div>
   <div class='ocr_carea' id='block_1_18' title="bbox 354 1576 3631 1663">
    <p class='ocr_par' dir='ltr' id='par_1_18' title="bbox 354 1576 3631 1663">
     <span class='ocr_line' id='line_1_18' title="bbox 354 1576 3631 1663; baseline 0 -18"><span class='ocrx_word' id='word_1_214' title='bbox 354 1593 502 1663; x_wconf 86' lang='lat' dir='ltr'><strong>sunt</strong></span> <span class='ocrx_word' id='word_1_215' title='bbox 532 1583 738 1663; x_wconf 82' lang='lat' dir='ltr'><strong>igitur</strong></span> <span class='ocrx_word' id='word_1_216' title='bbox 761 1582 990 1643; x_wconf 86' lang='lat' dir='ltr'><strong>malum</strong></span> <span class='ocrx_word' id='word_1_217' title='bbox 1018 1580 1279 1663; x_wconf 66' lang='lat' dir='ltr'><strong>divitiae,</strong></span> <span class='ocrx_word' id='word_1_218' title='bbox 1312 1576 1417 1640; x_wconf 76' lang='lat' dir='ltr'><strong>sed</strong></span> <span class='ocrx_word' id='word_1_219' title='bbox 1442 1576 1806 1663; x_wconf 77' lang='lat' dir='ltr'><strong>iliegitimus</strong></span> <span class='ocrx_word' id='word_1_220' title='bbox 1836 1576 2043 1638; x_wconf 80' lang='lat' dir='ltr'><strong>eorum</strong></span> <span class='ocrx_word' id='word_1_221' title='bbox 2070 1598 2221 1639; x_wconf 86' lang='lat' dir='ltr'><strong>usus</strong></span> <span class='ocrx_word' id='word_1_222' title='bbox 2252 1589 2339 1663; x_wconf 77' lang='lat' dir='ltr'><strong>est</strong></span> <span class='ocrx_word' id='word_1_223' title='bbox 2365 1580 2616 1641; x_wconf 90' lang='lat' dir='ltr'><strong>malum.</strong></span> <span class='ocrx_word' id='word_1_224' title='bbox 2660 1582 2757 1663; x_wconf 63' lang='lat' dir='ltr'><strong>Et</strong></span> <span class='ocrx_word' id='word_1_225' title='bbox 2782 1582 2946 1663; x_wconf 75' lang='lat' dir='ltr'><strong>sicut</strong></span> <span class='ocrx_word' id='word_1_226' title='bbox 2999 1601 3199 1661; x_wconf 85' lang='lat' dir='ltr'><strong>nuper</strong></span> <span class='ocrx_word' id='word_1_227' title='bbox 3238 1584 3310 1644; x_wconf 88' lang='lat' dir='ltr'><strong>de</strong></span> <span class='ocrx_word' id='word_1_228' title='bbox 3335 1576 3631 1648; x_wconf 78' lang='lat' dir='ltr'><strong>ebrietate</strong></span> 
     </span>
    </p>
   </div>
   <div class='ocr_carea' id='block_1_19' title="bbox 349 1657 3597 1743">
    <p class='ocr_par' dir='ltr' id='par_1_19' title="bbox 349 1657 3597 1743">
     <span class='ocr_line' id='line_1_19' title="bbox 349 1657 3597 1743; baseline 0 -19"><span class='ocrx_word' id='word_1_229' title='bbox 349 1662 534 1725; x_wconf 80' lang='lat' dir='ltr'><strong>verba</strong></span> <span class='ocrx_word' id='word_1_230' title='bbox 563 1657 817 1743; x_wconf 53' lang='lat' dir='ltr'><strong>&#39;faciens</strong></span> <span class='ocrx_word' id='word_1_231' title='bbox 860 1678 989 1721; x_wconf 85' lang='lat' dir='ltr'><strong>non</strong></span> <span class='ocrx_word' id='word_1_232' title='bbox 1014 1660 1231 1743; x_wconf 67' lang='lat' dir='ltr'><strong>uinum</strong></span> <span class='ocrx_word' id='word_1_233' title='bbox 1258 1657 1653 1743; x_wconf 68' lang='lat' dir='ltr'><strong>accusabam;</strong></span> <span class='ocrx_word' id='word_1_234' title='bbox 1684 1658 1909 1737; x_wconf 84' lang='lat' dir='ltr'><strong>quippe</strong></span> <span class='ocrx_word' id='word_1_235' title='bbox 1935 1659 2295 1743; x_wconf 60' lang='lat' dir='ltr'><strong>cumpmnis</strong></span> <span class='ocrx_word' id='word_1_236' title='bbox 2326 1668 2613 1721; x_wconf 84' lang='lat' dir='ltr'><strong>creatura</strong></span> <span class='ocrx_word' id='word_1_237' title='bbox 2644 1662 2760 1743; x_wconf 84' lang='lat' dir='ltr'><strong>Dei</strong></span> <span class='ocrx_word' id='word_1_238' title='bbox 2787 1660 2951 1743; x_wconf 87' lang='lat' dir='ltr'><strong>bona</strong></span> <span class='ocrx_word' id='word_1_239' title='bbox 2982 1657 3101 1743; x_wconf 39' lang='lat' dir='ltr'><strong>sit,“</strong></span> <span class='ocrx_word' id='word_1_240' title='bbox 3121 1680 3255 1742; x_wconf 79' lang='lat' dir='ltr'><strong>qua:</strong></span> <span class='ocrx_word' id='word_1_241' title='bbox 3298 1682 3434 1743; x_wconf 86' lang='lat' dir='ltr'><strong>cum</strong></span> <span class='ocrx_word' id='word_1_242' title='bbox 3460 1682 3597 1742; x_wconf 81' lang='lat' dir='ltr'><strong>gra-</strong></span> 
     </span>
    </p>
   </div>
   <div class='ocr_carea' id='block_1_20' title="bbox 350 1737 3615 1821">
    <p class='ocr_par' dir='ltr' id='par_1_20' title="bbox 350 1737 3615 1821">
     <span class='ocr_line' id='line_1_20' title="bbox 350 1737 3615 1821; baseline 0.001 -17"><span class='ocrx_word' id='word_1_243' title='bbox 350 1737 851 1806; x_wconf 44' lang='lat' dir='ltr'><strong>tiarum&#39;actione</strong></span> <span class='ocrx_word' id='word_1_244' title='bbox 874 1739 1233 1821; x_wconf 82' lang='lat' dir='ltr'><strong>percipitur</strong></span> <span class='ocrx_word' id='word_1_245' title='bbox 1266 1760 1286 1799; x_wconf 91' lang='lat'><strong><em>:</em></strong></span> <span class='ocrx_word' id='word_1_246' title='bbox 1314 1737 1419 1799; x_wconf 83' lang='lat' dir='ltr'><strong>sed</strong></span> <span class='ocrx_word' id='word_1_247' title='bbox 1444 1738 1671 1821; x_wconf 79' lang='lat' dir='ltr'><strong>malum</strong></span> <span class='ocrx_word' id='word_1_248' title='bbox 1691 1756 1896 1805; x_wconf 83' lang='lat' dir='ltr'><strong>usum,</strong></span> <span class='ocrx_word' id='word_1_249' title='bbox 1929 1743 2052 1821; x_wconf 82' lang='lat' dir='ltr'><strong>etc.</strong></span> <span class='ocrx_word' id='word_1_250' title='bbox 2072 1737 2227 1821; x_wconf 59' lang='lat' dir='ltr'><strong>Haec</strong></span> <span class='ocrx_word' id='word_1_251' title='bbox 2247 1737 2465 1821; x_wconf 86' lang='lat' dir='ltr'><strong>itaque</strong></span> <span class='ocrx_word' id='word_1_252' title='bbox 2487 1740 2711 1801; x_wconf 88' lang='lat' dir='ltr'><strong>concio</strong></span> <span class='ocrx_word' id='word_1_253' title='bbox 2733 1786 2749 1814; x_wconf 95' lang='lat'><strong>,</strong></span> <span class='ocrx_word' id='word_1_254' title='bbox 2785 1747 2858 1821; x_wconf 86' lang='lat' dir='ltr'><strong>ut</strong></span> <span class='ocrx_word' id='word_1_255' title='bbox 2885 1742 3062 1812; x_wconf 91' lang='lat' dir='ltr'><strong>illud,</strong></span> <span class='ocrx_word' id='word_1_256' title='bbox 3102 1737 3323 1821; x_wconf 77' lang='lat' dir='ltr'><strong>nuper,</strong></span> <span class='ocrx_word' id='word_1_257' title='bbox 3357 1737 3615 1818; x_wconf 58' lang='lat' dir='ltr'><strong>indicat,</strong></span> 
     </span>
    </p>
   </div>
   <div class='ocr_carea' id='block_1_21' title="bbox 350 1817 3621 1899">
    <p class='ocr_par' dir='ltr' id='par_1_21' title="bbox 350 1817 3621 1899">
     <span class='ocr_line' id='line_1_21' title="bbox 350 1817 3621 1899; baseline 0 -17"><span class='ocrx_word' id='word_1_258' title='bbox 350 1823 569 1885; x_wconf 91' lang='lat' dir='ltr'><strong>habita</strong></span> <span class='ocrx_word' id='word_1_259' title='bbox 600 1821 718 1881; x_wconf 81' lang='lat' dir='ltr'><strong>fuit</strong></span> <span class='ocrx_word' id='word_1_260' title='bbox 747 1817 969 1898; x_wconf 75' lang='lat' dir='ltr'><strong>paucis</strong></span> <span class='ocrx_word' id='word_1_261' title='bbox 1000 1817 1223 1878; x_wconf 86' lang='lat' dir='ltr'><strong>diebus</strong></span> <span class='ocrx_word' id='word_1_262' title='bbox 1255 1822 1401 1899; x_wconf 92' lang='lat' dir='ltr'><strong>post</strong></span> <span class='ocrx_word' id='word_1_263' title='bbox 1446 1817 1624 1899; x_wconf 83' lang='lat' dir='ltr'><strong>illam</strong></span> <span class='ocrx_word' id='word_1_264' title='bbox 1668 1821 1894 1899; x_wconf 66' lang='lat' dir='ltr'><strong>coaira</strong></span> <span class='ocrx_word' id='word_1_265' title='bbox 1934 1818 2238 1899; x_wconf 75' lang='lat' dir='ltr'><strong>ebriosos</strong></span> <span class='ocrx_word' id='word_1_266' title='bbox 2284 1823 2347 1899; x_wconf 71' lang='lat' dir='ltr'><strong>et</strong></span> <span class='ocrx_word' id='word_1_267' title='bbox 2388 1818 2465 1878; x_wconf 89' lang='lat' dir='ltr'><strong>de</strong></span> <span class='ocrx_word' id='word_1_268' title='bbox 2495 1819 3011 1899; x_wconf 84' lang='lat' dir='ltr'><strong>resurrectione,</strong></span> <span class='ocrx_word' id='word_1_269' title='bbox 3044 1821 3106 1880; x_wconf 92' lang='lat' dir='ltr'><strong>id</strong></span> <span class='ocrx_word' id='word_1_270' title='bbox 3149 1817 3322 1899; x_wconf 76' lang='lat' dir='ltr'><strong>quod</strong></span> <span class='ocrx_word' id='word_1_271' title='bbox 3351 1817 3621 1884; x_wconf 81' lang='lat' dir='ltr'><strong>miriﬁce</strong></span> 
     </span>
    </p>
   </div>
   <div class='ocr_carea' id='block_1_22' title="bbox 347 1896 3623 1976">
    <p class='ocr_par' dir='ltr' id='par_1_22' title="bbox 347 1896 3623 1976">
     <span class='ocr_line' id='line_1_22' title="bbox 347 1896 3623 1976; baseline -0.001 -13"><span class='ocrx_word' id='word_1_272' title='bbox 347 1907 665 1963; x_wconf 88' lang='lat' dir='ltr'><strong>consonat</strong></span> <span class='ocrx_word' id='word_1_273' title='bbox 690 1896 835 1959; x_wconf 81' lang='lat' dir='ltr'><strong>cum</strong></span> <span class='ocrx_word' id='word_1_274' title='bbox 879 1899 991 1958; x_wconf 93' lang='lat' dir='ltr'><strong>illo</strong></span> <span class='ocrx_word' id='word_1_275' title='bbox 1031 1915 1230 1976; x_wconf 91' lang='lat' dir='ltr'><strong>supra</strong></span> <span class='ocrx_word' id='word_1_276' title='bbox 1254 1896 1450 1959; x_wconf 85' lang='lat' dir='ltr'><strong>allato</strong></span> <span class='ocrx_word' id='word_1_277' title='bbox 1482 1897 1625 1976; x_wconf 87' lang='lat' dir='ltr'><strong>loco</strong></span> <span class='ocrx_word' id='word_1_278' title='bbox 1648 1914 1727 1957; x_wconf 84' lang='lat' dir='ltr'><strong>ex</strong></span> <span class='ocrx_word' id='word_1_279' title='bbox 1758 1896 2040 1958; x_wconf 87' lang='lat' dir='ltr'><strong>Homilia</strong></span> <span class='ocrx_word' id='word_1_280' title='bbox 2064 1896 2142 1955; x_wconf 90' lang='lat'><strong>33</strong></span> <span class='ocrx_word' id='word_1_281' title='bbox 2180 1896 2247 1956; x_wconf 90' lang='lat' dir='ltr'><strong>in</strong></span> <span class='ocrx_word' id='word_1_282' title='bbox 2293 1896 2593 1958; x_wconf 89' lang='lat' dir='ltr'><strong>Genesim</strong></span> <span class='ocrx_word' id='word_1_283' title='bbox 2643 1918 2659 1958; x_wconf 90' lang='lat'><strong>:</strong></span> <span class='ocrx_word' id='word_1_284' title='bbox 2688 1898 2915 1960; x_wconf 81' lang='lat' dir='ltr'><strong>Postea</strong></span> <span class='ocrx_word' id='word_1_285' title='bbox 2965 1896 3360 1961; x_wconf 73' lang='lat' dir='ltr'><strong>illucescente</strong></span> <span class='ocrx_word' id='word_1_286' title='bbox 3387 1902 3623 1962; x_wconf 86' lang='lat' dir='ltr'><strong>Resur-</strong></span> 
     </span>
    </p>
   </div>
   <div class='ocr_carea' id='block_1_23' title="bbox 346 1975 3623 2049">
    <p class='ocr_par' dir='ltr' id='par_1_23' title="bbox 346 1975 3623 2049">
     <span class='ocr_line' id='line_1_23' title="bbox 346 1975 3623 2049; baseline 0 -10"><span class='ocrx_word' id='word_1_287' title='bbox 346 1981 642 2041; x_wconf 85' lang='lat' dir='ltr'><strong>rcctionis</strong></span> <span class='ocrx_word' id='word_1_288' title='bbox 672 1979 793 2049; x_wconf 87' lang='lat' dir='ltr'><strong>die,</strong></span> <span class='ocrx_word' id='word_1_289' title='bbox 822 1975 1239 2037; x_wconf 86' lang='lat' dir='ltr'><strong>necessarium</strong></span> <span class='ocrx_word' id='word_1_290' title='bbox 1271 1985 1403 2037; x_wconf 89' lang='lat' dir='ltr'><strong>erat</strong></span> <span class='ocrx_word' id='word_1_291' title='bbox 1422 1984 1493 2037; x_wconf 86' lang='lat' dir='ltr'><strong>ut</strong></span> <span class='ocrx_word' id='word_1_292' title='bbox 1516 1975 1588 2034; x_wconf 87' lang='lat' dir='ltr'><strong>de</strong></span> <span class='ocrx_word' id='word_1_293' title='bbox 1614 1976 2065 2037; x_wconf 81' lang='lat' dir='ltr'><strong>resurrectione</strong></span> <span class='ocrx_word' id='word_1_294' title='bbox 2082 1976 2340 2038; x_wconf 87' lang='lat' dir='ltr'><strong>Domini</strong></span> <span class='ocrx_word' id='word_1_295' title='bbox 2370 1978 2693 2038; x_wconf 88' lang='lat' dir='ltr'><strong>caritatem</strong></span> <span class='ocrx_word' id='word_1_296' title='bbox 2722 1987 2986 2039; x_wconf 79' lang='lat' dir='ltr'><strong>vestram</strong></span> <span class='ocrx_word' id='word_1_297' title='bbox 3012 1979 3361 2041; x_wconf 81' lang='lat' dir='ltr'><strong>doceremus</strong></span> <span class='ocrx_word' id='word_1_298' title='bbox 3382 2000 3403 2040; x_wconf 91' lang='lat'><strong><em>:</em></strong></span> <span class='ocrx_word' id='word_1_299' title='bbox 3435 1989 3490 2040; x_wconf 81' lang='lat' dir='ltr'><strong>et</strong></span> <span class='ocrx_word' id='word_1_300' title='bbox 3516 1999 3623 2041; x_wconf 83' lang='lat' dir='ltr'><strong>se—</strong></span> 
     </span>
    </p>
   </div>
   <div class='ocr_carea' id='block_1_24' title="bbox 343 2055 3623 2139">
    <p class='ocr_par' dir='ltr' id='par_1_24' title="bbox 343 2055 3623 2139">
     <span class='ocr_line' id='line_1_24' title="bbox 343 2055 3623 2139; baseline 0.001 -20"><span class='ocrx_word' id='word_1_301' title='bbox 343 2059 671 2139; x_wconf 83' lang='lat' dir='ltr'><strong>quentibus</strong></span> <span class='ocrx_word' id='word_1_302' title='bbox 698 2057 909 2119; x_wconf 74' lang='lat' dir='ltr'><strong>diebus</strong></span> <span class='ocrx_word' id='word_1_303' title='bbox 945 2074 1059 2137; x_wconf 86' lang='lat' dir='ltr'><strong>per</strong></span> <span class='ocrx_word' id='word_1_304' title='bbox 1075 2075 1163 2139; x_wconf 87' lang='lat' dir='ltr'><strong>_ea</strong></span> <span class='ocrx_word' id='word_1_305' title='bbox 1192 2055 1500 2139; x_wconf 84' lang='lat' dir='ltr'><strong>miracula</strong></span> <span class='ocrx_word' id='word_1_306' title='bbox 1527 2101 1541 2121; x_wconf 90' lang='lat'><strong>,</strong></span> <span class='ocrx_word' id='word_1_307' title='bbox 1578 2073 1712 2139; x_wconf 65' lang='lat' dir='ltr'><strong>qua</strong></span> <span class='ocrx_word' id='word_1_308' title='bbox 1767 2063 1915 2139; x_wconf 81' lang='lat' dir='ltr'><strong>tunc</strong></span> <span class='ocrx_word' id='word_1_309' title='bbox 1942 2056 2109 2135; x_wconf 79' lang='lat' dir='ltr'><strong>facta</strong></span> <span class='ocrx_word' id='word_1_310' title='bbox 2161 2062 2334 2139; x_wconf 74' lang='lat' dir='ltr'><strong>sunt,</strong></span> <span class='ocrx_word' id='word_1_311' title='bbox 2380 2057 2857 2139; x_wconf 76' lang='lat' dir='ltr'><strong>resurrectionis</strong></span> <span class='ocrx_word' id='word_1_312' title='bbox 2904 2058 3349 2139; x_wconf 66' lang='lat' dir='ltr'><strong>demonstratio</strong></span> <span class='ocrx_word' id='word_1_313' title='bbox 3390 2060 3623 2121; x_wconf 83' lang='lat' dir='ltr'><strong>iterum</strong></span> 
     </span>
    </p>
   </div>
   <div class='ocr_carea' id='block_1_25' title="bbox 343 2134 3621 2219">
    <p class='ocr_par' dir='ltr' id='par_1_25' title="bbox 343 2134 3621 2219">
     <span class='ocr_line' id='line_1_25' title="bbox 343 2134 3621 2219; baseline 0 -21"><span class='ocrx_word' id='word_1_314' title='bbox 343 2134 662 2219; x_wconf 73' lang='lat' dir='ltr'><strong>a/fcrenda</strong></span> <span class='ocrx_word' id='word_1_315' title='bbox 693 2146 845 2219; x_wconf 79' lang='lat' dir='ltr'><strong>erat;</strong></span> <span class='ocrx_word' id='word_1_316' title='bbox 880 2134 1128 2217; x_wconf 74' lang='lat' dir='ltr'><strong>quando</strong></span> <span class='ocrx_word' id='word_1_317' title='bbox 1159 2136 1343 2219; x_wconf 72' lang='lat' dir='ltr'><strong>etiam</strong></span> <span class='ocrx_word' id='word_1_318' title='bbox 1370 2134 1816 2219; x_wconf 79' lang='lat' dir='ltr'><strong>Apostolorum</strong></span> <span class='ocrx_word' id='word_1_319' title='bbox 1842 2134 2001 2219; x_wconf 56' lang='lat' dir='ltr'><strong>{tcta</strong></span> <span class='ocrx_word' id='word_1_320' title='bbox 2030 2135 2368 2219; x_wconf 62' lang='lat' dir='ltr'><strong>eajplanare</strong></span> <span class='ocrx_word' id='word_1_321' title='bbox 2398 2136 2866 2219; x_wconf 58' lang='lat' dir='ltr'><strong>capimusjndc</strong></span> <span class='ocrx_word' id='word_1_322' title='bbox 2893 2135 3068 2219; x_wconf 64' lang='lat' dir='ltr'><strong>uobis</strong></span> <span class='ocrx_word' id='word_1_323' title='bbox 3099 2138 3401 2219; x_wconf 80' lang='lat' dir='ltr'><strong>continua</strong></span> <span class='ocrx_word' id='word_1_324' title='bbox 3419 2157 3621 2218; x_wconf 87' lang='lat' dir='ltr'><strong>appo—</strong></span> 
     </span>
    </p>
   </div>
   <div class='ocr_carea' id='block_1_26' title="bbox 345 2213 3620 2296">
    <p class='ocr_par' dir='ltr' id='par_1_26' title="bbox 345 2213 3620 2296">
     <span class='ocr_line' id='line_1_26' title="bbox 345 2213 3620 2296; baseline 0 -18"><span class='ocrx_word' id='word_1_325' title='bbox 345 2213 561 2278; x_wconf 57' lang='lat' dir='ltr'><strong>n&#39;entes</strong></span> <span class='ocrx_word' id='word_1_326' title='bbox 593 2213 913 2282; x_wconf 49' lang='lat' dir='ltr'><strong>convivia}</strong></span> <span class='ocrx_word' id='word_1_327' title='bbox 951 2224 1007 2276; x_wconf 88' lang='lat' dir='ltr'><strong>et</strong></span> <span class='ocrx_word' id='word_1_328' title='bbox 1052 2214 1282 2296; x_wconf 78' lang='lat' dir='ltr'><strong>crebris</strong></span> <span class='ocrx_word' id='word_1_329' title='bbox 1323 2213 1758 2296; x_wconf 74' lang='lat' dir='ltr'><strong>continuisque</strong></span> <span class='ocrx_word' id='word_1_330' title='bbox 1786 2213 2325 2296; x_wconf 82' lang='lat' dir='ltr'><strong>admonitionibus</strong></span> <span class='ocrx_word' id='word_1_331' title='bbox 2340 2213 2603 2296; x_wconf 12' lang='lat' dir='ltr'><strong>eos,‘q’ui</strong></span> <span class='ocrx_word' id='word_1_332' title='bbox 2647 2233 2849 2296; x_wconf 80' lang='lat' dir='ltr'><strong>nuper</strong></span> <span class='ocrx_word' id='word_1_333' title='bbox 2894 2215 3184 2294; x_wconf 85' lang='lat' dir='ltr'><strong>baptismi</strong></span> <span class='ocrx_word' id='word_1_334' title='bbox 3210 2213 3474 2296; x_wconf 74' lang='lat' dir='ltr'><strong>gratiam</strong></span> <span class='ocrx_word' id='word_1_335' title='bbox 3498 2213 3620 2279; x_wconf 71' lang='lat' dir='ltr'><strong>ac-</strong></span> 
     </span>
    </p>
   </div>
   <div class='ocr_carea' id='block_1_27' title="bbox 343 2292 3619 2377">
    <p class='ocr_par' dir='ltr' id='par_1_27' title="bbox 343 2292 3619 2377">
     <span class='ocr_line' id='line_1_27' title="bbox 343 2292 3619 2377; baseline 0 -22"><span class='ocrx_word' id='word_1_336' title='bbox 343 2306 636 2377; x_wconf 76' lang='lat' dir='ltr'><strong>ceperant</strong></span> <span class='ocrx_word' id='word_1_337' title='bbox 661 2343 674 2364; x_wconf 89' lang='lat'><strong>,</strong></span> <span class='ocrx_word' id='word_1_338' title='bbox 714 2296 1137 2377; x_wconf 76' lang='lat' dir='ltr'><strong>exhortantes.</strong></span> <span class='ocrx_word' id='word_1_339' title='bbox 1167 2294 1319 2377; x_wconf 80' lang='lat' dir='ltr'><strong>Inde</strong></span> <span class='ocrx_word' id='word_1_340' title='bbox 1354 2310 1506 2355; x_wconf 91' lang='lat' dir='ltr'><strong>vero</strong></span> <span class='ocrx_word' id='word_1_341' title='bbox 1543 2292 1834 2377; x_wconf 66' lang='lat' dir='ltr'><strong>quaedam</strong></span> <span class='ocrx_word' id='word_1_342' title='bbox 1866 2294 2231 2377; x_wconf 76' lang='lat' dir='ltr'><strong>necessario</strong></span> <span class='ocrx_word' id='word_1_343' title='bbox 2260 2292 2589 2377; x_wconf 78' lang='lat' dir='ltr'><strong>inferenda</strong></span> <span class='ocrx_word' id='word_1_344' title='bbox 2622 2292 2916 2377; x_wconf 80' lang='lat' dir='ltr'><strong>videntur</strong></span> <span class='ocrx_word' id='word_1_345' title='bbox 2939 2292 3233 2377; x_wconf 54' lang='lat' dir='ltr'><strong>{nempe</strong></span> <span class='ocrx_word' id='word_1_346' title='bbox 3265 2296 3619 2377; x_wconf 74' lang='lat' dir='ltr'><strong>Homiliam</strong></span> 
     </span>
    </p>
   </div>
   <div class='ocr_carea' id='block_1_28' title="bbox 334 2371 3618 2451">
    <p class='ocr_par' dir='ltr' id='par_1_28' title="bbox 334 2371 3618 2451">
     <span class='ocr_line' id='line_1_28' title="bbox 334 2371 3618 2451; baseline 0 -16"><span class='ocrx_word' id='word_1_347' title='bbox 334 2371 520 2437; x_wconf 65' lang='lat' dir='ltr'><strong>illam</strong></span> <span class='ocrx_word' id='word_1_348' title='bbox 554 2381 779 2438; x_wconf 89' lang='lat' dir='ltr'><strong>contra</strong></span> <span class='ocrx_word' id='word_1_349' title='bbox 814 2375 1102 2435; x_wconf 90' lang='lat' dir='ltr'><strong>ebriosos</strong></span> <span class='ocrx_word' id='word_1_350' title='bbox 1131 2379 1194 2433; x_wconf 89' lang='lat' dir='ltr'><strong>et</strong></span> <span class='ocrx_word' id='word_1_351' title='bbox 1221 2374 1298 2435; x_wconf 90' lang='lat' dir='ltr'><strong>de</strong></span> <span class='ocrx_word' id='word_1_352' title='bbox 1330 2373 1803 2434; x_wconf 89' lang='lat' dir='ltr'><strong>resurrectione</strong></span> <span class='ocrx_word' id='word_1_353' title='bbox 1842 2371 2063 2433; x_wconf 89' lang='lat' dir='ltr'><strong>eodem</strong></span> <span class='ocrx_word' id='word_1_354' title='bbox 2096 2388 2272 2433; x_wconf 88' lang='lat' dir='ltr'><strong>anno</strong></span> <span class='ocrx_word' id='word_1_355' title='bbox 2311 2372 2593 2435; x_wconf 86' lang='lat' dir='ltr'><strong>habitam</strong></span> <span class='ocrx_word' id='word_1_356' title='bbox 2620 2373 2819 2434; x_wconf 84' lang='lat' dir='ltr'><strong>fuisse</strong></span> <span class='ocrx_word' id='word_1_357' title='bbox 2844 2391 2977 2451; x_wconf 94' lang='lat' dir='ltr'><strong>quo</strong></span> <span class='ocrx_word' id='word_1_358' title='bbox 3007 2371 3173 2436; x_wconf 80' lang='lat' dir='ltr'><strong>dicta</strong></span> <span class='ocrx_word' id='word_1_359' title='bbox 3203 2380 3301 2435; x_wconf 87' lang='lat' dir='ltr'><strong>est</strong></span> <span class='ocrx_word' id='word_1_360' title='bbox 3328 2372 3618 2439; x_wconf 86' lang='lat' dir='ltr'><strong>Homilia</strong></span> 
     </span>
    </p>
   </div>
   <div class='ocr_carea' id='block_1_29' title="bbox 328 2451 3618 2548">
    <p class='ocr_par' dir='ltr' id='par_1_29' title="bbox 328 2451 3618 2548">
     <span class='ocr_line' id='line_1_29' title="bbox 328 2451 3618 2548; baseline 0.001 -36"><span class='ocrx_word' id='word_1_361' title='bbox 328 2458 414 2548; x_wconf 60' lang='lat' dir='ltr'><strong>de</strong></span> <span class='ocrx_word' id='word_1_362' title='bbox 443 2456 610 2548; x_wconf 59' lang='lat' dir='ltr'><strong>inda</strong></span> <span class='ocrx_word' id='word_1_363' title='bbox 643 2454 991 2548; x_wconf 69' lang='lat' dir='ltr'><strong>proditore2</strong></span> <span class='ocrx_word' id='word_1_364' title='bbox 1025 2452 1364 2530; x_wconf 88' lang='lat' dir='ltr'><strong>triduoque</strong></span> <span class='ocrx_word' id='word_1_365' title='bbox 1390 2456 1549 2548; x_wconf 18' lang='lat' dir='ltr'><strong>post;</strong></span> <span class='ocrx_word' id='word_1_366' title='bbox 1568 2451 1745 2548; x_wconf 77' lang='lat' dir='ltr'><strong>illam</strong></span> <span class='ocrx_word' id='word_1_367' title='bbox 1772 2470 1788 2510; x_wconf 92' lang='lat'><strong>:</strong></span> <span class='ocrx_word' id='word_1_368' title='bbox 1813 2451 1980 2548; x_wconf 71' lang='lat' dir='ltr'><strong>alias</strong></span> <span class='ocrx_word' id='word_1_369' title='bbox 2010 2468 2277 2544; x_wconf 80' lang='lat' dir='ltr'><strong>quoque</strong></span> <span class='ocrx_word' id='word_1_370' title='bbox 2306 2454 2725 2548; x_wconf 39' lang='lat' dir='ltr'><strong>sequeiitibuis</strong></span> <span class='ocrx_word' id='word_1_371' title='bbox 2765 2452 3009 2548; x_wconf 37' lang='lat' dir='ltr'><strong>diebus.</strong></span> <span class='ocrx_word' id='word_1_372' title='bbox 3029 2453 3105 2515; x_wconf 91' lang='lat' dir='ltr'><strong>de</strong></span> <span class='ocrx_word' id='word_1_373' title='bbox 3138 2454 3618 2548; x_wconf 71' lang='lat' dir='ltr'><strong>resurrectione</strong></span> 
     </span>
    </p>
   </div>
   <div class='ocr_carea' id='block_1_30' title="bbox 338 2530 3617 2612">
    <p class='ocr_par' dir='ltr' id='par_1_30' title="bbox 338 2530 3617 2612">
     <span class='ocr_line' id='line_1_30' title="bbox 338 2530 3617 2612; baseline 0.001 -19"><span class='ocrx_word' id='word_1_374' title='bbox 338 2536 539 2596; x_wconf 89' lang='lat' dir='ltr'><strong>dictas</strong></span> <span class='ocrx_word' id='word_1_375' title='bbox 572 2530 769 2595; x_wconf 83' lang='lat' dir='ltr'><strong>fuisse</strong></span> <span class='ocrx_word' id='word_1_376' title='bbox 795 2551 942 2611; x_wconf 63' lang='lat' dir='ltr'><strong>quae</strong></span> <span class='ocrx_word' id='word_1_377' title='bbox 969 2532 1103 2612; x_wconf 91' lang='lat' dir='ltr'><strong>jam</strong></span> <span class='ocrx_word' id='word_1_378' title='bbox 1135 2550 1263 2592; x_wconf 92' lang='lat' dir='ltr'><strong>non</strong></span> <span class='ocrx_word' id='word_1_379' title='bbox 1295 2536 1603 2612; x_wconf 68' lang='lat' dir='ltr'><strong>exstant;</strong></span> <span class='ocrx_word' id='word_1_380' title='bbox 1643 2535 1841 2608; x_wconf 90' lang='lat' dir='ltr'><strong>atque</strong></span> <span class='ocrx_word' id='word_1_381' title='bbox 1868 2531 2087 2592; x_wconf 89' lang='lat' dir='ltr'><strong>eadem</strong></span> <span class='ocrx_word' id='word_1_382' title='bbox 2122 2530 2291 2612; x_wconf 81' lang='lat' dir='ltr'><strong>serie</strong></span> <span class='ocrx_word' id='word_1_383' title='bbox 2318 2530 2630 2612; x_wconf 80' lang='lat' dir='ltr'><strong>Homilias</strong></span> <span class='ocrx_word' id='word_1_384' title='bbox 2666 2532 2742 2612; x_wconf 89' lang='lat' dir='ltr'><strong>de</strong></span> <span class='ocrx_word' id='word_1_385' title='bbox 2776 2532 2948 2593; x_wconf 87' lang='lat' dir='ltr'><strong>Actis</strong></span> <span class='ocrx_word' id='word_1_386' title='bbox 2978 2533 3617 2610; x_wconf 88' lang='lat' dir='ltr'><strong>Apostolorum,sive</strong></span> 
     </span>
    </p>
   </div>
   <div class='ocr_carea' id='block_1_31' title="bbox 336 2609 3615 2693">
    <p class='ocr_par' dir='ltr' id='par_1_31' title="bbox 336 2609 3615 2693">
     <span class='ocr_line' id='line_1_31' title="bbox 336 2609 3615 2693; baseline 0 -20"><span class='ocrx_word' id='word_1_387' title='bbox 336 2614 414 2675; x_wconf 86' lang='lat' dir='ltr'><strong>dc</strong></span> <span class='ocrx_word' id='word_1_388' title='bbox 443 2614 757 2693; x_wconf 85' lang='lat' dir='ltr'><strong>principio</strong></span> <span class='ocrx_word' id='word_1_389' title='bbox 816 2609 1121 2693; x_wconf 69' lang='lat' dir='ltr'><strong>Actorum</strong></span> <span class='ocrx_word' id='word_1_390' title='bbox 1154 2628 1367 2693; x_wconf 33' lang='lat' dir='ltr'><strong>,hquaa</strong></span> <span class='ocrx_word' id='word_1_391' title='bbox 1400 2609 1622 2693; x_wconf 84' lang='lat' dir='ltr'><strong>paucis</strong></span> <span class='ocrx_word' id='word_1_392' title='bbox 1645 2614 1793 2687; x_wconf 92' lang='lat' dir='ltr'><strong>post</strong></span> <span class='ocrx_word' id='word_1_393' title='bbox 1838 2610 2375 2693; x_wconf 68' lang='lat' dir='ltr'><strong>resurrectionem</strong></span> <span class='ocrx_word' id='word_1_394' title='bbox 2432 2610 2657 2693; x_wconf 87' lang='lat' dir='ltr'><strong>diebus</strong></span> <span class='ocrx_word' id='word_1_395' title='bbox 2714 2609 3201 2693; x_wconf 19' lang='lat' dir='ltr'><strong>haberiichta:</strong></span> <span class='ocrx_word' id='word_1_396' title='bbox 3233 2619 3405 2673; x_wconf 87' lang='lat' dir='ltr'><strong>sunt.</strong></span> <span class='ocrx_word' id='word_1_397' title='bbox 3451 2612 3615 2693; x_wconf 85' lang='lat' dir='ltr'><strong>Inde</strong></span> 
     </span>
    </p>
   </div>
   <div class='ocr_carea' id='block_1_32' title="bbox 342 2690 3613 2771">
    <p class='ocr_par' dir='ltr' id='par_1_32' title="bbox 342 2690 3613 2771">
     <span class='ocr_line' id='line_1_32' title="bbox 342 2690 3613 2771; baseline -0.001 -16"><span class='ocrx_word' id='word_1_398' title='bbox 342 2690 535 2755; x_wconf 79' lang='lat' dir='ltr'><strong>etiam</strong></span> <span class='ocrx_word' id='word_1_399' title='bbox 558 2690 831 2770; x_wconf 82' lang='lat' dir='ltr'><strong>planum</strong></span> <span class='ocrx_word' id='word_1_400' title='bbox 863 2697 959 2752; x_wconf 90' lang='lat' dir='ltr'><strong>est</strong></span> <span class='ocrx_word' id='word_1_401' title='bbox 989 2691 1301 2751; x_wconf 83' lang='lat' dir='ltr'><strong>Homilias</strong></span> <span class='ocrx_word' id='word_1_402' title='bbox 1332 2690 1400 2771; x_wconf 89' lang='lat' dir='ltr'><strong>in</strong></span> <span class='ocrx_word' id='word_1_403' title='bbox 1425 2691 1580 2771; x_wconf 84' lang='lat' dir='ltr'><strong>Acta</strong></span> <span class='ocrx_word' id='word_1_404' title='bbox 1610 2707 1741 2750; x_wconf 92' lang='lat' dir='ltr'><strong>non</strong></span> <span class='ocrx_word' id='word_1_405' title='bbox 1763 2707 1923 2771; x_wconf 33' lang='lat' dir='ltr'><strong>Aesse</strong></span> <span class='ocrx_word' id='word_1_406' title='bbox 1962 2690 2118 2771; x_wconf 87' lang='lat' dir='ltr'><strong>illud</strong></span> <span class='ocrx_word' id='word_1_407' title='bbox 2146 2707 2310 2771; x_wconf 78' lang='lat' dir='ltr'><strong>Opus</strong></span> <span class='ocrx_word' id='word_1_408' title='bbox 2350 2690 2417 2751; x_wconf 92' lang='lat' dir='ltr'><strong>in</strong></span> <span class='ocrx_word' id='word_1_409' title='bbox 2453 2691 2671 2771; x_wconf 81' lang='lat' dir='ltr'><strong>omnia</strong></span> <span class='ocrx_word' id='word_1_410' title='bbox 2707 2690 3164 2771; x_wconf 78' lang='lat' dir='ltr'><strong>Apostolorum</strong></span> <span class='ocrx_word' id='word_1_411' title='bbox 3218 2694 3399 2771; x_wconf 82' lang='lat' dir='ltr'><strong>Acta,</strong></span> <span class='ocrx_word' id='word_1_412' title='bbox 3432 2692 3613 2769; x_wconf 86' lang='lat' dir='ltr'><strong>quod</strong></span> 
     </span>
    </p>
   </div>
   <div class='ocr_carea' id='block_1_33' title="bbox 336 2767 3615 2849">
    <p class='ocr_par' dir='ltr' id='par_1_33' title="bbox 336 2767 3615 2849">
     <span class='ocr_line' id='line_1_33' title="bbox 336 2767 3615 2849; baseline -0.001 -16"><span class='ocrx_word' id='word_1_413' title='bbox 336 2773 399 2833; x_wconf 90' lang='lat' dir='ltr'><strong>in</strong></span> <span class='ocrx_word' id='word_1_414' title='bbox 426 2767 597 2834; x_wconf 83' lang='lat' dir='ltr'><strong>tomo</strong></span> <span class='ocrx_word' id='word_1_415' title='bbox 623 2773 661 2832; x_wconf 89' lang='lat'><strong>9</strong></span> <span class='ocrx_word' id='word_1_416' title='bbox 682 2772 928 2842; x_wconf 87' lang='lat' dir='ltr'><strong>edetur,</strong></span> <span class='ocrx_word' id='word_1_417' title='bbox 947 2771 1249 2849; x_wconf 88' lang='lat' dir='ltr'><strong>quodque</strong></span> <span class='ocrx_word' id='word_1_418' title='bbox 1275 2768 1353 2831; x_wconf 92' lang='lat' dir='ltr'><strong>ad</strong></span> <span class='ocrx_word' id='word_1_419' title='bbox 1378 2769 1722 2830; x_wconf 87' lang='lat' dir='ltr'><strong>conciones</strong></span> <span class='ocrx_word' id='word_1_420' title='bbox 1750 2767 2495 2849; x_wconf 81' lang='lat' dir='ltr'><strong>Constantinopolitanas</strong></span> <span class='ocrx_word' id='word_1_421' title='bbox 2526 2767 2925 2831; x_wconf 81' lang='lat' dir='ltr'><strong>referendum</strong></span> <span class='ocrx_word' id='word_1_422' title='bbox 2956 2777 3054 2831; x_wconf 89' lang='lat' dir='ltr'><strong>est</strong></span> <span class='ocrx_word' id='word_1_423' title='bbox 3080 2790 3097 2842; x_wconf 89' lang='lat'><strong>;</strong></span> <span class='ocrx_word' id='word_1_424' title='bbox 3128 2786 3276 2831; x_wconf 90' lang='lat' dir='ltr'><strong>nam</strong></span> <span class='ocrx_word' id='word_1_425' title='bbox 3306 2767 3431 2832; x_wconf 59' lang='lat' dir='ltr'><strong>illa:</strong></span> <span class='ocrx_word' id='word_1_426' title='bbox 3452 2767 3615 2831; x_wconf 76' lang='lat' dir='ltr'><strong>con-</strong></span> 
     </span>
    </p>
   </div>
   <div class='ocr_carea' id='block_1_34' title="bbox 328 2847 3613 2928">
    <p class='ocr_par' dir='ltr' id='par_1_34' title="bbox 328 2847 3613 2928">
     <span class='ocr_line' id='line_1_34' title="bbox 328 2847 3613 2928; baseline -0.001 -14"><span class='ocrx_word' id='word_1_427' title='bbox 328 2852 553 2914; x_wconf 82' lang='lat' dir='ltr'><strong>oiones</strong></span> <span class='ocrx_word' id='word_1_428' title='bbox 586 2868 831 2913; x_wconf 88' lang='lat' dir='ltr'><strong>annum</strong></span> <span class='ocrx_word' id='word_1_429' title='bbox 886 2847 1020 2911; x_wconf 59' lang='lat' dir='ltr'><strong>fcie</strong></span> <span class='ocrx_word' id='word_1_430' title='bbox 1079 2851 1402 2928; x_wconf 86' lang='lat' dir='ltr'><strong>integrum</strong></span> <span class='ocrx_word' id='word_1_431' title='bbox 1435 2855 1888 2928; x_wconf 69' lang='lat' dir='ltr'><strong>occuparunt;</strong></span> <span class='ocrx_word' id='word_1_432' title='bbox 1907 2847 2030 2928; x_wconf 17' lang='lat' dir='ltr'><strong>Aha:</strong></span> <span class='ocrx_word' id='word_1_433' title='bbox 2054 2856 2269 2910; x_wconf 87' lang='lat' dir='ltr'><strong>autem</strong></span> <span class='ocrx_word' id='word_1_434' title='bbox 2314 2847 2530 2928; x_wconf 88' lang='lat' dir='ltr'><strong>decem</strong></span> <span class='ocrx_word' id='word_1_435' title='bbox 2565 2866 2836 2928; x_wconf 83' lang='lat' dir='ltr'><strong>numero</strong></span> <span class='ocrx_word' id='word_1_436' title='bbox 2868 2853 3154 2926; x_wconf 86' lang='lat' dir='ltr'><strong>tempore</strong></span> <span class='ocrx_word' id='word_1_437' title='bbox 3181 2866 3221 2910; x_wconf 90' lang='lat' dir='ltr'><strong>a</strong></span> <span class='ocrx_word' id='word_1_438' title='bbox 3250 2850 3493 2911; x_wconf 88' lang='lat' dir='ltr'><strong>Pascha</strong></span> <span class='ocrx_word' id='word_1_439' title='bbox 3522 2850 3613 2912; x_wconf 85' lang='lat' dir='ltr'><strong>ad</strong></span> 
     </span>
    </p>
   </div>
   <div class='ocr_carea' id='block_1_35' title="bbox 334 2926 3613 3021">
    <p class='ocr_par' dir='ltr' id='par_1_35' title="bbox 334 2926 3613 3021">
     <span class='ocr_line' id='line_1_35' title="bbox 334 2926 3613 3021; baseline -0.002 -27"><span class='ocrx_word' id='word_1_440' title='bbox 334 2926 1320 3021; x_wconf 49' lang='lat' dir='ltr'><strong>Ascensiopemuintercurrente</strong></span> <span class='ocrx_word' id='word_1_441' title='bbox 1349 2927 1785 3020; x_wconf 56' lang='lat' dir='ltr'><strong>liabitaesunt:</strong></span> <span class='ocrx_word' id='word_1_442' title='bbox 1818 2926 2125 3021; x_wconf 80' lang='lat' dir='ltr'><strong>Alioquin</strong></span> <span class='ocrx_word' id='word_1_443' title='bbox 2170 2944 2324 3021; x_wconf 85' lang='lat' dir='ltr'><strong>vero</strong></span> <span class='ocrx_word' id='word_1_444' title='bbox 2367 2927 2662 3021; x_wconf 41' lang='lat' dir='ltr'><strong>idip‘sum.</strong></span> <span class='ocrx_word' id='word_1_445' title='bbox 2698 2927 2899 3021; x_wconf 64' lang='lat' dir='ltr'><strong>plare_</strong></span> <span class='ocrx_word' id='word_1_446' title='bbox 2921 2928 3298 3021; x_wconf 57' lang='lat' dir='ltr'><strong>testiﬁcatur</strong></span> <span class='ocrx_word' id='word_1_447' title='bbox 3331 2928 3613 3021; x_wconf 62' lang='lat' dir='ltr'><strong>Chryso-</strong></span> 
     </span>
    </p>
   </div>
   <div class='ocr_carea' id='block_1_36' title="bbox 338 3005 3614 3087">
    <p class='ocr_par' dir='ltr' id='par_1_36' title="bbox 338 3005 3614 3087">
     <span class='ocr_line' id='line_1_36' title="bbox 338 3005 3614 3087; baseline -0 -17"><span class='ocrx_word' id='word_1_448' title='bbox 338 3015 585 3071; x_wconf 83' lang='lat' dir='ltr'><strong>stomus</strong></span> <span class='ocrx_word' id='word_1_449' title='bbox 621 3009 900 3070; x_wconf 84' lang='lat' dir='ltr'><strong>Homilia</strong></span> <span class='ocrx_word' id='word_1_450' title='bbox 927 3008 1152 3069; x_wconf 89' lang='lat' dir='ltr'><strong>eadem</strong></span> <span class='ocrx_word' id='word_1_451' title='bbox 1188 3007 1487 3087; x_wconf 79' lang='lat' dir='ltr'><strong>primain</strong></span> <span class='ocrx_word' id='word_1_452' title='bbox 1514 3005 1897 3087; x_wconf 72' lang='lat' dir='ltr'><strong>principium</strong></span> <span class='ocrx_word' id='word_1_453' title='bbox 1921 3008 2224 3067; x_wconf 90' lang='lat' dir='ltr'><strong>Actorum</strong></span> <span class='ocrx_word' id='word_1_454' title='bbox 2251 3019 2435 3087; x_wconf 85' lang='lat' dir='ltr'><strong>&#39;num.</strong></span> <span class='ocrx_word' id='word_1_455' title='bbox 2466 3006 2527 3087; x_wconf 70' lang='lat'><strong>3,</strong></span> <span class='ocrx_word' id='word_1_456' title='bbox 2557 3006 2665 3067; x_wconf 90' lang='lat' dir='ltr'><strong>ubi</strong></span> <span class='ocrx_word' id='word_1_457' title='bbox 2696 3007 2833 3087; x_wconf 67' lang='lat' dir='ltr'><strong>haec</strong></span> <span class='ocrx_word' id='word_1_458' title='bbox 2881 3007 3153 3087; x_wconf 83' lang='lat' dir='ltr'><strong>legimus</strong></span> <span class='ocrx_word' id='word_1_459' title='bbox 3192 3026 3207 3066; x_wconf 92' lang='lat'><strong>:</strong></span> <span class='ocrx_word' id='word_1_460' title='bbox 3245 3005 3614 3087; x_wconf 73' lang='lat' dir='ltr'><strong>Superiori-</strong></span> 
     </span>
    </p>
   </div>
   <div class='ocr_carea' id='block_1_37' title="bbox 320 3084 3611 3166">
    <p class='ocr_par' dir='ltr' id='par_1_37' title="bbox 320 3084 3611 3166">
     <span class='ocr_line' id='line_1_37' title="bbox 320 3084 3611 3166; baseline -0.001 -17"><span class='ocrx_word' id='word_1_461' title='bbox 320 3087 443 3149; x_wconf 87' lang='lat' dir='ltr'><strong>bus</strong></span> <span class='ocrx_word' id='word_1_462' title='bbox 468 3088 683 3149; x_wconf 85' lang='lat' dir='ltr'><strong>diebus</strong></span> <span class='ocrx_word' id='word_1_463' title='bbox 713 3087 881 3166; x_wconf 87' lang='lat' dir='ltr'><strong>apud</strong></span> <span class='ocrx_word' id='word_1_464' title='bbox 909 3106 1019 3147; x_wconf 81' lang='lat' dir='ltr'><strong>vos</strong></span> <span class='ocrx_word' id='word_1_465' title='bbox 1039 3087 1111 3147; x_wconf 85' lang='lat' dir='ltr'><strong>de</strong></span> <span class='ocrx_word' id='word_1_466' title='bbox 1154 3084 1520 3166; x_wconf 72' lang='lat' dir='ltr'><strong>apostolicis</strong></span> <span class='ocrx_word' id='word_1_467' title='bbox 1542 3084 1766 3166; x_wconf 72' lang='lat' dir='ltr'><strong>perbis,</strong></span> <span class='ocrx_word' id='word_1_468' title='bbox 1797 3084 1985 3166; x_wconf 72' lang='lat' dir='ltr'><strong>deque</strong></span> <span class='ocrx_word' id='word_1_469' title='bbox 2028 3086 2402 3166; x_wconf 74' lang='lat' dir='ltr'><strong>euangelicis</strong></span> <span class='ocrx_word' id='word_1_470' title='bbox 2443 3086 2870 3166; x_wconf 72' lang='lat' dir='ltr'><strong>disseruimus,</strong></span> <span class='ocrx_word' id='word_1_471' title='bbox 2923 3084 3060 3146; x_wconf 72' lang='lat' dir='ltr'><strong>cum</strong></span> <span class='ocrx_word' id='word_1_472' title='bbox 3106 3087 3192 3166; x_wconf 86' lang='lat' dir='ltr'><strong>de</strong></span> <span class='ocrx_word' id='word_1_473' title='bbox 3220 3084 3394 3146; x_wconf 85' lang='lat' dir='ltr'><strong>Juda</strong></span> <span class='ocrx_word' id='word_1_474' title='bbox 3422 3085 3611 3166; x_wconf 77' lang='lat' dir='ltr'><strong>verba</strong></span> 
     </span>
    </p>
   </div>
   <div class='ocr_carea' id='block_1_38' title="bbox 328 3162 3612 3247">
    <p class='ocr_par' dir='ltr' id='par_1_38' title="bbox 328 3162 3612 3247">
     <span class='ocr_line' id='line_1_38' title="bbox 328 3162 3612 3247; baseline -0.001 -20"><span class='ocrx_word' id='word_1_475' title='bbox 328 3169 662 3247; x_wconf 79' lang='lat' dir='ltr'><strong>faceremus</strong></span> <span class='ocrx_word' id='word_1_476' title='bbox 692 3186 708 3226; x_wconf 88' lang='lat'><strong>:</strong></span> <span class='ocrx_word' id='word_1_477' title='bbox 741 3162 1224 3247; x_wconf 69' lang='lat' dir='ltr'><strong>disseruimuset</strong></span> <span class='ocrx_word' id='word_1_478' title='bbox 1256 3164 1329 3225; x_wconf 86' lang='lat' dir='ltr'><strong>de</strong></span> <span class='ocrx_word' id='word_1_479' title='bbox 1365 3162 1749 3247; x_wconf 76' lang='lat' dir='ltr'><strong>propheticis</strong></span> <span class='ocrx_word' id='word_1_480' title='bbox 1783 3184 1801 3231; x_wconf 88' lang='lat'><strong><em>;</em></strong></span> <span class='ocrx_word' id='word_1_481' title='bbox 1834 3162 2135 3247; x_wconf 80' lang='lat' dir='ltr'><strong>hodierno</strong></span> <span class='ocrx_word' id='word_1_482' title='bbox 2164 3162 2262 3247; x_wconf 65' lang='lat' dir='ltr'><strong>die</strong></span> <span class='ocrx_word' id='word_1_483' title='bbox 2290 3165 2572 3247; x_wconf 75' lang='lat' dir='ltr'><strong>volumus</strong></span> <span class='ocrx_word' id='word_1_484' title='bbox 2601 3164 2688 3247; x_wconf 82' lang='lat' dir='ltr'><strong>de</strong></span> <span class='ocrx_word' id='word_1_485' title='bbox 2719 3164 2893 3247; x_wconf 80' lang='lat' dir='ltr'><strong>Actis</strong></span> <span class='ocrx_word' id='word_1_486' title='bbox 2938 3165 3391 3247; x_wconf 76' lang='lat' dir='ltr'><strong>Apostolorum</strong></span> <span class='ocrx_word' id='word_1_487' title='bbox 3417 3163 3612 3247; x_wconf 78' lang='lat' dir='ltr'><strong>verba</strong></span> 
     </span>
    </p>
   </div>
   <div class='ocr_carea' id='block_1_39' title="bbox 328 3243 3607 3326">
    <p class='ocr_par' dir='ltr' id='par_1_39' title="bbox 328 3243 3607 3326">
     <span class='ocr_line' id='line_1_39' title="bbox 328 3243 3607 3326; baseline -0 -19"><span class='ocrx_word' id='word_1_488' title='bbox 328 3243 552 3326; x_wconf 67' lang='lat' dir='ltr'><strong>facere,</strong></span> <span class='ocrx_word' id='word_1_489' title='bbox 591 3252 711 3309; x_wconf 91' lang='lat' dir='ltr'><strong>etc.</strong></span> <span class='ocrx_word' id='word_1_490' title='bbox 746 3246 1060 3326; x_wconf 81' lang='lat' dir='ltr'><strong>Advertas</strong></span> <span class='ocrx_word' id='word_1_491' title='bbox 1091 3244 1284 3326; x_wconf 84' lang='lat' dir='ltr'><strong>etiam</strong></span> <span class='ocrx_word' id='word_1_492' title='bbox 1317 3243 1617 3326; x_wconf 87' lang='lat' dir='ltr'><strong>velim,_in</strong></span> <span class='ocrx_word' id='word_1_493' title='bbox 1640 3243 1849 3326; x_wconf 82' lang='lat' dir='ltr'><strong>prima</strong></span> <span class='ocrx_word' id='word_1_494' title='bbox 1870 3248 1933 3303; x_wconf 91' lang='lat' dir='ltr'><strong>et</strong></span> <span class='ocrx_word' id='word_1_495' title='bbox 1953 3244 2140 3326; x_wconf 76' lang='lat' dir='ltr'><strong>tertia</strong></span> <span class='ocrx_word' id='word_1_496' title='bbox 2168 3244 2448 3306; x_wconf 85' lang='lat' dir='ltr'><strong>Homilia</strong></span> <span class='ocrx_word' id='word_1_497' title='bbox 2479 3244 2544 3304; x_wconf 91' lang='lat' dir='ltr'><strong>in</strong></span> <span class='ocrx_word' id='word_1_498' title='bbox 2593 3244 3004 3326; x_wconf 74' lang='lat' dir='ltr'><strong>principium</strong></span> <span class='ocrx_word' id='word_1_499' title='bbox 3036 3247 3341 3326; x_wconf 77' lang='lat' dir='ltr'><strong>Actorum</strong></span> <span class='ocrx_word' id='word_1_500' title='bbox 3374 3244 3607 3326; x_wconf 70' lang='lat' dir='ltr'><strong>haberi</strong></span> 
     </span>
    </p>
   </div>
   <div class='ocr_carea' id='block_1_40' title="bbox 328 3322 3605 3401">
    <p class='ocr_par' dir='ltr' id='par_1_40' title="bbox 328 3322 3605 3401">
     <span class='ocr_line' id='line_1_40' title="bbox 328 3322 3605 3401; baseline -0.001 -14"><span class='ocrx_word' id='word_1_501' title='bbox 328 3322 839 3388; x_wconf 81' lang='lat' dir='ltr'><strong>admonitionem</strong></span> <span class='ocrx_word' id='word_1_502' title='bbox 882 3324 965 3386; x_wconf 88' lang='lat' dir='ltr'><strong>ad</strong></span> <span class='ocrx_word' id='word_1_503' title='bbox 996 3325 1141 3385; x_wconf 91' lang='lat' dir='ltr'><strong>illos</strong></span> <span class='ocrx_word' id='word_1_504' title='bbox 1164 3323 1276 3401; x_wconf 91' lang='lat' dir='ltr'><strong>qui</strong></span> <span class='ocrx_word' id='word_1_505' title='bbox 1304 3340 1509 3400; x_wconf 86' lang='lat' dir='ltr'><strong>nuper</strong></span> <span class='ocrx_word' id='word_1_506' title='bbox 1539 3322 1837 3401; x_wconf 84' lang='lat' dir='ltr'><strong>baptismi</strong></span> <span class='ocrx_word' id='word_1_507' title='bbox 1868 3322 2141 3401; x_wconf 84' lang='lat' dir='ltr'><strong>gratiam</strong></span> <span class='ocrx_word' id='word_1_508' title='bbox 2178 3322 2688 3401; x_wconf 84' lang='lat' dir='ltr'><strong>acceperant,ut</strong></span> <span class='ocrx_word' id='word_1_509' title='bbox 2720 3322 2960 3383; x_wconf 88' lang='lat' dir='ltr'><strong>dicitur</strong></span> <span class='ocrx_word' id='word_1_510' title='bbox 2990 3322 3055 3382; x_wconf 88' lang='lat' dir='ltr'><strong>in</strong></span> <span class='ocrx_word' id='word_1_511' title='bbox 3086 3323 3229 3384; x_wconf 90' lang='lat' dir='ltr'><strong>loco</strong></span> <span class='ocrx_word' id='word_1_512' title='bbox 3269 3339 3472 3401; x_wconf 90' lang='lat' dir='ltr'><strong>supra</strong></span> <span class='ocrx_word' id='word_1_513' title='bbox 3497 3324 3605 3385; x_wconf 87' lang='lat' dir='ltr'><strong>al-</strong></span> 
     </span>
    </p>
   </div>
   <div class='ocr_carea' id='block_1_41' title="bbox 324 3400 3606 3485">
    <p class='ocr_par' dir='ltr' id='par_1_41' title="bbox 324 3400 3606 3485">
     <span class='ocr_line' id='line_1_41' title="bbox 324 3400 3606 3485; baseline -0 -20"><span class='ocrx_word' id='word_1_514' title='bbox 324 3406 458 3467; x_wconf 89' lang='lat' dir='ltr'><strong>lato</strong></span> <span class='ocrx_word' id='word_1_515' title='bbox 488 3423 570 3466; x_wconf 75' lang='lat' dir='ltr'><strong>ex</strong></span> <span class='ocrx_word' id='word_1_516' title='bbox 603 3404 936 3485; x_wconf 86' lang='lat' dir='ltr'><strong>trigesima</strong></span> <span class='ocrx_word' id='word_1_517' title='bbox 962 3403 1154 3485; x_wconf 77' lang='lat' dir='ltr'><strong>ter-tia</strong></span> <span class='ocrx_word' id='word_1_518' title='bbox 1184 3400 1453 3485; x_wconf 88' lang='lat' dir='ltr'><strong>homilia</strong></span> <span class='ocrx_word' id='word_1_519' title='bbox 1472 3401 1561 3485; x_wconf 24' lang='lat' dir='ltr'><strong>Ain</strong></span> <span class='ocrx_word' id='word_1_520' title='bbox 1584 3400 1907 3485; x_wconf 76' lang='lat' dir='ltr'><strong>Genesim.</strong></span> <span class='ocrx_word' id='word_1_521' title='bbox 1931 3400 2351 3485; x_wconf 79' lang='lat' dir='ltr'><strong>Perspicuum</strong></span> <span class='ocrx_word' id='word_1_522' title='bbox 2374 3403 2571 3481; x_wconf 90' lang='lat' dir='ltr'><strong>igitur</strong></span> <span class='ocrx_word' id='word_1_523' title='bbox 2600 3408 2696 3485; x_wconf 80' lang='lat' dir='ltr'><strong>est</strong></span> <span class='ocrx_word' id='word_1_524' title='bbox 2720 3402 3035 3485; x_wconf 79' lang='lat' dir='ltr'><strong>Homilias</strong></span> <span class='ocrx_word' id='word_1_525' title='bbox 3066 3403 3133 3462; x_wconf 88' lang='lat' dir='ltr'><strong>in</strong></span> <span class='ocrx_word' id='word_1_526' title='bbox 3162 3400 3487 3485; x_wconf 68' lang='lat' dir='ltr'><strong>Genesim,</strong></span> <span class='ocrx_word' id='word_1_527' title='bbox 3518 3402 3606 3465; x_wconf 88' lang='lat' dir='ltr'><strong>de</strong></span> 
     </span>
    </p>
   </div>
   <div class='ocr_carea' id='block_1_42' title="bbox 320 3480 3604 3563">
    <p class='ocr_par' dir='ltr' id='par_1_42' title="bbox 320 3480 3604 3563">
     <span class='ocr_line' id='line_1_42' title="bbox 320 3480 3604 3563; baseline 0 -20"><span class='ocrx_word' id='word_1_528' title='bbox 320 3485 487 3546; x_wconf 84' lang='lat' dir='ltr'><strong>Juda</strong></span> <span class='ocrx_word' id='word_1_529' title='bbox 515 3480 839 3563; x_wconf 72' lang='lat' dir='ltr'><strong>proditore</strong></span> <span class='ocrx_word' id='word_1_530' title='bbox 869 3527 886 3556; x_wconf 93' lang='lat'><strong>,</strong></span> <span class='ocrx_word' id='word_1_531' title='bbox 918 3484 1079 3563; x_wconf 74' lang='lat' dir='ltr'><strong>etin</strong></span> <span class='ocrx_word' id='word_1_532' title='bbox 1112 3484 1280 3563; x_wconf 81' lang='lat' dir='ltr'><strong>Acta</strong></span> <span class='ocrx_word' id='word_1_533' title='bbox 1304 3482 1441 3563; x_wconf 85' lang='lat' dir='ltr'><strong>sive</strong></span> <span class='ocrx_word' id='word_1_534' title='bbox 1468 3481 1534 3540; x_wconf 94' lang='lat' dir='ltr'><strong>in</strong></span> <span class='ocrx_word' id='word_1_535' title='bbox 1557 3481 1945 3563; x_wconf 85' lang='lat' dir='ltr'><strong>principium</strong></span> <span class='ocrx_word' id='word_1_536' title='bbox 1987 3482 2295 3563; x_wconf 86' lang='lat' dir='ltr'><strong>Actorum</strong></span> <span class='ocrx_word' id='word_1_537' title='bbox 2328 3480 2459 3543; x_wconf 83' lang='lat' dir='ltr'><strong>una</strong></span> <span class='ocrx_word' id='word_1_538' title='bbox 2510 3481 2678 3543; x_wconf 89' lang='lat' dir='ltr'><strong>serie</strong></span> <span class='ocrx_word' id='word_1_539' title='bbox 2717 3480 3095 3563; x_wconf 79' lang='lat' dir='ltr'><strong>eodemque</strong></span> <span class='ocrx_word' id='word_1_540' title='bbox 3120 3498 3293 3563; x_wconf 86' lang='lat' dir='ltr'><strong>anno</strong></span> <span class='ocrx_word' id='word_1_541' title='bbox 3339 3481 3604 3563; x_wconf 89' lang='lat' dir='ltr'><strong>habitas</strong></span> 
     </span>
    </p>
   </div>
   <div class='ocr_carea' id='block_1_43' title="bbox 321 3560 3609 3642">
    <p class='ocr_par' dir='ltr' id='par_1_43' title="bbox 321 3560 3609 3642">
     <span class='ocr_line' id='line_1_43' title="bbox 321 3560 3609 3642; baseline -0.001 -18"><span class='ocrx_word' id='word_1_542' title='bbox 321 3560 545 3626; x_wconf 73' lang='lat' dir='ltr'><strong>fuisse.</strong></span> <span class='ocrx_word' id='word_1_543' title='bbox 584 3564 696 3625; x_wconf 73' lang='lat' dir='ltr'><strong>Hm</strong></span> <span class='ocrx_word' id='word_1_544' title='bbox 720 3579 917 3642; x_wconf 87' lang='lat' dir='ltr'><strong>porro</strong></span> <span class='ocrx_word' id='word_1_545' title='bbox 943 3561 1236 3642; x_wconf 55' lang='lat' dir='ltr'><strong>Homilia}</strong></span> <span class='ocrx_word' id='word_1_546' title='bbox 1265 3560 1338 3642; x_wconf 87' lang='lat' dir='ltr'><strong>in</strong></span> <span class='ocrx_word' id='word_1_547' title='bbox 1375 3560 1535 3622; x_wconf 82' lang='lat' dir='ltr'><strong>Acta</strong></span> <span class='ocrx_word' id='word_1_548' title='bbox 1558 3560 1776 3642; x_wconf 85' lang='lat' dir='ltr'><strong>decem</strong></span> <span class='ocrx_word' id='word_1_549' title='bbox 1804 3578 2076 3642; x_wconf 79' lang='lat' dir='ltr'><strong>numero</strong></span> <span class='ocrx_word' id='word_1_550' title='bbox 2104 3560 2304 3642; x_wconf 77' lang='lat' dir='ltr'><strong>fuere,</strong></span> <span class='ocrx_word' id='word_1_551' title='bbox 2337 3580 2566 3642; x_wconf 80' lang='lat' dir='ltr'><strong>nempe</strong></span> <span class='ocrx_word' id='word_1_552' title='bbox 2592 3563 2884 3642; x_wconf 85' lang='lat' dir='ltr'><strong>quinque</strong></span> <span class='ocrx_word' id='word_1_553' title='bbox 2910 3561 2977 3621; x_wconf 91' lang='lat' dir='ltr'><strong>in</strong></span> <span class='ocrx_word' id='word_1_554' title='bbox 3004 3560 3390 3642; x_wconf 87' lang='lat' dir='ltr'><strong>principium</strong></span> <span class='ocrx_word' id='word_1_555' title='bbox 3408 3562 3609 3642; x_wconf 76' lang='lat' dir='ltr'><strong>Acto-</strong></span> 
     </span>
    </p>
   </div>
   <div class='ocr_carea' id='block_1_44' title="bbox 320 3639 3605 3721">
    <p class='ocr_par' dir='ltr' id='par_1_44' title="bbox 320 3639 3605 3721">
     <span class='ocr_line' id='line_1_44' title="bbox 320 3639 3605 3721; baseline -0.001 -18"><span class='ocrx_word' id='word_1_556' title='bbox 320 3661 493 3717; x_wconf 88' lang='lat' dir='ltr'><strong>rum,</strong></span> <span class='ocrx_word' id='word_1_557' title='bbox 527 3639 1125 3721; x_wconf 75' lang='lat' dir='ltr'><strong>quarumsecundaa</strong></span> <span class='ocrx_word' id='word_1_558' title='bbox 1168 3640 1454 3721; x_wconf 78' lang='lat' dir='ltr'><strong>maxima</strong></span> <span class='ocrx_word' id='word_1_559' title='bbox 1482 3655 1632 3717; x_wconf 88' lang='lat' dir='ltr'><strong>pars</strong></span> <span class='ocrx_word' id='word_1_560' title='bbox 1662 3639 1928 3700; x_wconf 89' lang='lat' dir='ltr'><strong>interiit.</strong></span> <span class='ocrx_word' id='word_1_561' title='bbox 1960 3639 2252 3721; x_wconf 78' lang='lat' dir='ltr'><strong>Quatuor</strong></span> <span class='ocrx_word' id='word_1_562' title='bbox 2281 3639 2431 3701; x_wconf 89' lang='lat' dir='ltr'><strong>item</strong></span> <span class='ocrx_word' id='word_1_563' title='bbox 2460 3639 2755 3721; x_wconf 64' lang='lat' dir='ltr'><strong>Homilia:</strong></span> <span class='ocrx_word' id='word_1_564' title='bbox 2782 3639 2865 3721; x_wconf 83' lang='lat' dir='ltr'><strong>de</strong></span> <span class='ocrx_word' id='word_1_565' title='bbox 2882 3639 3247 3721; x_wconf 84' lang='lat' dir='ltr'><strong>mutatione</strong></span> <span class='ocrx_word' id='word_1_566' title='bbox 3264 3639 3605 3721; x_wconf 84' lang='lat' dir='ltr'><strong>nominum</strong></span> 
     </span>
    </p>
   </div>
   <div class='ocr_carea' id='block_1_45' title="bbox 317 3719 3609 3811">
    <p class='ocr_par' dir='ltr' id='par_1_45' title="bbox 317 3719 3609 3811">
     <span class='ocr_line' id='line_1_45' title="bbox 317 3719 3609 3811; baseline -0 -29"><span class='ocrx_word' id='word_1_567' title='bbox 317 3719 731 3811; x_wconf 69' lang='lat' dir='ltr'><strong>inhaeserie</strong></span> <span class='ocrx_word' id='word_1_568' title='bbox 760 3720 1100 3811; x_wconf 65' lang='lat' dir='ltr'><strong>ponendae,</strong></span> <span class='ocrx_word' id='word_1_569' title='bbox 1127 3719 1283 3811; x_wconf 84' lang='lat' dir='ltr'><strong>quia</strong></span> <span class='ocrx_word' id='word_1_570' title='bbox 1316 3723 1778 3811; x_wconf 61' lang='lat' dir='ltr'><strong>argpmenium</strong></span> <span class='ocrx_word' id='word_1_571' title='bbox 1814 3723 1938 3811; x_wconf 45' lang='grc' dir='ltr'><strong>,λιι</strong></span> <span class='ocrx_word' id='word_1_572' title='bbox 1969 3719 2185 3811; x_wconf 76' lang='lat' dir='ltr'><strong>videre</strong></span> <span class='ocrx_word' id='word_1_573' title='bbox 2226 3724 2346 3811; x_wconf 80' lang='lat' dir='ltr'><strong>e_st,</strong></span> <span class='ocrx_word' id='word_1_574' title='bbox 2399 3720 3019 3811; x_wconf 35' lang='lat' dir='ltr'><strong>sumiturnex‘libro</strong></span> <span class='ocrx_word' id='word_1_575' title='bbox 3062 3722 3412 3811; x_wconf 75' lang='lat' dir='ltr'><strong>Actorum;</strong></span> <span class='ocrx_word' id='word_1_576' title='bbox 3449 3720 3609 3781; x_wconf 89' lang='lat' dir='ltr'><strong>licet</strong></span> 
     </span>
    </p>
   </div>
   <div class='ocr_carea' id='block_1_46' title="bbox 312 3797 3603 3880">
    <p class='ocr_par' dir='ltr' id='par_1_46' title="bbox 312 3797 3603 3880">
     <span class='ocr_line' id='line_1_46' title="bbox 312 3797 3603 3880; baseline -0.001 -17"><span class='ocrx_word' id='word_1_577' title='bbox 312 3802 489 3863; x_wconf 86' lang='lat' dir='ltr'><strong>enim</strong></span> <span class='ocrx_word' id='word_1_578' title='bbox 522 3801 589 3863; x_wconf 84' lang='lat' dir='ltr'><strong>in</strong></span> <span class='ocrx_word' id='word_1_579' title='bbox 616 3797 849 3880; x_wconf 73' lang='lat' dir='ltr'><strong>quarta</strong></span> <span class='ocrx_word' id='word_1_580' title='bbox 889 3800 1047 3862; x_wconf 91' lang='lat' dir='ltr'><strong>illud</strong></span> <span class='ocrx_word' id='word_1_581' title='bbox 1068 3797 1288 3880; x_wconf 76' lang='lat' dir='ltr'><strong>prima:</strong></span> <span class='ocrx_word' id='word_1_582' title='bbox 1308 3798 1387 3880; x_wconf 83' lang='lat' dir='ltr'><strong>ad</strong></span> <span class='ocrx_word' id='word_1_583' title='bbox 1418 3797 1809 3880; x_wconf 86' lang='lat' dir='ltr'><strong>Corinthios,</strong></span> <span class='ocrx_word' id='word_1_584' title='bbox 1828 3797 2068 3880; x_wconf 67' lang='lat' dir='ltr'><strong>Pauius</strong></span> <span class='ocrx_word' id='word_1_585' title='bbox 2088 3808 2367 3880; x_wconf 69' lang='lat' dir='ltr'><strong>uocatus,</strong></span> <span class='ocrx_word' id='word_1_586' title='bbox 2400 3805 2545 3880; x_wconf 76' lang='lat' dir='ltr'><strong>etc.,</strong></span> <span class='ocrx_word' id='word_1_587' title='bbox 2568 3798 2866 3880; x_wconf 77' lang='lat' dir='ltr'><strong>explicet,</strong></span> <span class='ocrx_word' id='word_1_588' title='bbox 2895 3802 3349 3880; x_wconf 73' lang='lat' dir='ltr'><strong>argumentum</strong></span> <span class='ocrx_word' id='word_1_589' title='bbox 3378 3804 3603 3880; x_wconf 86' lang='lat' dir='ltr'><strong>tamen</strong></span> 
     </span>
    </p>
   </div>
   <div class='ocr_carea' id='block_1_47' title="bbox 362 3876 3601 3957">
    <p class='ocr_par' dir='ltr' id='par_1_47' title="bbox 362 3876 3601 3957">
     <span class='ocr_line' id='line_1_47' title="bbox 362 3876 3601 3957; baseline -0.001 -15"><span class='ocrx_word' id='word_1_590' title='bbox 362 3882 612 3943; x_wconf 83' lang='lat' dir='ltr'><strong>riorum</strong></span> <span class='ocrx_word' id='word_1_591' title='bbox 638 3876 1042 3942; x_wconf 51' lang='lat' dir='ltr'><strong>&#39;concionum</strong></span> <span class='ocrx_word' id='word_1_592' title='bbox 1070 3876 1174 3939; x_wconf 51' lang='lat' dir='ltr'><strong>&#39;ibi</strong></span> <span class='ocrx_word' id='word_1_593' title='bbox 1204 3877 1445 3956; x_wconf 87' lang='lat' dir='ltr'><strong>passim</strong></span> <span class='ocrx_word' id='word_1_594' title='bbox 1476 3877 1915 3955; x_wconf 89' lang='lat' dir='ltr'><strong>prosequitur.</strong></span> <span class='ocrx_word' id='word_1_595' title='bbox 1964 3876 2080 3939; x_wconf 85' lang='lat' dir='ltr'><strong>His</strong></span> <span class='ocrx_word' id='word_1_596' title='bbox 2114 3878 2394 3938; x_wconf 90' lang='lat' dir='ltr'><strong>homiliis</strong></span> <span class='ocrx_word' id='word_1_597' title='bbox 2430 3877 2872 3957; x_wconf 88' lang='lat' dir='ltr'><strong>adjungendus</strong></span> <span class='ocrx_word' id='word_1_598' title='bbox 2902 3876 3123 3957; x_wconf 81' lang='lat' dir='ltr'><strong>Sermo</strong></span> <span class='ocrx_word' id='word_1_599' title='bbox 3153 3877 3259 3937; x_wconf 89' lang='lat' dir='ltr'><strong>ille</strong></span> <span class='ocrx_word' id='word_1_600' title='bbox 3287 3894 3498 3937; x_wconf 91' lang='lat' dir='ltr'><strong>nonus</strong></span> <span class='ocrx_word' id='word_1_601' title='bbox 3528 3878 3601 3938; x_wconf 90' lang='lat' dir='ltr'><strong>in</strong></span> 
     </span>
    </p>
   </div>
   <div class='ocr_carea' id='block_1_48' title="bbox 372 3956 3603 4035">
    <p class='ocr_par' dir='ltr' id='par_1_48' title="bbox 372 3956 3603 4035">
     <span class='ocr_line' id='line_1_48' title="bbox 372 3956 3603 4035; baseline -0.001 -15"><span class='ocrx_word' id='word_1_602' title='bbox 372 3960 617 4021; x_wconf 89' lang='lat' dir='ltr'><strong>enesim</strong></span> <span class='ocrx_word' id='word_1_603' title='bbox 642 4005 659 4031; x_wconf 93' lang='lat'><strong>,</strong></span> <span class='ocrx_word' id='word_1_604' title='bbox 688 3959 954 4020; x_wconf 87' lang='lat' dir='ltr'><strong>ultimus</strong></span> <span class='ocrx_word' id='word_1_605' title='bbox 992 3976 1221 4035; x_wconf 85' lang='lat' dir='ltr'><strong>nempe</strong></span> <span class='ocrx_word' id='word_1_606' title='bbox 1253 3974 1478 4018; x_wconf 88' lang='lat' dir='ltr'><strong>eorum</strong></span> <span class='ocrx_word' id='word_1_607' title='bbox 1497 3974 1869 4018; x_wconf 89' lang='lat' dir='ltr'><strong>sermonum</strong></span> <span class='ocrx_word' id='word_1_608' title='bbox 1888 4000 1904 4029; x_wconf 91' lang='lat'><strong>,</strong></span> <span class='ocrx_word' id='word_1_609' title='bbox 1932 3958 2044 4034; x_wconf 92' lang='lat' dir='ltr'><strong>qui</strong></span> <span class='ocrx_word' id='word_1_610' title='bbox 2077 3962 2222 4035; x_wconf 89' lang='lat' dir='ltr'><strong>post</strong></span> <span class='ocrx_word' id='word_1_611' title='bbox 2250 3956 2327 4015; x_wconf 89' lang='lat'>67</span> <span class='ocrx_word' id='word_1_612' title='bbox 2352 3956 2651 4017; x_wconf 85' lang='lat' dir='ltr'><strong>homilias</strong></span> <span class='ocrx_word' id='word_1_613' title='bbox 2681 3957 2930 4034; x_wconf 87' lang='lat' dir='ltr'><strong>priores</strong></span> <span class='ocrx_word' id='word_1_614' title='bbox 2973 3956 3272 4035; x_wconf 87' lang='lat' dir='ltr'><strong>locantur</strong></span> <span class='ocrx_word' id='word_1_615' title='bbox 3292 3999 3310 4028; x_wconf 91' lang='lat'><strong>,</strong></span> <span class='ocrx_word' id='word_1_616' title='bbox 3346 3956 3603 4035; x_wconf 91' lang='lat' dir='ltr'><strong>quique</strong></span> 
     </span>
    </p>
   </div>
   <div class='ocr_carea' id='block_1_49' title="bbox 312 4034 3601 4114">
    <p class='ocr_par' dir='ltr' id='par_1_49' title="bbox 312 4034 3601 4114">
     <span class='ocr_line' id='line_1_49' title="bbox 312 4034 3601 4114; baseline -0.001 -15"><span class='ocrx_word' id='word_1_617' title='bbox 312 4040 393 4100; x_wconf 84' lang='lat' dir='ltr'><strong>ad</strong></span> <span class='ocrx_word' id='word_1_618' title='bbox 425 4039 686 4100; x_wconf 91' lang='lat' dir='ltr'><strong>illarum</strong></span> <span class='ocrx_word' id='word_1_619' title='bbox 705 4040 770 4099; x_wconf 93' lang='lat' dir='ltr'><strong>in</strong></span> <span class='ocrx_word' id='word_1_620' title='bbox 798 4039 955 4100; x_wconf 87' lang='lat' dir='ltr'><strong>Acta</strong></span> <span class='ocrx_word' id='word_1_621' title='bbox 982 4034 1393 4098; x_wconf 87' lang='lat' dir='ltr'><strong>homiliarum</strong></span> <span class='ocrx_word' id='word_1_622' title='bbox 1416 4035 1647 4096; x_wconf 90' lang='lat' dir='ltr'><strong>seriem</strong></span> <span class='ocrx_word' id='word_1_623' title='bbox 1674 4034 1816 4096; x_wconf 93' lang='lat' dir='ltr'><strong>ideo</strong></span> <span class='ocrx_word' id='word_1_624' title='bbox 1851 4034 2173 4112; x_wconf 86' lang='lat' dir='ltr'><strong>pertinere</strong></span> <span class='ocrx_word' id='word_1_625' title='bbox 2200 4040 2439 4114; x_wconf 86' lang='lat' dir='ltr'><strong>potest,</strong></span> <span class='ocrx_word' id='word_1_626' title='bbox 2468 4041 2538 4096; x_wconf 94' lang='lat' dir='ltr'><strong>ut</strong></span> <span class='ocrx_word' id='word_1_627' title='bbox 2564 4035 2781 4098; x_wconf 90' lang='lat' dir='ltr'><strong>videas</strong></span> <span class='ocrx_word' id='word_1_628' title='bbox 2810 4035 2878 4096; x_wconf 90' lang='lat' dir='ltr'><strong>in</strong></span> <span class='ocrx_word' id='word_1_629' title='bbox 2904 4035 3147 4096; x_wconf 88' lang='lat' dir='ltr'><strong>Monito</strong></span> <span class='ocrx_word' id='word_1_630' title='bbox 3165 4034 3243 4097; x_wconf 89' lang='lat' dir='ltr'><strong>ad</strong></span> <span class='ocrx_word' id='word_1_631' title='bbox 3270 4034 3601 4097; x_wconf 89' lang='lat' dir='ltr'><strong>eumdem.</strong></span> 
     </span>
    </p>
   </div>
   <div class='ocr_carea' id='block_1_50' title="bbox 308 4114 3565 4196">
    <p class='ocr_par' dir='ltr' id='par_1_50' title="bbox 308 4114 3565 4196">
     <span class='ocr_line' id='line_1_50' title="bbox 308 4114 3565 4196; baseline 0.001 -17"><span class='ocrx_word' id='word_1_632' title='bbox 308 4118 544 4181; x_wconf 84' lang='lat' dir='ltr'><strong>Decem</strong></span> <span class='ocrx_word' id='word_1_633' title='bbox 574 4119 792 4196; x_wconf 89' lang='lat' dir='ltr'><strong>itaque</strong></span> <span class='ocrx_word' id='word_1_634' title='bbox 822 4117 1136 4178; x_wconf 86' lang='lat' dir='ltr'><strong>Homilias</strong></span> <span class='ocrx_word' id='word_1_635' title='bbox 1167 4115 1233 4175; x_wconf 90' lang='lat' dir='ltr'><strong>in</strong></span> <span class='ocrx_word' id='word_1_636' title='bbox 1261 4116 1417 4196; x_wconf 77' lang='lat' dir='ltr'><strong>Acta</strong></span> <span class='ocrx_word' id='word_1_637' title='bbox 1455 4120 1611 4175; x_wconf 92' lang='lat' dir='ltr'><strong>tunc</strong></span> <span class='ocrx_word' id='word_1_638' title='bbox 1634 4114 1884 4196; x_wconf 77' lang='lat' dir='ltr'><strong>habitas</strong></span> <span class='ocrx_word' id='word_1_639' title='bbox 1925 4115 2134 4196; x_wconf 76' lang='lat' dir='ltr'><strong>dicere</strong></span> <span class='ocrx_word' id='word_1_640' title='bbox 2162 4131 2529 4196; x_wconf 80' lang='lat' dir='ltr'><strong>possumus.</strong></span> <span class='ocrx_word' id='word_1_641' title='bbox 2819 4193 2829 4196; x_wconf 91' lang='lat'><em>_</em></span> <span class='ocrx_word' id='word_1_642' title='bbox 2927 4193 2957 4196; x_wconf 85' lang='lat'>_</span> <span class='ocrx_word' id='word_1_643' title='bbox 3129 4192 3140 4196; x_wconf 90' lang='lat'><strong>_</strong></span> <span class='ocrx_word' id='word_1_644' title='bbox 3560 4114 3565 4119; x_wconf 65' lang='grc'><em>’</em></span> 
     </span>
    </p>
   </div>
   <div class='ocr_carea' id='block_1_51' title="bbox 391 4192 3603 4276">
    <p class='ocr_par' dir='ltr' id='par_1_51' title="bbox 391 4192 3603 4276">
     <span class='ocr_line' id='line_1_51' title="bbox 391 4192 3603 4276; baseline -0.002 -17"><span class='ocrx_word' id='word_1_645' title='bbox 391 4192 816 4276; x_wconf 65' lang='lat' dir='ltr'><strong>Exploraium</strong></span> <span class='ocrx_word' id='word_1_646' title='bbox 868 4212 1022 4276; x_wconf 83' lang='lat' dir='ltr'><strong>ergo</strong></span> <span class='ocrx_word' id='word_1_647' title='bbox 1063 4200 1159 4276; x_wconf 80' lang='lat' dir='ltr'><strong>est</strong></span> <span class='ocrx_word' id='word_1_648' title='bbox 1185 4238 1201 4267; x_wconf 95' lang='lat'><strong>,</strong></span> <span class='ocrx_word' id='word_1_649' title='bbox 1227 4200 1303 4276; x_wconf 78' lang='lat' dir='ltr'><strong>ut</strong></span> <span class='ocrx_word' id='word_1_650' title='bbox 1330 4194 1651 4276; x_wconf 80' lang='lat' dir='ltr'><strong>diximus,</strong></span> <span class='ocrx_word' id='word_1_651' title='bbox 1681 4193 1823 4276; x_wconf 77' lang='lat' dir='ltr'><strong>illas</strong></span> <span class='ocrx_word' id='word_1_652' title='bbox 1852 4192 2414 4276; x_wconf 29' lang='lat' dir='ltr'><strong>homilias’eodem</strong></span> <span class='ocrx_word' id='word_1_653' title='bbox 2463 4211 2594 4276; x_wconf 85' lang='lat' dir='ltr'><strong>quo</strong></span> <span class='ocrx_word' id='word_1_654' title='bbox 2639 4194 2786 4276; x_wconf 80' lang='lat' dir='ltr'><strong>illas</strong></span> <span class='ocrx_word' id='word_1_655' title='bbox 2815 4193 2882 4276; x_wconf 89' lang='lat' dir='ltr'><strong>in</strong></span> <span class='ocrx_word' id='word_1_656' title='bbox 2907 4192 3212 4276; x_wconf 78' lang='lat' dir='ltr'><strong>Genesim</strong></span> <span class='ocrx_word' id='word_1_657' title='bbox 3241 4208 3435 4263; x_wconf 91' lang='lat' dir='ltr'><strong>anno,</strong></span> <span class='ocrx_word' id='word_1_658' title='bbox 3466 4208 3603 4253; x_wconf 87' lang='lat' dir='ltr'><strong>ea—</strong></span> 
     </span>
    </p>
   </div>
   <div class='ocr_carea' id='block_1_52' title="bbox 307 4271 3594 4354">
    <p class='ocr_par' dir='ltr' id='par_1_52' title="bbox 307 4271 3594 4354">
     <span class='ocr_line' id='line_1_52' title="bbox 307 4271 3594 4354; baseline -0.001 -18"><span class='ocrx_word' id='word_1_659' title='bbox 307 4271 584 4354; x_wconf 75' lang='lat' dir='ltr'><strong>demque</strong></span> <span class='ocrx_word' id='word_1_660' title='bbox 614 4275 680 4335; x_wconf 90' lang='lat' dir='ltr'><strong>in</strong></span> <span class='ocrx_word' id='word_1_661' title='bbox 708 4277 892 4347; x_wconf 90' lang='lat' dir='ltr'><strong>urbe,</strong></span> <span class='ocrx_word' id='word_1_662' title='bbox 931 4271 1181 4337; x_wconf 75' lang='lat' dir='ltr'><strong>babitas</strong></span> <span class='ocrx_word' id='word_1_663' title='bbox 1218 4272 1438 4354; x_wconf 70' lang='lat' dir='ltr'><strong>fuisse.</strong></span> <span class='ocrx_word' id='word_1_664' title='bbox 1466 4272 2039 4354; x_wconf 19' lang='lat' dir='ltr'><strong>Antiochiaaivero,</strong></span> <span class='ocrx_word' id='word_1_665' title='bbox 2071 4290 2155 4354; x_wconf 89' lang='lat' dir='ltr'><strong>an</strong></span> <span class='ocrx_word' id='word_1_666' title='bbox 2186 4272 2739 4354; x_wconf 85' lang='lat' dir='ltr'><strong>Constantinopoli</strong></span> <span class='ocrx_word' id='word_1_667' title='bbox 2772 4273 3004 4333; x_wconf 67' lang='lat' dir='ltr'><strong>habitae</strong></span> <span class='ocrx_word' id='word_1_668' title='bbox 3034 4271 3291 4354; x_wconf 81' lang='lat' dir='ltr'><strong>fuerint,</strong></span> <span class='ocrx_word' id='word_1_669' title='bbox 3322 4288 3451 4354; x_wconf 84' lang='lat' dir='ltr'><strong>non</strong></span> <span class='ocrx_word' id='word_1_670' title='bbox 3485 4278 3594 4354; x_wconf 90' lang='lat' dir='ltr'><strong>e_st</strong></span> 
     </span>
    </p>
   </div>
   <div class='ocr_carea' id='block_1_53' title="bbox 306 4349 3594 4491">
    <p class='ocr_par' dir='ltr' id='par_1_53' title="bbox 306 4349 3594 4491">
     <span class='ocr_line' id='line_1_53' title="bbox 306 4349 3594 4491; baseline -0.001 -76"><span class='ocrx_word' id='word_1_671' title='bbox 306 4349 991 4433; x_wconf 54' lang='lat' dir='ltr'><strong>quod&#39;perquiramus;</strong></span> <span class='ocrx_word' id='word_1_672' title='bbox 1023 4352 1282 4431; x_wconf 88' lang='lat' dir='ltr'><strong>quando</strong></span> <span class='ocrx_word' id='word_1_673' title='bbox 1328 4353 1394 4412; x_wconf 90' lang='lat' dir='ltr'><strong>in</strong></span> <span class='ocrx_word' id='word_1_674' title='bbox 1442 4351 1738 4413; x_wconf 60' lang='lat' dir='ltr'><strong>secunda:</strong></span> <span class='ocrx_word' id='word_1_675' title='bbox 1785 4352 2074 4413; x_wconf 66' lang='lat' dir='ltr'><strong>Homiliaa</strong></span> <span class='ocrx_word' id='word_1_676' title='bbox 2100 4353 2166 4412; x_wconf 92' lang='lat' dir='ltr'><strong>in</strong></span> <span class='ocrx_word' id='word_1_677' title='bbox 2215 4349 2935 4491; x_wconf 52' lang='lat' dir='ltr'><strong>princip‘ium&#39;Actorum</strong></span> <span class='ocrx_word' id='word_1_678' title='bbox 2982 4351 3289 4423; x_wconf 81' lang='lat' dir='ltr'><strong>exordio,</strong></span> <span class='ocrx_word' id='word_1_679' title='bbox 3320 4349 3594 4428; x_wconf 83' lang='lat' dir='ltr'><strong>perinde</strong></span> 
     </span>
     <span class='ocr_line' id='line_1_54' title="bbox 306 4430 3594 4491; baseline -0.001 0"><span class='ocrx_word' id='word_1_680' title='bbox 306 4440 505 4491; x_wconf 83' lang='lat' dir='ltr'><strong>atoue</strong></span> <span class='ocrx_word' id='word_1_681' title='bbox 536 4435 601 4491; x_wconf 92' lang='lat' dir='ltr'><strong>in</strong></span> <span class='ocrx_word' id='word_1_682' title='bbox 630 4434 816 4491; x_wconf 82' lang='lat' dir='ltr'><strong>titulo</strong></span> <span class='ocrx_word' id='word_1_683' title='bbox 840 4434 1073 4491; x_wconf 87' lang='lat' dir='ltr'><strong>dicitur</strong></span> <span class='ocrx_word' id='word_1_684' title='bbox 1092 4450 1235 4491; x_wconf 87' lang='lat' dir='ltr'><strong>eam</strong></span> <span class='ocrx_word' id='word_1_685' title='bbox 1274 4432 1339 4491; x_wconf 91' lang='lat' dir='ltr'><strong>in</strong></span> <span class='ocrx_word' id='word_1_686' title='bbox 1386 4431 1593 4491; x_wconf 69' lang='lat' dir='ltr'><strong>Palaaa</strong></span> <span class='ocrx_word' id='word_1_687' title='bbox 1616 4475 1633 4491; x_wconf 98' lang='lat'><strong>.</strong></span> <span class='ocrx_word' id='word_1_688' title='bbox 1661 4449 1777 4491; x_wconf 90' lang='lat' dir='ltr'><strong>seu</strong></span> <span class='ocrx_word' id='word_1_689' title='bbox 1808 4432 1874 4491; x_wconf 91' lang='lat' dir='ltr'><strong>in</strong></span> <span class='ocrx_word' id='word_1_690' title='bbox 1908 4431 2107 4491; x_wconf 89' lang='lat' dir='ltr'><strong>veteri</strong></span> <span class='ocrx_word' id='word_1_691' title='bbox 2131 4431 2401 4491; x_wconf 87' lang='lat' dir='ltr'><strong>ecclesia</strong></span> <span class='ocrx_word' id='word_1_692' title='bbox 2475 4432 2711 4491; x_wconf 88' lang='lat' dir='ltr'><strong>abitam</strong></span> <span class='ocrx_word' id='word_1_693' title='bbox 2742 4430 2935 4491; x_wconf 86' lang='lat' dir='ltr'><strong>fuisse</strong></span> <span class='ocrx_word' id='word_1_694' title='bbox 2961 4451 2975 4489; x_wconf 90' lang='lat'><strong>:</strong></span> <span class='ocrx_word' id='word_1_695' title='bbox 3001 4448 3146 4491; x_wconf 67' lang='lat' dir='ltr'><strong>aure</strong></span> <span class='ocrx_word' id='word_1_696' title='bbox 3174 4432 3379 4491; x_wconf 66' lang='lat' dir='ltr'><strong>Palma</strong></span> <span class='ocrx_word' id='word_1_697' title='bbox 3408 4430 3594 4489; x_wconf 77' lang='lat' dir='ltr'><strong>cele-</strong></span> 
     </span>
    </p>
   </div>
   <div class='ocr_carea' id='block_1_54' title="bbox 306 4431 2401 4512">
    <p class='ocr_par' dir='ltr' id='par_1_54' title="bbox 306 4431 2401 4512">
     <span class='ocr_line' id='line_1_55' title="bbox 306 4431 2401 4512; baseline -0.002 -17"><span class='ocrx_word' id='word_1_698' title='bbox 306 4431 601 4512; x_wconf 50' lang='lat' dir='ltr'><strong>atque&#39;in</strong></span> <span class='ocrx_word' id='word_1_699' title='bbox 630 4431 816 4496; x_wconf 85' lang='lat' dir='ltr'><strong>titulo</strong></span> <span class='ocrx_word' id='word_1_700' title='bbox 840 4434 1073 4495; x_wconf 89' lang='lat' dir='ltr'><strong>dicitur</strong></span> <span class='ocrx_word' id='word_1_701' title='bbox 1092 4450 1235 4494; x_wconf 90' lang='lat' dir='ltr'><strong>eam</strong></span> <span class='ocrx_word' id='word_1_702' title='bbox 1274 4432 1339 4492; x_wconf 92' lang='lat' dir='ltr'><strong>in</strong></span> <span class='ocrx_word' id='word_1_703' title='bbox 1386 4431 1593 4492; x_wconf 68' lang='lat' dir='ltr'><strong>Palaaa</strong></span> <span class='ocrx_word' id='word_1_704' title='bbox 1616 4475 1633 4504; x_wconf 90' lang='lat'><strong>,</strong></span> <span class='ocrx_word' id='word_1_705' title='bbox 1661 4449 1777 4492; x_wconf 91' lang='lat' dir='ltr'><strong>seu</strong></span> <span class='ocrx_word' id='word_1_706' title='bbox 1808 4432 1874 4491; x_wconf 91' lang='lat' dir='ltr'><strong>in</strong></span> <span class='ocrx_word' id='word_1_707' title='bbox 1908 4431 2107 4512; x_wconf 85' lang='lat' dir='ltr'><strong>veteri</strong></span> <span class='ocrx_word' id='word_1_708' title='bbox 2122 4431 2401 4512; x_wconf 80' lang='lat' dir='ltr'><strong>ecclesia</strong></span> 
     </span>
    </p>
   </div>
   <div class='ocr_carea' id='block_1_55' title="bbox 307 4508 3595 4589">
    <p class='ocr_par' dir='ltr' id='par_1_55' title="bbox 307 4508 3595 4589">
     <span class='ocr_line' id='line_1_56' title="bbox 307 4508 3595 4589; baseline -0.001 -15"><span class='ocrx_word' id='word_1_709' title='bbox 307 4508 439 4574; x_wconf 78' lang='lat' dir='ltr'><strong>bris</strong></span> <span class='ocrx_word' id='word_1_710' title='bbox 490 4513 890 4575; x_wconf 83' lang='lat' dir='ltr'><strong>Antiochena</strong></span> <span class='ocrx_word' id='word_1_711' title='bbox 928 4512 1200 4574; x_wconf 90' lang='lat' dir='ltr'><strong>ecclesia</strong></span> <span class='ocrx_word' id='word_1_712' title='bbox 1234 4516 1394 4583; x_wconf 87' lang='lat' dir='ltr'><strong>erat,</strong></span> <span class='ocrx_word' id='word_1_713' title='bbox 1445 4516 1517 4571; x_wconf 94' lang='lat' dir='ltr'><strong>ut</strong></span> <span class='ocrx_word' id='word_1_714' title='bbox 1572 4528 1761 4571; x_wconf 89' lang='lat' dir='ltr'><strong>nemo</strong></span> <span class='ocrx_word' id='word_1_715' title='bbox 1796 4511 2020 4572; x_wconf 90' lang='lat' dir='ltr'><strong>nescit.</strong></span> <span class='ocrx_word' id='word_1_716' title='bbox 2070 4510 2138 4571; x_wconf 88' lang='lat' dir='ltr'><strong>Id</strong></span> <span class='ocrx_word' id='word_1_717' title='bbox 2183 4509 2355 4587; x_wconf 90' lang='lat' dir='ltr'><strong>quod</strong></span> <span class='ocrx_word' id='word_1_718' title='bbox 2391 4511 2584 4571; x_wconf 89' lang='lat' dir='ltr'><strong>etiam</strong></span> <span class='ocrx_word' id='word_1_719' title='bbox 2628 4512 2940 4589; x_wconf 89' lang='lat' dir='ltr'><strong>probatur</strong></span> <span class='ocrx_word' id='word_1_720' title='bbox 2965 4529 3047 4571; x_wconf 77' lang='lat' dir='ltr'><strong>ex</strong></span> <span class='ocrx_word' id='word_1_721' title='bbox 3080 4510 3265 4570; x_wconf 91' lang='lat' dir='ltr'><strong>initio</strong></span> <span class='ocrx_word' id='word_1_722' title='bbox 3293 4508 3595 4571; x_wconf 66' lang='lat' dir='ltr'><strong>Homilia:</strong></span> 
     </span>
    </p>
   </div>
   <div class='ocr_carea' id='block_1_56' title="bbox 304 4588 3591 4668">
    <p class='ocr_par' dir='ltr' id='par_1_56' title="bbox 304 4588 3591 4668">
     <span class='ocr_line' id='line_1_57' title="bbox 304 4588 3591 4668; baseline -0.001 -17"><span class='ocrx_word' id='word_1_723' title='bbox 304 4591 697 4653; x_wconf 62' lang='lat' dir='ltr'><strong>duodecimae</strong></span> <span class='ocrx_word' id='word_1_724' title='bbox 722 4592 785 4652; x_wconf 91' lang='lat' dir='ltr'><strong>in</strong></span> <span class='ocrx_word' id='word_1_725' title='bbox 809 4592 1132 4663; x_wconf 84' lang='lat' dir='ltr'><strong>Genesim,</strong></span> <span class='ocrx_word' id='word_1_726' title='bbox 1157 4591 1266 4651; x_wconf 91' lang='lat' dir='ltr'><strong>ubi</strong></span> <span class='ocrx_word' id='word_1_727' title='bbox 1298 4591 1388 4651; x_wconf 89' lang='lat' dir='ltr'><strong>ait</strong></span> <span class='ocrx_word' id='word_1_728' title='bbox 1412 4608 1481 4652; x_wconf 89' lang='lat' dir='ltr'><strong>se</strong></span> <span class='ocrx_word' id='word_1_729' title='bbox 1507 4607 1767 4651; x_wconf 91' lang='lat' dir='ltr'><strong>cursum</strong></span> <span class='ocrx_word' id='word_1_730' title='bbox 1788 4590 2198 4668; x_wconf 89' lang='lat' dir='ltr'><strong>homiliarum</strong></span> <span class='ocrx_word' id='word_1_731' title='bbox 2221 4589 2285 4648; x_wconf 92' lang='lat' dir='ltr'><strong>in</strong></span> <span class='ocrx_word' id='word_1_732' title='bbox 2305 4589 2477 4649; x_wconf 90' lang='lat' dir='ltr'><strong>hunc</strong></span> <span class='ocrx_word' id='word_1_733' title='bbox 2498 4589 2837 4668; x_wconf 64' lang='lat' dir='ltr'><strong>Scriptura</strong></span> <span class='ocrx_word' id='word_1_734' title='bbox 2856 4591 3091 4650; x_wconf 91' lang='lat' dir='ltr'><strong>librum</strong></span> <span class='ocrx_word' id='word_1_735' title='bbox 3112 4588 3591 4668; x_wconf 86' lang='lat' dir='ltr'><strong>interpellasse,</strong></span> 
     </span>
    </p>
   </div>
   <div class='ocr_carea' id='block_1_57' title="bbox 303 4667 3591 4747">
    <p class='ocr_par' dir='ltr' id='par_1_57' title="bbox 303 4667 3591 4747">
     <span class='ocr_line' id='line_1_58' title="bbox 303 4667 3591 4747; baseline -0.002 -15"><span class='ocrx_word' id='word_1_736' title='bbox 303 4677 376 4732; x_wconf 93' lang='lat' dir='ltr'><strong>ut</strong></span> <span class='ocrx_word' id='word_1_737' title='bbox 400 4689 510 4733; x_wconf 88' lang='lat' dir='ltr'><strong>eos</strong></span> <span class='ocrx_word' id='word_1_738' title='bbox 528 4672 1126 4739; x_wconf 82' lang='lat' dir='ltr'><strong>commonefaceret,</strong></span> <span class='ocrx_word' id='word_1_739' title='bbox 1153 4670 1267 4747; x_wconf 87' lang='lat' dir='ltr'><strong>qui</strong></span> <span class='ocrx_word' id='word_1_740' title='bbox 1289 4672 1560 4732; x_wconf 90' lang='lat' dir='ltr'><strong>aberant</strong></span> <span class='ocrx_word' id='word_1_741' title='bbox 1583 4686 1625 4731; x_wconf 89' lang='lat' dir='ltr'><strong>a</strong></span> <span class='ocrx_word' id='word_1_742' title='bbox 1649 4669 1835 4731; x_wconf 89' lang='lat' dir='ltr'><strong>caula</strong></span> <span class='ocrx_word' id='word_1_743' title='bbox 1862 4667 2120 4740; x_wconf 87' lang='lat' dir='ltr'><strong>Christi,</strong></span> <span class='ocrx_word' id='word_1_744' title='bbox 2151 4673 2215 4729; x_wconf 89' lang='lat' dir='ltr'><strong>et</strong></span> <span class='ocrx_word' id='word_1_745' title='bbox 2241 4668 2493 4729; x_wconf 70' lang='lat' dir='ltr'><strong>Judieos</strong></span> <span class='ocrx_word' id='word_1_746' title='bbox 2521 4667 2955 4744; x_wconf 86' lang='lat' dir='ltr'><strong>sectabantur,</strong></span> <span class='ocrx_word' id='word_1_747' title='bbox 2983 4668 3045 4728; x_wconf 85' lang='lat' dir='ltr'><strong>id</strong></span> <span class='ocrx_word' id='word_1_748' title='bbox 3070 4674 3188 4741; x_wconf 88' lang='lat' dir='ltr'><strong>est,</strong></span> <span class='ocrx_word' id='word_1_749' title='bbox 3213 4667 3591 4747; x_wconf 57' lang='lat' dir='ltr'><strong>Judeorum</strong></span> 
     </span>
    </p>
   </div>
   <div class='ocr_carea' id='block_1_58' title="bbox 314 4746 3591 4831">
    <p class='ocr_par' dir='ltr' id='par_1_58' title="bbox 314 4746 3591 4831">
     <span class='ocr_line' id='line_1_59' title="bbox 314 4746 3591 4831; baseline -0.002 -20"><span class='ocrx_word' id='word_1_750' title='bbox 314 4751 651 4831; x_wconf 13' lang='lat' dir='ltr'><strong>jejunium,</strong></span> <span class='ocrx_word' id='word_1_751' title='bbox 675 4750 1057 4830; x_wconf 89' lang='lat' dir='ltr'><strong>jejunabant</strong></span> <span class='ocrx_word' id='word_1_752' title='bbox 1074 4770 1099 4831; x_wconf 10' lang='lat' dir='ltr'><strong>;ﬁ</strong></span> <span class='ocrx_word' id='word_1_753' title='bbox 1123 4746 1273 4831; x_wconf 81' lang='lat' dir='ltr'><strong>nam</strong></span> <span class='ocrx_word' id='word_1_754' title='bbox 1330 4749 1397 4809; x_wconf 91' lang='lat' dir='ltr'><strong>in</strong></span> <span class='ocrx_word' id='word_1_755' title='bbox 1421 4748 1942 4831; x_wconf 86' lang='lat' dir='ltr'><strong>_Quadra_g_esim_a</strong></span> <span class='ocrx_word' id='word_1_756' title='bbox 1998 4753 2060 4831; x_wconf 86' lang='lat' dir='ltr'><strong>et</strong></span> <span class='ocrx_word' id='word_1_757' title='bbox 2106 4746 2335 4831; x_wconf 78' lang='lat' dir='ltr'><strong>jejunii</strong></span> <span class='ocrx_word' id='word_1_758' title='bbox 2369 4752 2655 4831; x_wconf 75' lang='lat' dir='ltr'><strong>tempore</strong></span> <span class='ocrx_word' id='word_1_759' title='bbox 2698 4748 2766 4808; x_wconf 90' lang='lat' dir='ltr'><strong>hi</strong></span> <span class='ocrx_word' id='word_1_760' title='bbox 2809 4764 3141 4831; x_wconf 79' lang='lat' dir='ltr'><strong>sermones</strong></span> <span class='ocrx_word' id='word_1_761' title='bbox 3172 4751 3322 4810; x_wconf 92' lang='lat' dir='ltr'><strong>sunt</strong></span> <span class='ocrx_word' id='word_1_762' title='bbox 3356 4746 3591 4831; x_wconf 82' lang='lat' dir='ltr'><strong>habiti.</strong></span> 
     </span>
    </p>
   </div>
   <div class='ocr_carea' id='block_1_59' title="bbox 362 4825 3593 4910">
    <p class='ocr_par' dir='ltr' id='par_1_59' title="bbox 362 4825 3593 4910">
     <span class='ocr_line' id='line_1_60' title="bbox 362 4825 3593 4910; baseline -0.002 -19"><span class='ocrx_word' id='word_1_763' title='bbox 362 4825 921 4910; x_wconf 11' lang='lat' dir='ltr'><strong>ujusmiodi&#39;a&#39;utem</strong></span> <span class='ocrx_word' id='word_1_764' title='bbox 943 4830 1169 4890; x_wconf 90' lang='lat' dir='ltr'><strong>morbo</strong></span> <span class='ocrx_word' id='word_1_765' title='bbox 1193 4829 1575 4910; x_wconf 74' lang='lat' dir='ltr'><strong>laborabant</strong></span> <span class='ocrx_word' id='word_1_766' title='bbox 1598 4825 1861 4910; x_wconf 77' lang='lat' dir='ltr'><strong>quidam</strong></span> <span class='ocrx_word' id='word_1_767' title='bbox 1881 4825 2453 4910; x_wconf 82' lang='lat' dir='ltr'><strong>Antiochenorum,</strong></span> <span class='ocrx_word' id='word_1_768' title='bbox 2476 4826 2783 4910; x_wconf 64' lang='lat' dir='ltr'><strong>adyersus</strong></span> <span class='ocrx_word' id='word_1_769' title='bbox 2805 4844 2970 4910; x_wconf 79' lang='lat' dir='ltr'><strong>quos</strong></span> <span class='ocrx_word' id='word_1_770' title='bbox 2994 4826 3183 4910; x_wconf 81' lang='lat' dir='ltr'><strong>etiam</strong></span> <span class='ocrx_word' id='word_1_771' title='bbox 3207 4825 3593 4910; x_wconf 78' lang='lat' dir='ltr'><strong>concionem</strong></span> 
     </span>
    </p>
   </div>
   <div class='ocr_carea' id='block_1_60' title="bbox 303 4903 3587 4989">
    <p class='ocr_par' dir='ltr' id='par_1_60' title="bbox 303 4903 3587 4989">
     <span class='ocr_line' id='line_1_61' title="bbox 303 4903 3587 4989; baseline -0.002 -19"><span class='ocrx_word' id='word_1_772' title='bbox 303 4903 526 4972; x_wconf 85' lang='lat' dir='ltr'><strong>habuit</strong></span> <span class='ocrx_word' id='word_1_773' title='bbox 554 4909 1067 4989; x_wconf 14' lang='lat' dir='ltr'><strong>Chrysostomusi</strong></span> <span class='ocrx_word' id='word_1_774' title='bbox 1097 4924 1271 4969; x_wconf 89' lang='lat' dir='ltr'><strong>anno</strong></span> <span class='ocrx_word' id='word_1_775' title='bbox 1298 4907 1438 4989; x_wconf 82' lang='lat'><strong>386,</strong></span> <span class='ocrx_word' id='word_1_776' title='bbox 1471 4903 2243 4989; x_wconf 20' lang='lat' dir='ltr'><strong>cuiit’utulus__:_it(iversus</strong></span> <span class='ocrx_word' id='word_1_777' title='bbox 2272 4924 2372 4989; x_wconf 79' lang='lat' dir='ltr'><strong>eos</strong></span> <span class='ocrx_word' id='word_1_778' title='bbox 2404 4903 2905 4989; x_wconf 73' lang='lat' dir='ltr'><strong>quiJudworum</strong></span> <span class='ocrx_word' id='word_1_779' title='bbox 2924 4905 3246 4989; x_wconf 77' lang='lat' dir='ltr'><strong>jejunium</strong></span> <span class='ocrx_word' id='word_1_780' title='bbox 3257 4903 3587 4989; x_wconf 80' lang='lat' dir='ltr'><strong>jejun_a_nt.</strong></span> 
     </span>
    </p>
   </div>
   <div class='ocr_carea' id='block_1_61' title="bbox 297 4982 3595 5064">
    <p class='ocr_par' dir='ltr' id='par_1_61' title="bbox 297 4982 3595 5064">
     <span class='ocr_line' id='line_1_62' title="bbox 297 4982 3595 5064; baseline -0.002 -13"><span class='ocrx_word' id='word_1_781' title='bbox 297 4982 732 5063; x_wconf 81' lang='lat' dir='ltr'><strong>Quamobrem</strong></span> <span class='ocrx_word' id='word_1_782' title='bbox 758 5006 905 5050; x_wconf 90' lang='lat' dir='ltr'><strong>cum</strong></span> <span class='ocrx_word' id='word_1_783' title='bbox 935 4988 1013 5049; x_wconf 90' lang='lat' dir='ltr'><strong>de</strong></span> <span class='ocrx_word' id='word_1_784' title='bbox 1038 4986 1767 5064; x_wconf 84' lang='lat' dir='ltr'><strong>ConstantinOpolitanis</strong></span> <span class='ocrx_word' id='word_1_785' title='bbox 1801 4985 1963 5046; x_wconf 91' lang='lat' dir='ltr'><strong>nihil</strong></span> <span class='ocrx_word' id='word_1_786' title='bbox 2007 4984 2374 5064; x_wconf 90' lang='lat' dir='ltr'><strong>hujusmodi</strong></span> <span class='ocrx_word' id='word_1_787' title='bbox 2413 4982 2722 5063; x_wconf 77' lang='lat' dir='ltr'><strong>scriptum</strong></span> <span class='ocrx_word' id='word_1_788' title='bbox 2768 4982 3069 5047; x_wconf 77' lang='lat' dir='ltr'><strong>occurrat</strong></span> <span class='ocrx_word' id='word_1_789' title='bbox 3107 4982 3356 5064; x_wconf 84' lang='lat' dir='ltr'><strong>uspiam</strong></span> <span class='ocrx_word' id='word_1_790' title='bbox 3383 5027 3399 5055; x_wconf 92' lang='lat'><strong>,</strong></span> <span class='ocrx_word' id='word_1_791' title='bbox 3433 4982 3595 5064; x_wconf 83' lang='lat' dir='ltr'><strong>hinc</strong></span> 
     </span>
    </p>
   </div>
   <div class='ocr_carea' id='block_1_62' title="bbox 299 5063 3594 5147">
    <p class='ocr_par' dir='ltr' id='par_1_62' title="bbox 299 5063 3594 5147">
     <span class='ocr_line' id='line_1_63' title="bbox 299 5063 3594 5147; baseline -0.003 -16"><span class='ocrx_word' id='word_1_792' title='bbox 299 5069 596 5147; x_wconf 88' lang='lat' dir='ltr'><strong>sequitur</strong></span> <span class='ocrx_word' id='word_1_793' title='bbox 622 5069 978 5131; x_wconf 76' lang='lat' dir='ltr'><strong>Antiochia:</strong></span> <span class='ocrx_word' id='word_1_794' title='bbox 1010 5068 1126 5130; x_wconf 89' lang='lat' dir='ltr'><strong>has</strong></span> <span class='ocrx_word' id='word_1_795' title='bbox 1158 5063 1497 5128; x_wconf 87' lang='lat' dir='ltr'><strong>conciones</strong></span> <span class='ocrx_word' id='word_1_796' title='bbox 1525 5066 1724 5127; x_wconf 88' lang='lat' dir='ltr'><strong>dictas</strong></span> <span class='ocrx_word' id='word_1_797' title='bbox 1756 5066 1953 5127; x_wconf 85' lang='lat' dir='ltr'><strong>fuisse</strong></span> <span class='ocrx_word' id='word_1_798' title='bbox 1981 5109 1997 5139; x_wconf 92' lang='lat'><strong>,</strong></span> <span class='ocrx_word' id='word_1_799' title='bbox 2030 5063 2203 5143; x_wconf 87' lang='lat' dir='ltr'><strong>quod</strong></span> <span class='ocrx_word' id='word_1_800' title='bbox 2233 5082 2315 5125; x_wconf 78' lang='lat' dir='ltr'><strong>ex</strong></span> <span class='ocrx_word' id='word_1_801' title='bbox 2344 5064 2728 5143; x_wconf 90' lang='lat' dir='ltr'><strong>supradictis</strong></span> <span class='ocrx_word' id='word_1_802' title='bbox 2752 5064 2887 5143; x_wconf 89' lang='lat' dir='ltr'><strong>jam</strong></span> <span class='ocrx_word' id='word_1_803' title='bbox 2917 5063 3163 5142; x_wconf 88' lang='lat' dir='ltr'><strong>liquido</strong></span> <span class='ocrx_word' id='word_1_804' title='bbox 3191 5063 3594 5141; x_wconf 82' lang='lat' dir='ltr'><strong>comproba-</strong></span> 
     </span>
    </p>
   </div>
   <div class='ocr_carea' id='block_1_63' title="bbox 300 5154 590 5208">
    <p class='ocr_par' dir='ltr' id='par_1_63' title="bbox 300 5154 590 5208">
     <span class='ocr_line' id='line_1_64' title="bbox 300 5154 590 5208; baseline -0.003 -1"><span class='ocrx_word' id='word_1_805' title='bbox 300 5155 435 5208; x_wconf 89' lang='lat' dir='ltr'><strong>tum</strong></span> <span class='ocrx_word' id='word_1_806' title='bbox 472 5154 590 5208; x_wconf 90' lang='lat' dir='ltr'><strong>est.</strong></span> 
     </span>
    </p>
   </div>
   <div class='ocr_carea' id='block_1_64' title="bbox 1120 5243 2781 5325">
    <p class='ocr_par' dir='ltr' id='par_1_64' title="bbox 1120 5243 2781 5325">
     <span class='ocr_line' id='line_1_65' title="bbox 1120 5243 2781 5325; baseline -0.003 -16"><span class='ocrx_word' id='word_1_807' title='bbox 1120 5249 1147 5321; x_wconf 88' lang='lat'>§</span> <span class='ocrx_word' id='word_1_808' title='bbox 1180 5250 1255 5309; x_wconf 92' lang='lat' dir='ltr'><strong>ll.</strong></span> <span class='ocrx_word' id='word_1_809' title='bbox 1291 5249 1428 5325; x_wconf 86' lang='lat' dir='ltr'><strong>Quo</strong></span> <span class='ocrx_word' id='word_1_810' title='bbox 1459 5265 1625 5308; x_wconf 89' lang='lat' dir='ltr'><strong>anno</strong></span> <span class='ocrx_word' id='word_1_811' title='bbox 1655 5245 1948 5309; x_wconf 75' lang='lat' dir='ltr'><strong>Homilia:</strong></span> <span class='ocrx_word' id='word_1_812' title='bbox 1976 5245 2045 5307; x_wconf 86' lang='lat' dir='ltr'><strong>in</strong></span> <span class='ocrx_word' id='word_1_813' title='bbox 2070 5244 2351 5307; x_wconf 85' lang='lat' dir='ltr'><strong>Genesim</strong></span> <span class='ocrx_word' id='word_1_814' title='bbox 2381 5243 2605 5306; x_wconf 63' lang='lat' dir='ltr'><strong>habite</strong></span> <span class='ocrx_word' id='word_1_815' title='bbox 2629 5244 2781 5307; x_wconf 77' lang='lat' dir='ltr'><strong>sint.</strong></span> 
     </span>
    </p>
   </div>
   <div class='ocr_carea' id='block_1_65' title="bbox 376 5387 3584 5470">
    <p class='ocr_par' dir='ltr' id='par_1_65' title="bbox 376 5387 3584 5470">
     <span class='ocr_line' id='line_1_66' title="bbox 376 5387 3584 5470; baseline -0.002 -16"><span class='ocrx_word' id='word_1_816' title='bbox 376 5396 597 5456; x_wconf 71' lang='lat' dir='ltr'><strong>Restat</strong></span> <span class='ocrx_word' id='word_1_817' title='bbox 618 5398 689 5452; x_wconf 94' lang='lat' dir='ltr'><strong>ut</strong></span> <span class='ocrx_word' id='word_1_818' title='bbox 707 5410 1071 5470; x_wconf 69' lang='lat' dir='ltr'><strong>quaeramus</strong></span> <span class='ocrx_word' id='word_1_819' title='bbox 1089 5392 1167 5452; x_wconf 85' lang='lat' dir='ltr'><strong>de</strong></span> <span class='ocrx_word' id='word_1_820' title='bbox 1187 5409 1359 5453; x_wconf 87' lang='lat' dir='ltr'><strong>anno</strong></span> <span class='ocrx_word' id='word_1_821' title='bbox 1380 5409 1510 5469; x_wconf 93' lang='lat' dir='ltr'><strong>quo</strong></span> <span class='ocrx_word' id='word_1_822' title='bbox 1528 5391 1624 5452; x_wconf 66' lang='lat' dir='ltr'><strong>hae</strong></span> <span class='ocrx_word' id='word_1_823' title='bbox 1649 5388 1943 5450; x_wconf 61' lang='lat' dir='ltr'><strong>Homilia</strong></span> <span class='ocrx_word' id='word_1_824' title='bbox 1961 5389 2027 5449; x_wconf 92' lang='lat' dir='ltr'><strong>in</strong></span> <span class='ocrx_word' id='word_1_825' title='bbox 2051 5387 2351 5470; x_wconf 74' lang='lat' dir='ltr'><strong>Genesim</strong></span> <span class='ocrx_word' id='word_1_826' title='bbox 2367 5392 2520 5470; x_wconf 84' lang='lat' dir='ltr'><strong>sunt</strong></span> <span class='ocrx_word' id='word_1_827' title='bbox 2542 5387 2797 5470; x_wconf 61' lang='lat' dir='ltr'><strong>habitae.</strong></span> <span class='ocrx_word' id='word_1_828' title='bbox 2825 5388 2966 5462; x_wconf 88' lang='lat' dir='ltr'><strong>Qua</strong></span> <span class='ocrx_word' id='word_1_829' title='bbox 2991 5388 3053 5447; x_wconf 90' lang='lat' dir='ltr'><strong>in</strong></span> <span class='ocrx_word' id='word_1_830' title='bbox 3077 5405 3144 5470; x_wconf 83' lang='lat' dir='ltr'><strong>re</strong></span> <span class='ocrx_word' id='word_1_831' title='bbox 3163 5405 3279 5447; x_wconf 90' lang='lat' dir='ltr'><strong>nos</strong></span> <span class='ocrx_word' id='word_1_832' title='bbox 3311 5390 3584 5470; x_wconf 87' lang='lat' dir='ltr'><strong>omnino</strong></span> 
     </span>
    </p>
   </div>
   <div class='ocr_carea' id='block_1_66' title="bbox 298 5466 3583 5548">
    <p class='ocr_par' dir='ltr' id='par_1_66' title="bbox 298 5466 3583 5548">
     <span class='ocr_line' id='line_1_67' title="bbox 298 5466 3583 5548; baseline -0.002 -14"><span class='ocrx_word' id='word_1_833' title='bbox 298 5476 543 5535; x_wconf 69' lang='lat' dir='ltr'><strong>haerere</strong></span> <span class='ocrx_word' id='word_1_834' title='bbox 570 5466 1064 5533; x_wconf 81' lang='lat' dir='ltr'><strong>fatemur.Circa</strong></span> <span class='ocrx_word' id='word_1_835' title='bbox 1090 5471 1258 5532; x_wconf 89' lang='lat' dir='ltr'><strong>hanc</strong></span> <span class='ocrx_word' id='word_1_836' title='bbox 1278 5466 1696 5548; x_wconf 64' lang='lat' dir='ltr'><strong>quaestionem</strong></span> <span class='ocrx_word' id='word_1_837' title='bbox 1720 5485 1991 5548; x_wconf 87' lang='lat' dir='ltr'><strong>operose</strong></span> <span class='ocrx_word' id='word_1_838' title='bbox 2020 5467 2315 5548; x_wconf 85' lang='lat' dir='ltr'><strong>edisserit</strong></span> <span class='ocrx_word' id='word_1_839' title='bbox 2332 5467 2429 5527; x_wconf 88' lang='lat' dir='ltr'><strong>vir</strong></span> <span class='ocrx_word' id='word_1_840' title='bbox 2443 5468 2925 5548; x_wconf 85' lang='lat' dir='ltr'><strong>sagacissimus,</strong></span> <span class='ocrx_word' id='word_1_841' title='bbox 2943 5467 3363 5545; x_wconf 89' lang='lat' dir='ltr'><strong>omniumque</strong></span> <span class='ocrx_word' id='word_1_842' title='bbox 3386 5466 3583 5546; x_wconf 82' lang='lat' dir='ltr'><strong>longe</strong></span> 
     </span>
    </p>
   </div>
   <div class='ocr_carea' id='block_1_67' title="bbox 298 5546 3043 5629">
    <p class='ocr_par' dir='ltr' id='par_1_67' title="bbox 298 5546 3043 5629">
     <span class='ocr_line' id='line_1_68' title="bbox 298 5546 3043 5629; baseline -0.003 -16"><span class='ocrx_word' id='word_1_843' title='bbox 298 5550 846 5622; x_wconf 88' lang='lat' dir='ltr'><strong>accuratissimus,</strong></span> <span class='ocrx_word' id='word_1_844' title='bbox 878 5546 1355 5621; x_wconf 80' lang='lat' dir='ltr'><strong>Tillemontius,</strong></span> <span class='ocrx_word' id='word_1_845' title='bbox 1385 5550 1568 5629; x_wconf 88' lang='lat' dir='ltr'><strong>cujus</strong></span> <span class='ocrx_word' id='word_1_846' title='bbox 1602 5550 1793 5629; x_wconf 84' lang='lat' dir='ltr'><strong>verba</strong></span> <span class='ocrx_word' id='word_1_847' title='bbox 1823 5547 2049 5629; x_wconf 83' lang='lat' dir='ltr'><strong>Latine</strong></span> <span class='ocrx_word' id='word_1_848' title='bbox 2081 5547 2396 5629; x_wconf 68' lang='lat' dir='ltr'><strong>iranslata</strong></span> <span class='ocrx_word' id='word_1_849' title='bbox 2425 5546 2665 5629; x_wconf 80' lang='lat' dir='ltr'><strong>referre</strong></span> <span class='ocrx_word' id='word_1_850' title='bbox 2693 5564 2777 5629; x_wconf 81' lang='lat' dir='ltr'><strong>ne</strong></span> <span class='ocrx_word' id='word_1_851' title='bbox 2808 5547 3043 5629; x_wconf 82' lang='lat' dir='ltr'><strong>pigeat.</strong></span> 
     </span>
    </p>
   </div>
   <div class='ocr_carea' id='block_1_68' title="bbox 380 5625 3575 5709">
    <p class='ocr_par' dir='ltr' id='par_1_68' title="bbox 380 5625 3575 5709">
     <span class='ocr_line' id='line_1_69' title="bbox 380 5625 3575 5709; baseline -0.001 -21"><span class='ocrx_word' id='word_1_852' title='bbox 380 5656 408 5688; x_wconf 76' lang='grc' dir='ltr'>α</span> <span class='ocrx_word' id='word_1_853' title='bbox 433 5631 615 5707; x_wconf 86' lang='lat' dir='ltr'><strong>Quod</strong></span> <span class='ocrx_word' id='word_1_854' title='bbox 637 5634 885 5709; x_wconf 88' lang='lat' dir='ltr'><strong>spectat</strong></span> <span class='ocrx_word' id='word_1_855' title='bbox 913 5645 1180 5709; x_wconf 87' lang='lat' dir='ltr'><strong>annum,</strong></span> <span class='ocrx_word' id='word_1_856' title='bbox 1203 5645 1334 5705; x_wconf 91' lang='lat' dir='ltr'><strong>quo</strong></span> <span class='ocrx_word' id='word_1_857' title='bbox 1366 5625 1784 5709; x_wconf 61' lang='lat' dir='ltr'><strong>hze&#39;Homilia:</strong></span> <span class='ocrx_word' id='word_1_858' title='bbox 1813 5626 2249 5709; x_wconf 67' lang='lat' dir='ltr'><strong>sunthabitzc,</strong></span> <span class='ocrx_word' id='word_1_859' title='bbox 2284 5625 2540 5709; x_wconf 78' lang='lat' dir='ltr'><strong>nonnisi</strong></span> <span class='ocrx_word' id='word_1_860' title='bbox 2568 5625 2940 5704; x_wconf 89' lang='lat' dir='ltr'><strong>conjectura</strong></span> <span class='ocrx_word' id='word_1_861' title='bbox 2960 5625 3178 5709; x_wconf 63' lang='lat' dir='ltr'><strong>dicere</strong></span> <span class='ocrx_word' id='word_1_862' title='bbox 3196 5640 3575 5709; x_wconf 82' lang='lat' dir='ltr'><strong>possumus.</strong></span> 
     </span>
    </p>
   </div>
   <div class='ocr_carea' id='block_1_69' title="bbox 298 5702 3581 5790">
    <p class='ocr_par' dir='ltr' id='par_1_69' title="bbox 298 5702 3581 5790">
     <span class='ocr_line' id='line_1_70' title="bbox 298 5702 3581 5790; baseline -0.002 -17"><span class='ocrx_word' id='word_1_863' title='bbox 298 5702 965 5790; x_wconf 75' lang='lat' dir='ltr'><strong>lllasChrysostomus</strong></span> <span class='ocrx_word' id='word_1_864' title='bbox 996 5702 1243 5773; x_wconf 72' lang='lat' dir='ltr'><strong>habere</strong></span> <span class='ocrx_word' id='word_1_865' title='bbox 1279 5709 1468 5790; x_wconf 62' lang='lat' dir='ltr'><strong>coepit</strong></span> <span class='ocrx_word' id='word_1_866' title='bbox 1512 5707 1852 5770; x_wconf 87' lang='lat' dir='ltr'><strong>Dominica</strong></span> <span class='ocrx_word' id='word_1_867' title='bbox 1896 5703 2218 5787; x_wconf 89' lang='lat' dir='ltr'><strong>jejunium</strong></span> <span class='ocrx_word' id='word_1_868' title='bbox 2266 5702 2705 5784; x_wconf 62' lang='lat' dir='ltr'><strong>praecedente,</strong></span> <span class='ocrx_word' id='word_1_869' title='bbox 2728 5708 2800 5767; x_wconf 91' lang='lat' dir='ltr'><strong>ut</strong></span> <span class='ocrx_word' id='word_1_870' title='bbox 2846 5722 2964 5785; x_wconf 90' lang='lat' dir='ltr'><strong>per</strong></span> <span class='ocrx_word' id='word_1_871' title='bbox 3001 5702 3581 5785; x_wconf 85' lang='lat' dir='ltr'><strong>Quadragesimam</strong></span> 
     </span>
    </p>
   </div>
   <div class='ocr_carea' id='block_1_70' title="bbox 2475 4430 3708 4508">
    <p class='ocr_par' dir='ltr' id='par_1_70' title="bbox 2475 4430 3708 4508">
     <span class='ocr_line' id='line_1_71' title="bbox 2475 4430 3708 4508; baseline 0.002 -16"><span class='ocrx_word' id='word_1_872' title='bbox 2475 4432 2711 4492; x_wconf 87' lang='lat' dir='ltr'><strong>abitam</strong></span> <span class='ocrx_word' id='word_1_873' title='bbox 2742 4430 2935 4493; x_wconf 87' lang='lat' dir='ltr'><strong>fuisse</strong></span> <span class='ocrx_word' id='word_1_874' title='bbox 2961 4451 2975 4489; x_wconf 90' lang='lat'><strong>:</strong></span> <span class='ocrx_word' id='word_1_875' title='bbox 3001 4448 3146 4508; x_wconf 67' lang='lat' dir='ltr'><strong>quae</strong></span> <span class='ocrx_word' id='word_1_876' title='bbox 3174 4432 3379 4492; x_wconf 68' lang='lat' dir='ltr'><strong>Palma</strong></span> <span class='ocrx_word' id='word_1_877' title='bbox 3408 4430 3597 4489; x_wconf 77' lang='lat' dir='ltr'><strong>cele-</strong></span> <span class='ocrx_word' id='word_1_878' title='bbox 3703 4491 3708 4494; x_wconf 89' lang='lat'><strong>.</strong></span> 
     </span>
    </p>
   </div>
  </div>
