3752 6244
293 208 393 269 ’τι
1761 211 1775 270 1

2138 246 2146 260 ·
3468 235 3620 292 .12

318 304 637 395 habuerit
654 306 1176 395 Chrysostomus:
1207 308 1272 370 ld
1301 326 1504 395 unum
1532 309 1673 395 sine
1695 309 1893 395 dubio
1916 311 2186 371 dicimus
2214 354 2231 385 ,
2264 325 2824 395 magnameorum
2852 316 3102 391 partem
3132 314 3196 373 in
3224 314 3599 395 Quadrage-

336 386 498 446 sima
534 386 814 447 habitam
846 388 1042 469 fuisse
1069 408 1083 447 :
1112 389 1419 466 illamque
1442 390 2011 469 Quadragesimam
2036 407 2171 450 non
2199 408 2342 451 esse
2368 386 2525 452 anni
2552 390 2692 463 386,
2714 392 2791 452 ‘in
2819 386 2950 469 qua
2979 398 3125 453 octo
3146 395 3230 455 ab
3252 386 3359 454 his
3386 386 3603 455 divEr-

336 480 440 523 sos
493 482 823 528 sermones
865 467 1121 549 habuit;
1148 485 1358 545 neque
1397 469 1551 529 anni
1583 467 1739 544 387,
1768 485 1965 548 quam
1995 487 2157 548 pene
2185 474 2385 532 totam
2414 471 2483 531 in
2506 467 2900 549 depleranda
2932 472 3482 535 Antiocbenorum
3511 475 3600 535 ob

334 560 594 607 eversas
620 552 869 609 statuas
892 548 1254 609 calamitate
1281 549 1661 627 absumpsit.

1024 671 1053 745 §
1081 668 1192 730 III.
1224 670 1314 730 De
1340 671 1501 750 stylo
1529 670 1959 749 Chrysostomi
1984 672 2053 733 in
2078 670 2174 732 his
2203 672 2271 733 in
2295 670 2579 734 Genesim
2603 672 2926 737 Homiliis.

410 792 696 885 Photius,
728 808 870 885 cap.
904 791 1043 885 t72,
1075 791 1153 885 de
1180 791 1345 885 ston
1373 790 1903 885 Chrysostomlinin
1937 790 2037 851 his
2061 790 2357 885 liomiliis
2392 792 2814 885 loquensnait
2837 794 2975 885 ejus
3004 794 3346 885 dictionem
3368 796 3608 885 istius—-

332 871 509 955 modi
531 889 696 942 esse,
720 876 793 931 ut
819 870 885 955 in
919 872 998 932 iis
1030 870 1408 955 observetur
1436 870 1744 955 consueta
1770 870 2846 955 Chrysostomoiclaritas,puritas,
2870 870 3184 955 splendor
3199 880 3257 936 et
3277 878 3459 955 copia
3489 879 3608 939 di—

330 950 538 1023 cendi,
566 951 1029 1012 sententiarum
1059 950 1442 1027 frequentia,
1473 955 1532 1010 et
1564 948 2041 1027 aptissimarum
2071 948 2558 1012 similitudinum
2578 948 3004 1025 abundant—ia,
3054 955 3165 1015 sed
3208 971 3319 1016 eas
3359 948 3611 1018 remis-

332 1032 502 1091 siore
529 1035 589 1091 et
622 1029 962 1091 humiliore
988 1028 1234 1090 dicendi
1266 1046 1500 1106 genere
1524 1030 1834 1105 scriptas;
1882 1033 2262 1106 tantumque
2304 1030 2599 1091 Homiliis
2651 1048 2765 1091 seu
2803 1030 3297 1095 Commentariis
3337 1035 3403 1095 in
3445 1039 3610 1098 Acta

331 1109 505 1191 style
525 1108 1223 1191 inferiores,_quantum_
1244 1108 1355 1169 illa
1380 1108 1445 1167 in
1477 1108 1634 1191 Acta
1659 1106 2130 1191 commentaria
2150 1108 2467 1169 inferiora
2502 1114 2654 1191 sunt
2672 1109 3157 1173 Commentariis
3186 1114 3251 1173 in
3280 1113 3609 1191 Epistolas

332 1186 537 1269 Pauli,
569 1192 633 1249 et
663 1188 729 1248 in
756 1188 1165 1269 Psalterium.
1196 1188 1285 1269 Ac
1306 1204 1545 1269 revera
1573 1188 1672 1247 bna
1718 1186 2018 1269 homilige,
2051 1188 2199 1246 licet
2242 1204 2541 1265 magnam
2582 1190 2976 1269 ubertatem,
3017 1191 3299 1269 itemque
3335 1186 3609 1255 solitam

333 1268 769 1350 Chrysostomi
811 1266 1206 1350 inventionis
1242 1265 1607 1350 felicitatem
1657 1280 1789 1350 pra}
1838 1282 1906 1350 se
1929 1264 2327 1350 fer_ant,_non
2362 1264 2600 1350 tamen
2620 1268 2774 1350 pari;
2813 1267 3025 1350 studio
3061 1264 3611 1350 accurationeque

334 1342 736 1409 concinnata:
764 1347 1083 1408 videntur.
1122 1345 1241 1407 Hic
1289 1362 1457 1423 saepe
1490 1342 1963 1405 animadvertas
2013 1343 2423 1422 longissimas
2475 1346 2603 1404 texi
2623 1342 2963 1424 'periodos,
3005 1365 3153 1425 quas
3186 1342 3610 1428 parentheses

331 1432 494 1494 alias
526 1450 724 1509 super
749 1432 907 1493 alias
946 1432 1235 1491 inductas
1261 1440 1383 1491 tam
1418 1432 1787 1508 frequenter
1814 1431 2184 1501 exhibeant,
2214 1436 2286 1491 ut
2322 1430 2629 1510 principii
2662 1431 2903 1493 oblitus
2953 1443 3174 1495 orator
3223 1439 3615 1496 sententiam

325 1510 765 1594 imperfectam
798 1510 1145 1594 relinquat,
1173 1517 1234 1570 et
1264 1510 1615 1594 aliquando
1646 1511 1922 1594 verbum
1941 1510 2019 1594 ad
2047 1510 2371 1594 syntaxim
2403 1510 2839 1594 necessarium
2876 1515 3337 1594 praetermittat.
3384 1516 3614 1594 Neque

331 1588 483 1650 vero
510 1590 569 1672 id
598 1589 831 1672 mirum
860 1589 971 1650 tibi
996 1589 1306 1672 videatur,
1332 1590 1398 1672 si
1415 1588 1769 1666 perpendes
1787 1588 2082 1672 periodos
2110 1588 2250 1649 illas
2272 1588 2623 1672 aliquando
2645 1588 2732 1649 ita
2758 1590 3170 1672 extendi,_vix
3189 1600 3258 1653 ut
3278 1594 3341 1654 in
3365 1588 3612 1672 pagina

329 1685 461 1730 una
490 1669 913 1730 absolvantur
943 1688 957 1726 :
994 1668 1058 1727 in
1095 1668 1352 1746 pagina,
1386 1668 1673 1744 inquam,
1707 1685 1788 1727 ex
1831 1668 2068 1727 nostris
2097 1685 2241 1743 qum
2292 1668 2497 1745 longae
2528 1668 2800 1745 latasque
2829 1669 3169 1731 admodum
3221 1668 3391 1734 sunt.
3438 1668 3611 1738 Hinc

331 1748 571 1829 inferas
597 1754 923 1829 oratorem
951 1753 1243 1829 nostrum
1274 1747 1408 1807 haec
1435 1747 1921 1808 concionantem
1954 1763 2082 1829 non
2106 1747 2192 1808 ita
2221 1764 2476 1829 semper
2496 1751 2795 1829 paratum
2813 1748 3313 1829 meditatumque
3342 1754 3421 1815 ad
3448 1773 3612 1817 con-

329 1827 580 1889 cionem
611 1827 886 1900 venisse,
918 1826 1029 1887 sed
1058 1827 1261 1887 multa
1291 1844 1373 1887 ex
1404 1830 1713 1903 tempore,
1745 1832 1815 1885 ut
1841 1827 2049 1886 menti
2082 1844 2223 1886 sese
2244 1823 2629 1895 offerebant,
2667 1826 2929 1887 dixisse.
2958 1868 2967 1876 .

408 1906 470 1986 Si
507 1922 771 1967 causam
799 1923 1001 1986 porro
1019 1922 1296 1986 quaeras,
1336 1904 1692 1986 perpendas
1724 1906 1936 1986 velim,
1973 1905 2183 1986 ipsum
2232 1907 2307 1986 in
2322 1904 2448 1966 hac
2478 1906 2980 1986 Quadragesirna
3011 1906 3090 1967 ad
3126 1926 3331 1986 usque
3364 1910 3610 1971 hebdo-

327 1984 795 2063 madissanctaa
816 1984 1146 2045 dimidium
1183 2001 1311 2044 non
1344 1984 1530 2043 modo
1556 1984 1697 2044 illas
1726 1985 1988 2063 triginta
2016 1985 2176 2045 duas
2213 1984 2461 2062 priores
2490 1984 2553 2043 in
2587 1984 2886 2045 Genesim
2926 1984 3245 2047 homilias'
3269 1989 3603 2059 habuisse,

326 2062 439 2127 sed
468 2064 661 2126 etiam
674 2064 838 2125 alias
864 2063 1205 2125 identidem
1232 2068 1638 2134 memoratas,
1657 2080 1803 2140 qua:
1824 2062 2140 2125 ’suadente
2165 2064 2470 2142 quapiam
2488 2064 2789 2142 temporis
2812 2064 3147 2126 occasione
3174 2067 3606 2130 Homiliarum

328 2144 395 2205 in
422 2144 722 2206 Gcnesim
749 2161 1011 2205 cursum
1048 2143 1577 2221 interpellabant;
1609 2144 1966 2205 ett‘ortasse
1996 2144 2155 2204 alias
2186 2160 2448 2221 quoque
2491 2143 2794 2205 habuisse
2834 2145 2916 2205 ab
2948 2162 3017 2205 se
3044 2163 3173 2205 non
3202 2164 3607 2209 commemo—

328 2228 504 2285 ratas
532 2243 547 2282 :
582 2223 670 2284 ita
700 2229 775 2284 ut
801 2222 1087 2301 quotidie
1113 2222 1309 2282 ferme
1340 2227 1401 2283 et
1424 2223 1682 2302 quidem
1712 2222 2084 2300 longissime
2110 2224 2528 2284 concionatus
2576 2224 2678 2283 sit.
2710 2223 2777 2283 ld
2807 2227 3021 2284 autem
3055 2241 3095 2286 a
3124 2225 3289 2299 viro,
3323 2244 3609 2302 prteser-

328 2303 442 2363 tim
474 2303 588 2381 qui
619 2321 734 2380 per
759 2308 963 2363 totum
996 2318 1242 2363 annum
1270 2317 1390 2379 par
1422 2301 1552 2381 fere
1584 2302 2007 2363 concionandi
2042 2302 2324 2362 officium
2354 2304 2857 2381 exsequebatur,
2891 2318 3019 2362 non
3061 2321 3253 2381 posse
3299 2301 3437 2366 sine
3468 2325 3607 2367 ex—

320 2379 666 2459 temporali
696 2382 1183 2449 declamatione,
1212 2382 1442 2443 saltem
1458 2379 1797 2442 identidem
1824 2382 2117 2459 repetita,
2148 2381 2439 2459 praestari
2484 2380 2799 2442 fateamur
2824 2379 3083 2443 necesse
3105 2390 3221 2444 est.
3253 2385 3327 2443 In
3356 2390 3607 2446 extem-

316 2461 784 2540 nporaliautem
831 2461 1319 2534 declamatione,
1363 2460 1475 2520 ubi
1523 2459 1852 2539 ingenium
1900 2466 2093 2523 tanta;
2131 2460 2380 2538 pollens
2440 2460 2831 2533 inventione,
2880 2476 3047 2522 nova
3093 2480 3344 2540 semper
3386 2465 3605 2525 oranti

318 2538 717 2619 'Suppeditat,
763 2540 921 2618 quid
957 2540 1194 2600 mirum
1246 2540 1302 2600 si
1362 2556 1854 2615 nonnumquam
1901 2546 2125 2601 contra
2173 2540 2631 2619 praeceptiones
2679 2540 3126 2619 grammaticas
3168 2538 3486 2619 peccetur,
3535 2549 3605 2604 et

328 2619 385 2680 si
424 2618 639 2680 minus
691 2620 909 2681 stricte
946 2621 1327 2680 observetur
1365 2619 1700 2698 syntaxis?
1728 2619 1867 2679 Non
1909 2619 2233 2698 ingratum
2277 2636 2429 2679 vero
2461 2618 2703 2698 lectori
2727 2618 2863 2679 fore
2900 2618 3224 2691 existimo,
3257 2622 3309 2682 si
3341 2621 3607 2683 illarum

316 2699 398 2758 tiu
429 2698 728 2760 Genesim
776 2698 1191 2759 bomiliarum
1240 2716 1358 2776 per
1404 2696 2384 2777 Quadragesimam'habitarum
2431 2696 2744 2769 ordinem,
2788 2703 2852 2758 et
2898 2703 3143 2776 quanto
3190 2701 3411 2776 elapso
3445 2706 3607 2760 tem-

329 2778 507 2869 poris
539 2777 751 2869 spatio
774 2778 912 2869 alia
933 2777 1128 2869 aliam
1157 2782 1434 2869 sequuta
1446 2778 1562 2869 sit,
1590 2775 1694 2869 hic
1727 2776 2158 2869 perscribam;
2195 2775 2255 2835 id
2278 2777 2448 2853 quod
2477 2776 2670 2869 etiam
2698 2775 3145 2869 '[illemontius
3174 2775 3339 2869 fecit.

408 2857 619 2949 Prima
646 2857 842 2949 igitur
868 2856 1135 2949 humilia
1156 2855 1321 2949 dicta
1346 2855 1825 2948 fuitDominico
1853 2855 1959 2949 die
1991 2861 2338 2949 antequam
2368 2855 2931 2949 quadrageosimale.
2944 2855 3557 2949 jejunium‘iniretur
3584 2880 3602 2919 :

332 2936 615 2998 secunda
640 2934 742 2998 die
773 2936 1092 3015 sequenti,
1122 2951 1253 3015 quo
1276 2934 1594 3015 jejunium
1615 2935 2084 3015 incipiebatur;
2116 2934 2305 2996 tertia
2336 2940 2398 2995 et
2424 2934 2658 3012 quarta
2687 2936 2752 2995 in
2797 2934 2968 3015 feriis
3010 2937 3199 2998 tertia
3223 2941 3283 2997 et
3312 2942 3544 3014 quarta
3581 2958 3599 2997 :

318 3016 427 3077 ’hte
450 3013 1154 3096 continenter—singulis
1183 3013 1408 3077 diebus
1431 3015 1613 3077 dicta:
1637 3013 1811 3076 sunt.
1862 3013 2188 3075 Incertum
2219 3031 2373 3096 vero
2389 3020 2517 3096 est
2538 3019 2756 3096 utrum
2805 3014 2974 3096 inter
2991 3020 3289 3092 quartam
3318 3013 3381 3075 et
3408 3017 3605 3095 quin-

318 3101 459 3155 «tam
490 3094 711 3173 aliqua
738 3094 875 3157 dies
901 3092 1333 3156 intércesserit
1363 3098 1479 3156 aut
1507 3096 1818 3155 concione
1845 3109 2075 3163 vacua,
2102 3097 2215 3153 aut
2241 3093 2319 3154 ad
2348 3092 2522 3153 aliud
2551 3094 2977 3154 concionandi
3003 3092 3450 3173 argumentum
3482 3096 3606 3157 dc—

332 3178 592 3250 putata;
623 3178 693 3235 ut
723 3178 794 3235 ut
817 3178 936 3244 est,
966 3174 1217 3253 quinta,
1249 3178 1457 3247 sexta,
1488 3173 2045 3253 septima,ioctava
2074 3177 2135 3233 et
2178 3189 2352 3253 nona
2398 3173 2677 3253 humilia;
2719 3174 3123 3253 continenter
3168 3174 3437 3253 singulis
3472 3176 3602 3235 sibi

320 3253 818 3316 succedentibus
863 3253 1087 3314 diebus
1117 3252 1298 3313 dictae
1329 3257 1503 3323 sunt,
1526 3252 1759 3330 partim
1790 3252 1856 3311 in
1884 3252 2115 3329 prima,
2146 3252 2379 3329 partim
2410 3252 2475 3311 in
2505 3252 2785 3314 secunda
2813 3252 3329 3330 Quadragesimie
3358 3253 3609 3314 hebdo-

321 3331 554 3405 made;
590 3332 837 3395 decima
861 3334 1054 3394 etiam
1086 3331 1157 3392 in
1187 3331 1471 3393 secunda
1498 3330 1916 3403 hebdomade,
1949 3334 2063 3392 aut
2091 3330 2251 3392 feria
2279 3330 2530 3407 quinta,
2564 3336 2677 3392 aut
2717 3337 2935 3403 sexta;
2978 3330 3318 3395 undecima
3346 3332 3412 3393 in
3442 3333 3605 3394 Saba

330 3412 478 3471 bato
507 3410 803 3473 secundm
833 3411 1269 3473 hebdomadis.
1300 3410 1692 3472 Duodecima
1726 3410 1947 3471 habita
1975 3415 2073 3471 est
2099 3416 2244 3488 post
2269 3410 2464 3471 aliam
2513 3411 2613 3471 vel
2660 3411 2846 3483 alias,
2877 3427 3024 3489 quae
3057 3410 3135 3472 ad
3191 3410 3517 3471 diversum
3562 3430 3607 3475 a

320 3490 560 3552 Genesi
592 3496 1045 3570 argumentum
1068 3492 1464 3570 spectabant.
1496 3490 1670 3550 Inter
1701 3489 2142 3570 duodecimam
2171 3507 2434 3570 quoque
2460 3492 2523 3549 et
2545 3488 2857 3551 decimam
2886 3488 3139 3570 tertiam
3160 3491 3264 3551 vel
3292 3508 3461 3570 unus
3498 3491 3605 3552 vel

325 3570 544 3647 plures
577 3565 712 3632 dies
746 3565 1197 3632 interfuerunt.
1220 3569 1481 3631 Decima
1508 3572 1743 3648 quarta
1768 3568 1988 3648 habita
2016 3572 2115 3648 est
2137 3565 2239 3630 die
2262 3565 2574 3629 decimam
2603 3570 2859 3629 tertiam
2900 3568 3281 3647 insequente
3310 3590 3327 3641 ;
3356 3569 3609 3633 decima

322 3649 559 3725 quinta
586 3649 879 3710 similiter
902 3654 1212 3727 sequente
1244 3648 1347 3710 die
1371 3669 1387 3717 ;
1424 3648 1670 3710 decima
1697 3651 1883 3710 sexta
1909 3647 2011 3709 die
2046 3647 2196 3708 item
2223 3652 2567 3727 sequente;
2599 3648 2845 3709 decima
2870 3647 3139 3725 septima
3165 3664 3299 3708 uno
3334 3649 3432 3709 vel
3459 3649 3609 3727 plu-

326 3728 507 3791 ribus
544 3733 688 3806 post
711 3726 1023 3790 decimam
1055 3730 1305 3789 sextam
1331 3727 1578 3789 diebus.
1608 3728 1933 3789 Decimam
1962 3727 2302 3805 septimam
2324 3726 2572 3789 decima
2599 3732 2852 3799 octava,
2870 3728 3050 3789 nulla
3074 3726 3176 3788 die
3196 3726 3607 3806 interposita,

325 3813 604 3886 sequuta
632 3812 751 3869 est.
782 3808 1045 3869 Decima
1072 3824 1249 3869 nona
1276 3824 1361 3869 an
1384 3806 1796 3868 continenter
1821 3807 2045 3869 habita
2083 3806 2164 3866 sit
2191 3807 2550 3886 ignoratur,
2583 3807 3005 3884 similiterque
3039 3806 3371 3885 vigesima,
3401 3824 3608 3885 quam

322 3886 549 3949 diebus
592 3888 1037 3965 sequentibus,
1069 3886 1251 3947 nullo
1279 3886 1659 3965 interposito
1709 3886 1835 3965 die,
1866 3890 2263 3963 exceperunt
2311 3885 2623 3964 vigesima
2673 3886 2902 3963 prima,
2939 3886 3251 3965 vigesima
3295 3886 3608 3960 secunda,

325 3965 637 4057 vigesima
653 3965 1182 4057 tertia,vigesir_na
1195 3964 1461 4057 quarta,
1472 3964 1780 4057 brevique
1799 3964 2177 4057 interposito
2183 3964 2748 4057 spatie,continuis
2766 3964 3337 4057 diebus,v_iges.ima
3348 3966 3609 4057 quinta,

323 4044 635 4124 vigesima
655 4049 873 4124 sexta,
907 4044 1215 4124 vigesima
1244 4044 1539 4124 septima,
1574 4044 1885 4124 vigesima
1907 4048 2158 4124 octava.
2179 4044 2506 4124 VVigesima
2535 4061 2709 4107 nona
2736 4060 2821 4107 an
2843 4049 2987 4121 post
3017 4045 3391 4123 vigesimam
3420 4050 3612 4107 octa-

323 4122 497 4196 vam,
530 4123 712 4187 nulla
741 4122 1120 4200 interposita
1147 4123 1274 4197 die,
1305 4123 1525 4185 habita
1547 4122 1661 4193 sit,
1688 4123 2048 4202 ignoratur.
2082 4122 2464 4202 Trigesima,
2499 4142 2646 4185 cum
2688 4140 2990 4202 magnam
3019 4122 3476 4186 he’bdomadem
3507 4128 3611 4186 at-

322 4202 592 4281 tigisset,
621 4208 693 4262 ut
737 4203 874 4280 ipse
900 4202 1400 4281 Chrysostomus
1444 4202 1568 4275 ait;
1599 4203 1927 4343 trigesima
1967 4201 2219 4281 prima,
2249 4208 2312 4263 et
2353 4203 2684 4282 trigesima
2711 4201 3016 4277 secunda,
3064 4202 3144 4263 iis
3191 4203 3611 4267 hebdomadis

326 4287 568 4343 sancta
598 4281 824 4343 diebus
854 4281 968 4343 aui
999 4281 1225 4343 feriam
1251 4282 1549 4343 quintam
1578 4282 1649 4343 in
1711 4282 1864 4342 ’ωηο
1892 4278 2149 4343 Domini
2178 4282 2567 4343 nrazcednnt.

326 4278 568 4345 sancta
598 4278 824 4344 diebus
854 4281 968 4360 qui
999 4278 1225 4345 feriam
1251 4282 1549 4360 quintam
1578 4282 1649 4343 in
1675 4278 1864 4343 Cana
1892 4278 2149 4343 Domini
2178 4278 2567 4361 praecedunt.

649 4407 678 4481 ᾗ
707 4403 815 4465 ιν.
852 4403 943 4465 De
973 4401 1127 4465 editi
1133 4421 1246 4464 one
1270 4401 1456 4465 LXX
1477 4402 1901 4485 Interpretum
1920 4420 2057 4485 gua_
2074 4422 2223 4485 usus
2252 4412 2337 4465 est
2369 4402 2861 4485 Chrysostomus,
2888 4425 2928 4466 a
2957 4405 3267 4467 communi

1639 4482 1976 4563 aliquando
2016 4483 2283 4545 diversa.

403 4606 708 4667 Diversas
745 4620 883 4666 navo
910 4604 1344 4683 Chrysostomi
1376 4602 1948 4683 fuisseiEditiones
1971 4604 2183 4679 LXX,
2228 4609 2423 4682 atque
2484 4605 2549 4665 in
2598 4605 2870 4667 diversis
2923 4605 3223 4667 Ecclesiis
3279 4622 3408 4666 non
3463 4622 3616 4668 eas-

326 4686 470 4747 dem
498 4684 802 4762 usurpari
828 4682 1055 4745 narrat
1080 4684 1509 4763 Hieronymus
1533 4727 1549 4755 ,
1580 4682 2039 4762 Cbrysostomo
2080 4684 2371 4761 aequalis.
2408 4707 2437 4740 α
2473 4685 2867 4747 Alexandria
2891 4729 2908 4757 ,
2961 4685 3173 4763 inquit
3228 4684 3612 4763 praefatione

330 4767 398 4825 in
423 4765 624 4825 libros
655 4764 1217 4843 Paralipomenon,
1250 4768 1314 4843 et
1332 4762 1653 4841 )Egyptus
1684 4763 1751 4822 in
1783 4763 1959 4823 LXX
1989 4763 2123 4824 suis
2154 4764 2549 4843 Hesychium
2578 4764 2798 4825 laudat
2827 4762 3195 4838 auctorem;
3227 4762 3614 4827 Constanti-

330 4844 584 4922 n0polis
614 4861 825 4921 usque
848 4842 1255 4903 Antiochiam
1280 4842 1550 4903 Luciani
1579 4843 1880 4922 martyris
1925 4842 2327 4921 exemplaria
2355 4845 2621 4921 probat;
2653 4844 2877 4905 medias
2906 4845 3072 4905 inter
3104 4843 3223 4904 has
3254 4843 3614 4921 provincia

329 4921 701 4986 Palmstinos
726 4922 990 4984 Codices
1015 4922 1261 5002 legunt,
1297 4938 1462 4999 quos
1492 4921 1882 5002 abOrigene
1910 4923 2275 4984 elaboratos
2303 4923 2621 4983 Eusebius
2647 4927 2709 4983 et
2737 4924 3106 5002 Pamphilus
3137 4924 3608 5001 vulgaverunt:

331 5010 640 5095 totusque
662 5002 990 5095 orbis‘hac
1011 5001 1279 5095 inter‘se
1316 5001 1645 5095 contraria
1676 5002 1986 5095 varietate
2016 5007 2429 5095 comp‘ugnat:
2456 5025 2483 5056 »
2516 5002 2595 5061 Et
2622 5002 2690 5095 in
2717 5003 3007 5081 Epistola
3036 5002 3115 5064 ad
3146 5002 3610 5095 Augustinum,

330 5100 478 5161 qum
504 5079 599 5144 est
626 5084 691 5141 in
723 5086 1049 5161 postrema
1076 5080 1368 5139 Editione
1391 5079 1470 5139 '71s
1492 5124 1507 5151 ,
1539 5082 1783 5142 ironice
1820 5082 2097 5157 loquens
2126 5079 2217 5143 ait
2249 5079 2322 5141 ἔα
2354 5082 2467 5143 Vis
2494 5089 2746 5143 amator
2773 5079 2915 5144 esse
2960 5100 3150 5143 verus
3181 5082 3358 5152 LXX
3392 5082 3614 5161 Inter-

333 5159 616 5240 pretum?
648 5159 786 5221 Non
814 5162 992 5239 legas
1014 5178 1115 5230 ea,
1142 5177 1287 5240 quae
1312 5161 1434 5220 sub
1465 5161 1789 5221 asteriscis
1819 5166 1971 5221 sunt
2002 5182 2017 5219 :
2048 5162 2177 5220 imo
2203 5162 2356 5223 rade
2384 5162 2461 5221 de
2488 5161 2948 5233 voluminibus,
2973 5166 3043 5221 ut
3066 5166 3354 5223 veterum
3383 5165 3443 5219 te
3470 5159 3614 5240 fau-

332 5249 538 5301 torem
592 5243 848 5319 probes.
896 5240 1080 5315 Quod
1110 5240 1165 5300 si
1213 5239 1466 5311 feceris,
1493 5241 1783 5300 omnium
1830 5241 2265 5302 Ecclesiarum
2322 5241 2741 5302 bibliothecas
2797 5241 3110 5302 damnare
3151 5240 3425 5317 cogeris.
3480 5239 3612 5319 Vix

335 5322 507 5381 enim
536 5337 708 5381 unus
738 5325 853 5382 aut
881 5321 1047 5381 alter
1072 5319 1449 5381 inveniatur
1475 5319 1663 5391 liber,
1694 5320 1807 5398 qui
1837 5322 1959 5381 ista
1988 5338 2119 5381 non
2151 5321 2408 5382 habeat.
2443 5342 2471 5375 ι)
2502 5320 2600 5379 Ex
2632 5319 2729 5381 his
2759 5321 2918 5381 locis
2950 5320 3274 5397 colligitur
3296 5319 3487 5397 longe
3513 5318 3615 5378 di-

334 5418 555 5461 versas
599 5401 769 5460 inter
810 5418 879 5461 se
930 5398 1128 5460 fuisse
1156 5399 1333 5459 LXX
1360 5400 1793 5477 Interpretum
1838 5400 2200 5469 Editiones,
2234 5401 2543 5478 illamque
2592 5399 3027 5461 diversitatem
3071 5400 3200 5476 peti
3251 5399 3487 5478 debere
3523 5416 3610 5459 ex

334 5480 535 5561 variis
566 5480 995 5561 Interpretum
1021 5479 1176 5561 locis
1204 5522 1219 5550 ,
1253 5478 1786 5561 nempieﬁAquilze
1807 5524 1823 5553 ,
1874 5479 2283 5561 Symmachi,
2308 5477 2785 5561 Theodotionis
2812 5485 2873 5539 et
2910 5478 3188 5561 aliorum
3216 5521 3234 5551 ,
3263 5494 3409 5561 quin
3463 5477 3610 5539 loca

333 5558 646 5637 Origenes
676 5555 1038 5620 iniseruerat
1066 5558 1130 5617 in
1155 5555 1631 5630 textum'LXX,
1662 5576 1806 5620 cum
1833 5555 2157 5620 asteriscis
2186 5559 2247 5618 id
2270 5555 2723 5619 indicantibus.
2748 5559 2905 5632 Qua)
2928 5559 3204 5619 aliarum
3229 5555 3608 5617 versionum

339 5638 672 5716 particula:
719 5638 785 5699 in
816 5637 1297 5717 exemplaribus
1333 5638 1552 5701 multis
1588 5644 2079 5713 remanserunt,
2110 5638 2176 5699 in
2231 5638 2377 5701 aliis
2409 5637 2626 5715 plures
2648 5680 2664 5711 ,
2696 5637 2764 5700 in
2797 5638 2941 5701 aliis
2972 5637 3337 5716 pauciores.
3369 5637 3611 5698 Praeter
