3752 6258
155 369 1948 406 -ι--ι-ι---ιιι----ιι-ι-ιιι-ι--ι---Ξ-ιιι---ιιι--“¹¹“-“¹¹¹¹Ιι
1441 402 1452 406 -
1467 398 1948 406 _________

2107 354 3371 388 ~—

1551 381 3372 408 ψ

1043 600 1458 704 SANCTI
1555 595 1977 685 PATRIS
2068 587 2503 682 NOSTRI

494 823 1397 1009 JOANNIS
1531 805 3079 999 CHRYSOSTOMI
3217 791 3226 798 ’

1128 1093 1192 1136 ³
1253 1139 1721 1257 OPERA
1771 1132 2297 1250 'OMNIA.

1670 1403 1904 1420 ﬂ

652 1587 887 1645 SERBIO
923 1582 1450 1642 ADJIONITORIUS
1497 1581 1630 1640 SUB
1667 1578 1950 1636 INITIUM
1987 1572 2281 1633 SANCTzE
2320 1566 2913 1637 QUADRAGESIMAE.

693 1830 966 1886 HOMILIA
1010 1829 1235 1884 PRIMA.

244 2013 298 2066 i.
325 2009 542 2065 Gaudeo
562 2019 615 2062 et
635 2008 786 2062 laetor
804 2007 987 2061 videns
1016 2007 1171 2060 hodie
1197 2007 1470 2062 ecclesiam
1494 2007 1583 2061 Dei
1614 2006 1751 2061 filio-

172 2119 290 2156 rum
316 2116 534 2156 suorum
566 2098 897 2153 multitudine
923 2098 1118 2162 ornari,
1147 2113 1346 2166 vosque
1372 2112 1557 2152 omnes
1590 2099 1753 2152 multa

176 2210 296 2248 cum
317 2193 648 2262 jncunditate
675 2191 1026 2245 concurrisse.
1054 2190 1183 2243 Nam
1207 2206 1324 2244 cum
1352 2189 1553 2244 alacres
1583 2189 1755 2245 vultus

176 2295 388 2343 vestros
432 2285 662 2345 intueor,
705 2282 1004 2349 voluptatis,
1049 2297 1166 2350 qua:
1191 2281 1242 2334 in
1268 2280 1543 2334 animabus
1567 2281 1757 2334 vestris

177 2391 279 2439 est.
309 2377 671 2448 conjecturam
702 2374 851 2445 capio
877 2373 1158 2429 maximam
1189 2389 1201 2427 :
1234 2371 1675 2445 quemadmodum
1704 2379 1760 2428 et

180 2470 394 2537 sapiens
435 2468 694 2537 quispiam
742 2466 966 2528 dicebat,
1016 2465 1177 2520 Corde
1223 2466 1422 2519 uetante
1455 2468 1577 2518 viret
1605 2466 1760 2536 facies

185 2541 373 2628 (Prov:
407 2559 496 2613 15.
526 2557 648 2626 i5).
684 2557 974 2626 Eapropter
1011 2564 1066 2609 et
1105 2557 1215 2624 ipse
1243 2555 1399 2609 hodie
1425 2556 1618 2625 ingenti
1644 2556 1758 2608 ala-

175 2651 367 2703 critate
395 2648 624 2710 surrexi,
655 2661 755 2700 una
790 2647 1061 2700 vobiscum
1089 2646 1284 2700 laetitiae
1313 2645 1452 2699 illius
1474 2645 1762 2714 spiritualis

180 2739 451 2808 particeps
482 2736 710 2800 futurus,
741 2745 793 2790 et
820 2735 1004 2789 volens
1030 2735 1287 2788 adventus
1310 2744 1506 2789 sanctae
1529 2734 1764 2801 Quadra-

179 2829 425 2896 gesimzc,
456 2827 700 2892 remedii,
731 2826 962 2893 inquam,
996 2825 1287 2879 animarum
1317 2835 1636 2889 nostrarum,
1669 2839 1762 2877 vo-

181 2918 267 2973 bis
307 2917 654 2970 annuntiator
696 2929 836 2970 esse.
879 2915 1185 2969 Communis
1212 2915 1353 2969 enim
1381 2924 1617 2969 nostrum
1650 2930 1765 2968 om-

182 3010 330 3063 nium
378 3007 634 3065 Dominus
653 3049 666 3070 ,
696 3005 856 3061 veluti
881 3017 1029 3075 pater
1057 3007 1190 3060 filios
1213 3021 1395 3059 amans
1415 3048 1428 3072 ,
1465 3006 1682 3075 cupiens
1707 3019 1768 3060 ea

183 3115 303 3168 qua:
344 3114 599 3167 umquam
648 3099 1036 3167 peccaverimus
1062 3098 1298 3163 abluere,
1339 3098 1472 3150 hanc
1499 3097 1650 3151 nobis
1678 3113 1771 3165 per

183 3199 429 3241 sanctum
452 3187 712 3256 jejunium
739 3189 1065 3242 curationem
1091 3187 1376 3241 adinveuit.
1405 3186 1590 3241 Nullus
1617 3189 1772 3255 igitur

189 3288 440 3338 mmstus,
478 3280 653 3332 nullus
682 3279 846 3332 tristis
875 3287 1146 3347 appareat,
1174 3277 1266 3332 sed
1297 3293 1482 3332 omnes
1508 3278 1774 3333 exsultent

186 3383 244 3429 et
263 3372 553 3445 gaudeant,
585 3386 648 3429 ac
670 3371 890 3444 gloriam
913 3370 1142 3428 referant
1171 3370 1223 3424 in
1249 3370 1542 3424 animarum
1568 3379 1776 3425 nostra-

190 3485 308 3522 rum
335 3479 661 3533 curatorem,
686 3469 774 3538 qui
797 3467 934 3522 hanc
952 3472 1200 3536 optimm
1223 3466 1374 3522 nobis
1392 3465 1594 3533 aperuit
1614 3464 1772 3529 viam,

190 3568 246 3613 et
285 3560 439 3614 illius
486 3558 767 3613 adventum
812 3574 998 3630 magna
1042 3575 1161 3614 cum
1200 3561 1471 3614 alacritate
1495 3555 1773 3627 accipiant.

191 3651 603 3706 Cunfundantur
639 3652 882 3720 gentiles,
923 3651 1120 3720 pudore
1148 3667 1207 3706 se
1236 3650 1432 3705 abdant
1459 3650 1648 3715 Judmi,
1695 3647 1776 3702 vi-

193 3741 386 3796 dentes
416 3752 652 3794 nostram
673 3742 943 3795 caritatem
969 3743 1120 3795 hilari
1146 3741 1319 3795 studio
1339 3741 1479 3795 illius
1496 3741 1775 3794 adventum

193 3833 524 3887 salutantem
551 3846 612 3885 ac
637 3833 1004 3900 excipientem,
1038 3833 1349 3902 discantque
1383 3847 1475 3901 per
1498 3831 1778 3900 experien-

198 3924 352 3984 tiam.
395 3932 652 3992 quantum
683 3924 819 3978 inter
847 3938 944 3978 nos
967 3924 1037 3978 sit
1076 3933 1130 3978 et
1159 3925 1302 3993 ipsos
1329 3924 1682 3978 intervallum.
1716 3922 1784 3976 Et

201 4014 272 4069 illi
303 4014 526 4084 quidem
557 4013 717 4067 ferias
747 4022 800 4068 et
827 4014 987 4069 festas
1014 4016 1286 4069 nominent
1310 4016 1641 4080 ebrietatem,
1665 4031 1782 4068 om-

202 4118 440 4170 nemque
468 4103 626 4156 aliam
656 4104 1130 4172 intemperantiam,
1162 4119 1223 4158 ac
1251 4104 1619 4172 turpitudines,
1655 4119 1784 4172 quas

205 4196 498 4249 verisimile
528 4207 608 4248 est
635 4210 728 4250 eos
775 4196 896 4250 inde
924 4195 1282 4250 contrahere:
1314 4204 1369 4249 at
1409 4196 1647 4250 Ecclesia
1691 4195 1786 4250 Dei

209 4302 271 4340 ea
319 4303 439 4356 qua:
481 4286 585 4339 illis
625 4287 846 4341 adversa
887 4296 1028 4352 sunt,
1073 4302 1261 4356 nempe
1282 4288 1560 4356 jejunium,
1590 4286 1789 4340 ventris

209 4376 548 4446 despectura,
581 4387 633 4430 et
659 4391 842 4430 omnes
868 4378 998 4431 alias
1023 4378 1242 4432 virtutes
1275 4377 1413 4431 illius
1437 4378 1679 4442 comites,
1710 4375 1788 4429 fe-

212 4469 323 4520 rias
367 4467 618 4536 appellet.
670 4467 760 4520 Ha:
789 4467 928 4521 cnim
956 4484 1094 4521 veru:
1121 4468 1264 4523 feria:
1293 4478 1436 4532 sunt,
1470 4469 1555 4523 ubi
1592 4469 1794 4522 antima-

213 4575 334 4616 rum
363 4561 528 4624 salus,
560 4560 643 4614 ubi
674 4576 771 4628 pax
805 4569 858 4613 et
893 4561 1172 4614 concordia
1202 4570 1302 4624 est,
1330 4559 1416 4614 ubi
1443 4562 1614 4614 omnis
1639 4559 1794 4628 hujus

218 4650 348 4702 vita:
378 4661 663 4718 apparatus
692 4649 952 4719 abigitur;
985 4650 1072 4703 ubi
1115 4651 1336 4714 clamor,
1363 4659 1417 4703 et
1445 4651 1713 4712 tumultus,
1743 4657 1796 4701 et

216 4756 510 4808 eiquorum
538 4741 829 4806 discursus,
860 4749 915 4794 et
934 4739 1188 4809 pecudum
1215 4741 1602 4794 mactatiouesc
1623 4738 1797 4792 tnedio

219 4833 483 4885 uilluntur
513 4849 526 4884 :
570 4832 719 4900 quies
760 4847 888 4885 vero
928 4833 1120 4897 omnis,
1151 4842 1205 4886 et
1231 4832 1596 4900 tranquillitas,
1627 4838 1680 4885 et
1707 4845 1798 4883 ca-

219 4925 373 4986 ritas,
405 4932 459 4975 et
477 4922 747 4989 gaudium,
767 4932 820 4976 et
846 4937 966 4991 pax,
993 4931 1046 4978 et
1063 4924 1430 4987 mansuetudo,
1454 4932 1508 4978 et
1528 4923 1800 4976 innumera

221 5015 364 5066 bona
390 5029 486 5081 pro
507 5013 609 5068 illis
632 5013 684 5065 in
713 5029 809 5070 usu
839 5021 977 5067 sunt.

295 5103 607 5158 Concionum
627 5119 769 5156 verus
791 5104 908 5172 finis
930 5113 974 5156 et
1001 5109 1216 5158 nium—
1229 5104 1303 5158 De
1323 5104 1412 5159 illo
1438 5105 1594 5173 igitur
1613 5117 1799 5174 pauca,

223 5196 477 5259 obsecro,
504 5194 712 5248 caritati
755 5206 945 5248 vestra:
982 5196 1363 5264 colloquantur,
1396 5195 1552 5265 idque
1579 5195 1803 5264 primum

225 5301 496 5354 rogemus,
527 5293 585 5338 ut
616 5299 890 5342 sermones
933 5285 1050 5338 illos
1077 5295 1287 5340 nostros
1314 5284 1516 5354 placide
1552 5285 1808 5352 suscipia-

229 5379 320 5442 tis,
366 5391 473 5444 quo
511 5376 751 5441 domum,
800 5375 1024 5430 fructum
1065 5375 1345 5446 quemdam
1373 5375 1628 5444 insignem
1656 5388 1805 5432 asse-

228 5469 401 5537 quuti,
448 5466 698 5524 redeatis.
741 5465 926 5536 Neque
954 5467 1095 5520 enim
1142 5474 1347 5521 temere
1392 5474 1446 5519 et
1483 5465 1673 5519 frustra
1707 5464 1809 5519 huc

229 5559 596 5623 convenimus,
628 5567 685 5612 ut
713 5573 848 5612 unus
867 5557 1078 5626 quidem
1103 5557 1366 5627 loquatur,
1385 5556 1518 5610 alius
1543 5571 1668 5610 vero
1692 5570 1810 5625 qua:

234 5654 481 5716 diwntur
509 5650 783 5722 plausibus
813 5649 1063 5720 excipiat,
1103 5657 1157 5706 et
1183 5649 1261 5710 sic
1291 5648 1412 5705 hinc
1441 5647 1806 5710 excedamus:

1855 1831 1946 1886 sed
1989 1841 2043 1885 ut
2088 1841 2140 1886 et
2179 1846 2276 1887 nos
2314 1832 2616 1902 frugiferum
2656 1835 2903 1904 quiddam
2931 1843 2983 1890 et
3020 1835 3173 1892 saluti
3236 1847 3426 1897 vestrae

1858 1922 2187 1977 eunducibile
2231 1925 2528 1992 loquamur,
2576 1933 2629 1978 et
2677 1941 2770 1978 vos
2817 1927 2962 1980 lucro
2991 1943 3021 1981 e
3049 1927 3202 1982 dictis
3231 1933 3426 1985 nostris

1856 2021 2093 2081 accepto,
2121 2022 2173 2066 et
2201 2013 2388 2082 ampla:
2419 2014 2656 2068 utilitatis
2682 2015 2905 2069 fructum
2935 2017 3093 2082 nacti,
3122 2017 3242 2072 hinc
3271 2033 3429 2073 exca-

1861 2105 1945 2156 tis.
1980 2104 2214 2158 Ecclesia
2244 2120 2372 2160 sane
2410 2105 2618 2160 officina
2645 2107 2882 2176 quaedam
2913 2118 2991 2164 est
3021 2109 3292 2164 medicina:
3317 2110 3430 2179 spi-

1860 2195 2098 2262 ritualis;
2147 2207 2200 2250 et
2246 2212 2336 2251 eos
2376 2197 2462 2267 qui
2510 2196 2613 2251 huc
2660 2199 2898 2264 veniunt,
2945 2207 3152 2268 oportet
3180 2214 3282 2252 non
3309 2210 3432 2253 ante

1860 2285 2073 2339 domum
2116 2286 2311 2351 redire,
2354 2303 2510 2356 quam
2555 2288 2641 2341 ubi
2683 2303 2911 2358 congrua
2953 2289 3183 2344 remedia
3212 2304 3433 2358 accepe-

1863 2376 1990 2439 rint,
2036 2375 2228 2445 illaque
2271 2378 2383 2431 suis
2413 2378 2716 2432 vulneribus
2745 2379 3098 2435 adhibuerint.
3147 2379 3278 2434 Nam
3305 2394 3436 2447 quo-

1863 2465 2022 2523 modo
2049 2467 2229 2525 audire
2256 2470 2450 2534 solum,
2483 2479 2536 2522 et
2561 2471 2810 2538 operibus
2838 2470 2966 2524 nihil
2994 2481 3264 2539 praestare,
3303 2471 3436 2525 nihil

1867 2561 2194 2630 profuturum
2222 2562 2309 2627 sit,
2345 2559 2464 2615 audi
2493 2559 2703 2616 beatum
2735 2561 2952 2617 Paulum
2980 2561 3241 2618 dicentem
3270 2579 3285 2617 :
3316 2559 3438 2616 Non

1865 2653 1996 2704 enim
2039 2653 2291 2705 auditores
2335 2654 2454 2721 tegis
2479 2655 2610 2723 justi
2658 2664 2774 2707 sunt
2820 2655 2955 2724 apud
2976 2653 3160 2720 Deum,
3203 2656 3288 2709 sed
3317 2655 3440 2724 legis

1867 2744 2079 2810 factores
2099 2741 2511 2810 justiﬁcabuntnr
2539 2741 2713 2812 (Rom.
2743 2744 2798 2797 2.
2832 2745 2942 2810 15).
2971 2743 3290 2797 EtChristus
3307 2759 3438 2798 cou-

1867 2832 2128 2886 cionando
2152 2833 2394 2887 dicebat:
2431 2832 2549 2886 Non
2591 2835 2750 2887 omnis
2779 2836 2864 2903 qui
2893 2835 3011 2887 dicit
3049 2836 3170 2887 mihi
3209 2833 3439 2898 Domine,

1869 2918 2103 2986 Domine,
2133 2922 2336 2974 intrabit
2367 2922 2417 2974 in
2440 2939 2645 2992 regnum
2680 2922 2932 2987 (telorum,
2962 2924 3048 2977 sed
3082 2925 3166 2992 qui
3193 2924 3311 2994 facit
3351 2938 3441 2975 oo-

1873 3008 2108 3062 luntatem
2150 3009 2320 3064 Patris
2361 3012 2457 3065 mei
2499 3012 2582 3080 qui
2618 3014 2670 3065 in
2716 3013 2850 3066 ca’lis
2887 3023 2956 3066 est
3005 3013 3213 3083 (Matth.
3245 3014 3294 3066 7.
3320 3013 3440 3084 21).

1873 3100 2033 3170 Igitur
2082 3103 2330 3165 scientes,
2379 3101 2577 3166 dilecti,
2629 3103 2823 3157 nullam
2855 3103 3131 3158 utilitatem
3162 3117 3226 3157 ex
3267 3102 3445 3157 auditu

1873 3207 2013 3253 esse,
2057 3191 2156 3245 nisi
2205 3191 2338 3245 bona
2369 3207 2528 3261 Opera
2557 3203 2857 3262 sequantur,
2891 3209 2956 3247 ne
2995 3193 3159 3246 simus
3179 3191 3447 3246 auditores

1875 3284 2166 3350 dumtaxat,
2195 3283 2288 3338 sed
2316 3285 2476 3338 etiam
2504 3284 2749 3352 factores,
2776 3301 2880 3356 quo
2917 3285 3026 3354 ipsa
3053 3300 3210 3354 opera
3240 3298 3445 3339 sermo-

1876 3389 1972 3430 nes
2013 3375 2284 3444 sequentia
2331 3375 2510 3429 multa:
2558 3376 2711 3429 nobis
2767 3375 2972 3431 ﬁducia:
3041 3375 3147 3429 sint
3209 3375 3440 3428 occasio.

1877 3465 2106 3520 Proinde
2147 3464 2407 3534 explicitis
2450 3474 2637 3519 vestrae
2687 3466 2877 3519 mentis
2921 3465 3143 3531 sinibus,
3172 3479 3449 3520 sermones

1878 3557 1944 3610 de
1964 3555 2165 3625 jejunio
2186 3555 2452 3624 suscipite.
2487 3555 2554 3609 Et
2577 3555 3013 3624 quemadmodum
3045 3563 3240 3609 castam
3267 3568 3452 3622 quam-

1880 3648 2000 3702 dam
2027 3657 2081 3703 et
2109 3649 2386 3722 ingenuam
2417 3662 2663 3719 sponsam
2690 3647 2918 3713 ducturi,
2952 3646 3196 3703 thalamis
3222 3644 3453 3713 undique

1885 3740 2146 3814 tapetibus
2186 3745 2407 3809 ornatis,
2435 3743 2695 3811 domoque
2721 3753 2826 3797 tota
2856 3751 3091 3812 purgata,
3123 3752 3176 3795 et
3213 3741 3456 3808 ingressu

1881 3835 2129 3889 omnibus
2168 3835 2458 3888 inhonestis
2493 3834 2696 3888 ancillis
2741 3834 3041 3899 interdicto,
3073 3833 3125 3886 in
3155 3833 3454 3886 cubiculum

1885 3925 2026 3980 illam
2058 3925 2394 3980 introducunt
2421 3942 2432 3977 :
2465 3925 2576 3993 pari
2617 3924 2774 3978 modo
2800 3924 2988 3978 vellem
3017 3923 3174 3978 etiam
3199 3929 3327 3985 Vos,
3359 3937 3458 3975 exc

1888 4027 2106 4086 purgata
2151 4025 2328 4071 mente
2368 4026 2561 4080 vestra,
2610 4015 2831 4085 valeque
2875 4015 3077 4069 deliciis
3107 4023 3160 4068 et
3186 4013 3460 4068 voracitati

1888 4107 2052 4173 dicto,
2085 4115 2304 4161 matrem
2352 4108 2584 4160 omnium
2629 4105 2909 4170 bonorum,
2937 4115 2990 4159 et
3017 4103 3299 4174 pudicitiae,
3327 4102 3459 4155 alia-

1893 4213 2117 4268 rumque
2143 4197 2392 4250 virtutum
2435 4197 2671 4250 omnium
2713 4197 3034 4264 magistram,
3063 4193 3342 4263 jejunium,
3380 4191 3463 4244 in-

1893 4304 2074 4359 quam,
2104 4287 2363 4355 explicitis
2389 4295 2579 4339 vestra:
2624 4286 2813 4339 mentis
2858 4284 3059 4338 sinibus
3089 4283 3378 4350 suscipere,
3409 4288 3466 4333 ut

1893 4390 1947 4434 et
1973 4393 2068 4431 vos
2093 4378 2280 4446 majori
2321 4375 2564 4429 fruamini
2606 4376 2891 4443 voluptate,
2933 4386 2981 4427 et
3012 4372 3138 4426 illud
3167 4384 3465 4438 congruen-

1896 4479 2002 4526 tem
2029 4469 2179 4524 vobis
2205 4484 2352 4523 suam
2384 4468 2693 4521 medicinam
2733 4466 2987 4519 conferat.
3032 4463 3163 4518 Nam
3203 4463 3246 4515 si
3279 4460 3468 4514 medici

1897 4565 2175 4633 pharmaca
2221 4561 2349 4614 dare
2390 4558 2646 4622 volentes,
2692 4565 2748 4610 ut
2775 4556 3043 4625 putridum
3073 4563 3127 4608 et
3163 4560 3465 4619 corruptum

1901 4654 2175 4708 humorem
2217 4658 2528 4719 expurgem.
2577 4662 2605 4699 a
2647 4646 2907 4715 corporali
2933 4645 3033 4699 hoc
3059 4643 3176 4699 cibo
3205 4641 3472 4696 abstinere

1903 4743 2231 4813 praecipiunt,
2274 4740 2343 4793 ita
2387 4750 2440 4791 ut
2485 4737 2750 4806 pharmaci
2781 4734 3030 4788 efficaciae
3057 4748 3158 4786 non
3189 4732 3257 4785 sit
3290 4730 3470 4783 obsta-

1901 4832 2104 4898 culum,
2132 4829 2224 4884 sed
2250 4828 2477 4898 operari,
2517 4840 2770 4895 suamque
2815 4827 2920 4878 vim
2952 4823 3076 4877 illud
3103 4821 3268 4891 possit
3289 4829 3471 4873 Osten-

1903 4923 2065 4978 dere:
2112 4923 2277 4975 multo
2318 4919 2484 4988 magis
2523 4918 2672 4972 nobis
2713 4917 2982 4986 spirituale
3025 4915 3128 4969 hoc
3160 4910 3470 4973 remedium,

1906 5016 2008 5070 hoc
2036 5025 2138 5078 est,
2186 5013 2463 5067 utilitatem
2504 5025 2623 5080 quae
2652 5024 2716 5063 ex
2739 5008 2938 5077 jejunio
2982 5014 3082 5068 est,
3126 5001 3471 5071 suscepturis,

1908 5108 2163 5163 tenuitate
2188 5106 2355 5160 victus
2379 5111 2612 5158 nostram
2642 5110 2870 5155 mentem
2900 5112 3212 5167 expurgare,
3239 5105 3291 5148 et
3315 5094 3479 5148 levio-

1909 5214 2021 5255 rem
2050 5197 2271 5252 reddere
2299 5195 2562 5256 convenit,
2596 5199 2653 5246 ut
2679 5206 2747 5245 ne
2773 5189 3027 5244 ebrietate
3062 5174 3303 5242 demersa
3339 5185 3480 5239 utili-

1912 5299 2096 5353 tatem,
2117 5304 2235 5358 quaa
2260 5302 2325 5341 ex
2353 5285 2442 5339 illo
2472 5282 2732 5352 provenit,
2759 5281 2974 5334 adimat.

1980 5381 2037 5436 3.
2077 5381 2242 5435 Porro
2269 5378 2381 5431 scio
2408 5374 2616 5445 quidem
2647 5372 2761 5427 fore
2789 5381 2846 5426 ut
2873 5370 3050 5426 multis
3069 5383 3151 5437 ea,
3174 5384 3291 5439 qua:
3322 5365 3479 5419 hodie

1912 5489 1942 5529 a
1973 5472 2127 5528 nobis
2148 5467 2369 5525 dicenda
2411 5475 2553 5533 sunt,
2584 5465 2719 5519 mira
2743 5463 3017 5520 videantur
3040 5477 3054 5514 :
3081 5458 3198 5527 sed,
3237 5456 3479 5521 obsecro,

1982 5651 2000 5684 ί
2034 5643 2224 5700 coislin.
2244 5649 2297 5698 et
2318 5649 2422 5698 tres
2437 5641 2534 5705 alii,
2551 5647 2667 5694 nosti
2679 5651 2741 5692 ω.
