  <div class='ocr_page' id='page_1' title='image "/cluster/home/n/w/nwhite01/storage/ocr_20150623/53-54/hvd.32044012465829/023.png"; bbox 0 0 3784 6280; ppageno 0'>
   <div class='ocr_carea' id='block_1_1' title="bbox 263 225 3523 289">
    <p class='ocr_par' dir='ltr' id='par_1_1' title="bbox 263 225 3523 289">
     <span class='ocr_line' id='line_1_1' title="bbox 263 225 3523 289; baseline 0.002 -8"><span class='ocrx_word' id='word_1_1' title='bbox 263 228 333 282; x_wconf 75' lang='grc'><strong>25</strong></span> <span class='ocrx_word' id='word_1_2' title='bbox 1008 228 1068 286; x_wconf 90' lang='lat' dir='ltr'><strong>S.</strong></span> <span class='ocrx_word' id='word_1_3' title='bbox 1106 227 1384 286; x_wconf 80' lang='lat' dir='ltr'><strong>JOANNIS</strong></span> <span class='ocrx_word' id='word_1_4' title='bbox 1418 226 1890 285; x_wconf 78' lang='lat' dir='ltr'><strong>CHRYSOSTOMI</strong></span> <span class='ocrx_word' id='word_1_5' title='bbox 1928 225 2249 283; x_wconf 77' lang='lat' dir='ltr'><strong>ARCHIEP.</strong></span> <span class='ocrx_word' id='word_1_6' title='bbox 2287 229 2819 289; x_wconf 82' lang='lat' dir='ltr'><strong>CONSTANTINOP.</strong></span> <span class='ocrx_word' id='word_1_7' title='bbox 3453 231 3523 286; x_wconf 71' lang='grc' dir='ltr'><strong>ΞΕ</strong></span> 
     </span>
    </p>
   </div>
   <div class='ocr_carea' id='block_1_2' title="bbox 262 342 1841 411">
    <p class='ocr_par' dir='ltr' id='par_1_2' title="bbox 262 342 1841 411">
     <span class='ocr_line' id='line_1_2' title="bbox 262 342 1841 411; baseline -0.006 -2"><span class='ocrx_word' id='word_1_8' title='bbox 262 366 332 409; x_wconf 78' lang='lat' dir='ltr'><strong>ne</strong></span> <span class='ocrx_word' id='word_1_9' title='bbox 356 345 727 405; x_wconf 75' lang='lat' dir='ltr'><strong>consuetudini</strong></span> <span class='ocrx_word' id='word_1_10' title='bbox 775 353 973 402; x_wconf 88' lang='lat' dir='ltr'><strong>temere</strong></span> <span class='ocrx_word' id='word_1_11' title='bbox 1010 345 1328 411; x_wconf 83' lang='lat' dir='ltr'><strong>serviamus,</strong></span> <span class='ocrx_word' id='word_1_12' title='bbox 1372 343 1467 399; x_wconf 91' lang='lat' dir='ltr'><strong>sed</strong></span> <span class='ocrx_word' id='word_1_13' title='bbox 1513 342 1718 397; x_wconf 92' lang='lat' dir='ltr'><strong>ratione</strong></span> <span class='ocrx_word' id='word_1_14' title='bbox 1754 355 1841 400; x_wconf 76' lang='lat' dir='ltr'><strong>res</strong></span> 
     </span>
    </p>
   </div>
   <div class='ocr_carea' id='block_1_3' title="bbox 264 435 1844 510">
    <p class='ocr_par' dir='ltr' id='par_1_3' title="bbox 264 435 1844 510">
     <span class='ocr_line' id='line_1_3' title="bbox 264 435 1844 510; baseline -0.006 -12"><span class='ocrx_word' id='word_1_15' title='bbox 264 453 472 499; x_wconf 91' lang='lat' dir='ltr'><strong>nostras</strong></span> <span class='ocrx_word' id='word_1_16' title='bbox 515 442 872 496; x_wconf 90' lang='lat' dir='ltr'><strong>instituamus.</strong></span> <span class='ocrx_word' id='word_1_17' title='bbox 914 439 1176 510; x_wconf 88' lang='lat' dir='ltr'><strong>Numquid</strong></span> <span class='ocrx_word' id='word_1_18' title='bbox 1218 439 1361 493; x_wconf 91' lang='lat' dir='ltr'><strong>enim</strong></span> <span class='ocrx_word' id='word_1_19' title='bbox 1410 437 1541 490; x_wconf 90' lang='lat' dir='ltr'><strong>lucri</strong></span> <span class='ocrx_word' id='word_1_20' title='bbox 1577 435 1844 505; x_wconf 83' lang='lat' dir='ltr'><strong>quidpiam</strong></span> 
     </span>
    </p>
   </div>
   <div class='ocr_carea' id='block_1_4' title="bbox 263 526 1848 605">
    <p class='ocr_par' dir='ltr' id='par_1_4' title="bbox 263 526 1848 605">
     <span class='ocr_line' id='line_1_4' title="bbox 263 526 1848 605; baseline -0.004 -17"><span class='ocrx_word' id='word_1_21' title='bbox 263 550 327 588; x_wconf 82' lang='lat' dir='ltr'><strong>ex</strong></span> <span class='ocrx_word' id='word_1_22' title='bbox 345 534 651 605; x_wconf 82' lang='lat' dir='ltr'><strong>quotidiana</strong></span> <span class='ocrx_word' id='word_1_23' title='bbox 678 532 895 603; x_wconf 86' lang='lat' dir='ltr'><strong>crapula</strong></span> <span class='ocrx_word' id='word_1_24' title='bbox 911 531 1129 602; x_wconf 88' lang='lat' dir='ltr'><strong>jugique</strong></span> <span class='ocrx_word' id='word_1_25' title='bbox 1148 528 1404 585; x_wconf 81' lang='lat' dir='ltr'><strong>ebrietate</strong></span> <span class='ocrx_word' id='word_1_26' title='bbox 1431 527 1583 582; x_wconf 92' lang='lat' dir='ltr'><strong>nobis</strong></span> <span class='ocrx_word' id='word_1_27' title='bbox 1605 526 1848 582; x_wconf 76' lang='lat' dir='ltr'><strong>accedit?</strong></span> 
     </span>
    </p>
   </div>
   <div class='ocr_carea' id='block_1_5' title="bbox 266 618 1847 693">
    <p class='ocr_par' dir='ltr' id='par_1_5' title="bbox 266 618 1847 693">
     <span class='ocr_line' id='line_1_5' title="bbox 266 618 1847 693; baseline -0.004 -13"><span class='ocrx_word' id='word_1_28' title='bbox 266 626 332 680; x_wconf 87' lang='lat' dir='ltr'><strong>Et</strong></span> <span class='ocrx_word' id='word_1_29' title='bbox 357 625 479 693; x_wconf 83' lang='lat' dir='ltr'><strong>quid</strong></span> <span class='ocrx_word' id='word_1_30' title='bbox 509 624 630 680; x_wconf 90' lang='lat' dir='ltr'><strong>dico</strong></span> <span class='ocrx_word' id='word_1_31' title='bbox 654 624 896 679; x_wconf 86' lang='lat' dir='ltr'><strong>lucrum?</strong></span> <span class='ocrx_word' id='word_1_32' title='bbox 922 624 1032 676; x_wconf 92' lang='lat' dir='ltr'><strong>lmo</strong></span> <span class='ocrx_word' id='word_1_33' title='bbox 1049 621 1271 675; x_wconf 89' lang='lat' dir='ltr'><strong>multum</strong></span> <span class='ocrx_word' id='word_1_34' title='bbox 1297 618 1546 674; x_wconf 90' lang='lat' dir='ltr'><strong>damnum</strong></span> <span class='ocrx_word' id='word_1_35' title='bbox 1567 627 1623 673; x_wconf 93' lang='lat' dir='ltr'><strong>et</strong></span> <span class='ocrx_word' id='word_1_36' title='bbox 1641 618 1847 688; x_wconf 86' lang='lat' dir='ltr'><strong>jactura</strong></span> 
     </span>
    </p>
   </div>
   <div class='ocr_carea' id='block_1_6' title="bbox 267 707 1849 781">
    <p class='ocr_par' dir='ltr' id='par_1_6' title="bbox 267 707 1849 781">
     <span class='ocr_line' id='line_1_6' title="bbox 267 707 1849 781; baseline -0.003 -15"><span class='ocrx_word' id='word_1_37' title='bbox 267 714 618 769; x_wconf 84' lang='lat' dir='ltr'><strong>intolerabilis</strong></span> <span class='ocrx_word' id='word_1_38' title='bbox 670 712 795 768; x_wconf 90' lang='lat' dir='ltr'><strong>inde</strong></span> <span class='ocrx_word' id='word_1_39' title='bbox 842 720 1199 781; x_wconf 83' lang='lat' dir='ltr'><strong>exspectatur.</strong></span> <span class='ocrx_word' id='word_1_40' title='bbox 1257 710 1388 765; x_wconf 90' lang='lat' dir='ltr'><strong>Cum</strong></span> <span class='ocrx_word' id='word_1_41' title='bbox 1437 710 1666 778; x_wconf 90' lang='lat' dir='ltr'><strong>primum</strong></span> <span class='ocrx_word' id='word_1_42' title='bbox 1706 707 1849 762; x_wconf 90' lang='lat' dir='ltr'><strong>enim</strong></span> 
     </span>
    </p>
   </div>
   <div class='ocr_carea' id='block_1_7' title="bbox 268 801 1851 871">
    <p class='ocr_par' dir='ltr' id='par_1_7' title="bbox 268 801 1851 871">
     <span class='ocr_line' id='line_1_7' title="bbox 268 801 1851 871; baseline -0.003 -13"><span class='ocrx_word' id='word_1_43' title='bbox 268 821 418 859; x_wconf 91' lang='lat' dir='ltr'><strong>mens</strong></span> <span class='ocrx_word' id='word_1_44' title='bbox 448 805 732 860; x_wconf 79' lang='lat' dir='ltr'><strong>vinolentia</strong></span> <span class='ocrx_word' id='word_1_45' title='bbox 765 805 928 859; x_wconf 75' lang='lat' dir='ltr'><strong>multa</strong></span> <span class='ocrx_word' id='word_1_46' title='bbox 951 803 1108 859; x_wconf 87' lang='lat' dir='ltr'><strong>fuerit</strong></span> <span class='ocrx_word' id='word_1_47' title='bbox 1138 803 1350 869; x_wconf 88' lang='lat' dir='ltr'><strong>obruta,</strong></span> <span class='ocrx_word' id='word_1_48' title='bbox 1377 803 1554 860; x_wconf 85' lang='lat' dir='ltr'><strong>statim</strong></span> <span class='ocrx_word' id='word_1_49' title='bbox 1582 802 1711 858; x_wconf 85' lang='lat' dir='ltr'><strong>etin</strong></span> <span class='ocrx_word' id='word_1_50' title='bbox 1734 801 1851 871; x_wconf 86' lang='lat' dir='ltr'><strong>ipso</strong></span> 
     </span>
    </p>
   </div>
   <div class='ocr_carea' id='block_1_8' title="bbox 269 890 1850 965">
    <p class='ocr_par' dir='ltr' id='par_1_8' title="bbox 269 890 1850 965">
     <span class='ocr_line' id='line_1_8' title="bbox 269 890 1850 965; baseline 0 -18"><span class='ocrx_word' id='word_1_51' title='bbox 269 895 419 949; x_wconf 91' lang='lat' dir='ltr'><strong>initio</strong></span> <span class='ocrx_word' id='word_1_52' title='bbox 466 896 684 958; x_wconf 82' lang='lat' dir='ltr'><strong>utilitas,</strong></span> <span class='ocrx_word' id='word_1_53' title='bbox 729 890 851 965; x_wconf 60' lang='lat' dir='ltr'><strong>qua!</strong></span> <span class='ocrx_word' id='word_1_54' title='bbox 896 911 927 947; x_wconf 90' lang='lat' dir='ltr'><strong>a</strong></span> <span class='ocrx_word' id='word_1_55' title='bbox 967 893 1174 965; x_wconf 80' lang='lat' dir='ltr'><strong>jejunio</strong></span> <span class='ocrx_word' id='word_1_56' title='bbox 1216 904 1322 958; x_wconf 71' lang='grc' dir='ltr'><em>εει,</em></span> <span class='ocrx_word' id='word_1_57' title='bbox 1371 893 1666 964; x_wconf 82' lang='lat' dir='ltr'><strong>repellitur.</strong></span> <span class='ocrx_word' id='word_1_58' title='bbox 1713 892 1850 961; x_wconf 88' lang='lat' dir='ltr'><strong>Quid</strong></span> 
     </span>
    </p>
   </div>
   <div class='ocr_carea' id='block_1_9' title="bbox 267 982 1851 1055">
    <p class='ocr_par' dir='ltr' id='par_1_9' title="bbox 267 982 1851 1055">
     <span class='ocr_line' id='line_1_9' title="bbox 267 982 1851 1055; baseline 0 -16"><span class='ocrx_word' id='word_1_59' title='bbox 267 986 412 1039; x_wconf 90' lang='lat' dir='ltr'><strong>enim</strong></span> <span class='ocrx_word' id='word_1_60' title='bbox 430 984 720 1051; x_wconf 88' lang='lat' dir='ltr'><strong>insuavius,</strong></span> <span class='ocrx_word' id='word_1_61' title='bbox 738 985 845 1052; x_wconf 85' lang='lat' dir='ltr'><strong>dic,</strong></span> <span class='ocrx_word' id='word_1_62' title='bbox 872 985 1115 1049; x_wconf 90' lang='lat' dir='ltr'><strong>obsecro,</strong></span> <span class='ocrx_word' id='word_1_63' title='bbox 1144 982 1269 1055; x_wconf 88' lang='lat' dir='ltr'><strong>quid</strong></span> <span class='ocrx_word' id='word_1_64' title='bbox 1295 985 1419 1039; x_wconf 88' lang='lat' dir='ltr'><strong>item</strong></span> <span class='ocrx_word' id='word_1_65' title='bbox 1446 986 1671 1055; x_wconf 89' lang='lat' dir='ltr'><strong>turpius,</strong></span> <span class='ocrx_word' id='word_1_66' title='bbox 1693 996 1851 1054; x_wconf 88' lang='lat' dir='ltr'><strong>quam</strong></span> 
     </span>
    </p>
   </div>
   <div class='ocr_carea' id='block_1_10' title="bbox 269 1075 1850 1145">
    <p class='ocr_par' dir='ltr' id='par_1_10' title="bbox 269 1075 1850 1145">
     <span class='ocr_line' id='line_1_10' title="bbox 269 1075 1850 1145; baseline 0 -15"><span class='ocrx_word' id='word_1_67' title='bbox 269 1090 392 1130; x_wconf 91' lang='lat' dir='ltr'><strong>cum</strong></span> <span class='ocrx_word' id='word_1_68' title='bbox 418 1091 587 1145; x_wconf 88' lang='lat' dir='ltr'><strong>usque</strong></span> <span class='ocrx_word' id='word_1_69' title='bbox 614 1075 680 1130; x_wconf 91' lang='lat' dir='ltr'><strong>ad</strong></span> <span class='ocrx_word' id='word_1_70' title='bbox 720 1076 949 1130; x_wconf 89' lang='lat' dir='ltr'><strong>mediam</strong></span> <span class='ocrx_word' id='word_1_71' title='bbox 979 1084 1194 1130; x_wconf 90' lang='lat' dir='ltr'><strong>noctem</strong></span> <span class='ocrx_word' id='word_1_72' title='bbox 1232 1090 1505 1130; x_wconf 89' lang='lat' dir='ltr'><strong>meracum</strong></span> <span class='ocrx_word' id='word_1_73' title='bbox 1549 1075 1850 1142; x_wconf 88' lang='lat' dir='ltr'><strong>sorbentes,</strong></span> 
     </span>
    </p>
   </div>
   <div class='ocr_carea' id='block_1_11' title="bbox 269 1165 1854 1237">
    <p class='ocr_par' dir='ltr' id='par_1_11' title="bbox 269 1165 1854 1237">
     <span class='ocr_line' id='line_1_11' title="bbox 269 1165 1854 1237; baseline -0.001 -15"><span class='ocrx_word' id='word_1_74' title='bbox 269 1167 373 1222; x_wconf 90' lang='lat' dir='ltr'><strong>sub</strong></span> <span class='ocrx_word' id='word_1_75' title='bbox 396 1181 663 1231; x_wconf 90' lang='lat' dir='ltr'><strong>auroram,</strong></span> <span class='ocrx_word' id='word_1_76' title='bbox 689 1165 1017 1237; x_wconf 90' lang='lat' dir='ltr'><strong>solisjubare</strong></span> <span class='ocrx_word' id='word_1_77' title='bbox 1040 1167 1267 1231; x_wconf 84' lang='lat' dir='ltr'><strong>oriente,</strong></span> <span class='ocrx_word' id='word_1_78' title='bbox 1289 1166 1469 1221; x_wconf 89' lang='lat' dir='ltr'><strong>vinum</strong></span> <span class='ocrx_word' id='word_1_79' title='bbox 1491 1166 1642 1236; x_wconf 83' lang='lat' dir='ltr'><strong>quasi</strong></span> <span class='ocrx_word' id='word_1_80' title='bbox 1668 1179 1854 1221; x_wconf 89' lang='lat' dir='ltr'><strong>recens</strong></span> 
     </span>
    </p>
   </div>
   <div class='ocr_carea' id='block_1_12' title="bbox 273 1258 1853 1329">
    <p class='ocr_par' dir='ltr' id='par_1_12' title="bbox 273 1258 1853 1329">
     <span class='ocr_line' id='line_1_12' title="bbox 273 1258 1853 1329; baseline -0.001 -17"><span class='ocrx_word' id='word_1_81' title='bbox 273 1259 537 1329; x_wconf 88' lang='lat' dir='ltr'><strong>ingestum</strong></span> <span class='ocrx_word' id='word_1_82' title='bbox 565 1259 789 1329; x_wconf 88' lang='lat' dir='ltr'><strong>spirant,</strong></span> <span class='ocrx_word' id='word_1_83' title='bbox 812 1269 867 1314; x_wconf 91' lang='lat' dir='ltr'><strong>et</strong></span> <span class='ocrx_word' id='word_1_84' title='bbox 892 1259 1295 1315; x_wconf 89' lang='lat' dir='ltr'><strong>occurrentibus</strong></span> <span class='ocrx_word' id='word_1_85' title='bbox 1318 1258 1531 1328; x_wconf 87' lang='lat' dir='ltr'><strong>quidem</strong></span> <span class='ocrx_word' id='word_1_86' title='bbox 1561 1258 1853 1327; x_wconf 90' lang='lat' dir='ltr'><strong>injucundi,</strong></span> 
     </span>
    </p>
   </div>
   <div class='ocr_carea' id='block_1_13' title="bbox 273 1346 1855 1419">
    <p class='ocr_par' dir='ltr' id='par_1_13' title="bbox 273 1346 1855 1419">
     <span class='ocr_line' id='line_1_13' title="bbox 273 1346 1855 1419; baseline -0.003 -14"><span class='ocrx_word' id='word_1_87' title='bbox 273 1350 534 1405; x_wconf 85' lang='lat' dir='ltr'><strong>ministris</strong></span> <span class='ocrx_word' id='word_1_88' title='bbox 562 1365 691 1405; x_wconf 88' lang='lat' dir='ltr'><strong>vero</strong></span> <span class='ocrx_word' id='word_1_89' title='bbox 717 1348 1045 1419; x_wconf 88' lang='lat' dir='ltr'><strong>despiciendi</strong></span> <span class='ocrx_word' id='word_1_90' title='bbox 1074 1356 1351 1418; x_wconf 87' lang='lat' dir='ltr'><strong>apparent,</strong></span> <span class='ocrx_word' id='word_1_91' title='bbox 1380 1356 1435 1403; x_wconf 91' lang='lat' dir='ltr'><strong>et</strong></span> <span class='ocrx_word' id='word_1_92' title='bbox 1456 1346 1764 1403; x_wconf 89' lang='lat' dir='ltr'><strong>deridentur</strong></span> <span class='ocrx_word' id='word_1_93' title='bbox 1787 1348 1855 1402; x_wconf 90' lang='lat' dir='ltr'><strong>ab</strong></span> 
     </span>
    </p>
   </div>
   <div class='ocr_carea' id='block_1_14' title="bbox 273 1440 1854 1513">
    <p class='ocr_par' dir='ltr' id='par_1_14' title="bbox 273 1440 1854 1513">
     <span class='ocr_line' id='line_1_14' title="bbox 273 1440 1854 1513; baseline -0.001 -16"><span class='ocrx_word' id='word_1_94' title='bbox 273 1440 539 1508; x_wconf 89' lang='lat' dir='ltr'><strong>omnibus,</strong></span> <span class='ocrx_word' id='word_1_95' title='bbox 565 1444 653 1513; x_wconf 92' lang='lat' dir='ltr'><strong>qui</strong></span> <span class='ocrx_word' id='word_1_96' title='bbox 681 1443 840 1497; x_wconf 93' lang='lat' dir='ltr'><strong>modo</strong></span> <span class='ocrx_word' id='word_1_97' title='bbox 863 1442 990 1513; x_wconf 91' lang='lat' dir='ltr'><strong>quid</strong></span> <span class='ocrx_word' id='word_1_98' title='bbox 1019 1441 1204 1498; x_wconf 90' lang='lat' dir='ltr'><strong>deceat</strong></span> <span class='ocrx_word' id='word_1_99' title='bbox 1222 1443 1305 1496; x_wconf 88' lang='lat' dir='ltr'><strong>vel</strong></span> <span class='ocrx_word' id='word_1_100' title='bbox 1328 1442 1513 1497; x_wconf 88' lang='lat' dir='ltr'><strong>leviter</strong></span> <span class='ocrx_word' id='word_1_101' title='bbox 1534 1442 1854 1513; x_wconf 90' lang='lat' dir='ltr'><strong>intelligunt,</strong></span> 
     </span>
    </p>
   </div>
   <div class='ocr_carea' id='block_1_15' title="bbox 272 1533 1857 1605">
    <p class='ocr_par' dir='ltr' id='par_1_15' title="bbox 272 1533 1857 1605">
     <span class='ocr_line' id='line_1_15' title="bbox 272 1533 1857 1605; baseline -0.001 -16"><span class='ocrx_word' id='word_1_102' title='bbox 272 1543 330 1589; x_wconf 90' lang='lat' dir='ltr'><strong>et</strong></span> <span class='ocrx_word' id='word_1_103' title='bbox 374 1549 482 1603; x_wconf 78' lang='lat' dir='ltr'><strong>pra:</strong></span> <span class='ocrx_word' id='word_1_104' title='bbox 524 1534 769 1589; x_wconf 87' lang='lat' dir='ltr'><strong>omnibus</strong></span> <span class='ocrx_word' id='word_1_105' title='bbox 809 1534 934 1601; x_wconf 80' lang='lat' dir='ltr'><strong>illis,</strong></span> <span class='ocrx_word' id='word_1_106' title='bbox 974 1533 1186 1605; x_wconf 87' lang='lat' dir='ltr'><strong>quando</strong></span> <span class='ocrx_word' id='word_1_107' title='bbox 1229 1542 1445 1603; x_wconf 91' lang='lat' dir='ltr'><strong>propter</strong></span> <span class='ocrx_word' id='word_1_108' title='bbox 1467 1534 1683 1588; x_wconf 87' lang='lat' dir='ltr'><strong>nimiam</strong></span> <span class='ocrx_word' id='word_1_109' title='bbox 1715 1534 1857 1588; x_wconf 86' lang='lat' dir='ltr'><strong>illam</strong></span> 
     </span>
    </p>
   </div>
   <div class='ocr_carea' id='block_1_16' title="bbox 274 1624 1860 1695">
    <p class='ocr_par' dir='ltr' id='par_1_16' title="bbox 274 1624 1860 1695">
     <span class='ocr_line' id='line_1_16' title="bbox 274 1624 1860 1695; baseline -0.001 -15"><span class='ocrx_word' id='word_1_110' title='bbox 274 1633 331 1680; x_wconf 91' lang='lat' dir='ltr'><strong>et</strong></span> <span class='ocrx_word' id='word_1_111' title='bbox 359 1625 694 1683; x_wconf 90' lang='lat' dir='ltr'><strong>immodicam</strong></span> <span class='ocrx_word' id='word_1_112' title='bbox 739 1625 1268 1695; x_wconf 84' lang='lat' dir='ltr'><strong>intempestivamque</strong></span> <span class='ocrx_word' id='word_1_113' title='bbox 1303 1638 1366 1679; x_wconf 93' lang='lat' dir='ltr'><strong>ac</strong></span> <span class='ocrx_word' id='word_1_114' title='bbox 1396 1624 1635 1679; x_wconf 89' lang='lat' dir='ltr'><strong>inutilem</strong></span> <span class='ocrx_word' id='word_1_115' title='bbox 1666 1625 1860 1679; x_wconf 84' lang='lat' dir='ltr'><strong>intem-</strong></span> 
     </span>
    </p>
   </div>
   <div class='ocr_carea' id='block_1_17' title="bbox 275 1716 1858 1786">
    <p class='ocr_par' dir='ltr' id='par_1_17' title="bbox 275 1716 1858 1786">
     <span class='ocr_line' id='line_1_17' title="bbox 275 1716 1858 1786; baseline -0.002 -14"><span class='ocrx_word' id='word_1_116' title='bbox 275 1716 571 1786; x_wconf 86' lang='lat' dir='ltr'><strong>perantiam</strong></span> <span class='ocrx_word' id='word_1_117' title='bbox 618 1717 669 1772; x_wconf 94' lang='lat' dir='ltr'><strong>in</strong></span> <span class='ocrx_word' id='word_1_118' title='bbox 726 1731 786 1772; x_wconf 90' lang='lat' dir='ltr'><strong>se</strong></span> <span class='ocrx_word' id='word_1_119' title='bbox 812 1716 1043 1771; x_wconf 85' lang='lat' dir='ltr'><strong>divinam</strong></span> <span class='ocrx_word' id='word_1_120' title='bbox 1071 1728 1365 1786; x_wconf 89' lang='lat' dir='ltr'><strong>provocant</strong></span> <span class='ocrx_word' id='word_1_121' title='bbox 1403 1716 1858 1786; x_wconf 82' lang='lat' dir='ltr'><strong>indignationem?</strong></span> 
     </span>
    </p>
   </div>
   <div class='ocr_carea' id='block_1_18' title="bbox 274 1806 1860 1878">
    <p class='ocr_par' dir='ltr' id='par_1_18' title="bbox 274 1806 1860 1878">
     <span class='ocr_line' id='line_1_18' title="bbox 274 1806 1860 1878; baseline -0.001 -16"><span class='ocrx_word' id='word_1_122' title='bbox 274 1807 495 1875; x_wconf 79' lang='lat' dir='ltr'><strong>Ebriosi,</strong></span> <span class='ocrx_word' id='word_1_123' title='bbox 542 1808 705 1872; x_wconf 89' lang='lat' dir='ltr'><strong>enim,</strong></span> <span class='ocrx_word' id='word_1_124' title='bbox 752 1807 940 1875; x_wconf 87' lang='lat' dir='ltr'><strong>inquit,</strong></span> <span class='ocrx_word' id='word_1_125' title='bbox 994 1823 1202 1878; x_wconf 78' lang='lat' dir='ltr'><strong>regnum</strong></span> <span class='ocrx_word' id='word_1_126' title='bbox 1253 1806 1350 1861; x_wconf 89' lang='lat' dir='ltr'><strong>Dei</strong></span> <span class='ocrx_word' id='word_1_127' title='bbox 1398 1823 1499 1861; x_wconf 88' lang='lat' dir='ltr'><strong>non</strong></span> <span class='ocrx_word' id='word_1_128' title='bbox 1538 1807 1860 1877; x_wconf 81' lang='lat' dir='ltr'><strong>possidebunt</strong></span> 
     </span>
    </p>
   </div>
   <div class='ocr_carea' id='block_1_19' title="bbox 277 1896 1859 1970">
    <p class='ocr_par' dir='ltr' id='par_1_19' title="bbox 277 1896 1859 1970">
     <span class='ocr_line' id='line_1_19' title="bbox 277 1896 1859 1970; baseline -0.001 -18"><span class='ocrx_word' id='word_1_129' title='bbox 277 1898 355 1970; x_wconf 92' lang='grc'><strong>(1.</strong></span> <span class='ocrx_word' id='word_1_130' title='bbox 386 1897 503 1953; x_wconf 85' lang='lat' dir='ltr'><strong>Cor.</strong></span> <span class='ocrx_word' id='word_1_131' title='bbox 536 1897 589 1953; x_wconf 89' lang='lat'><strong>6.</strong></span> <span class='ocrx_word' id='word_1_132' title='bbox 624 1897 735 1969; x_wconf 86' lang='grc'><strong>10).</strong></span> <span class='ocrx_word' id='word_1_133' title='bbox 762 1896 898 1965; x_wconf 93' lang='lat' dir='ltr'><strong>Quid</strong></span> <span class='ocrx_word' id='word_1_134' title='bbox 929 1898 1087 1967; x_wconf 80' lang='lat' dir='ltr'><strong>igitur</strong></span> <span class='ocrx_word' id='word_1_135' title='bbox 1128 1897 1233 1952; x_wconf 88' lang='lat' dir='ltr'><strong>illis</strong></span> <span class='ocrx_word' id='word_1_136' title='bbox 1272 1898 1519 1953; x_wconf 90' lang='lat' dir='ltr'><strong>miserius</strong></span> <span class='ocrx_word' id='word_1_137' title='bbox 1561 1896 1736 1961; x_wconf 88' lang='lat' dir='ltr'><strong>fuerit,</strong></span> <span class='ocrx_word' id='word_1_138' title='bbox 1769 1898 1859 1967; x_wconf 90' lang='lat' dir='ltr'><strong>qui</strong></span> 
     </span>
    </p>
   </div>
   <div class='ocr_carea' id='block_1_20' title="bbox 275 1990 1858 2061">
    <p class='ocr_par' dir='ltr' id='par_1_20' title="bbox 275 1990 1858 2061">
     <span class='ocr_line' id='line_1_20' title="bbox 275 1990 1858 2061; baseline -0.001 -16"><span class='ocrx_word' id='word_1_139' title='bbox 275 1991 348 2045; x_wconf 80' lang='lat' dir='ltr'><strong>ob</strong></span> <span class='ocrx_word' id='word_1_140' title='bbox 378 2004 602 2059; x_wconf 89' lang='lat' dir='ltr'><strong>parvam</strong></span> <span class='ocrx_word' id='word_1_141' title='bbox 643 1998 698 2045; x_wconf 92' lang='lat' dir='ltr'><strong>et</strong></span> <span class='ocrx_word' id='word_1_142' title='bbox 722 1990 1073 2059; x_wconf 88' lang='lat' dir='ltr'><strong>perniciosam</strong></span> <span class='ocrx_word' id='word_1_143' title='bbox 1104 1990 1427 2061; x_wconf 81' lang='lat' dir='ltr'><strong>voluptatem</strong></span> <span class='ocrx_word' id='word_1_144' title='bbox 1456 2006 1486 2044; x_wconf 90' lang='lat' dir='ltr'><strong>a</strong></span> <span class='ocrx_word' id='word_1_145' title='bbox 1516 1991 1664 2061; x_wconf 80' lang='lat' dir='ltr'><strong>regni</strong></span> <span class='ocrx_word' id='word_1_146' title='bbox 1696 1991 1858 2045; x_wconf 87' lang='lat' dir='ltr'><strong>vesti-</strong></span> 
     </span>
    </p>
   </div>
   <div class='ocr_carea' id='block_1_21' title="bbox 276 2079 1863 2152">
    <p class='ocr_par' dir='ltr' id='par_1_21' title="bbox 276 2079 1863 2152">
     <span class='ocr_line' id='line_1_21' title="bbox 276 2079 1863 2152; baseline 0 -16"><span class='ocrx_word' id='word_1_147' title='bbox 276 2079 416 2136; x_wconf 88' lang='lat' dir='ltr'><strong>bulis</strong></span> <span class='ocrx_word' id='word_1_148' title='bbox 455 2080 779 2151; x_wconf 83' lang='lat' dir='ltr'><strong>ejiciuntur?</strong></span> <span class='ocrx_word' id='word_1_149' title='bbox 822 2080 961 2135; x_wconf 92' lang='lat' dir='ltr'><strong>absit</strong></span> <span class='ocrx_word' id='word_1_150' title='bbox 1002 2088 1180 2136; x_wconf 90' lang='lat' dir='ltr'><strong>autem</strong></span> <span class='ocrx_word' id='word_1_151' title='bbox 1226 2090 1285 2136; x_wconf 95' lang='lat' dir='ltr'><strong>ut</strong></span> <span class='ocrx_word' id='word_1_152' title='bbox 1322 2081 1439 2151; x_wconf 89' lang='lat' dir='ltr'><strong>quis</strong></span> <span class='ocrx_word' id='word_1_153' title='bbox 1465 2097 1533 2136; x_wconf 78' lang='lat' dir='ltr'><strong>ex</strong></span> <span class='ocrx_word' id='word_1_154' title='bbox 1563 2083 1627 2136; x_wconf 88' lang='lat' dir='ltr'><strong>iis</strong></span> <span class='ocrx_word' id='word_1_155' title='bbox 1656 2082 1745 2152; x_wconf 88' lang='lat' dir='ltr'><strong>qui</strong></span> <span class='ocrx_word' id='word_1_156' title='bbox 1776 2081 1863 2136; x_wconf 89' lang='lat' dir='ltr'><strong>hic</strong></span> 
     </span>
    </p>
   </div>
   <div class='ocr_carea' id='block_1_22' title="bbox 277 2170 1860 2242">
    <p class='ocr_par' dir='ltr' id='par_1_22' title="bbox 277 2170 1860 2242">
     <span class='ocr_line' id='line_1_22' title="bbox 277 2170 1860 2242; baseline -0.003 -14"><span class='ocrx_word' id='word_1_157' title='bbox 277 2179 659 2237; x_wconf 88' lang='lat' dir='ltr'><strong>convenerunt,</strong></span> <span class='ocrx_word' id='word_1_158' title='bbox 706 2171 809 2227; x_wconf 87' lang='lat' dir='ltr'><strong>hoc</strong></span> <span class='ocrx_word' id='word_1_159' title='bbox 853 2171 1041 2226; x_wconf 89' lang='lat' dir='ltr'><strong>morbo</strong></span> <span class='ocrx_word' id='word_1_160' title='bbox 1081 2170 1371 2242; x_wconf 91' lang='lat' dir='ltr'><strong>implicitus</strong></span> <span class='ocrx_word' id='word_1_161' title='bbox 1397 2172 1466 2226; x_wconf 90' lang='lat' dir='ltr'><strong>sit</strong></span> <span class='ocrx_word' id='word_1_162' title='bbox 1496 2190 1509 2225; x_wconf 95' lang='lat'>:</span> <span class='ocrx_word' id='word_1_163' title='bbox 1540 2171 1635 2226; x_wconf 89' lang='lat' dir='ltr'><strong>sed</strong></span> <span class='ocrx_word' id='word_1_164' title='bbox 1661 2170 1860 2225; x_wconf 89' lang='lat' dir='ltr'><strong>utinam</strong></span> 
     </span>
    </p>
   </div>
   <div class='ocr_carea' id='block_1_23' title="bbox 281 2261 1863 2335">
    <p class='ocr_par' dir='ltr' id='par_1_23' title="bbox 281 2261 1863 2335">
     <span class='ocr_line' id='line_1_23' title="bbox 281 2261 1863 2335; baseline 0 -17"><span class='ocrx_word' id='word_1_165' title='bbox 281 2265 425 2321; x_wconf 83' lang='lat' dir='ltr'><strong>omni</strong></span> <span class='ocrx_word' id='word_1_166' title='bbox 470 2278 591 2319; x_wconf 90' lang='lat' dir='ltr'><strong>cum</strong></span> <span class='ocrx_word' id='word_1_167' title='bbox 634 2262 933 2335; x_wconf 81' lang='lat' dir='ltr'><strong>frugalitate</strong></span> <span class='ocrx_word' id='word_1_168' title='bbox 962 2271 1016 2318; x_wconf 91' lang='lat' dir='ltr'><strong>et</strong></span> <span class='ocrx_word' id='word_1_169' title='bbox 1051 2262 1377 2319; x_wconf 89' lang='lat' dir='ltr'><strong>continentia</strong></span> <span class='ocrx_word' id='word_1_170' title='bbox 1420 2263 1581 2318; x_wconf 88' lang='lat' dir='ltr'><strong>etiam</strong></span> <span class='ocrx_word' id='word_1_171' title='bbox 1628 2261 1729 2317; x_wconf 89' lang='lat' dir='ltr'><strong>hoc</strong></span> <span class='ocrx_word' id='word_1_172' title='bbox 1775 2262 1863 2318; x_wconf 88' lang='lat' dir='ltr'><strong>die</strong></span> 
     </span>
    </p>
   </div>
   <div class='ocr_carea' id='block_1_24' title="bbox 278 2353 1863 2425">
    <p class='ocr_par' dir='ltr' id='par_1_24' title="bbox 278 2353 1863 2425">
     <span class='ocr_line' id='line_1_24' title="bbox 278 2353 1863 2425; baseline 0.001 -16"><span class='ocrx_word' id='word_1_173' title='bbox 278 2354 567 2423; x_wconf 87' lang='lat' dir='ltr'><strong>convivati,</strong></span> <span class='ocrx_word' id='word_1_174' title='bbox 597 2363 651 2411; x_wconf 92' lang='lat' dir='ltr'><strong>et</strong></span> <span class='ocrx_word' id='word_1_175' title='bbox 679 2370 709 2410; x_wconf 90' lang='lat' dir='ltr'><strong>a</strong></span> <span class='ocrx_word' id='word_1_176' title='bbox 732 2362 1047 2425; x_wconf 89' lang='lat' dir='ltr'><strong>tempestate</strong></span> <span class='ocrx_word' id='word_1_177' title='bbox 1072 2369 1134 2408; x_wconf 88' lang='lat' dir='ltr'><strong>ac</strong></span> <span class='ocrx_word' id='word_1_178' title='bbox 1159 2353 1416 2424; x_wconf 88' lang='lat' dir='ltr'><strong>procella,</strong></span> <span class='ocrx_word' id='word_1_179' title='bbox 1445 2371 1602 2424; x_wconf 90' lang='lat' dir='ltr'><strong>quam</strong></span> <span class='ocrx_word' id='word_1_180' title='bbox 1630 2355 1863 2411; x_wconf 83' lang='lat' dir='ltr'><strong>ebrietas</strong></span> 
     </span>
    </p>
   </div>
   <div class='ocr_carea' id='block_1_25' title="bbox 278 2446 1864 2519">
    <p class='ocr_par' dir='ltr' id='par_1_25' title="bbox 278 2446 1864 2519">
     <span class='ocr_line' id='line_1_25' title="bbox 278 2446 1864 2519; baseline 0 -18"><span class='ocrx_word' id='word_1_181' title='bbox 278 2462 534 2519; x_wconf 88' lang='lat' dir='ltr'><strong>generare</strong></span> <span class='ocrx_word' id='word_1_182' title='bbox 557 2448 715 2514; x_wconf 90' lang='lat' dir='ltr'><strong>solet,</strong></span> <span class='ocrx_word' id='word_1_183' title='bbox 744 2446 973 2514; x_wconf 88' lang='lat' dir='ltr'><strong>liberati,</strong></span> <span class='ocrx_word' id='word_1_184' title='bbox 1002 2446 1054 2500; x_wconf 93' lang='lat' dir='ltr'><strong>in</strong></span> <span class='ocrx_word' id='word_1_185' title='bbox 1084 2456 1293 2516; x_wconf 92' lang='lat' dir='ltr'><strong>portum</strong></span> <span class='ocrx_word' id='word_1_186' title='bbox 1320 2447 1616 2501; x_wconf 86' lang='lat' dir='ltr'><strong>animarum</strong></span> <span class='ocrx_word' id='word_1_187' title='bbox 1652 2457 1864 2502; x_wconf 85' lang='lat' dir='ltr'><strong>nostra-</strong></span> 
     </span>
    </p>
   </div>
   <div class='ocr_carea' id='block_1_26' title="bbox 281 2538 1864 2610">
    <p class='ocr_par' dir='ltr' id='par_1_26' title="bbox 281 2538 1864 2610">
     <span class='ocr_line' id='line_1_26' title="bbox 281 2538 1864 2610; baseline 0 -15"><span class='ocrx_word' id='word_1_188' title='bbox 281 2555 420 2607; x_wconf 87' lang='lat' dir='ltr'><strong>rum,</strong></span> <span class='ocrx_word' id='word_1_189' title='bbox 446 2540 726 2610; x_wconf 75' lang='lat' dir='ltr'><strong>jejunium,</strong></span> <span class='ocrx_word' id='word_1_190' title='bbox 758 2540 994 2610; x_wconf 91' lang='lat' dir='ltr'><strong>inquam,</strong></span> <span class='ocrx_word' id='word_1_191' title='bbox 1015 2538 1282 2609; x_wconf 89' lang='lat' dir='ltr'><strong>appellere</strong></span> <span class='ocrx_word' id='word_1_192' title='bbox 1305 2539 1597 2609; x_wconf 80' lang='lat' dir='ltr'><strong>contingat,</strong></span> <span class='ocrx_word' id='word_1_193' title='bbox 1621 2547 1679 2594; x_wconf 92' lang='lat' dir='ltr'><strong>ut</strong></span> <span class='ocrx_word' id='word_1_194' title='bbox 1699 2539 1864 2595; x_wconf 90' lang='lat' dir='ltr'><strong>multa</strong></span> 
     </span>
    </p>
   </div>
   <div class='ocr_carea' id='block_1_27' title="bbox 279 2631 1864 2701">
    <p class='ocr_par' dir='ltr' id='par_1_27' title="bbox 279 2631 1864 2701">
     <span class='ocr_line' id='line_1_27' title="bbox 279 2631 1864 2701; baseline -0.001 -13"><span class='ocrx_word' id='word_1_195' title='bbox 279 2648 402 2688; x_wconf 87' lang='lat' dir='ltr'><strong>cum</strong></span> <span class='ocrx_word' id='word_1_196' title='bbox 439 2632 682 2687; x_wconf 88' lang='lat' dir='ltr'><strong>ubertate</strong></span> <span class='ocrx_word' id='word_1_197' title='bbox 721 2632 861 2687; x_wconf 91' lang='lat' dir='ltr'><strong>illius</strong></span> <span class='ocrx_word' id='word_1_198' title='bbox 897 2631 1035 2687; x_wconf 90' lang='lat' dir='ltr'><strong>bona</strong></span> <span class='ocrx_word' id='word_1_199' title='bbox 1061 2631 1310 2701; x_wconf 88' lang='lat' dir='ltr'><strong>consequi</strong></span> <span class='ocrx_word' id='word_1_200' title='bbox 1352 2631 1635 2700; x_wconf 90' lang='lat' dir='ltr'><strong>possimus.</strong></span> <span class='ocrx_word' id='word_1_201' title='bbox 1680 2631 1864 2686; x_wconf 82' lang='lat' dir='ltr'><strong>Enim-</strong></span> 
     </span>
    </p>
   </div>
   <div class='ocr_carea' id='block_1_28' title="bbox 284 2723 1867 2796">
    <p class='ocr_par' dir='ltr' id='par_1_28' title="bbox 284 2723 1867 2796">
     <span class='ocr_line' id='line_1_28' title="bbox 284 2723 1867 2796; baseline 0.002 -20"><span class='ocrx_word' id='word_1_202' title='bbox 284 2740 411 2781; x_wconf 79' lang='lat' dir='ltr'><strong>vero</strong></span> <span class='ocrx_word' id='word_1_203' title='bbox 431 2726 565 2780; x_wconf 91' lang='lat' dir='ltr'><strong>sicut</strong></span> <span class='ocrx_word' id='word_1_204' title='bbox 590 2725 806 2796; x_wconf 85' lang='lat' dir='ltr'><strong>crapula</strong></span> <span class='ocrx_word' id='word_1_205' title='bbox 833 2725 1064 2779; x_wconf 84' lang='lat' dir='ltr'><strong>humano</strong></span> <span class='ocrx_word' id='word_1_206' title='bbox 1088 2723 1273 2796; x_wconf 78' lang='lat' dir='ltr'><strong>generi</strong></span> <span class='ocrx_word' id='word_1_207' title='bbox 1313 2723 1713 2779; x_wconf 89' lang='lat' dir='ltr'><strong>innumerorum</strong></span> <span class='ocrx_word' id='word_1_208' title='bbox 1754 2739 1867 2779; x_wconf 87' lang='lat' dir='ltr'><strong>ma-</strong></span> 
     </span>
    </p>
   </div>
   <div class='ocr_carea' id='block_1_29' title="bbox 282 2815 1867 2886">
    <p class='ocr_par' dir='ltr' id='par_1_29' title="bbox 282 2815 1867 2886">
     <span class='ocr_line' id='line_1_29' title="bbox 282 2815 1867 2886; baseline 0 -13"><span class='ocrx_word' id='word_1_209' title='bbox 282 2819 455 2873; x_wconf 88' lang='lat' dir='ltr'><strong>lorum</strong></span> <span class='ocrx_word' id='word_1_210' title='bbox 480 2833 638 2873; x_wconf 90' lang='lat' dir='ltr'><strong>causa</strong></span> <span class='ocrx_word' id='word_1_211' title='bbox 670 2826 753 2873; x_wconf 90' lang='lat' dir='ltr'><strong>est</strong></span> <span class='ocrx_word' id='word_1_212' title='bbox 779 2826 833 2874; x_wconf 92' lang='lat' dir='ltr'><strong>et</strong></span> <span class='ocrx_word' id='word_1_213' title='bbox 856 2816 1046 2881; x_wconf 90' lang='lat' dir='ltr'><strong>fomes,</strong></span> <span class='ocrx_word' id='word_1_214' title='bbox 1078 2818 1149 2871; x_wconf 89' lang='lat' dir='ltr'><strong>ita</strong></span> <span class='ocrx_word' id='word_1_215' title='bbox 1178 2816 1337 2872; x_wconf 90' lang='lat' dir='ltr'><strong>etiam</strong></span> <span class='ocrx_word' id='word_1_216' title='bbox 1359 2815 1621 2886; x_wconf 90' lang='lat' dir='ltr'><strong>jejunium</strong></span> <span class='ocrx_word' id='word_1_217' title='bbox 1642 2816 1867 2873; x_wconf 87' lang='lat' dir='ltr'><strong>ventris-</strong></span> 
     </span>
    </p>
   </div>
   <div class='ocr_carea' id='block_1_30' title="bbox 281 2908 1867 2981">
    <p class='ocr_par' dir='ltr' id='par_1_30' title="bbox 281 2908 1867 2981">
     <span class='ocr_line' id='line_1_30' title="bbox 281 2908 1867 2981; baseline 0.001 -18"><span class='ocrx_word' id='word_1_218' title='bbox 281 2926 385 2979; x_wconf 90' lang='lat' dir='ltr'><strong>que</strong></span> <span class='ocrx_word' id='word_1_219' title='bbox 414 2911 684 2981; x_wconf 85' lang='lat' dir='ltr'><strong>neglectus</strong></span> <span class='ocrx_word' id='word_1_220' title='bbox 727 2908 964 2964; x_wconf 90' lang='lat' dir='ltr'><strong>omnium</strong></span> <span class='ocrx_word' id='word_1_221' title='bbox 996 2908 1150 2963; x_wconf 86' lang='lat' dir='ltr'><strong>nobis</strong></span> <span class='ocrx_word' id='word_1_222' title='bbox 1177 2908 1437 2963; x_wconf 90' lang='lat' dir='ltr'><strong>bonorum</strong></span> <span class='ocrx_word' id='word_1_223' title='bbox 1476 2923 1687 2979; x_wconf 87' lang='lat' dir='ltr'><strong>semper</strong></span> <span class='ocrx_word' id='word_1_224' title='bbox 1706 2923 1867 2965; x_wconf 84' lang='lat' dir='ltr'><strong>causa</strong></span> 
     </span>
    </p>
   </div>
   <div class='ocr_carea' id='block_1_31' title="bbox 282 2990 1864 3069">
    <p class='ocr_par' dir='ltr' id='par_1_31' title="bbox 282 2990 1864 3069">
     <span class='ocr_line' id='line_1_31' title="bbox 282 2990 1864 3069; baseline 0.001 -14"><span class='ocrx_word' id='word_1_225' title='bbox 282 3000 403 3056; x_wconf 90' lang='lat' dir='ltr'><strong>fuit.</strong></span> <span class='ocrx_word' id='word_1_226' title='bbox 444 3002 575 3056; x_wconf 86' lang='lat' dir='ltr'><strong>Nam</strong></span> <span class='ocrx_word' id='word_1_227' title='bbox 614 3002 756 3057; x_wconf 89' lang='lat' dir='ltr'><strong>Deus</strong></span> <span class='ocrx_word' id='word_1_228' title='bbox 784 3015 905 3056; x_wconf 93' lang='lat' dir='ltr'><strong>cum</strong></span> <span class='ocrx_word' id='word_1_229' title='bbox 930 3001 996 3054; x_wconf 90' lang='lat' dir='ltr'><strong>ab</strong></span> <span class='ocrx_word' id='word_1_230' title='bbox 1021 3000 1171 3055; x_wconf 91' lang='lat' dir='ltr'><strong>initio</strong></span> <span class='ocrx_word' id='word_1_231' title='bbox 1212 2990 1480 3056; x_wconf 86' lang='lat' dir='ltr'><strong>hominem</strong></span> <span class='ocrx_word' id='word_1_232' title='bbox 1519 2999 1864 3069; x_wconf 89' lang='lat' dir='ltr'><strong>condidisset,</strong></span> 
     </span>
    </p>
   </div>
   <div class='ocr_carea' id='block_1_32' title="bbox 283 3090 1866 3150">
    <p class='ocr_par' dir='ltr' id='par_1_32' title="bbox 283 3090 1866 3150">
     <span class='ocr_line' id='line_1_32' title="bbox 283 3090 1866 3150; baseline -0.001 -2"><span class='ocrx_word' id='word_1_233' title='bbox 283 3103 340 3148; x_wconf 87' lang='lat' dir='ltr'><strong>et</strong></span> <span class='ocrx_word' id='word_1_234' title='bbox 363 3094 524 3150; x_wconf 91' lang='lat' dir='ltr'><strong>sciret</strong></span> <span class='ocrx_word' id='word_1_235' title='bbox 546 3108 667 3148; x_wconf 91' lang='lat' dir='ltr'><strong>eum</strong></span> <span class='ocrx_word' id='word_1_236' title='bbox 694 3092 796 3149; x_wconf 91' lang='lat' dir='ltr'><strong>boe</strong></span> <span class='ocrx_word' id='word_1_237' title='bbox 824 3091 1061 3147; x_wconf 89' lang='lat' dir='ltr'><strong>remedio</strong></span> <span class='ocrx_word' id='word_1_238' title='bbox 1084 3091 1149 3145; x_wconf 93' lang='lat' dir='ltr'><strong>ad</strong></span> <span class='ocrx_word' id='word_1_239' title='bbox 1177 3091 1367 3145; x_wconf 67' lang='lat' dir='ltr'><strong>animae</strong></span> <span class='ocrx_word' id='word_1_240' title='bbox 1391 3091 1613 3146; x_wconf 87' lang='lat' dir='ltr'><strong>salutem</strong></span> <span class='ocrx_word' id='word_1_241' title='bbox 1642 3090 1866 3146; x_wconf 91' lang='lat' dir='ltr'><strong>multum</strong></span> 
     </span>
    </p>
   </div>
   <div class='ocr_carea' id='block_1_33' title="bbox 285 3182 1865 3257">
    <p class='ocr_par' dir='ltr' id='par_1_33' title="bbox 285 3182 1865 3257">
     <span class='ocr_line' id='line_1_33' title="bbox 285 3182 1865 3257; baseline -0.003 -14"><span class='ocrx_word' id='word_1_242' title='bbox 285 3187 485 3243; x_wconf 85' lang='lat' dir='ltr'><strong>habere</strong></span> <span class='ocrx_word' id='word_1_243' title='bbox 520 3201 675 3257; x_wconf 84' lang='lat' dir='ltr'><strong>Opus,</strong></span> <span class='ocrx_word' id='word_1_244' title='bbox 723 3186 901 3241; x_wconf 89' lang='lat' dir='ltr'><strong>statim</strong></span> <span class='ocrx_word' id='word_1_245' title='bbox 946 3194 1002 3241; x_wconf 93' lang='lat' dir='ltr'><strong>et</strong></span> <span class='ocrx_word' id='word_1_246' title='bbox 1042 3184 1095 3239; x_wconf 90' lang='lat' dir='ltr'><strong>in</strong></span> <span class='ocrx_word' id='word_1_247' title='bbox 1126 3182 1388 3254; x_wconf 90' lang='lat' dir='ltr'><strong>principio</strong></span> <span class='ocrx_word' id='word_1_248' title='bbox 1429 3182 1530 3238; x_wconf 90' lang='lat' dir='ltr'><strong>hoc</strong></span> <span class='ocrx_word' id='word_1_249' title='bbox 1560 3183 1865 3238; x_wconf 87' lang='lat' dir='ltr'><strong>mandatum</strong></span> 
     </span>
    </p>
   </div>
   <div class='ocr_carea' id='block_1_34' title="bbox 286 3273 1869 3350">
    <p class='ocr_par' dir='ltr' id='par_1_34' title="bbox 286 3273 1869 3350">
     <span class='ocr_line' id='line_1_34' title="bbox 286 3273 1869 3350; baseline -0.003 -17"><span class='ocrx_word' id='word_1_250' title='bbox 286 3278 460 3350; x_wconf 82' lang='lat' dir='ltr'><strong>primo</strong></span> <span class='ocrx_word' id='word_1_251' title='bbox 484 3276 690 3347; x_wconf 85' lang='lat' dir='ltr'><strong>parenti</strong></span> <span class='ocrx_word' id='word_1_252' title='bbox 711 3276 881 3341; x_wconf 87' lang='lat' dir='ltr'><strong>dedit,</strong></span> <span class='ocrx_word' id='word_1_253' title='bbox 909 3276 1091 3331; x_wconf 91' lang='lat' dir='ltr'><strong>dicens</strong></span> <span class='ocrx_word' id='word_1_254' title='bbox 1120 3294 1134 3329; x_wconf 92' lang='lat'>:</span> <span class='ocrx_word' id='word_1_255' title='bbox 1163 3274 1241 3329; x_wconf 89' lang='lat' dir='ltr'><strong>De</strong></span> <span class='ocrx_word' id='word_1_256' title='bbox 1266 3273 1405 3328; x_wconf 88' lang='lat' dir='ltr'><strong>omni</strong></span> <span class='ocrx_word' id='word_1_257' title='bbox 1444 3273 1602 3344; x_wconf 80' lang='lat' dir='ltr'><strong>ligno,</strong></span> <span class='ocrx_word' id='word_1_258' title='bbox 1639 3275 1773 3345; x_wconf 84' lang='lat' dir='ltr'><strong>quod</strong></span> <span class='ocrx_word' id='word_1_259' title='bbox 1793 3284 1869 3329; x_wconf 84' lang='lat' dir='ltr'><strong>est</strong></span> 
     </span>
    </p>
   </div>
   <div class='ocr_carea' id='block_1_35' title="bbox 284 3365 1869 3440">
    <p class='ocr_par' dir='ltr' id='par_1_35' title="bbox 284 3365 1869 3440">
     <span class='ocr_line' id='line_1_35' title="bbox 284 3365 1869 3440; baseline -0.003 -17"><span class='ocrx_word' id='word_1_260' title='bbox 284 3386 339 3423; x_wconf 80' lang='lat' dir='ltr'><strong>tn</strong></span> <span class='ocrx_word' id='word_1_261' title='bbox 399 3369 670 3440; x_wconf 76' lang='lat' dir='ltr'><strong>paradiso,</strong></span> <span class='ocrx_word' id='word_1_262' title='bbox 712 3365 1021 3423; x_wconf 87' lang='lat' dir='ltr'><strong>comedenda</strong></span> <span class='ocrx_word' id='word_1_263' title='bbox 1076 3366 1338 3430; x_wconf 85' lang='lat' dir='ltr'><strong>comedes;</strong></span> <span class='ocrx_word' id='word_1_264' title='bbox 1397 3366 1461 3419; x_wconf 84' lang='lat' dir='ltr'><strong>de</strong></span> <span class='ocrx_word' id='word_1_265' title='bbox 1506 3366 1646 3435; x_wconf 86' lang='lat' dir='ltr'><strong>ligno</strong></span> <span class='ocrx_word' id='word_1_266' title='bbox 1701 3377 1869 3419; x_wconf 83' lang='lat' dir='ltr'><strong>autent</strong></span> 
     </span>
    </p>
   </div>
   <div class='ocr_carea' id='block_1_36' title="bbox 285 3457 1866 3528">
    <p class='ocr_par' dir='ltr' id='par_1_36' title="bbox 285 3457 1866 3528">
     <span class='ocr_line' id='line_1_36' title="bbox 285 3457 1866 3528; baseline -0.003 -12"><span class='ocrx_word' id='word_1_267' title='bbox 285 3461 506 3516; x_wconf 64' lang='lat' dir='ltr'><strong>scientiis</strong></span> <span class='ocrx_word' id='word_1_268' title='bbox 558 3461 674 3515; x_wconf 87' lang='lat' dir='ltr'><strong>boni</strong></span> <span class='ocrx_word' id='word_1_269' title='bbox 707 3470 756 3515; x_wconf 88' lang='lat' dir='ltr'><strong>et</strong></span> <span class='ocrx_word' id='word_1_270' title='bbox 798 3461 941 3528; x_wconf 80' lang='lat' dir='ltr'><strong>ntali,</strong></span> <span class='ocrx_word' id='word_1_271' title='bbox 988 3476 1051 3516; x_wconf 88' lang='lat' dir='ltr'><strong>ne</strong></span> <span class='ocrx_word' id='word_1_272' title='bbox 1082 3458 1354 3514; x_wconf 81' lang='lat' dir='ltr'><strong>comedetis</strong></span> <span class='ocrx_word' id='word_1_273' title='bbox 1382 3457 1447 3513; x_wconf 85' lang='lat' dir='ltr'><strong>dc</strong></span> <span class='ocrx_word' id='word_1_274' title='bbox 1490 3458 1602 3528; x_wconf 83' lang='lat' dir='ltr'><strong>ipso</strong></span> <span class='ocrx_word' id='word_1_275' title='bbox 1630 3457 1784 3525; x_wconf 80' lang='lat' dir='ltr'><strong>(Gen.</strong></span> <span class='ocrx_word' id='word_1_276' title='bbox 1811 3459 1866 3513; x_wconf 76' lang='lat'><strong>2.</strong></span> 
     </span>
    </p>
   </div>
   <div class='ocr_carea' id='block_1_37' title="bbox 286 3550 1871 3625">
    <p class='ocr_par' dir='ltr' id='par_1_37' title="bbox 286 3550 1871 3625">
     <span class='ocr_line' id='line_1_37' title="bbox 286 3550 1871 3625; baseline -0.003 -16"><span class='ocrx_word' id='word_1_277' title='bbox 286 3552 399 3625; x_wconf 84' lang='grc'><strong>16).</strong></span> <span class='ocrx_word' id='word_1_278' title='bbox 427 3553 544 3609; x_wconf 85' lang='lat' dir='ltr'><strong>Jam</strong></span> <span class='ocrx_word' id='word_1_279' title='bbox 565 3552 766 3621; x_wconf 88' lang='lat' dir='ltr'><strong>dicere,</strong></span> <span class='ocrx_word' id='word_1_280' title='bbox 796 3552 907 3607; x_wconf 94' lang='lat' dir='ltr'><strong>lloc</strong></span> <span class='ocrx_word' id='word_1_281' title='bbox 932 3551 1173 3618; x_wconf 89' lang='lat' dir='ltr'><strong>comede,</strong></span> <span class='ocrx_word' id='word_1_282' title='bbox 1204 3550 1304 3605; x_wconf 90' lang='lat' dir='ltr'><strong>hoc</strong></span> <span class='ocrx_word' id='word_1_283' title='bbox 1344 3565 1411 3605; x_wconf 91' lang='lat' dir='ltr'><strong>ne</strong></span> <span class='ocrx_word' id='word_1_284' title='bbox 1437 3551 1708 3615; x_wconf 84' lang='lat' dir='ltr'><strong>comedas,</strong></span> <span class='ocrx_word' id='word_1_285' title='bbox 1734 3550 1871 3620; x_wconf 90' lang='lat' dir='ltr'><strong>jeju-</strong></span> 
     </span>
    </p>
   </div>
   <div class='ocr_carea' id='block_1_38' title="bbox 286 3643 1871 3718">
    <p class='ocr_par' dir='ltr' id='par_1_38' title="bbox 286 3643 1871 3718">
     <span class='ocr_line' id='line_1_38' title="bbox 286 3643 1871 3718; baseline -0.001 -16"><span class='ocrx_word' id='word_1_286' title='bbox 286 3648 361 3703; x_wconf 91' lang='lat' dir='ltr'><strong>nii</strong></span> <span class='ocrx_word' id='word_1_287' title='bbox 408 3646 572 3718; x_wconf 84' lang='lat' dir='ltr'><strong>ﬁgura</strong></span> <span class='ocrx_word' id='word_1_288' title='bbox 610 3655 744 3702; x_wconf 91' lang='lat' dir='ltr'><strong>erat.</strong></span> <span class='ocrx_word' id='word_1_289' title='bbox 786 3646 953 3701; x_wconf 89' lang='lat' dir='ltr'><strong>Porro</strong></span> <span class='ocrx_word' id='word_1_290' title='bbox 996 3659 1118 3699; x_wconf 90' lang='lat' dir='ltr'><strong>cum</strong></span> <span class='ocrx_word' id='word_1_291' title='bbox 1162 3643 1265 3699; x_wconf 85' lang='lat' dir='ltr'><strong>hoc</strong></span> <span class='ocrx_word' id='word_1_292' title='bbox 1306 3643 1613 3699; x_wconf 88' lang='lat' dir='ltr'><strong>mandatum</strong></span> <span class='ocrx_word' id='word_1_293' title='bbox 1656 3659 1871 3701; x_wconf 86' lang='lat' dir='ltr'><strong>servare</strong></span> 
     </span>
    </p>
   </div>
   <div class='ocr_carea' id='block_1_39' title="bbox 288 3735 1872 3811">
    <p class='ocr_par' dir='ltr' id='par_1_39' title="bbox 288 3735 1872 3811">
     <span class='ocr_line' id='line_1_39' title="bbox 288 3735 1872 3811; baseline -0.003 -14"><span class='ocrx_word' id='word_1_294' title='bbox 288 3742 634 3811; x_wconf 81' lang='lat' dir='ltr'><strong>Oportuisset,</strong></span> <span class='ocrx_word' id='word_1_295' title='bbox 689 3740 793 3795; x_wconf 89' lang='lat' dir='ltr'><strong>hoc</strong></span> <span class='ocrx_word' id='word_1_296' title='bbox 838 3748 1015 3793; x_wconf 90' lang='lat' dir='ltr'><strong>tamen</strong></span> <span class='ocrx_word' id='word_1_297' title='bbox 1068 3737 1158 3792; x_wconf 90' lang='lat' dir='ltr'><strong>ille</strong></span> <span class='ocrx_word' id='word_1_298' title='bbox 1202 3752 1306 3792; x_wconf 91' lang='lat' dir='ltr'><strong>non</strong></span> <span class='ocrx_word' id='word_1_299' title='bbox 1352 3735 1516 3792; x_wconf 85' lang='lat' dir='ltr'><strong>fecit:</strong></span> <span class='ocrx_word' id='word_1_300' title='bbox 1545 3736 1641 3792; x_wconf 89' lang='lat' dir='ltr'><strong>sed</strong></span> <span class='ocrx_word' id='word_1_301' title='bbox 1669 3737 1872 3792; x_wconf 88' lang='lat' dir='ltr'><strong>ventris</strong></span> 
     </span>
    </p>
   </div>
   <div class='ocr_carea' id='block_1_40' title="bbox 288 3828 1870 3913">
    <p class='ocr_par' dir='ltr' id='par_1_40' title="bbox 288 3828 1870 3913">
     <span class='ocr_line' id='line_1_40' title="bbox 288 3828 1870 3913; baseline -0.003 -24"><span class='ocrx_word' id='word_1_302' title='bbox 288 3828 701 3913; x_wconf 81' lang='lat' dir='ltr'><strong>intemperantia</strong></span> <span class='ocrx_word' id='word_1_303' title='bbox 747 3832 939 3897; x_wconf 89' lang='lat' dir='ltr'><strong>victus,</strong></span> <span class='ocrx_word' id='word_1_304' title='bbox 986 3839 1040 3885; x_wconf 92' lang='lat' dir='ltr'><strong>et</strong></span> <span class='ocrx_word' id='word_1_305' title='bbox 1082 3829 1561 3900; x_wconf 82' lang='lat' dir='ltr'><strong>transgressionem</strong></span> <span class='ocrx_word' id='word_1_306' title='bbox 1598 3838 1870 3900; x_wconf 81' lang='lat' dir='ltr'><strong>operatus,</strong></span> 
     </span>
    </p>
   </div>
   <div class='ocr_carea' id='block_1_41' title="bbox 286 3920 1873 3995">
    <p class='ocr_par' dir='ltr' id='par_1_41' title="bbox 286 3920 1873 3995">
     <span class='ocr_line' id='line_1_41' title="bbox 286 3920 1873 3995; baseline -0.004 -12"><span class='ocrx_word' id='word_1_307' title='bbox 286 3925 357 3983; x_wconf 89' lang='lat' dir='ltr'><strong>ad</strong></span> <span class='ocrx_word' id='word_1_308' title='bbox 381 3934 609 3986; x_wconf 84' lang='lat' dir='ltr'><strong>mortem</strong></span> <span class='ocrx_word' id='word_1_309' title='bbox 637 3923 1022 3985; x_wconf 83' lang='lat' dir='ltr'><strong>condemnatus</strong></span> <span class='ocrx_word' id='word_1_310' title='bbox 1043 3930 1143 3981; x_wconf 89' lang='lat' dir='ltr'><strong>est.</strong></span> <span class='ocrx_word' id='word_1_311' title='bbox 1166 3921 1431 3994; x_wconf 86' lang='lat' dir='ltr'><strong>Quoniam</strong></span> <span class='ocrx_word' id='word_1_312' title='bbox 1447 3921 1589 3982; x_wconf 88' lang='lat' dir='ltr'><strong>enim</strong></span> <span class='ocrx_word' id='word_1_313' title='bbox 1613 3920 1873 3995; x_wconf 81' lang='lat' dir='ltr'><strong>malignus</strong></span> 
     </span>
    </p>
   </div>
   <div class='ocr_carea' id='block_1_42' title="bbox 288 4019 1874 4091">
    <p class='ocr_par' dir='ltr' id='par_1_42' title="bbox 288 4019 1874 4091">
     <span class='ocr_line' id='line_1_42' title="bbox 288 4019 1874 4091; baseline -0.001 -16"><span class='ocrx_word' id='word_1_314' title='bbox 288 4020 381 4076; x_wconf 89' lang='lat' dir='ltr'><strong>ille</strong></span> <span class='ocrx_word' id='word_1_315' title='bbox 408 4020 618 4075; x_wconf 64' lang='lat' dir='ltr'><strong>daemon</strong></span> <span class='ocrx_word' id='word_1_316' title='bbox 645 4029 700 4076; x_wconf 91' lang='lat' dir='ltr'><strong>et</strong></span> <span class='ocrx_word' id='word_1_317' title='bbox 727 4020 893 4075; x_wconf 89' lang='lat' dir='ltr'><strong>nostri</strong></span> <span class='ocrx_word' id='word_1_318' title='bbox 918 4019 1132 4091; x_wconf 82' lang='lat' dir='ltr'><strong>generis</strong></span> <span class='ocrx_word' id='word_1_319' title='bbox 1181 4019 1425 4074; x_wconf 89' lang='lat' dir='ltr'><strong>inimicus</strong></span> <span class='ocrx_word' id='word_1_320' title='bbox 1474 4019 1604 4074; x_wconf 91' lang='lat' dir='ltr'><strong>vidit</strong></span> <span class='ocrx_word' id='word_1_321' title='bbox 1646 4019 1874 4088; x_wconf 85' lang='lat' dir='ltr'><strong>primum</strong></span> 
     </span>
    </p>
   </div>
   <div class='ocr_carea' id='block_1_43' title="bbox 291 4110 1874 4183">
    <p class='ocr_par' dir='ltr' id='par_1_43' title="bbox 291 4110 1874 4183">
     <span class='ocr_line' id='line_1_43' title="bbox 291 4110 1874 4183; baseline 0.001 -18"><span class='ocrx_word' id='word_1_322' title='bbox 291 4121 566 4183; x_wconf 88' lang='lat' dir='ltr'><strong>parentem</strong></span> <span class='ocrx_word' id='word_1_323' title='bbox 590 4112 643 4167; x_wconf 89' lang='lat' dir='ltr'><strong>in</strong></span> <span class='ocrx_word' id='word_1_324' title='bbox 671 4112 917 4182; x_wconf 87' lang='lat' dir='ltr'><strong>paradiso</strong></span> <span class='ocrx_word' id='word_1_325' title='bbox 949 4119 1279 4177; x_wconf 85' lang='lat' dir='ltr'><strong>versantem,</strong></span> <span class='ocrx_word' id='word_1_326' title='bbox 1306 4111 1573 4180; x_wconf 83' lang='lat' dir='ltr'><strong>vitamque</strong></span> <span class='ocrx_word' id='word_1_327' title='bbox 1602 4110 1745 4175; x_wconf 81' lang='lat' dir='ltr'><strong>illam</strong></span> <span class='ocrx_word' id='word_1_328' title='bbox 1771 4110 1874 4166; x_wconf 88' lang='lat' dir='ltr'><strong>mi-</strong></span> 
     </span>
    </p>
   </div>
   <div class='ocr_carea' id='block_1_44' title="bbox 289 4201 1875 4272">
    <p class='ocr_par' dir='ltr' id='par_1_44' title="bbox 289 4201 1875 4272">
     <span class='ocr_line' id='line_1_44' title="bbox 289 4201 1875 4272; baseline 0.002 -16"><span class='ocrx_word' id='word_1_329' title='bbox 289 4203 446 4257; x_wconf 67' lang='lat' dir='ltr'><strong>seriae</strong></span> <span class='ocrx_word' id='word_1_330' title='bbox 492 4211 764 4272; x_wconf 79' lang='lat' dir='ltr'><strong>expertem</strong></span> <span class='ocrx_word' id='word_1_331' title='bbox 790 4241 807 4268; x_wconf 92' lang='lat'><strong>,</strong></span> <span class='ocrx_word' id='word_1_332' title='bbox 856 4211 912 4255; x_wconf 90' lang='lat' dir='ltr'><strong>et</strong></span> <span class='ocrx_word' id='word_1_333' title='bbox 966 4216 1089 4255; x_wconf 91' lang='lat' dir='ltr'><strong>eum</strong></span> <span class='ocrx_word' id='word_1_334' title='bbox 1132 4201 1222 4271; x_wconf 90' lang='lat' dir='ltr'><strong>qui</strong></span> <span class='ocrx_word' id='word_1_335' title='bbox 1267 4201 1477 4271; x_wconf 87' lang='lat' dir='ltr'><strong>corpori</strong></span> <span class='ocrx_word' id='word_1_336' title='bbox 1522 4202 1601 4257; x_wconf 89' lang='lat' dir='ltr'><strong>sic</strong></span> <span class='ocrx_word' id='word_1_337' title='bbox 1637 4216 1875 4259; x_wconf 76' lang='lat' dir='ltr'><strong>annexus</strong></span> 
     </span>
    </p>
   </div>
   <div class='ocr_carea' id='block_1_45' title="bbox 292 4293 1877 4367">
    <p class='ocr_par' dir='ltr' id='par_1_45' title="bbox 292 4293 1877 4367">
     <span class='ocr_line' id='line_1_45' title="bbox 292 4293 1877 4367; baseline 0 -17"><span class='ocrx_word' id='word_1_338' title='bbox 292 4304 427 4366; x_wconf 85' lang='lat' dir='ltr'><strong>erat,</strong></span> <span class='ocrx_word' id='word_1_339' title='bbox 474 4303 740 4367; x_wconf 85' lang='lat' dir='ltr'><strong>tamquam</strong></span> <span class='ocrx_word' id='word_1_340' title='bbox 783 4294 1028 4365; x_wconf 82' lang='lat' dir='ltr'><strong>angelum</strong></span> <span class='ocrx_word' id='word_1_341' title='bbox 1058 4309 1219 4364; x_wconf 88' lang='lat' dir='ltr'><strong>super</strong></span> <span class='ocrx_word' id='word_1_342' title='bbox 1248 4302 1447 4349; x_wconf 87' lang='lat' dir='ltr'><strong>terram</strong></span> <span class='ocrx_word' id='word_1_343' title='bbox 1482 4309 1663 4365; x_wconf 84' lang='lat' dir='ltr'><strong>agere,</strong></span> <span class='ocrx_word' id='word_1_344' title='bbox 1692 4293 1877 4350; x_wconf 85' lang='lat' dir='ltr'><strong>volens</strong></span> 
     </span>
    </p>
   </div>
   <div class='ocr_carea' id='block_1_46' title="bbox 292 4384 1871 4460">
    <p class='ocr_par' dir='ltr' id='par_1_46' title="bbox 292 4384 1871 4460">
     <span class='ocr_line' id='line_1_46' title="bbox 292 4384 1871 4460; baseline 0 -20"><span class='ocrx_word' id='word_1_345' title='bbox 292 4387 445 4460; x_wconf 82' lang='lat' dir='ltr'><strong>illum</strong></span> <span class='ocrx_word' id='word_1_346' title='bbox 487 4386 827 4457; x_wconf 85' lang='lat' dir='ltr'><strong>supplantare</strong></span> <span class='ocrx_word' id='word_1_347' title='bbox 866 4394 921 4441; x_wconf 92' lang='lat' dir='ltr'><strong>et</strong></span> <span class='ocrx_word' id='word_1_348' title='bbox 961 4384 1195 4454; x_wconf 87' lang='lat' dir='ltr'><strong>dejicere</strong></span> <span class='ocrx_word' id='word_1_349' title='bbox 1221 4385 1537 4455; x_wconf 84' lang='lat' dir='ltr'><strong>ampliorum</strong></span> <span class='ocrx_word' id='word_1_350' title='bbox 1562 4386 1871 4456; x_wconf 78' lang='lat' dir='ltr'><strong>promissio-</strong></span> 
     </span>
    </p>
   </div>
   <div class='ocr_carea' id='block_1_47' title="bbox 294 4475 1878 4549">
    <p class='ocr_par' dir='ltr' id='par_1_47' title="bbox 294 4475 1878 4549">
     <span class='ocr_line' id='line_1_47' title="bbox 294 4475 1878 4549; baseline 0.001 -18"><span class='ocrx_word' id='word_1_351' title='bbox 294 4492 423 4549; x_wconf 74' lang='lat' dir='ltr'><strong>num</strong></span> <span class='ocrx_word' id='word_1_352' title='bbox 468 4492 583 4547; x_wconf 87' lang='lat' dir='ltr'><strong>spe,</strong></span> <span class='ocrx_word' id='word_1_353' title='bbox 624 4477 769 4540; x_wconf 85' lang='lat' dir='ltr'><strong>illum</strong></span> <span class='ocrx_word' id='word_1_354' title='bbox 815 4476 974 4532; x_wconf 87' lang='lat' dir='ltr'><strong>etiam</strong></span> <span class='ocrx_word' id='word_1_355' title='bbox 1014 4476 1081 4531; x_wconf 90' lang='lat' dir='ltr'><strong>iis</strong></span> <span class='ocrx_word' id='word_1_356' title='bbox 1125 4490 1244 4547; x_wconf 64' lang='lat' dir='ltr'><strong>qua:</strong></span> <span class='ocrx_word' id='word_1_357' title='bbox 1285 4475 1338 4530; x_wconf 89' lang='lat' dir='ltr'><strong>in</strong></span> <span class='ocrx_word' id='word_1_358' title='bbox 1378 4475 1878 4532; x_wconf 56' lang='lat' dir='ltr'><strong>manibusobabebat</strong></span> 
     </span>
    </p>
   </div>
   <div class='ocr_carea' id='block_1_48' title="bbox 295 4565 1875 4641">
    <p class='ocr_par' dir='ltr' id='par_1_48' title="bbox 295 4565 1875 4641">
     <span class='ocr_line' id='line_1_48' title="bbox 295 4565 1875 4641; baseline 0.001 -19"><span class='ocrx_word' id='word_1_359' title='bbox 295 4567 562 4641; x_wconf 75' lang='lat' dir='ltr'><strong>spoliavit.</strong></span> <span class='ocrx_word' id='word_1_360' title='bbox 611 4566 835 4629; x_wconf 85' lang='lat' dir='ltr'><strong>Tantum</strong></span> <span class='ocrx_word' id='word_1_361' title='bbox 878 4574 964 4622; x_wconf 88' lang='lat' dir='ltr'><strong>est</strong></span> <span class='ocrx_word' id='word_1_362' title='bbox 1001 4565 1198 4619; x_wconf 86' lang='lat' dir='ltr'><strong>malum</strong></span> <span class='ocrx_word' id='word_1_363' title='bbox 1225 4581 1330 4621; x_wconf 90' lang='lat' dir='ltr'><strong>non</strong></span> <span class='ocrx_word' id='word_1_364' title='bbox 1356 4580 1418 4622; x_wconf 90' lang='lat' dir='ltr'><strong>se</strong></span> <span class='ocrx_word' id='word_1_365' title='bbox 1441 4567 1716 4627; x_wconf 84' lang='lat' dir='ltr'><strong>continere</strong></span> <span class='ocrx_word' id='word_1_366' title='bbox 1740 4568 1875 4623; x_wconf 86' lang='lat' dir='ltr'><strong>intra</strong></span> 
     </span>
    </p>
   </div>
   <div class='ocr_carea' id='block_1_49' title="bbox 295 4657 1875 4741">
    <p class='ocr_par' dir='ltr' id='par_1_49' title="bbox 295 4657 1875 4741">
     <span class='ocr_line' id='line_1_49' title="bbox 295 4657 1875 4741; baseline 0.001 -27"><span class='ocrx_word' id='word_1_367' title='bbox 295 4659 543 4741; x_wconf 81' lang='lat' dir='ltr'><strong>proprios</strong></span> <span class='ocrx_word' id='word_1_368' title='bbox 597 4659 811 4723; x_wconf 88' lang='lat' dir='ltr'><strong>limites,</strong></span> <span class='ocrx_word' id='word_1_369' title='bbox 855 4657 951 4721; x_wconf 84' lang='lat' dir='ltr'><strong>sed</strong></span> <span class='ocrx_word' id='word_1_370' title='bbox 1002 4658 1292 4728; x_wconf 90' lang='lat' dir='ltr'><strong>majoribus</strong></span> <span class='ocrx_word' id='word_1_371' title='bbox 1343 4658 1571 4716; x_wconf 88' lang='lat' dir='ltr'><strong>inhiare.</strong></span> <span class='ocrx_word' id='word_1_372' title='bbox 1626 4659 1696 4717; x_wconf 86' lang='lat' dir='ltr'><strong>Et</strong></span> <span class='ocrx_word' id='word_1_373' title='bbox 1738 4660 1875 4716; x_wconf 91' lang='lat' dir='ltr'><strong>istud</strong></span> 
     </span>
    </p>
   </div>
   <div class='ocr_carea' id='block_1_50' title="bbox 296 4748 1879 4821">
    <p class='ocr_par' dir='ltr' id='par_1_50' title="bbox 296 4748 1879 4821">
     <span class='ocr_line' id='line_1_50' title="bbox 296 4748 1879 4821; baseline 0.001 -14"><span class='ocrx_word' id='word_1_374' title='bbox 296 4748 469 4821; x_wconf 85' lang='lat' dir='ltr'><strong>ipsum</strong></span> <span class='ocrx_word' id='word_1_375' title='bbox 521 4751 734 4821; x_wconf 86' lang='lat' dir='ltr'><strong>sapiens</strong></span> <span class='ocrx_word' id='word_1_376' title='bbox 771 4750 985 4821; x_wconf 88' lang='lat' dir='ltr'><strong>quidam</strong></span> <span class='ocrx_word' id='word_1_377' title='bbox 1033 4750 1309 4812; x_wconf 84' lang='lat' dir='ltr'><strong>declarans</strong></span> <span class='ocrx_word' id='word_1_378' title='bbox 1358 4751 1571 4812; x_wconf 88' lang='lat' dir='ltr'><strong>dicebat</strong></span> <span class='ocrx_word' id='word_1_379' title='bbox 1611 4769 1625 4807; x_wconf 90' lang='lat'><strong>:</strong></span> <span class='ocrx_word' id='word_1_380' title='bbox 1675 4750 1879 4811; x_wconf 76' lang='lat' dir='ltr'><strong>Invidia</strong></span> 
     </span>
    </p>
   </div>
   <div class='ocr_carea' id='block_1_51' title="bbox 296 4841 1876 4914">
    <p class='ocr_par' dir='ltr' id='par_1_51' title="bbox 296 4841 1876 4914">
     <span class='ocr_line' id='line_1_51' title="bbox 296 4841 1876 4914; baseline 0.002 -20"><span class='ocrx_word' id='word_1_381' title='bbox 296 4851 470 4907; x_wconf 77' lang='lat' dir='ltr'><strong>autem</strong></span> <span class='ocrx_word' id='word_1_382' title='bbox 503 4841 690 4905; x_wconf 75' lang='lat' dir='ltr'><strong>diaboli</strong></span> <span class='ocrx_word' id='word_1_383' title='bbox 734 4858 867 4896; x_wconf 84' lang='lat' dir='ltr'><strong>mors</strong></span> <span class='ocrx_word' id='word_1_384' title='bbox 907 4842 1108 4898; x_wconf 73' lang='lat' dir='ltr'><strong>intravit</strong></span> <span class='ocrx_word' id='word_1_385' title='bbox 1147 4842 1199 4898; x_wconf 90' lang='lat' dir='ltr'><strong>in</strong></span> <span class='ocrx_word' id='word_1_386' title='bbox 1224 4842 1469 4904; x_wconf 74' lang='lat' dir='ltr'><strong>mundum</strong></span> <span class='ocrx_word' id='word_1_387' title='bbox 1493 4843 1651 4914; x_wconf 73' lang='lat' dir='ltr'><strong>(Scip.</strong></span> <span class='ocrx_word' id='word_1_388' title='bbox 1678 4842 1731 4897; x_wconf 75' lang='lat'><strong>2.</strong></span> <span class='ocrx_word' id='word_1_389' title='bbox 1761 4841 1876 4913; x_wconf 73' lang='grc'><strong>26).</strong></span> 
     </span>
    </p>
   </div>
   <div class='ocr_carea' id='block_1_52' title="bbox 300 4932 1879 5004">
    <p class='ocr_par' dir='ltr' id='par_1_52' title="bbox 300 4932 1879 5004">
     <span class='ocr_line' id='line_1_52' title="bbox 300 4932 1879 5004; baseline 0.002 -18"><span class='ocrx_word' id='word_1_390' title='bbox 300 4933 481 5001; x_wconf 78' lang='lat' dir='ltr'><strong>Vides,</strong></span> <span class='ocrx_word' id='word_1_391' title='bbox 512 4932 726 4997; x_wconf 89' lang='lat' dir='ltr'><strong>dilecte,</strong></span> <span class='ocrx_word' id='word_1_392' title='bbox 771 4932 1038 5001; x_wconf 92' lang='lat' dir='ltr'><strong>quomodo</strong></span> <span class='ocrx_word' id='word_1_393' title='bbox 1064 4933 1133 4990; x_wconf 90' lang='lat' dir='ltr'><strong>ab</strong></span> <span class='ocrx_word' id='word_1_394' title='bbox 1166 4933 1320 4990; x_wconf 93' lang='lat' dir='ltr'><strong>initio</strong></span> <span class='ocrx_word' id='word_1_395' title='bbox 1361 4935 1539 4990; x_wconf 89' lang='lat' dir='ltr'><strong>statim</strong></span> <span class='ocrx_word' id='word_1_396' title='bbox 1567 4950 1639 4990; x_wconf 80' lang='lat' dir='ltr'><strong>es</strong></span> <span class='ocrx_word' id='word_1_397' title='bbox 1664 4936 1879 5004; x_wconf 85' lang='lat' dir='ltr'><strong>crapula</strong></span> 
     </span>
    </p>
   </div>
   <div class='ocr_carea' id='block_1_53' title="bbox 300 5022 1883 5095">
    <p class='ocr_par' dir='ltr' id='par_1_53' title="bbox 300 5022 1883 5095">
     <span class='ocr_line' id='line_1_53' title="bbox 300 5022 1883 5095; baseline 0.002 -16"><span class='ocrx_word' id='word_1_398' title='bbox 300 5039 446 5095; x_wconf 84' lang='lat' dir='ltr'><strong>mors</strong></span> <span class='ocrx_word' id='word_1_399' title='bbox 488 5022 781 5094; x_wconf 86' lang='lat' dir='ltr'><strong>ingressum</strong></span> <span class='ocrx_word' id='word_1_400' title='bbox 823 5023 1047 5080; x_wconf 85' lang='lat' dir='ltr'><strong>habuit?</strong></span> <span class='ocrx_word' id='word_1_401' title='bbox 1084 5024 1373 5085; x_wconf 83' lang='lat' dir='ltr'><strong>Considera</strong></span> <span class='ocrx_word' id='word_1_402' title='bbox 1401 5035 1579 5082; x_wconf 91' lang='lat' dir='ltr'><strong>autem</strong></span> <span class='ocrx_word' id='word_1_403' title='bbox 1610 5026 1799 5081; x_wconf 87' lang='lat' dir='ltr'><strong>iterum</strong></span> <span class='ocrx_word' id='word_1_404' title='bbox 1826 5035 1883 5082; x_wconf 86' lang='lat' dir='ltr'><strong>et</strong></span> 
     </span>
    </p>
   </div>
   <div class='ocr_carea' id='block_1_54' title="bbox 301 5114 1880 5187">
    <p class='ocr_par' dir='ltr' id='par_1_54' title="bbox 301 5114 1880 5187">
     <span class='ocr_line' id='line_1_54' title="bbox 301 5114 1880 5187; baseline 0.001 -16"><span class='ocrx_word' id='word_1_405' title='bbox 301 5115 561 5187; x_wconf 68' lang='lat' dir='ltr'><strong>posthaec</strong></span> <span class='ocrx_word' id='word_1_406' title='bbox 596 5114 827 5171; x_wconf 89' lang='lat' dir='ltr'><strong>divinam</strong></span> <span class='ocrx_word' id='word_1_407' title='bbox 861 5115 1188 5186; x_wconf 87' lang='lat' dir='ltr'><strong>Scripturam</strong></span> <span class='ocrx_word' id='word_1_408' title='bbox 1227 5115 1452 5173; x_wconf 79' lang='lat' dir='ltr'><strong>subinde</strong></span> <span class='ocrx_word' id='word_1_409' title='bbox 1480 5116 1701 5185; x_wconf 84' lang='lat' dir='ltr'><strong>delicias</strong></span> <span class='ocrx_word' id='word_1_410' title='bbox 1730 5118 1880 5173; x_wconf 76' lang='lat' dir='ltr'><strong>incu—</strong></span> 
     </span>
    </p>
   </div>
   <div class='ocr_carea' id='block_1_55' title="bbox 298 5205 1883 5278">
    <p class='ocr_par' dir='ltr' id='par_1_55' title="bbox 298 5205 1883 5278">
     <span class='ocr_line' id='line_1_55' title="bbox 298 5205 1883 5278; baseline 0.001 -18"><span class='ocrx_word' id='word_1_411' title='bbox 298 5215 506 5269; x_wconf 77' lang='lat' dir='ltr'><strong>santem</strong></span> <span class='ocrx_word' id='word_1_412' title='bbox 531 5222 596 5263; x_wconf 90' lang='lat' dir='ltr'><strong>ac</strong></span> <span class='ocrx_word' id='word_1_413' title='bbox 614 5205 877 5267; x_wconf 89' lang='lat' dir='ltr'><strong>dicentem</strong></span> <span class='ocrx_word' id='word_1_414' title='bbox 906 5207 1095 5264; x_wconf 87' lang='lat' dir='ltr'><strong>alicubi</strong></span> <span class='ocrx_word' id='word_1_415' title='bbox 1123 5226 1137 5264; x_wconf 89' lang='lat'><strong>:</strong></span> <span class='ocrx_word' id='word_1_416' title='bbox 1164 5206 1310 5263; x_wconf 80' lang='lat' dir='ltr'><strong>Sedit</strong></span> <span class='ocrx_word' id='word_1_417' title='bbox 1340 5210 1557 5278; x_wconf 60' lang='lat' dir='ltr'><strong>populus</strong></span> <span class='ocrx_word' id='word_1_418' title='bbox 1577 5208 1883 5263; x_wconf 81' lang='lat' dir='ltr'><strong>manducare</strong></span> 
     </span>
    </p>
   </div>
   <div class='ocr_carea' id='block_1_56' title="bbox 301 5298 1883 5372">
    <p class='ocr_par' dir='ltr' id='par_1_56' title="bbox 301 5298 1883 5372">
     <span class='ocr_line' id='line_1_56' title="bbox 301 5298 1883 5372; baseline 0.003 -20"><span class='ocrx_word' id='word_1_419' title='bbox 301 5310 348 5372; x_wconf 81' lang='lat' dir='ltr'><strong>et</strong></span> <span class='ocrx_word' id='word_1_420' title='bbox 391 5298 573 5359; x_wconf 73' lang='lat' dir='ltr'><strong>bibere,</strong></span> <span class='ocrx_word' id='word_1_421' title='bbox 619 5308 667 5355; x_wconf 87' lang='lat' dir='ltr'><strong>et</strong></span> <span class='ocrx_word' id='word_1_422' title='bbox 705 5308 1028 5361; x_wconf 64' lang='lat' dir='ltr'><strong>surrexerunt</strong></span> <span class='ocrx_word' id='word_1_423' title='bbox 1068 5299 1242 5358; x_wconf 81' lang='lat' dir='ltr'><strong>ludere</strong></span> <span class='ocrx_word' id='word_1_424' title='bbox 1281 5298 1473 5371; x_wconf 73' lang='lat' dir='ltr'><strong>(Exod.</strong></span> <span class='ocrx_word' id='word_1_425' title='bbox 1520 5300 1607 5360; x_wconf 73' lang='lat'><strong>&#39;52.</strong></span> <span class='ocrx_word' id='word_1_426' title='bbox 1648 5299 1730 5368; x_wconf 88' lang='lat'><strong>6);</strong></span> <span class='ocrx_word' id='word_1_427' title='bbox 1756 5298 1883 5363; x_wconf 67' lang='lat' dir='ltr'><strong>alibi</strong></span> 
     </span>
    </p>
   </div>
   <div class='ocr_carea' id='block_1_57' title="bbox 305 5388 1885 5463">
    <p class='ocr_par' dir='ltr' id='par_1_57' title="bbox 305 5388 1885 5463">
     <span class='ocr_line' id='line_1_57' title="bbox 305 5388 1885 5463; baseline 0 -19"><span class='ocrx_word' id='word_1_428' title='bbox 305 5404 468 5449; x_wconf 90' lang='lat' dir='ltr'><strong>vero:</strong></span> <span class='ocrx_word' id='word_1_429' title='bbox 511 5390 581 5442; x_wconf 69' lang='lat' dir='ltr'><strong>Et</strong></span> <span class='ocrx_word' id='word_1_430' title='bbox 628 5388 862 5455; x_wconf 83' lang='lat' dir='ltr'><strong>comedit,</strong></span> <span class='ocrx_word' id='word_1_431' title='bbox 907 5400 955 5445; x_wconf 89' lang='lat' dir='ltr'><strong>et</strong></span> <span class='ocrx_word' id='word_1_432' title='bbox 994 5390 1135 5457; x_wconf 75' lang='lat' dir='ltr'><strong>bibit,</strong></span> <span class='ocrx_word' id='word_1_433' title='bbox 1180 5399 1227 5445; x_wconf 84' lang='lat' dir='ltr'><strong>et</strong></span> <span class='ocrx_word' id='word_1_434' title='bbox 1253 5391 1592 5463; x_wconf 81' lang='lat' dir='ltr'><strong>impinguatus</strong></span> <span class='ocrx_word' id='word_1_435' title='bbox 1611 5400 1705 5455; x_wconf 73' lang='lat' dir='ltr'><strong>est,</strong></span> <span class='ocrx_word' id='word_1_436' title='bbox 1732 5399 1779 5449; x_wconf 84' lang='lat' dir='ltr'><strong>et</strong></span> <span class='ocrx_word' id='word_1_437' title='bbox 1804 5391 1885 5444; x_wconf 85' lang='lat' dir='ltr'><strong>in-</strong></span> 
     </span>
    </p>
   </div>
   <div class='ocr_carea' id='block_1_58' title="bbox 305 5480 1883 5553">
    <p class='ocr_par' dir='ltr' id='par_1_58' title="bbox 305 5480 1883 5553">
     <span class='ocr_line' id='line_1_58' title="bbox 305 5480 1883 5553; baseline 0.002 -19"><span class='ocrx_word' id='word_1_438' title='bbox 305 5488 580 5551; x_wconf 77' lang='lat' dir='ltr'><strong>crassatus,</strong></span> <span class='ocrx_word' id='word_1_439' title='bbox 607 5491 654 5535; x_wconf 85' lang='lat' dir='ltr'><strong>et</strong></span> <span class='ocrx_word' id='word_1_440' title='bbox 678 5480 1008 5543; x_wconf 72' lang='lat' dir='ltr'><strong>recalcitracit</strong></span> <span class='ocrx_word' id='word_1_441' title='bbox 1032 5482 1243 5538; x_wconf 80' lang='lat' dir='ltr'><strong>dilectus</strong></span> <span class='ocrx_word' id='word_1_442' title='bbox 1278 5481 1453 5553; x_wconf 85' lang='lat' dir='ltr'><strong>(Deut.</strong></span> <span class='ocrx_word' id='word_1_443' title='bbox 1486 5482 1577 5540; x_wconf 68' lang='grc' dir='ltr'><strong>5Ξ.</strong></span> <span class='ocrx_word' id='word_1_444' title='bbox 1604 5482 1722 5551; x_wconf 77' lang='grc'><strong>15),</strong></span> <span class='ocrx_word' id='word_1_445' title='bbox 1746 5482 1883 5551; x_wconf 86' lang='lat' dir='ltr'><strong>Quin</strong></span> 
     </span>
    </p>
   </div>
   <div class='ocr_carea' id='block_1_59' title="bbox 307 5573 1884 5644">
    <p class='ocr_par' dir='ltr' id='par_1_59' title="bbox 307 5573 1884 5644">
     <span class='ocr_line' id='line_1_59' title="bbox 307 5573 1884 5644; baseline -0.003 -13"><span class='ocrx_word' id='word_1_446' title='bbox 307 5586 362 5631; x_wconf 90' lang='lat' dir='ltr'><strong>ct</strong></span> <span class='ocrx_word' id='word_1_447' title='bbox 380 5573 735 5631; x_wconf 85' lang='lat' dir='ltr'><strong>Sodomorum</strong></span> <span class='ocrx_word' id='word_1_448' title='bbox 757 5574 942 5631; x_wconf 80' lang='lat' dir='ltr'><strong>incola:</strong></span> <span class='ocrx_word' id='word_1_449' title='bbox 964 5575 1404 5644; x_wconf 89' lang='lat' dir='ltr'><strong>indcprccabilem</strong></span> <span class='ocrx_word' id='word_1_450' title='bbox 1425 5575 1568 5629; x_wconf 88' lang='lat' dir='ltr'><strong>illam</strong></span> <span class='ocrx_word' id='word_1_451' title='bbox 1605 5574 1739 5630; x_wconf 89' lang='lat' dir='ltr'><strong>iram</strong></span> <span class='ocrx_word' id='word_1_452' title='bbox 1765 5588 1884 5628; x_wconf 92' lang='lat' dir='ltr'><strong>cum</strong></span> 
     </span>
    </p>
   </div>
   <div class='ocr_carea' id='block_1_60' title="bbox 307 5667 1885 5744">
    <p class='ocr_par' dir='ltr' id='par_1_60' title="bbox 307 5667 1885 5744">
     <span class='ocr_line' id='line_1_60' title="bbox 307 5667 1885 5744; baseline 0.001 -18"><span class='ocrx_word' id='word_1_453' title='bbox 307 5685 375 5743; x_wconf 66' lang='lat' dir='ltr'><strong>es</strong></span> <span class='ocrx_word' id='word_1_454' title='bbox 411 5669 529 5744; x_wconf 77' lang='lat' dir='ltr'><strong>aliis</strong></span> <span class='ocrx_word' id='word_1_455' title='bbox 555 5672 710 5740; x_wconf 73' lang='lat' dir='ltr'><strong>matis</strong></span> <span class='ocrx_word' id='word_1_456' title='bbox 734 5680 844 5740; x_wconf 72' lang='lat' dir='ltr'><strong>tum</strong></span> <span class='ocrx_word' id='word_1_457' title='bbox 874 5669 995 5739; x_wconf 77' lang='lat' dir='ltr'><strong>hinc</strong></span> <span class='ocrx_word' id='word_1_458' title='bbox 1022 5670 1121 5737; x_wconf 83' lang='lat' dir='ltr'><strong>sibi</strong></span> <span class='ocrx_word' id='word_1_459' title='bbox 1149 5671 1556 5736; x_wconf 76' lang='lat' dir='ltr'><strong>accersivcrunt.</strong></span> <span class='ocrx_word' id='word_1_460' title='bbox 1582 5667 1718 5730; x_wconf 80' lang='lat' dir='ltr'><strong>Audi</strong></span> <span class='ocrx_word' id='word_1_461' title='bbox 1742 5668 1885 5728; x_wconf 82' lang='lat' dir='ltr'><strong>enim</strong></span> 
     </span>
    </p>
   </div>
   <div class='ocr_carea' id='block_1_61' title="bbox 1953 341 3531 417">
    <p class='ocr_par' dir='ltr' id='par_1_61' title="bbox 1953 341 3531 417">
     <span class='ocr_line' id='line_1_61' title="bbox 1953 341 3531 417; baseline 0.004 -22"><span class='ocrx_word' id='word_1_462' title='bbox 1953 341 2267 412; x_wconf 86' lang='lat' dir='ltr'><strong>prophetam</strong></span> <span class='ocrx_word' id='word_1_463' title='bbox 2284 343 2547 401; x_wconf 88' lang='lat' dir='ltr'><strong>dicentem</strong></span> <span class='ocrx_word' id='word_1_464' title='bbox 2576 362 2592 400; x_wconf 90' lang='lat'><strong>:</strong></span> <span class='ocrx_word' id='word_1_465' title='bbox 2623 345 2747 401; x_wconf 73' lang='lat' dir='ltr'><strong>Hac</strong></span> <span class='ocrx_word' id='word_1_466' title='bbox 3021 345 3380 413; x_wconf 81' lang='lat' dir='ltr'><strong>Sodomorum,</strong></span> <span class='ocrx_word' id='word_1_467' title='bbox 3394 360 3531 417; x_wconf 69' lang='lat' dir='ltr'><strong>quos</strong></span> 
     </span>
    </p>
   </div>
   <div class='ocr_carea' id='block_1_62' title="bbox 1950 434 3534 507">
    <p class='ocr_par' dir='ltr' id='par_1_62' title="bbox 1950 434 3534 507">
     <span class='ocr_line' id='line_1_62' title="bbox 1950 434 3534 507; baseline 0.004 -22"><span class='ocrx_word' id='word_1_468' title='bbox 1950 434 2004 486; x_wconf 85' lang='lat' dir='ltr'><strong>in</strong></span> <span class='ocrx_word' id='word_1_469' title='bbox 2028 435 2256 489; x_wconf 72' lang='lat' dir='ltr'><strong>satietate</strong></span> <span class='ocrx_word' id='word_1_470' title='bbox 2274 451 2462 505; x_wconf 86' lang='lat' dir='ltr'><strong>panum</strong></span> <span class='ocrx_word' id='word_1_471' title='bbox 2487 434 2809 491; x_wconf 81' lang='lat' dir='ltr'><strong>lasciviebant</strong></span> <span class='ocrx_word' id='word_1_472' title='bbox 2828 434 3040 507; x_wconf 62' lang='lat' dir='ltr'><strong>(Each.</strong></span> <span class='ocrx_word' id='word_1_473' title='bbox 3066 437 3153 491; x_wconf 85' lang='grc'><strong>16.</strong></span> <span class='ocrx_word' id='word_1_474' title='bbox 3182 435 3294 507; x_wconf 71' lang='grc'><strong>49).</strong></span> <span class='ocrx_word' id='word_1_475' title='bbox 3320 437 3534 492; x_wconf 79' lang='lat' dir='ltr'><strong>Morbus</strong></span> 
     </span>
    </p>
   </div>
   <div class='ocr_carea' id='block_1_63' title="bbox 1950 524 3533 599">
    <p class='ocr_par' dir='ltr' id='par_1_63' title="bbox 1950 524 3533 599">
     <span class='ocr_line' id='line_1_63' title="bbox 1950 524 3533 599; baseline 0.003 -20"><span class='ocrx_word' id='word_1_476' title='bbox 1950 524 2092 579; x_wconf 88' lang='lat' dir='ltr'><strong>enim</strong></span> <span class='ocrx_word' id='word_1_477' title='bbox 2140 525 2229 580; x_wconf 90' lang='lat' dir='ltr'><strong>ille</strong></span> <span class='ocrx_word' id='word_1_478' title='bbox 2265 528 2415 596; x_wconf 86' lang='lat' dir='ltr'><strong>quasi</strong></span> <span class='ocrx_word' id='word_1_479' title='bbox 2454 526 2605 582; x_wconf 77' lang='lat' dir='ltr'><strong>radix</strong></span> <span class='ocrx_word' id='word_1_480' title='bbox 2648 536 2703 583; x_wconf 91' lang='lat' dir='ltr'><strong>et</strong></span> <span class='ocrx_word' id='word_1_481' title='bbox 2728 526 2849 583; x_wconf 85' lang='lat' dir='ltr'><strong>fons</strong></span> <span class='ocrx_word' id='word_1_482' title='bbox 2874 528 3085 599; x_wconf 87' lang='lat' dir='ltr'><strong>quidam</strong></span> <span class='ocrx_word' id='word_1_483' title='bbox 3116 529 3375 583; x_wconf 86' lang='lat' dir='ltr'><strong>malorum</strong></span> <span class='ocrx_word' id='word_1_484' title='bbox 3411 546 3533 585; x_wconf 88' lang='lat' dir='ltr'><strong>om-</strong></span> 
     </span>
    </p>
   </div>
   <div class='ocr_carea' id='block_1_64' title="bbox 1953 617 2227 673">
    <p class='ocr_par' dir='ltr' id='par_1_64' title="bbox 1953 617 2227 673">
     <span class='ocr_line' id='line_1_64' title="bbox 1953 617 2227 673; baseline -0.004 -2"><span class='ocrx_word' id='word_1_485' title='bbox 1953 617 2098 672; x_wconf 90' lang='lat' dir='ltr'><strong>nium</strong></span> <span class='ocrx_word' id='word_1_486' title='bbox 2124 626 2227 673; x_wconf 89' lang='lat' dir='ltr'><strong>est.</strong></span> 
     </span>
    </p>
   </div>
   <div class='ocr_carea' id='block_1_65' title="bbox 2024 707 3536 781">
    <p class='ocr_par' dir='ltr' id='par_1_65' title="bbox 2024 707 3536 781">
     <span class='ocr_line' id='line_1_65' title="bbox 2024 707 3536 781; baseline 0.003 -19"><span class='ocrx_word' id='word_1_487' title='bbox 2024 708 2078 762; x_wconf 92' lang='grc'><strong>5.</strong></span> <span class='ocrx_word' id='word_1_488' title='bbox 2117 707 2384 780; x_wconf 79' lang='lat' dir='ltr'><strong>Jejunium</strong></span> <span class='ocrx_word' id='word_1_489' title='bbox 2426 711 2656 781; x_wconf 74' lang='lat' dir='ltr'><strong>exemplo</strong></span> <span class='ocrx_word' id='word_1_490' title='bbox 2694 720 2987 766; x_wconf 84' lang='lat' dir='ltr'><strong>sanctorum</strong></span> <span class='ocrx_word' id='word_1_491' title='bbox 3022 712 3419 766; x_wconf 77' lang='lat' dir='ltr'><strong>commendatur.</strong></span> <span class='ocrx_word' id='word_1_492' title='bbox 3461 741 3536 755; x_wconf 87' lang='lat'><strong>--</strong></span> 
     </span>
    </p>
   </div>
   <div class='ocr_carea' id='block_1_66' title="bbox 1956 799 3539 872">
    <p class='ocr_par' dir='ltr' id='par_1_66' title="bbox 1956 799 3539 872">
     <span class='ocr_line' id='line_1_66' title="bbox 1956 799 3539 872; baseline 0.001 -17"><span class='ocrx_word' id='word_1_493' title='bbox 1956 799 2142 859; x_wconf 79' lang='lat' dir='ltr'><strong>Vidisti</strong></span> <span class='ocrx_word' id='word_1_494' title='bbox 2163 801 2393 871; x_wconf 64' lang='lat' dir='ltr'><strong>crapulae</strong></span> <span class='ocrx_word' id='word_1_495' title='bbox 2414 802 2829 857; x_wconf 75' lang='lat' dir='ltr'><strong>nocumentum?</strong></span> <span class='ocrx_word' id='word_1_496' title='bbox 2856 801 2988 858; x_wconf 91' lang='lat' dir='ltr'><strong>Vide</strong></span> <span class='ocrx_word' id='word_1_497' title='bbox 3009 803 3169 858; x_wconf 78' lang='lat' dir='ltr'><strong>etiam</strong></span> <span class='ocrx_word' id='word_1_498' title='bbox 3186 802 3373 871; x_wconf 89' lang='lat' dir='ltr'><strong>jejunii</strong></span> <span class='ocrx_word' id='word_1_499' title='bbox 3396 816 3539 872; x_wconf 83' lang='lat' dir='ltr'><strong>prae-</strong></span> 
     </span>
    </p>
   </div>
   <div class='ocr_carea' id='block_1_67' title="bbox 1955 892 3540 966">
    <p class='ocr_par' dir='ltr' id='par_1_67' title="bbox 1955 892 3540 966">
     <span class='ocr_line' id='line_1_67' title="bbox 1955 892 3540 966; baseline 0.003 -18"><span class='ocrx_word' id='word_1_500' title='bbox 1955 892 2099 948; x_wconf 88' lang='lat' dir='ltr'><strong>clara</strong></span> <span class='ocrx_word' id='word_1_501' title='bbox 2126 892 2383 949; x_wconf 76' lang='lat' dir='ltr'><strong>facinora.</strong></span> <span class='ocrx_word' id='word_1_502' title='bbox 2413 893 2770 965; x_wconf 82' lang='lat' dir='ltr'><strong>Quadraginta</strong></span> <span class='ocrx_word' id='word_1_503' title='bbox 2797 894 2915 951; x_wconf 89' lang='lat' dir='ltr'><strong>dies</strong></span> <span class='ocrx_word' id='word_1_504' title='bbox 2954 910 3074 951; x_wconf 91' lang='lat' dir='ltr'><strong>cum</strong></span> <span class='ocrx_word' id='word_1_505' title='bbox 3101 895 3397 966; x_wconf 85' lang='lat' dir='ltr'><strong>jejunasset</strong></span> <span class='ocrx_word' id='word_1_506' title='bbox 3422 912 3540 952; x_wconf 55' lang='lat' dir='ltr'><strong>ma-</strong></span> 
     </span>
    </p>
   </div>
   <div class='ocr_carea' id='block_1_68' title="bbox 1952 982 3536 1056">
    <p class='ocr_par' dir='ltr' id='par_1_68' title="bbox 1952 982 3536 1056">
     <span class='ocr_line' id='line_1_68' title="bbox 1952 982 3536 1056; baseline 0.001 -18"><span class='ocrx_word' id='word_1_507' title='bbox 1952 999 2089 1055; x_wconf 83' lang='lat' dir='ltr'><strong>gnus</strong></span> <span class='ocrx_word' id='word_1_508' title='bbox 2109 982 2303 1052; x_wconf 89' lang='lat' dir='ltr'><strong>Moses,</strong></span> <span class='ocrx_word' id='word_1_509' title='bbox 2325 987 2455 1056; x_wconf 84' lang='lat' dir='ltr'><strong>legis</strong></span> <span class='ocrx_word' id='word_1_510' title='bbox 2478 985 2680 1041; x_wconf 83' lang='lat' dir='ltr'><strong>tabulas</strong></span> <span class='ocrx_word' id='word_1_511' title='bbox 2697 989 2939 1056; x_wconf 87' lang='lat' dir='ltr'><strong>accipere</strong></span> <span class='ocrx_word' id='word_1_512' title='bbox 2960 987 3129 1056; x_wconf 90' lang='lat' dir='ltr'><strong>potuit</strong></span> <span class='ocrx_word' id='word_1_513' title='bbox 3151 1005 3166 1041; x_wconf 86' lang='lat'><strong>:</strong></span> <span class='ocrx_word' id='word_1_514' title='bbox 3188 994 3243 1041; x_wconf 92' lang='lat' dir='ltr'><strong>et</strong></span> <span class='ocrx_word' id='word_1_515' title='bbox 3260 988 3536 1056; x_wconf 83' lang='lat' dir='ltr'><strong>quoniam,</strong></span> 
     </span>
    </p>
   </div>
   <div class='ocr_carea' id='block_1_69' title="bbox 1958 1076 3540 1147">
    <p class='ocr_par' dir='ltr' id='par_1_69' title="bbox 1958 1076 3540 1147">
     <span class='ocr_line' id='line_1_69' title="bbox 1958 1076 3540 1147; baseline 0 -16"><span class='ocrx_word' id='word_1_516' title='bbox 1958 1086 2015 1131; x_wconf 93' lang='lat' dir='ltr'><strong>ut</strong></span> <span class='ocrx_word' id='word_1_517' title='bbox 2037 1076 2331 1143; x_wconf 90' lang='lat' dir='ltr'><strong>descendit,</strong></span> <span class='ocrx_word' id='word_1_518' title='bbox 2355 1077 2482 1131; x_wconf 88' lang='lat' dir='ltr'><strong>vidit</strong></span> <span class='ocrx_word' id='word_1_519' title='bbox 2506 1077 2685 1147; x_wconf 90' lang='lat' dir='ltr'><strong>populi</strong></span> <span class='ocrx_word' id='word_1_520' title='bbox 2713 1077 3065 1145; x_wconf 83' lang='lat' dir='ltr'><strong>iniquitatem,</strong></span> <span class='ocrx_word' id='word_1_521' title='bbox 3094 1092 3224 1147; x_wconf 89' lang='lat' dir='ltr'><strong>quas</strong></span> <span class='ocrx_word' id='word_1_522' title='bbox 3242 1092 3362 1132; x_wconf 92' lang='lat' dir='ltr'><strong>cum</strong></span> <span class='ocrx_word' id='word_1_523' title='bbox 3387 1085 3540 1131; x_wconf 89' lang='lat' dir='ltr'><strong>tanto</strong></span> 
     </span>
    </p>
   </div>
   <div class='ocr_carea' id='block_1_70' title="bbox 1957 1169 3539 1240">
    <p class='ocr_par' dir='ltr' id='par_1_70' title="bbox 1957 1169 3539 1240">
     <span class='ocr_line' id='line_1_70' title="bbox 1957 1169 3539 1240; baseline 0.001 -17"><span class='ocrx_word' id='word_1_524' title='bbox 1957 1170 2166 1234; x_wconf 90' lang='lat' dir='ltr'><strong>studio,</strong></span> <span class='ocrx_word' id='word_1_525' title='bbox 2197 1177 2251 1225; x_wconf 90' lang='lat' dir='ltr'><strong>et</strong></span> <span class='ocrx_word' id='word_1_526' title='bbox 2270 1169 2608 1234; x_wconf 85' lang='lat' dir='ltr'><strong>assiduitate,</strong></span> <span class='ocrx_word' id='word_1_527' title='bbox 2653 1172 2894 1239; x_wconf 84' lang='lat' dir='ltr'><strong>accipere</strong></span> <span class='ocrx_word' id='word_1_528' title='bbox 2937 1170 3142 1240; x_wconf 90' lang='lat' dir='ltr'><strong>potuit,</strong></span> <span class='ocrx_word' id='word_1_529' title='bbox 3175 1186 3266 1225; x_wconf 89' lang='lat' dir='ltr'><strong>cas</strong></span> <span class='ocrx_word' id='word_1_530' title='bbox 3302 1170 3539 1240; x_wconf 89' lang='lat' dir='ltr'><strong>abjectas</strong></span> 
     </span>
    </p>
   </div>
   <div class='ocr_carea' id='block_1_71' title="bbox 1958 1260 3538 1333">
    <p class='ocr_par' dir='ltr' id='par_1_71' title="bbox 1958 1260 3538 1333">
     <span class='ocr_line' id='line_1_71' title="bbox 1958 1260 3538 1333; baseline 0.002 -19"><span class='ocrx_word' id='word_1_531' title='bbox 1958 1261 2212 1315; x_wconf 86' lang='lat' dir='ltr'><strong>contrivit</strong></span> <span class='ocrx_word' id='word_1_532' title='bbox 2250 1260 2461 1332; x_wconf 71' lang='lat' dir='ltr'><strong>(Exod.</strong></span> <span class='ocrx_word' id='word_1_533' title='bbox 2492 1262 2585 1316; x_wconf 75' lang='grc'><strong>24.</strong></span> <span class='ocrx_word' id='word_1_534' title='bbox 2616 1262 2719 1326; x_wconf 87' lang='grc'><strong>18;</strong></span> <span class='ocrx_word' id='word_1_535' title='bbox 2750 1270 2797 1315; x_wconf 90' lang='lat' dir='ltr'><strong>et</strong></span> <span class='ocrx_word' id='word_1_536' title='bbox 2822 1261 2911 1316; x_wconf 96' lang='grc'><strong>51.</strong></span> <span class='ocrx_word' id='word_1_537' title='bbox 2943 1260 3047 1327; x_wconf 85' lang='grc'><strong>18;</strong></span> <span class='ocrx_word' id='word_1_538' title='bbox 3073 1270 3122 1315; x_wconf 86' lang='lat' dir='ltr'><strong>et</strong></span> <span class='ocrx_word' id='word_1_539' title='bbox 3148 1260 3237 1317; x_wconf 73' lang='lat'><strong>52.</strong></span> <span class='ocrx_word' id='word_1_540' title='bbox 3268 1261 3406 1333; x_wconf 85' lang='grc'><strong>19),</strong></span> <span class='ocrx_word' id='word_1_541' title='bbox 3437 1262 3538 1317; x_wconf 82' lang='lat' dir='ltr'><strong>ab-</strong></span> 
     </span>
    </p>
   </div>
   <div class='ocr_carea' id='block_1_72' title="bbox 1959 1350 3541 1421">
    <p class='ocr_par' dir='ltr' id='par_1_72' title="bbox 1959 1350 3541 1421">
     <span class='ocr_line' id='line_1_72' title="bbox 1959 1350 3541 1421; baseline 0 -16"><span class='ocrx_word' id='word_1_542' title='bbox 1959 1350 2176 1405; x_wconf 91' lang='lat' dir='ltr'><strong>surdum</strong></span> <span class='ocrx_word' id='word_1_543' title='bbox 2207 1367 2326 1407; x_wconf 87' lang='lat' dir='ltr'><strong>esse</strong></span> <span class='ocrx_word' id='word_1_544' title='bbox 2353 1366 2607 1418; x_wconf 90' lang='lat' dir='ltr'><strong>censens,</strong></span> <span class='ocrx_word' id='word_1_545' title='bbox 2638 1351 2845 1407; x_wconf 91' lang='lat' dir='ltr'><strong>ebrium</strong></span> <span class='ocrx_word' id='word_1_546' title='bbox 2875 1360 2931 1406; x_wconf 92' lang='lat' dir='ltr'><strong>et</strong></span> <span class='ocrx_word' id='word_1_547' title='bbox 2954 1352 3407 1421; x_wconf 66' lang='lat' dir='ltr'><strong>pratvaricatorem</strong></span> <span class='ocrx_word' id='word_1_548' title='bbox 3440 1370 3541 1420; x_wconf 82' lang='lat' dir='ltr'><strong>po-</strong></span> 
     </span>
    </p>
   </div>
   <div class='ocr_carea' id='block_1_73' title="bbox 1960 1432 3543 1513">
    <p class='ocr_par' dir='ltr' id='par_1_73' title="bbox 1960 1432 3543 1513">
     <span class='ocr_line' id='line_1_73' title="bbox 1960 1432 3543 1513; baseline 0.003 -19"><span class='ocrx_word' id='word_1_549' title='bbox 1960 1442 2139 1512; x_wconf 79' lang='lat' dir='ltr'><strong>pulum</strong></span> <span class='ocrx_word' id='word_1_550' title='bbox 2166 1443 2310 1513; x_wconf 87' lang='lat' dir='ltr'><strong>leges</strong></span> <span class='ocrx_word' id='word_1_551' title='bbox 2336 1458 2366 1496; x_wconf 90' lang='lat' dir='ltr'><strong>a</strong></span> <span class='ocrx_word' id='word_1_552' title='bbox 2402 1442 2627 1497; x_wconf 91' lang='lat' dir='ltr'><strong>Domino</strong></span> <span class='ocrx_word' id='word_1_553' title='bbox 2654 1432 2896 1497; x_wconf 78' lang='lat' dir='ltr'><strong>conditas</strong></span> <span class='ocrx_word' id='word_1_554' title='bbox 2920 1442 3178 1512; x_wconf 82' lang='lat' dir='ltr'><strong>accipere.</strong></span> <span class='ocrx_word' id='word_1_555' title='bbox 3206 1442 3543 1513; x_wconf 86' lang='lat' dir='ltr'><strong>Quapropter</strong></span> 
     </span>
    </p>
   </div>
   <div class='ocr_carea' id='block_1_74' title="bbox 1960 1534 3545 1605">
    <p class='ocr_par' dir='ltr' id='par_1_74' title="bbox 1960 1534 3545 1605">
     <span class='ocr_line' id='line_1_74' title="bbox 1960 1534 3545 1605; baseline 0 -16"><span class='ocrx_word' id='word_1_556' title='bbox 1960 1535 2136 1591; x_wconf 90' lang='lat' dir='ltr'><strong>denuo</strong></span> <span class='ocrx_word' id='word_1_557' title='bbox 2172 1535 2515 1605; x_wconf 86' lang='lat' dir='ltr'><strong>quadraginta</strong></span> <span class='ocrx_word' id='word_1_558' title='bbox 2549 1534 2755 1590; x_wconf 91' lang='lat' dir='ltr'><strong>dierum</strong></span> <span class='ocrx_word' id='word_1_559' title='bbox 2778 1534 2982 1603; x_wconf 91' lang='lat' dir='ltr'><strong>jejunio</strong></span> <span class='ocrx_word' id='word_1_560' title='bbox 3007 1549 3143 1605; x_wconf 91' lang='lat' dir='ltr'><strong>opus</strong></span> <span class='ocrx_word' id='word_1_561' title='bbox 3161 1534 3344 1591; x_wconf 87' lang='lat' dir='ltr'><strong>habuit</strong></span> <span class='ocrx_word' id='word_1_562' title='bbox 3369 1536 3545 1589; x_wconf 83' lang='lat' dir='ltr'><strong>admi-</strong></span> 
     </span>
    </p>
   </div>
   <div class='ocr_carea' id='block_1_75' title="bbox 1960 1626 3545 1697">
    <p class='ocr_par' dir='ltr' id='par_1_75' title="bbox 1960 1626 3545 1697">
     <span class='ocr_line' id='line_1_75' title="bbox 1960 1626 3545 1697; baseline 0 -16"><span class='ocrx_word' id='word_1_563' title='bbox 1960 1626 2157 1682; x_wconf 91' lang='lat' dir='ltr'><strong>randus</strong></span> <span class='ocrx_word' id='word_1_564' title='bbox 2181 1627 2268 1683; x_wconf 84' lang='lat' dir='ltr'><strong>ille</strong></span> <span class='ocrx_word' id='word_1_565' title='bbox 2295 1626 2572 1697; x_wconf 85' lang='lat' dir='ltr'><strong>propheta,</strong></span> <span class='ocrx_word' id='word_1_566' title='bbox 2603 1633 2660 1681; x_wconf 92' lang='lat' dir='ltr'><strong>ut</strong></span> <span class='ocrx_word' id='word_1_567' title='bbox 2686 1626 2889 1681; x_wconf 88' lang='lat' dir='ltr'><strong>tabulas</strong></span> <span class='ocrx_word' id='word_1_568' title='bbox 2925 1636 3142 1697; x_wconf 88' lang='lat' dir='ltr'><strong>propter</strong></span> <span class='ocrx_word' id='word_1_569' title='bbox 3168 1626 3406 1694; x_wconf 83' lang='lat' dir='ltr'><strong>ipsorum</strong></span> <span class='ocrx_word' id='word_1_570' title='bbox 3434 1626 3545 1681; x_wconf 73' lang='lat' dir='ltr'><strong>iui-</strong></span> 
     </span>
    </p>
   </div>
   <div class='ocr_carea' id='block_1_76' title="bbox 1961 1718 3541 1789">
    <p class='ocr_par' dir='ltr' id='par_1_76' title="bbox 1961 1718 3541 1789">
     <span class='ocr_line' id='line_1_76' title="bbox 1961 1718 3541 1789; baseline 0.001 -18"><span class='ocrx_word' id='word_1_571' title='bbox 1961 1719 2212 1788; x_wconf 89' lang='lat' dir='ltr'><strong>quitatem</strong></span> <span class='ocrx_word' id='word_1_572' title='bbox 2239 1720 2494 1773; x_wconf 90' lang='lat' dir='ltr'><strong>contritas</strong></span> <span class='ocrx_word' id='word_1_573' title='bbox 2519 1721 2708 1772; x_wconf 90' lang='lat' dir='ltr'><strong>itcrum</strong></span> <span class='ocrx_word' id='word_1_574' title='bbox 2731 1732 2960 1787; x_wconf 90' lang='lat' dir='ltr'><strong>superne</strong></span> <span class='ocrx_word' id='word_1_575' title='bbox 2980 1728 3224 1789; x_wconf 90' lang='lat' dir='ltr'><strong>receptas</strong></span> <span class='ocrx_word' id='word_1_576' title='bbox 3237 1718 3541 1789; x_wconf 57' lang='lat' dir='ltr'><strong>deportaret</strong></span> 
     </span>
    </p>
   </div>
   <div class='ocr_carea' id='block_1_77' title="bbox 1963 1809 3539 1882">
    <p class='ocr_par' dir='ltr' id='par_1_77' title="bbox 1963 1809 3539 1882">
     <span class='ocr_line' id='line_1_77' title="bbox 1963 1809 3539 1882; baseline 0 -18"><span class='ocrx_word' id='word_1_577' title='bbox 1963 1810 2167 1882; x_wconf 79' lang='lat' dir='ltr'><strong>(Exod.</strong></span> <span class='ocrx_word' id='word_1_578' title='bbox 2210 1811 2297 1866; x_wconf 69' lang='grc'><strong>54.</strong></span> <span class='ocrx_word' id='word_1_579' title='bbox 2339 1809 2472 1879; x_wconf 71' lang='grc'><strong>28).</strong></span> <span class='ocrx_word' id='word_1_580' title='bbox 2509 1810 2749 1867; x_wconf 87' lang='lat' dir='ltr'><strong>Totidem</strong></span> <span class='ocrx_word' id='word_1_581' title='bbox 2792 1810 2999 1867; x_wconf 83' lang='lat' dir='ltr'><strong>dierum</strong></span> <span class='ocrx_word' id='word_1_582' title='bbox 3027 1811 3282 1881; x_wconf 89' lang='lat' dir='ltr'><strong>jejunium</strong></span> <span class='ocrx_word' id='word_1_583' title='bbox 3335 1821 3391 1867; x_wconf 89' lang='lat' dir='ltr'><strong>et</strong></span> <span class='ocrx_word' id='word_1_584' title='bbox 3432 1828 3539 1866; x_wconf 55' lang='lat' dir='ltr'><strong>tua</strong></span> 
     </span>
    </p>
   </div>
   <div class='ocr_carea' id='block_1_78' title="bbox 1960 1902 3544 1974">
    <p class='ocr_par' dir='ltr' id='par_1_78' title="bbox 1960 1902 3544 1974">
     <span class='ocr_line' id='line_1_78' title="bbox 1960 1902 3544 1974; baseline 0.001 -17"><span class='ocrx_word' id='word_1_585' title='bbox 1960 1918 2096 1973; x_wconf 88' lang='lat' dir='ltr'><strong>gnus</strong></span> <span class='ocrx_word' id='word_1_586' title='bbox 2120 1902 2299 1958; x_wconf 78' lang='lat' dir='ltr'><strong>Helias</strong></span> <span class='ocrx_word' id='word_1_587' title='bbox 2326 1902 2613 1972; x_wconf 89' lang='lat' dir='ltr'><strong>transegit,</strong></span> <span class='ocrx_word' id='word_1_588' title='bbox 2651 1902 2919 1971; x_wconf 86' lang='lat' dir='ltr'><strong>vitataque</strong></span> <span class='ocrx_word' id='word_1_589' title='bbox 2947 1903 3133 1957; x_wconf 91' lang='lat' dir='ltr'><strong>mortis</strong></span> <span class='ocrx_word' id='word_1_590' title='bbox 3161 1903 3459 1974; x_wconf 82' lang='lat' dir='ltr'><strong>tyrannide,</strong></span> <span class='ocrx_word' id='word_1_591' title='bbox 3487 1912 3544 1959; x_wconf 86' lang='lat' dir='ltr'><strong>et</strong></span> 
     </span>
    </p>
   </div>
   <div class='ocr_carea' id='block_1_79' title="bbox 1962 1994 3544 2065">
    <p class='ocr_par' dir='ltr' id='par_1_79' title="bbox 1962 1994 3544 2065">
     <span class='ocr_line' id='line_1_79' title="bbox 1962 1994 3544 2065; baseline -0.002 -14"><span class='ocrx_word' id='word_1_592' title='bbox 1962 2011 2122 2051; x_wconf 90' lang='lat' dir='ltr'><strong>curru</strong></span> <span class='ocrx_word' id='word_1_593' title='bbox 2149 1996 2304 2065; x_wconf 88' lang='lat' dir='ltr'><strong>igneo</strong></span> <span class='ocrx_word' id='word_1_594' title='bbox 2344 1995 2494 2065; x_wconf 87' lang='lat' dir='ltr'><strong>quasi</strong></span> <span class='ocrx_word' id='word_1_595' title='bbox 2538 1995 2592 2048; x_wconf 92' lang='lat' dir='ltr'><strong>in</strong></span> <span class='ocrx_word' id='word_1_596' title='bbox 2628 1994 2817 2050; x_wconf 60' lang='lat' dir='ltr'><strong>caelum</strong></span> <span class='ocrx_word' id='word_1_597' title='bbox 2848 2001 3063 2061; x_wconf 87' lang='lat' dir='ltr'><strong>raptus,</strong></span> <span class='ocrx_word' id='word_1_598' title='bbox 3097 1994 3258 2048; x_wconf 88' lang='lat' dir='ltr'><strong>etiam</strong></span> <span class='ocrx_word' id='word_1_599' title='bbox 3296 2007 3462 2063; x_wconf 84' lang='lat' dir='ltr'><strong>usque</strong></span> <span class='ocrx_word' id='word_1_600' title='bbox 3490 1995 3544 2048; x_wconf 91' lang='lat' dir='ltr'><strong>in</strong></span> 
     </span>
    </p>
   </div>
   <div class='ocr_carea' id='block_1_80' title="bbox 1964 2084 3545 2158">
    <p class='ocr_par' dir='ltr' id='par_1_80' title="bbox 1964 2084 3545 2158">
     <span class='ocr_line' id='line_1_80' title="bbox 1964 2084 3545 2158; baseline 0.001 -16"><span class='ocrx_word' id='word_1_601' title='bbox 1964 2088 2102 2143; x_wconf 88' lang='lat' dir='ltr'><strong>hanc</strong></span> <span class='ocrx_word' id='word_1_602' title='bbox 2120 2087 2262 2143; x_wconf 88' lang='lat' dir='ltr'><strong>diem</strong></span> <span class='ocrx_word' id='word_1_603' title='bbox 2290 2095 2516 2141; x_wconf 87' lang='lat' dir='ltr'><strong>mortem</strong></span> <span class='ocrx_word' id='word_1_604' title='bbox 2541 2100 2647 2140; x_wconf 88' lang='lat' dir='ltr'><strong>non</strong></span> <span class='ocrx_word' id='word_1_605' title='bbox 2675 2093 2926 2155; x_wconf 79' lang='lat' dir='ltr'><strong>expertus</strong></span> <span class='ocrx_word' id='word_1_606' title='bbox 2948 2093 3030 2139; x_wconf 88' lang='lat' dir='ltr'><strong>est</strong></span> <span class='ocrx_word' id='word_1_607' title='bbox 3070 2086 3146 2156; x_wconf 83' lang='lat'><strong>(&#39;5.</strong></span> <span class='ocrx_word' id='word_1_608' title='bbox 3178 2084 3307 2155; x_wconf 81' lang='lat' dir='ltr'><strong>Reg.</strong></span> <span class='ocrx_word' id='word_1_609' title='bbox 3340 2087 3427 2141; x_wconf 85' lang='grc'><strong>19.</strong></span> <span class='ocrx_word' id='word_1_610' title='bbox 3462 2086 3545 2158; x_wconf 87' lang='lat'><strong>8).</strong></span> 
     </span>
    </p>
   </div>
   <div class='ocr_carea' id='block_1_81' title="bbox 1966 2177 3545 2250">
    <p class='ocr_par' dir='ltr' id='par_1_81' title="bbox 1966 2177 3545 2250">
     <span class='ocr_line' id='line_1_81' title="bbox 1966 2177 3545 2250; baseline 0 -16"><span class='ocrx_word' id='word_1_611' title='bbox 1966 2179 2059 2234; x_wconf 84' lang='lat' dir='ltr'><strong>Vir</strong></span> <span class='ocrx_word' id='word_1_612' title='bbox 2085 2194 2296 2250; x_wconf 89' lang='lat' dir='ltr'><strong>quoque</strong></span> <span class='ocrx_word' id='word_1_613' title='bbox 2335 2177 2741 2243; x_wconf 83' lang='lat' dir='ltr'><strong>desideriorum,</strong></span> <span class='ocrx_word' id='word_1_614' title='bbox 2769 2185 2984 2247; x_wconf 85' lang='lat' dir='ltr'><strong>peracto</strong></span> <span class='ocrx_word' id='word_1_615' title='bbox 3011 2177 3298 2232; x_wconf 83' lang='lat' dir='ltr'><strong>multorum</strong></span> <span class='ocrx_word' id='word_1_616' title='bbox 3335 2178 3545 2234; x_wconf 89' lang='lat' dir='ltr'><strong>dierum</strong></span> 
     </span>
    </p>
   </div>
   <div class='ocr_carea' id='block_1_82' title="bbox 1959 2268 3550 2342">
    <p class='ocr_par' dir='ltr' id='par_1_82' title="bbox 1959 2268 3550 2342">
     <span class='ocr_line' id='line_1_82' title="bbox 1959 2268 3550 2342; baseline 0.001 -17"><span class='ocrx_word' id='word_1_617' title='bbox 1959 2272 2165 2342; x_wconf 88' lang='lat' dir='ltr'><strong>jejunio</strong></span> <span class='ocrx_word' id='word_1_618' title='bbox 2187 2312 2205 2337; x_wconf 95' lang='lat'><strong>,</strong></span> <span class='ocrx_word' id='word_1_619' title='bbox 2252 2271 2617 2326; x_wconf 86' lang='lat' dir='ltr'><strong>admirandam</strong></span> <span class='ocrx_word' id='word_1_620' title='bbox 2656 2268 2798 2325; x_wconf 89' lang='lat' dir='ltr'><strong>illam</strong></span> <span class='ocrx_word' id='word_1_621' title='bbox 2837 2270 3095 2324; x_wconf 85' lang='lat' dir='ltr'><strong>visionem</strong></span> <span class='ocrx_word' id='word_1_622' title='bbox 3125 2278 3311 2324; x_wconf 88' lang='lat' dir='ltr'><strong>nactus</strong></span> <span class='ocrx_word' id='word_1_623' title='bbox 3339 2280 3452 2338; x_wconf 86' lang='lat' dir='ltr'><strong>est,</strong></span> <span class='ocrx_word' id='word_1_624' title='bbox 3488 2281 3550 2327; x_wconf 91' lang='lat' dir='ltr'><strong>et</strong></span> 
     </span>
    </p>
   </div>
   <div class='ocr_carea' id='block_1_83' title="bbox 1966 2363 3549 2436">
    <p class='ocr_par' dir='ltr' id='par_1_83' title="bbox 1966 2363 3549 2436">
     <span class='ocr_line' id='line_1_83' title="bbox 1966 2363 3549 2436; baseline 0.001 -17"><span class='ocrx_word' id='word_1_625' title='bbox 1966 2364 2177 2420; x_wconf 88' lang='lat' dir='ltr'><strong>leonum</strong></span> <span class='ocrx_word' id='word_1_626' title='bbox 2211 2363 2443 2420; x_wconf 83' lang='lat' dir='ltr'><strong>furorem</strong></span> <span class='ocrx_word' id='word_1_627' title='bbox 2470 2366 2799 2435; x_wconf 83' lang='lat' dir='ltr'><strong>compescuit</strong></span> <span class='ocrx_word' id='word_1_628' title='bbox 2826 2367 2878 2420; x_wconf 92' lang='lat' dir='ltr'><strong>in</strong></span> <span class='ocrx_word' id='word_1_629' title='bbox 2908 2366 3195 2436; x_wconf 81' lang='lat' dir='ltr'><strong>oviumque</strong></span> <span class='ocrx_word' id='word_1_630' title='bbox 3235 2376 3549 2423; x_wconf 83' lang='lat' dir='ltr'><strong>mansuetu-</strong></span> 
     </span>
    </p>
   </div>
   <div class='ocr_carea' id='block_1_84' title="bbox 1966 2456 3543 2527">
    <p class='ocr_par' dir='ltr' id='par_1_84' title="bbox 1966 2456 3543 2527">
     <span class='ocr_line' id='line_1_84' title="bbox 1966 2456 3543 2527; baseline 0.001 -16"><span class='ocrx_word' id='word_1_631' title='bbox 1966 2456 2146 2511; x_wconf 91' lang='lat' dir='ltr'><strong>dinem</strong></span> <span class='ocrx_word' id='word_1_632' title='bbox 2170 2458 2329 2513; x_wconf 88' lang='lat' dir='ltr'><strong>vertit</strong></span> <span class='ocrx_word' id='word_1_633' title='bbox 2356 2457 2529 2526; x_wconf 86' lang='lat' dir='ltr'><strong>(Dan.</strong></span> <span class='ocrx_word' id='word_1_634' title='bbox 2562 2458 2649 2513; x_wconf 84' lang='grc'><strong>10.</strong></span> <span class='ocrx_word' id='word_1_635' title='bbox 2679 2456 2772 2527; x_wconf 89' lang='grc'><strong>5),</strong></span> <span class='ocrx_word' id='word_1_636' title='bbox 2800 2472 2905 2511; x_wconf 93' lang='lat' dir='ltr'><strong>non</strong></span> <span class='ocrx_word' id='word_1_637' title='bbox 2926 2467 3167 2512; x_wconf 88' lang='lat' dir='ltr'><strong>naturam</strong></span> <span class='ocrx_word' id='word_1_638' title='bbox 3189 2467 3543 2527; x_wconf 75' lang='lat' dir='ltr'><strong>commutatis,</strong></span> 
     </span>
    </p>
   </div>
   <div class='ocr_carea' id='block_1_85' title="bbox 1965 2524 3551 2619">
    <p class='ocr_par' dir='ltr' id='par_1_85' title="bbox 1965 2524 3551 2619">
     <span class='ocr_line' id='line_1_85' title="bbox 1965 2524 3551 2619; baseline 0 -14"><span class='ocrx_word' id='word_1_639' title='bbox 1965 2549 2060 2605; x_wconf 89' lang='lat' dir='ltr'><strong>sed</strong></span> <span class='ocrx_word' id='word_1_640' title='bbox 2078 2549 2284 2605; x_wconf 87' lang='lat' dir='ltr'><strong>feritate</strong></span> <span class='ocrx_word' id='word_1_641' title='bbox 2300 2524 2548 2605; x_wconf 86' lang='lat' dir='ltr'><strong>manente</strong></span> <span class='ocrx_word' id='word_1_642' title='bbox 2565 2524 2858 2619; x_wconf 86' lang='lat' dir='ltr'><strong>appetitum</strong></span> <span class='ocrx_word' id='word_1_643' title='bbox 2870 2556 3129 2605; x_wconf 85' lang='lat' dir='ltr'><strong>mutatum</strong></span> <span class='ocrx_word' id='word_1_644' title='bbox 3141 2524 3413 2605; x_wconf 68' lang='lat' dir='ltr'><strong>cohibens.</strong></span> <span class='ocrx_word' id='word_1_645' title='bbox 3435 2549 3551 2605; x_wconf 80' lang='lat' dir='ltr'><strong>Hoc</strong></span> 
     </span>
    </p>
   </div>
   <div class='ocr_carea' id='block_1_86' title="bbox 1962 2641 3546 2712">
    <p class='ocr_par' dir='ltr' id='par_1_86' title="bbox 1962 2641 3546 2712">
     <span class='ocr_line' id='line_1_86' title="bbox 1962 2641 3546 2712; baseline -0.002 -15"><span class='ocrx_word' id='word_1_646' title='bbox 1962 2641 2165 2712; x_wconf 88' lang='lat' dir='ltr'><strong>jejunio</strong></span> <span class='ocrx_word' id='word_1_647' title='bbox 2180 2651 2235 2698; x_wconf 90' lang='lat' dir='ltr'><strong>et</strong></span> <span class='ocrx_word' id='word_1_648' title='bbox 2249 2642 2491 2698; x_wconf 73' lang='lat' dir='ltr'><strong>Ninivita:</strong></span> <span class='ocrx_word' id='word_1_649' title='bbox 2508 2643 2613 2708; x_wconf 91' lang='lat' dir='ltr'><strong>usi,</strong></span> <span class='ocrx_word' id='word_1_650' title='bbox 2634 2643 2956 2697; x_wconf 85' lang='lat' dir='ltr'><strong>sententiam</strong></span> <span class='ocrx_word' id='word_1_651' title='bbox 2980 2642 3186 2696; x_wconf 83' lang='lat' dir='ltr'><strong>Domini</strong></span> <span class='ocrx_word' id='word_1_652' title='bbox 3202 2649 3546 2706; x_wconf 83' lang='lat' dir='ltr'><strong>revocarunt,</strong></span> 
     </span>
    </p>
   </div>
   <div class='ocr_carea' id='block_1_87' title="bbox 1966 2733 3548 2805">
    <p class='ocr_par' dir='ltr' id='par_1_87' title="bbox 1966 2733 3548 2805">
     <span class='ocr_line' id='line_1_87' title="bbox 1966 2733 3548 2805; baseline -0.001 -14"><span class='ocrx_word' id='word_1_653' title='bbox 1966 2734 2261 2791; x_wconf 80' lang='lat' dir='ltr'><strong>efﬁcientes</strong></span> <span class='ocrx_word' id='word_1_654' title='bbox 2287 2744 2347 2790; x_wconf 93' lang='lat' dir='ltr'><strong>ut</strong></span> <span class='ocrx_word' id='word_1_655' title='bbox 2368 2743 2474 2789; x_wconf 87' lang='lat' dir='ltr'><strong>tam</strong></span> <span class='ocrx_word' id='word_1_656' title='bbox 2495 2735 2734 2803; x_wconf 88' lang='lat' dir='ltr'><strong>jumenta</strong></span> <span class='ocrx_word' id='word_1_657' title='bbox 2761 2749 2921 2805; x_wconf 83' lang='lat' dir='ltr'><strong>quant</strong></span> <span class='ocrx_word' id='word_1_658' title='bbox 2948 2733 3194 2789; x_wconf 87' lang='lat' dir='ltr'><strong>homines</strong></span> <span class='ocrx_word' id='word_1_659' title='bbox 3217 2733 3344 2789; x_wconf 93' lang='lat' dir='ltr'><strong>illud</strong></span> <span class='ocrx_word' id='word_1_660' title='bbox 3372 2735 3548 2789; x_wconf 84' lang='lat' dir='ltr'><strong>susci-</strong></span> 
     </span>
    </p>
   </div>
   <div class='ocr_carea' id='block_1_88' title="bbox 1968 2826 3548 2899">
    <p class='ocr_par' dir='ltr' id='par_1_88' title="bbox 1968 2826 3548 2899">
     <span class='ocr_line' id='line_1_88' title="bbox 1968 2826 3548 2899; baseline -0.002 -15"><span class='ocrx_word' id='word_1_661' title='bbox 1968 2839 2190 2899; x_wconf 83' lang='lat' dir='ltr'><strong>perent,</strong></span> <span class='ocrx_word' id='word_1_662' title='bbox 2218 2842 2273 2885; x_wconf 88' lang='lat' dir='ltr'><strong>et</strong></span> <span class='ocrx_word' id='word_1_663' title='bbox 2307 2829 2384 2884; x_wconf 91' lang='lat' dir='ltr'><strong>sic</strong></span> <span class='ocrx_word' id='word_1_664' title='bbox 2412 2828 2761 2883; x_wconf 76' lang='lat' dir='ltr'><strong>abscedentes</strong></span> <span class='ocrx_word' id='word_1_665' title='bbox 2785 2826 3147 2897; x_wconf 82' lang='lat' dir='ltr'><strong>unusquisque</strong></span> <span class='ocrx_word' id='word_1_666' title='bbox 3182 2841 3212 2880; x_wconf 85' lang='lat' dir='ltr'><strong>a</strong></span> <span class='ocrx_word' id='word_1_667' title='bbox 3251 2827 3405 2881; x_wconf 76' lang='lat' dir='ltr'><strong>malis</strong></span> <span class='ocrx_word' id='word_1_668' title='bbox 3429 2836 3548 2881; x_wconf 85' lang='lat' dir='ltr'><strong>stu-</strong></span> 
     </span>
    </p>
   </div>
   <div class='ocr_carea' id='block_1_89' title="bbox 1966 2918 3546 2987">
    <p class='ocr_par' dir='ltr' id='par_1_89' title="bbox 1966 2918 3546 2987">
     <span class='ocr_line' id='line_1_89' title="bbox 1966 2918 3546 2987; baseline -0.001 -12"><span class='ocrx_word' id='word_1_669' title='bbox 1966 2920 2091 2987; x_wconf 88' lang='lat' dir='ltr'><strong>diis,</strong></span> <span class='ocrx_word' id='word_1_670' title='bbox 2119 2920 2185 2974; x_wconf 83' lang='lat' dir='ltr'><strong>ad</strong></span> <span class='ocrx_word' id='word_1_671' title='bbox 2214 2920 2552 2977; x_wconf 85' lang='lat' dir='ltr'><strong>clementiam</strong></span> <span class='ocrx_word' id='word_1_672' title='bbox 2580 2920 2945 2973; x_wconf 87' lang='lat' dir='ltr'><strong>universorum</strong></span> <span class='ocrx_word' id='word_1_673' title='bbox 2976 2918 3257 2973; x_wconf 89' lang='lat' dir='ltr'><strong>Dominum</strong></span> <span class='ocrx_word' id='word_1_674' title='bbox 3288 2933 3546 2987; x_wconf 82' lang='lat' dir='ltr'><strong>provoca-</strong></span> 
     </span>
    </p>
   </div>
   <div class='ocr_carea' id='block_1_90' title="bbox 1968 3008 3552 3081">
    <p class='ocr_par' dir='ltr' id='par_1_90' title="bbox 1968 3008 3552 3081">
     <span class='ocr_line' id='line_1_90' title="bbox 1968 3008 3552 3081; baseline -0.003 -14"><span class='ocrx_word' id='word_1_675' title='bbox 1968 3020 2090 3067; x_wconf 84' lang='lat' dir='ltr'><strong>rent</strong></span> <span class='ocrx_word' id='word_1_676' title='bbox 2129 3010 2313 3081; x_wconf 78' lang='lat' dir='ltr'><strong>(Jona:</strong></span> <span class='ocrx_word' id='word_1_677' title='bbox 2339 3012 2453 3067; x_wconf 66' lang='lat'><strong>5:7</strong></span> <span class='ocrx_word' id='word_1_678' title='bbox 2471 3009 2511 3081; x_wconf 86' lang='lat'><strong>).</strong></span> <span class='ocrx_word' id='word_1_679' title='bbox 2555 3010 2621 3065; x_wconf 89' lang='lat' dir='ltr'><strong>Et</strong></span> <span class='ocrx_word' id='word_1_680' title='bbox 2644 3010 2770 3080; x_wconf 87' lang='lat' dir='ltr'><strong>quid</strong></span> <span class='ocrx_word' id='word_1_681' title='bbox 2799 3009 2939 3065; x_wconf 89' lang='lat' dir='ltr'><strong>circa</strong></span> <span class='ocrx_word' id='word_1_682' title='bbox 2970 3023 3151 3065; x_wconf 87' lang='lat' dir='ltr'><strong>servos</strong></span> <span class='ocrx_word' id='word_1_683' title='bbox 3180 3008 3404 3064; x_wconf 85' lang='lat' dir='ltr'><strong>ulterius</strong></span> <span class='ocrx_word' id='word_1_684' title='bbox 3428 3024 3552 3063; x_wconf 74' lang='lat' dir='ltr'><strong>vcr-</strong></span> 
     </span>
    </p>
   </div>
   <div class='ocr_carea' id='block_1_91' title="bbox 1970 3099 3550 3171">
    <p class='ocr_par' dir='ltr' id='par_1_91' title="bbox 1970 3099 3550 3171">
     <span class='ocr_line' id='line_1_91' title="bbox 1970 3099 3550 3171; baseline -0.004 -12"><span class='ocrx_word' id='word_1_685' title='bbox 1970 3104 2103 3159; x_wconf 81' lang='lat' dir='ltr'><strong>sor?</strong></span> <span class='ocrx_word' id='word_1_686' title='bbox 2149 3102 2353 3156; x_wconf 74' lang='lat' dir='ltr'><strong>Etenim</strong></span> <span class='ocrx_word' id='word_1_687' title='bbox 2385 3115 2661 3171; x_wconf 89' lang='lat' dir='ltr'><strong>possemus</strong></span> <span class='ocrx_word' id='word_1_688' title='bbox 2694 3110 2750 3156; x_wconf 88' lang='lat' dir='ltr'><strong>et</strong></span> <span class='ocrx_word' id='word_1_689' title='bbox 2776 3099 2910 3156; x_wconf 88' lang='lat' dir='ltr'><strong>alios</strong></span> <span class='ocrx_word' id='word_1_690' title='bbox 2939 3099 3195 3169; x_wconf 81' lang='lat' dir='ltr'><strong>plurimos</strong></span> <span class='ocrx_word' id='word_1_691' title='bbox 3218 3113 3550 3154; x_wconf 61' lang='lat' dir='ltr'><strong>commemo.</strong></span> 
     </span>
    </p>
   </div>
   <div class='ocr_carea' id='block_1_92' title="bbox 1972 3190 3549 3262">
    <p class='ocr_par' dir='ltr' id='par_1_92' title="bbox 1972 3190 3549 3262">
     <span class='ocr_line' id='line_1_92' title="bbox 1972 3190 3549 3262; baseline -0.003 -12"><span class='ocrx_word' id='word_1_692' title='bbox 1972 3210 2093 3250; x_wconf 86' lang='lat' dir='ltr'><strong>rare</strong></span> <span class='ocrx_word' id='word_1_693' title='bbox 2120 3203 2168 3249; x_wconf 90' lang='lat' dir='ltr'><strong>et</strong></span> <span class='ocrx_word' id='word_1_694' title='bbox 2187 3196 2241 3248; x_wconf 92' lang='lat' dir='ltr'><strong>in</strong></span> <span class='ocrx_word' id='word_1_695' title='bbox 2271 3194 2471 3259; x_wconf 81' lang='lat' dir='ltr'><strong>Veteri,</strong></span> <span class='ocrx_word' id='word_1_696' title='bbox 2494 3193 2624 3248; x_wconf 90' lang='lat' dir='ltr'><strong>etin</strong></span> <span class='ocrx_word' id='word_1_697' title='bbox 2646 3192 2793 3247; x_wconf 78' lang='lat' dir='ltr'><strong>Novo</strong></span> <span class='ocrx_word' id='word_1_698' title='bbox 2812 3190 3153 3246; x_wconf 84' lang='lat' dir='ltr'><strong>Testamento</strong></span> <span class='ocrx_word' id='word_1_699' title='bbox 3179 3207 3274 3262; x_wconf 86' lang='lat' dir='ltr'><strong>per</strong></span> <span class='ocrx_word' id='word_1_700' title='bbox 3288 3191 3549 3261; x_wconf 86' lang='lat' dir='ltr'><strong>jejunium</strong></span> 
     </span>
    </p>
   </div>
   <div class='ocr_carea' id='block_1_93' title="bbox 1970 3283 3552 3353">
    <p class='ocr_par' dir='ltr' id='par_1_93' title="bbox 1970 3283 3552 3353">
     <span class='ocr_line' id='line_1_93' title="bbox 1970 3283 3552 3353; baseline -0.002 -13"><span class='ocrx_word' id='word_1_701' title='bbox 1970 3285 2299 3349; x_wconf 85' lang='lat' dir='ltr'><strong>celebratos;</strong></span> <span class='ocrx_word' id='word_1_702' title='bbox 2331 3299 2514 3339; x_wconf 88' lang='lat' dir='ltr'><strong>verum</strong></span> <span class='ocrx_word' id='word_1_703' title='bbox 2547 3298 2728 3353; x_wconf 76' lang='lat' dir='ltr'><strong>operte</strong></span> <span class='ocrx_word' id='word_1_704' title='bbox 2753 3283 2978 3352; x_wconf 88' lang='lat' dir='ltr'><strong>pretium</strong></span> <span class='ocrx_word' id='word_1_705' title='bbox 2999 3293 3101 3349; x_wconf 90' lang='lat' dir='ltr'><strong>est,</strong></span> <span class='ocrx_word' id='word_1_706' title='bbox 3133 3292 3193 3337; x_wconf 91' lang='lat' dir='ltr'><strong>ut</strong></span> <span class='ocrx_word' id='word_1_707' title='bbox 3218 3283 3283 3337; x_wconf 88' lang='lat' dir='ltr'><strong>ad</strong></span> <span class='ocrx_word' id='word_1_708' title='bbox 3306 3298 3552 3337; x_wconf 89' lang='lat' dir='ltr'><strong>commu-</strong></span> 
     </span>
    </p>
   </div>
   <div class='ocr_carea' id='block_1_94' title="bbox 1968 3374 3554 3432">
    <p class='ocr_par' dir='ltr' id='par_1_94' title="bbox 1968 3374 3554 3432">
     <span class='ocr_line' id='line_1_94' title="bbox 1968 3374 3554 3432; baseline -0.002 0"><span class='ocrx_word' id='word_1_709' title='bbox 1968 3392 2094 3432; x_wconf 85' lang='lat' dir='ltr'><strong>nem</strong></span> <span class='ocrx_word' id='word_1_710' title='bbox 2139 3375 2305 3431; x_wconf 82' lang='lat' dir='ltr'><strong>nostri</strong></span> <span class='ocrx_word' id='word_1_711' title='bbox 2349 3376 2585 3431; x_wconf 79' lang='lat' dir='ltr'><strong>omnium</strong></span> <span class='ocrx_word' id='word_1_712' title='bbox 2628 3375 2908 3429; x_wconf 87' lang='lat' dir='ltr'><strong>Dominum</strong></span> <span class='ocrx_word' id='word_1_713' title='bbox 2951 3375 3245 3429; x_wconf 85' lang='lat' dir='ltr'><strong>veniamus.</strong></span> <span class='ocrx_word' id='word_1_714' title='bbox 3296 3374 3554 3429; x_wconf 86' lang='lat' dir='ltr'><strong>Dominus</strong></span> 
     </span>
    </p>
   </div>
   <div class='ocr_carea' id='block_1_95' title="bbox 1972 3464 3554 3535">
    <p class='ocr_par' dir='ltr' id='par_1_95' title="bbox 1972 3464 3554 3535">
     <span class='ocr_line' id='line_1_95' title="bbox 1972 3464 3554 3535; baseline -0.001 -15"><span class='ocrx_word' id='word_1_715' title='bbox 1972 3468 2114 3521; x_wconf 90' lang='lat' dir='ltr'><strong>enim</strong></span> <span class='ocrx_word' id='word_1_716' title='bbox 2159 3475 2342 3521; x_wconf 87' lang='lat' dir='ltr'><strong>noster</strong></span> <span class='ocrx_word' id='word_1_717' title='bbox 2366 3467 2527 3522; x_wconf 78' lang='lat' dir='ltr'><strong>Jssus</strong></span> <span class='ocrx_word' id='word_1_718' title='bbox 2551 3466 2814 3520; x_wconf 77' lang='lat' dir='ltr'><strong>Cunts&#39;rns</strong></span> <span class='ocrx_word' id='word_1_719' title='bbox 2837 3474 2895 3520; x_wconf 91' lang='lat' dir='ltr'><strong>et</strong></span> <span class='ocrx_word' id='word_1_720' title='bbox 2922 3464 3035 3534; x_wconf 86' lang='lat' dir='ltr'><strong>ipse</strong></span> <span class='ocrx_word' id='word_1_721' title='bbox 3061 3465 3407 3535; x_wconf 86' lang='lat' dir='ltr'><strong>quadraginta</strong></span> <span class='ocrx_word' id='word_1_722' title='bbox 3431 3465 3554 3520; x_wconf 88' lang='lat' dir='ltr'><strong>die-</strong></span> 
     </span>
    </p>
   </div>
   <div class='ocr_carea' id='block_1_96' title="bbox 1972 3557 3553 3628">
    <p class='ocr_par' dir='ltr' id='par_1_96' title="bbox 1972 3557 3553 3628">
     <span class='ocr_line' id='line_1_96' title="bbox 1972 3557 3553 3628; baseline -0.001 -16"><span class='ocrx_word' id='word_1_723' title='bbox 1972 3574 2089 3613; x_wconf 91' lang='lat' dir='ltr'><strong>rum</strong></span> <span class='ocrx_word' id='word_1_724' title='bbox 2118 3559 2395 3628; x_wconf 76' lang='lat' dir='ltr'><strong>prznmisso</strong></span> <span class='ocrx_word' id='word_1_725' title='bbox 2418 3558 2642 3627; x_wconf 85' lang='lat' dir='ltr'><strong>jejunio,</strong></span> <span class='ocrx_word' id='word_1_726' title='bbox 2674 3558 2752 3612; x_wconf 89' lang='lat' dir='ltr'><strong>sic</strong></span> <span class='ocrx_word' id='word_1_727' title='bbox 2778 3567 3051 3614; x_wconf 82' lang='lat' dir='ltr'><strong>certamen</strong></span> <span class='ocrx_word' id='word_1_728' title='bbox 3068 3565 3255 3612; x_wconf 86' lang='lat' dir='ltr'><strong>contra</strong></span> <span class='ocrx_word' id='word_1_729' title='bbox 3281 3557 3553 3612; x_wconf 87' lang='lat' dir='ltr'><strong>diabolum</strong></span> 
     </span>
    </p>
   </div>
   <div class='ocr_carea' id='block_1_97' title="bbox 1972 3648 3555 3721">
    <p class='ocr_par' dir='ltr' id='par_1_97' title="bbox 1972 3648 3555 3721">
     <span class='ocr_line' id='line_1_97' title="bbox 1972 3648 3555 3721; baseline -0.001 -16"><span class='ocrx_word' id='word_1_730' title='bbox 1972 3665 2256 3721; x_wconf 82' lang='lat' dir='ltr'><strong>aggressus</strong></span> <span class='ocrx_word' id='word_1_731' title='bbox 2273 3657 2357 3705; x_wconf 82' lang='lat' dir='ltr'><strong>est</strong></span> <span class='ocrx_word' id='word_1_732' title='bbox 2384 3648 2596 3721; x_wconf 70' lang='lat' dir='ltr'><strong>(Matth.</strong></span> <span class='ocrx_word' id='word_1_733' title='bbox 2628 3650 2685 3704; x_wconf 72' lang='grc'><strong>4.</strong></span> <span class='ocrx_word' id='word_1_734' title='bbox 2711 3648 2794 3721; x_wconf 77' lang='grc'><strong>2),</strong></span> <span class='ocrx_word' id='word_1_735' title='bbox 2816 3648 3171 3719; x_wconf 90' lang='lat' dir='ltr'><strong>omnibusque</strong></span> <span class='ocrx_word' id='word_1_736' title='bbox 3202 3649 3355 3705; x_wconf 91' lang='lat' dir='ltr'><strong>nobis</strong></span> <span class='ocrx_word' id='word_1_737' title='bbox 3374 3664 3555 3704; x_wconf 78' lang='lat' dir='ltr'><strong>exem-</strong></span> 
     </span>
    </p>
   </div>
   <div class='ocr_carea' id='block_1_98' title="bbox 1976 3740 3556 3812">
    <p class='ocr_par' dir='ltr' id='par_1_98' title="bbox 1976 3740 3556 3812">
     <span class='ocr_line' id='line_1_98' title="bbox 1976 3740 3556 3812; baseline 0.001 -18"><span class='ocrx_word' id='word_1_738' title='bbox 1976 3741 2122 3811; x_wconf 89' lang='lat' dir='ltr'><strong>plum</strong></span> <span class='ocrx_word' id='word_1_739' title='bbox 2150 3740 2327 3807; x_wconf 89' lang='lat' dir='ltr'><strong>dedit,</strong></span> <span class='ocrx_word' id='word_1_740' title='bbox 2360 3749 2417 3795; x_wconf 92' lang='lat' dir='ltr'><strong>ut</strong></span> <span class='ocrx_word' id='word_1_741' title='bbox 2445 3756 2543 3812; x_wconf 89' lang='lat' dir='ltr'><strong>per</strong></span> <span class='ocrx_word' id='word_1_742' title='bbox 2568 3740 2695 3795; x_wconf 92' lang='lat' dir='ltr'><strong>illud</strong></span> <span class='ocrx_word' id='word_1_743' title='bbox 2723 3755 3013 3807; x_wconf 88' lang='lat' dir='ltr'><strong>armemur,</strong></span> <span class='ocrx_word' id='word_1_744' title='bbox 3054 3749 3109 3794; x_wconf 88' lang='lat' dir='ltr'><strong>et</strong></span> <span class='ocrx_word' id='word_1_745' title='bbox 3146 3756 3213 3795; x_wconf 79' lang='lat' dir='ltr'><strong>ex</strong></span> <span class='ocrx_word' id='word_1_746' title='bbox 3262 3740 3353 3794; x_wconf 91' lang='lat' dir='ltr'><strong>illo</strong></span> <span class='ocrx_word' id='word_1_747' title='bbox 3390 3741 3556 3795; x_wconf 87' lang='lat' dir='ltr'><strong>robur</strong></span> 
     </span>
    </p>
   </div>
   <div class='ocr_carea' id='block_1_99' title="bbox 1972 3831 3599 3904">
    <p class='ocr_par' dir='ltr' id='par_1_99' title="bbox 1972 3831 3599 3904">
     <span class='ocr_line' id='line_1_99' title="bbox 1972 3831 3599 3904; baseline -0.002 -15"><span class='ocrx_word' id='word_1_748' title='bbox 1972 3848 2267 3897; x_wconf 81' lang='lat' dir='ltr'><strong>sumamus,</strong></span> <span class='ocrx_word' id='word_1_749' title='bbox 2292 3842 2352 3889; x_wconf 93' lang='lat' dir='ltr'><strong>ut</strong></span> <span class='ocrx_word' id='word_1_750' title='bbox 2371 3832 2436 3887; x_wconf 87' lang='lat' dir='ltr'><strong>ad</strong></span> <span class='ocrx_word' id='word_1_751' title='bbox 2464 3847 2693 3904; x_wconf 87' lang='lat' dir='ltr'><strong>pugnam</strong></span> <span class='ocrx_word' id='word_1_752' title='bbox 2709 3842 2892 3888; x_wconf 89' lang='lat' dir='ltr'><strong>contra</strong></span> <span class='ocrx_word' id='word_1_753' title='bbox 2912 3831 3181 3887; x_wconf 89' lang='lat' dir='ltr'><strong>diabolum</strong></span> <span class='ocrx_word' id='word_1_754' title='bbox 3206 3833 3549 3887; x_wconf 87' lang='lat' dir='ltr'><strong>instruamur.</strong></span> <span class='ocrx_word' id='word_1_755' title='bbox 3593 3880 3599 3885; x_wconf 91' lang='lat'><strong>.</strong></span> 
     </span>
    </p>
   </div>
   <div class='ocr_carea' id='block_1_100' title="bbox 1978 3922 3557 3994">
    <p class='ocr_par' dir='ltr' id='par_1_100' title="bbox 1978 3922 3557 3994">
     <span class='ocr_line' id='line_1_100' title="bbox 1978 3922 3557 3994; baseline -0.001 -13"><span class='ocrx_word' id='word_1_756' title='bbox 1978 3926 2046 3981; x_wconf 78' lang='lat' dir='ltr'><strong>At</strong></span> <span class='ocrx_word' id='word_1_757' title='bbox 2075 3924 2162 3980; x_wconf 87' lang='lat' dir='ltr'><strong>hic</strong></span> <span class='ocrx_word' id='word_1_758' title='bbox 2185 3923 2431 3979; x_wconf 79' lang='lat' dir='ltr'><strong>fortassis</strong></span> <span class='ocrx_word' id='word_1_759' title='bbox 2454 3922 2721 3994; x_wconf 82' lang='lat' dir='ltr'><strong>rogaverit</strong></span> <span class='ocrx_word' id='word_1_760' title='bbox 2740 3924 3004 3994; x_wconf 84' lang='lat' dir='ltr'><strong>quispiam</strong></span> <span class='ocrx_word' id='word_1_761' title='bbox 3029 3938 3215 3977; x_wconf 90' lang='lat' dir='ltr'><strong>eorum</strong></span> <span class='ocrx_word' id='word_1_762' title='bbox 3241 3925 3326 3993; x_wconf 90' lang='lat' dir='ltr'><strong>qui</strong></span> <span class='ocrx_word' id='word_1_763' title='bbox 3351 3924 3557 3980; x_wconf 89' lang='lat' dir='ltr'><strong>acutius</strong></span> 
     </span>
    </p>
   </div>
   <div class='ocr_carea' id='block_1_101' title="bbox 1975 4014 3554 4087">
    <p class='ocr_par' dir='ltr' id='par_1_101' title="bbox 1975 4014 3554 4087">
     <span class='ocr_line' id='line_1_101' title="bbox 1975 4014 3554 4087; baseline -0.003 -12"><span class='ocrx_word' id='word_1_764' title='bbox 1975 4016 2157 4077; x_wconf 85' lang='lat' dir='ltr'><strong>vident</strong></span> <span class='ocrx_word' id='word_1_765' title='bbox 2177 4062 2192 4087; x_wconf 93' lang='lat'><strong>,</strong></span> <span class='ocrx_word' id='word_1_766' title='bbox 2238 4025 2295 4076; x_wconf 88' lang='lat' dir='ltr'><strong>ct</strong></span> <span class='ocrx_word' id='word_1_767' title='bbox 2342 4016 2652 4075; x_wconf 77' lang='lat' dir='ltr'><strong>excitatiore</strong></span> <span class='ocrx_word' id='word_1_768' title='bbox 2678 4015 2857 4069; x_wconf 85' lang='lat' dir='ltr'><strong>animo</strong></span> <span class='ocrx_word' id='word_1_769' title='bbox 2885 4024 3007 4070; x_wconf 88' lang='lat' dir='ltr'><strong>sunt</strong></span> <span class='ocrx_word' id='word_1_770' title='bbox 3049 4032 3065 4069; x_wconf 91' lang='lat'><strong>:</strong></span> <span class='ocrx_word' id='word_1_771' title='bbox 3101 4030 3265 4085; x_wconf 87' lang='lat' dir='ltr'><strong>quare</strong></span> <span class='ocrx_word' id='word_1_772' title='bbox 3295 4014 3511 4070; x_wconf 86' lang='lat' dir='ltr'><strong>totidem</strong></span> <span class='ocrx_word' id='word_1_773' title='bbox 3535 4056 3554 4082; x_wconf 89' lang='lat'><strong>,</strong></span> 
     </span>
    </p>
   </div>
   <div class='ocr_carea' id='block_1_102' title="bbox 1976 4105 3557 4184">
    <p class='ocr_par' dir='ltr' id='par_1_102' title="bbox 1976 4105 3557 4184">
     <span class='ocr_line' id='line_1_102' title="bbox 1976 4105 3557 4184; baseline 0 -19"><span class='ocrx_word' id='word_1_774' title='bbox 1976 4122 2108 4184; x_wconf 85' lang='lat' dir='ltr'><strong>quot</strong></span> <span class='ocrx_word' id='word_1_775' title='bbox 2130 4114 2293 4178; x_wconf 85' lang='lat' dir='ltr'><strong>servi,</strong></span> <span class='ocrx_word' id='word_1_776' title='bbox 2314 4111 2432 4167; x_wconf 88' lang='lat' dir='ltr'><strong>dies</strong></span> <span class='ocrx_word' id='word_1_777' title='bbox 2456 4105 2710 4166; x_wconf 87' lang='lat' dir='ltr'><strong>Dominus</strong></span> <span class='ocrx_word' id='word_1_778' title='bbox 2729 4105 2975 4181; x_wconf 85' lang='lat' dir='ltr'><strong>jejunare</strong></span> <span class='ocrx_word' id='word_1_779' title='bbox 2999 4105 3345 4180; x_wconf 83' lang='lat' dir='ltr'><strong>conspicitur,</strong></span> <span class='ocrx_word' id='word_1_780' title='bbox 3376 4113 3429 4164; x_wconf 87' lang='lat' dir='ltr'><strong>et</strong></span> <span class='ocrx_word' id='word_1_781' title='bbox 3455 4121 3557 4165; x_wconf 78' lang='lat' dir='ltr'><strong>nu-</strong></span> 
     </span>
    </p>
   </div>
   <div class='ocr_carea' id='block_1_103' title="bbox 1979 4197 3567 4272">
    <p class='ocr_par' dir='ltr' id='par_1_103' title="bbox 1979 4197 3567 4272">
     <span class='ocr_line' id='line_1_103' title="bbox 1979 4197 3567 4272; baseline -0.003 -13"><span class='ocrx_word' id='word_1_782' title='bbox 1979 4219 2187 4259; x_wconf 89' lang='lat' dir='ltr'><strong>merum</strong></span> <span class='ocrx_word' id='word_1_783' title='bbox 2230 4204 2379 4257; x_wconf 90' lang='lat' dir='ltr'><strong>illum</strong></span> <span class='ocrx_word' id='word_1_784' title='bbox 2423 4218 2527 4257; x_wconf 91' lang='lat' dir='ltr'><strong>non</strong></span> <span class='ocrx_word' id='word_1_785' title='bbox 2573 4200 2997 4272; x_wconf 87' lang='lat' dir='ltr'><strong>transgreditur?</strong></span> <span class='ocrx_word' id='word_1_786' title='bbox 3024 4197 3139 4254; x_wconf 76' lang='lat' dir='ltr'><strong>Non</strong></span> <span class='ocrx_word' id='word_1_787' title='bbox 3180 4201 3281 4254; x_wconf 90' lang='lat' dir='ltr'><strong>hoc</strong></span> <span class='ocrx_word' id='word_1_788' title='bbox 3324 4208 3567 4266; x_wconf 71' lang='lat' dir='ltr'><strong>temere,</strong></span> 
     </span>
    </p>
   </div>
   <div class='ocr_carea' id='block_1_104' title="bbox 1978 4288 3558 4364">
    <p class='ocr_par' dir='ltr' id='par_1_104' title="bbox 1978 4288 3558 4364">
     <span class='ocr_line' id='line_1_104' title="bbox 1978 4288 3558 4364; baseline -0.003 -16"><span class='ocrx_word' id='word_1_789' title='bbox 1978 4309 2151 4364; x_wconf 87' lang='lat' dir='ltr'><strong>neque</strong></span> <span class='ocrx_word' id='word_1_790' title='bbox 2176 4292 2391 4359; x_wconf 87' lang='lat' dir='ltr'><strong>frustra,</strong></span> <span class='ocrx_word' id='word_1_791' title='bbox 2423 4293 2531 4347; x_wconf 89' lang='lat' dir='ltr'><strong>imo</strong></span> <span class='ocrx_word' id='word_1_792' title='bbox 2558 4306 2687 4346; x_wconf 86' lang='lat' dir='ltr'><strong>vero</strong></span> <span class='ocrx_word' id='word_1_793' title='bbox 2715 4291 2983 4359; x_wconf 84' lang='lat' dir='ltr'><strong>sapienter</strong></span> <span class='ocrx_word' id='word_1_794' title='bbox 3010 4297 3066 4345; x_wconf 90' lang='lat' dir='ltr'><strong>et</strong></span> <span class='ocrx_word' id='word_1_795' title='bbox 3092 4303 3188 4359; x_wconf 90' lang='lat' dir='ltr'><strong>pro</strong></span> <span class='ocrx_word' id='word_1_796' title='bbox 3218 4288 3467 4344; x_wconf 77' lang='lat' dir='ltr'><strong>ineffabili</strong></span> <span class='ocrx_word' id='word_1_797' title='bbox 3494 4289 3558 4343; x_wconf 84' lang='lat' dir='ltr'><strong>il-</strong></span> 
     </span>
    </p>
   </div>
   <div class='ocr_carea' id='block_1_105' title="bbox 1981 4380 3560 4454">
    <p class='ocr_par' dir='ltr' id='par_1_105' title="bbox 1981 4380 3560 4454">
     <span class='ocr_line' id='line_1_105' title="bbox 1981 4380 3560 4454; baseline -0.004 -14"><span class='ocrx_word' id='word_1_798' title='bbox 1981 4386 2083 4441; x_wconf 88' lang='lat' dir='ltr'><strong>lius</strong></span> <span class='ocrx_word' id='word_1_799' title='bbox 2102 4384 2425 4454; x_wconf 88' lang='lat' dir='ltr'><strong>benignitate</strong></span> <span class='ocrx_word' id='word_1_800' title='bbox 2449 4382 2643 4437; x_wconf 89' lang='lat' dir='ltr'><strong>factum</strong></span> <span class='ocrx_word' id='word_1_801' title='bbox 2664 4390 2765 4437; x_wconf 85' lang='lat' dir='ltr'><strong>est.</strong></span> <span class='ocrx_word' id='word_1_802' title='bbox 2793 4381 2993 4450; x_wconf 82' lang='lat' dir='ltr'><strong>Nempe</strong></span> <span class='ocrx_word' id='word_1_803' title='bbox 3012 4395 3079 4434; x_wconf 89' lang='lat' dir='ltr'><strong>ne</strong></span> <span class='ocrx_word' id='word_1_804' title='bbox 3103 4380 3442 4435; x_wconf 78' lang='lat' dir='ltr'><strong>existimetur</strong></span> <span class='ocrx_word' id='word_1_805' title='bbox 3462 4394 3560 4450; x_wconf 87' lang='lat' dir='ltr'><strong>ap-</strong></span> 
     </span>
    </p>
   </div>
   <div class='ocr_carea' id='block_1_106' title="bbox 1980 4472 3556 4549">
    <p class='ocr_par' dir='ltr' id='par_1_106' title="bbox 1980 4472 3556 4549">
     <span class='ocr_line' id='line_1_106' title="bbox 1980 4472 3556 4549; baseline -0.004 -17"><span class='ocrx_word' id='word_1_806' title='bbox 1980 4486 2231 4549; x_wconf 82' lang='lat' dir='ltr'><strong>parenter</strong></span> <span class='ocrx_word' id='word_1_807' title='bbox 2262 4486 2466 4531; x_wconf 85' lang='lat' dir='ltr'><strong>tantum</strong></span> <span class='ocrx_word' id='word_1_808' title='bbox 2496 4475 2776 4530; x_wconf 85' lang='lat' dir='ltr'><strong>advenisse</strong></span> <span class='ocrx_word' id='word_1_809' title='bbox 2796 4512 2812 4540; x_wconf 95' lang='lat'><strong>,</strong></span> <span class='ocrx_word' id='word_1_810' title='bbox 2844 4482 2899 4527; x_wconf 91' lang='lat' dir='ltr'><strong>et</strong></span> <span class='ocrx_word' id='word_1_811' title='bbox 2924 4487 3031 4527; x_wconf 89' lang='lat' dir='ltr'><strong>non</strong></span> <span class='ocrx_word' id='word_1_812' title='bbox 3057 4472 3409 4541; x_wconf 85' lang='lat' dir='ltr'><strong>assumpsisse</strong></span> <span class='ocrx_word' id='word_1_813' title='bbox 3435 4486 3556 4527; x_wconf 86' lang='lat' dir='ltr'><strong>car-</strong></span> 
     </span>
    </p>
   </div>
   <div class='ocr_carea' id='block_1_107' title="bbox 1981 4562 3561 4637">
    <p class='ocr_par' dir='ltr' id='par_1_107' title="bbox 1981 4562 3561 4637">
     <span class='ocr_line' id='line_1_107' title="bbox 1981 4562 3561 4637; baseline -0.006 -12"><span class='ocrx_word' id='word_1_814' title='bbox 1981 4585 2128 4637; x_wconf 87' lang='lat' dir='ltr'><strong>nem,</strong></span> <span class='ocrx_word' id='word_1_815' title='bbox 2160 4570 2247 4624; x_wconf 88' lang='lat' dir='ltr'><strong>vel</strong></span> <span class='ocrx_word' id='word_1_816' title='bbox 2286 4578 2438 4624; x_wconf 78' lang='lat' dir='ltr'><strong>estra</strong></span> <span class='ocrx_word' id='word_1_817' title='bbox 2464 4567 2749 4621; x_wconf 89' lang='lat' dir='ltr'><strong>humanam</strong></span> <span class='ocrx_word' id='word_1_818' title='bbox 2771 4578 2893 4620; x_wconf 88' lang='lat' dir='ltr'><strong>esse</strong></span> <span class='ocrx_word' id='word_1_819' title='bbox 2920 4572 3184 4629; x_wconf 88' lang='lat' dir='ltr'><strong>naturam,</strong></span> <span class='ocrx_word' id='word_1_820' title='bbox 3216 4572 3430 4632; x_wconf 83' lang='lat' dir='ltr'><strong>prepter</strong></span> <span class='ocrx_word' id='word_1_821' title='bbox 3458 4562 3561 4616; x_wconf 88' lang='lat' dir='ltr'><strong>hoc</strong></span> 
     </span>
    </p>
   </div>
   <div class='ocr_carea' id='block_1_108' title="bbox 1980 4652 3562 4730">
    <p class='ocr_par' dir='ltr' id='par_1_108' title="bbox 1980 4652 3562 4730">
     <span class='ocr_line' id='line_1_108' title="bbox 1980 4652 3562 4730; baseline -0.007 -14"><span class='ocrx_word' id='word_1_822' title='bbox 1980 4661 2130 4716; x_wconf 90' lang='lat' dir='ltr'><strong>illum</strong></span> <span class='ocrx_word' id='word_1_823' title='bbox 2162 4660 2334 4730; x_wconf 85' lang='lat' dir='ltr'><strong>ipsum</strong></span> <span class='ocrx_word' id='word_1_824' title='bbox 2371 4671 2651 4713; x_wconf 88' lang='lat' dir='ltr'><strong>numerum</strong></span> <span class='ocrx_word' id='word_1_825' title='bbox 2675 4654 2908 4725; x_wconf 86' lang='lat' dir='ltr'><strong>jejunat,</strong></span> <span class='ocrx_word' id='word_1_826' title='bbox 2955 4668 3130 4723; x_wconf 86' lang='lat' dir='ltr'><strong>neque</strong></span> <span class='ocrx_word' id='word_1_827' title='bbox 3168 4653 3301 4707; x_wconf 91' lang='lat' dir='ltr'><strong>alios</strong></span> <span class='ocrx_word' id='word_1_828' title='bbox 3335 4653 3419 4707; x_wconf 91' lang='lat' dir='ltr'><strong>his</strong></span> <span class='ocrx_word' id='word_1_829' title='bbox 3444 4652 3562 4706; x_wconf 88' lang='lat' dir='ltr'><strong>die-</strong></span> 
     </span>
    </p>
   </div>
   <div class='ocr_carea' id='block_1_109' title="bbox 1968 4742 3562 4819">
    <p class='ocr_par' dir='ltr' id='par_1_109' title="bbox 1968 4742 3562 4819">
     <span class='ocr_line' id='line_1_109' title="bbox 1968 4742 3562 4819; baseline -0.007 -12"><span class='ocrx_word' id='word_1_830' title='bbox 1968 4751 2083 4807; x_wconf 83' lang='lat' dir='ltr'><strong>bus</strong></span> <span class='ocrx_word' id='word_1_831' title='bbox 2107 4750 2319 4819; x_wconf 88' lang='lat' dir='ltr'><strong>adjicit,</strong></span> <span class='ocrx_word' id='word_1_832' title='bbox 2353 4749 2432 4803; x_wconf 86' lang='lat' dir='ltr'><strong>sic</strong></span> <span class='ocrx_word' id='word_1_833' title='bbox 2458 4747 2642 4801; x_wconf 85' lang='lat' dir='ltr'><strong>volens</strong></span> <span class='ocrx_word' id='word_1_834' title='bbox 2678 4744 3133 4800; x_wconf 84' lang='lat' dir='ltr'><strong>contentiosorum</strong></span> <span class='ocrx_word' id='word_1_835' title='bbox 3180 4742 3562 4813; x_wconf 87' lang='lat' dir='ltr'><strong>impudentiam</strong></span> 
     </span>
    </p>
   </div>
   <div class='ocr_carea' id='block_1_110' title="bbox 1984 4834 3565 4907">
    <p class='ocr_par' dir='ltr' id='par_1_110' title="bbox 1984 4834 3565 4907">
     <span class='ocr_line' id='line_1_110' title="bbox 1984 4834 3565 4907; baseline -0.006 -10"><span class='ocrx_word' id='word_1_836' title='bbox 1984 4842 2217 4898; x_wconf 84' lang='lat' dir='ltr'><strong>frenare.</strong></span> <span class='ocrx_word' id='word_1_837' title='bbox 2249 4841 2379 4895; x_wconf 87' lang='lat' dir='ltr'><strong>Nam</strong></span> <span class='ocrx_word' id='word_1_838' title='bbox 2409 4840 2454 4894; x_wconf 87' lang='lat' dir='ltr'><strong>si</strong></span> <span class='ocrx_word' id='word_1_839' title='bbox 2482 4839 2647 4893; x_wconf 86' lang='lat' dir='ltr'><strong>rebus</strong></span> <span class='ocrx_word' id='word_1_840' title='bbox 2670 4838 2739 4891; x_wconf 89' lang='lat' dir='ltr'><strong>ita</strong></span> <span class='ocrx_word' id='word_1_841' title='bbox 2773 4837 2937 4907; x_wconf 90' lang='lat' dir='ltr'><strong>gestis</strong></span> <span class='ocrx_word' id='word_1_842' title='bbox 2957 4877 2972 4900; x_wconf 88' lang='lat'><strong>,</strong></span> <span class='ocrx_word' id='word_1_843' title='bbox 3018 4834 3231 4905; x_wconf 88' lang='lat' dir='ltr'><strong>quidam</strong></span> <span class='ocrx_word' id='word_1_844' title='bbox 3271 4836 3565 4889; x_wconf 86' lang='lat' dir='ltr'><strong>etiamnum</strong></span> 
     </span>
    </p>
   </div>
   <div class='ocr_carea' id='block_1_111' title="bbox 1985 4925 3564 5003">
    <p class='ocr_par' dir='ltr' id='par_1_111' title="bbox 1985 4925 3564 5003">
     <span class='ocr_line' id='line_1_111' title="bbox 1985 4925 3564 5003; baseline -0.009 -14"><span class='ocrx_word' id='word_1_845' title='bbox 1985 4934 2085 4989; x_wconf 88' lang='lat' dir='ltr'><strong>ista</strong></span> <span class='ocrx_word' id='word_1_846' title='bbox 2114 4932 2258 5003; x_wconf 89' lang='lat' dir='ltr'><strong>loqui</strong></span> <span class='ocrx_word' id='word_1_847' title='bbox 2287 4931 2514 4996; x_wconf 86' lang='lat' dir='ltr'><strong>audent,</strong></span> <span class='ocrx_word' id='word_1_848' title='bbox 2542 4930 2643 4983; x_wconf 92' lang='lat' dir='ltr'><strong>nisi</strong></span> <span class='ocrx_word' id='word_1_849' title='bbox 2668 4928 2859 4983; x_wconf 88' lang='lat' dir='ltr'><strong>horum</strong></span> <span class='ocrx_word' id='word_1_850' title='bbox 2896 4926 3149 4997; x_wconf 69' lang='lat' dir='ltr'><strong>praescius</strong></span> <span class='ocrx_word' id='word_1_851' title='bbox 3178 4925 3314 4980; x_wconf 89' lang='lat' dir='ltr'><strong>hanc</strong></span> <span class='ocrx_word' id='word_1_852' title='bbox 3342 4925 3442 4978; x_wconf 90' lang='lat' dir='ltr'><strong>illis</strong></span> <span class='ocrx_word' id='word_1_853' title='bbox 3469 4939 3564 4976; x_wconf 87' lang='lat' dir='ltr'><strong>an-</strong></span> 
     </span>
    </p>
   </div>
   <div class='ocr_carea' id='block_1_112' title="bbox 1984 5015 3565 5091">
    <p class='ocr_par' dir='ltr' id='par_1_112' title="bbox 1984 5015 3565 5091">
     <span class='ocr_line' id='line_1_112' title="bbox 1984 5015 3565 5091; baseline -0.009 -10"><span class='ocrx_word' id='word_1_854' title='bbox 1984 5040 2099 5081; x_wconf 90' lang='lat' dir='ltr'><strong>sam</strong></span> <span class='ocrx_word' id='word_1_855' title='bbox 2135 5023 2454 5085; x_wconf 90' lang='lat' dir='ltr'><strong>ademisset,</strong></span> <span class='ocrx_word' id='word_1_856' title='bbox 2485 5020 2609 5091; x_wconf 91' lang='lat' dir='ltr'><strong>quid</strong></span> <span class='ocrx_word' id='word_1_857' title='bbox 2653 5034 2759 5073; x_wconf 90' lang='lat' dir='ltr'><strong>non</strong></span> <span class='ocrx_word' id='word_1_858' title='bbox 2807 5018 2984 5072; x_wconf 89' lang='lat' dir='ltr'><strong>dicere</strong></span> <span class='ocrx_word' id='word_1_859' title='bbox 3025 5015 3328 5085; x_wconf 81' lang='lat' dir='ltr'><strong>aggressuri</strong></span> <span class='ocrx_word' id='word_1_860' title='bbox 3375 5016 3565 5068; x_wconf 84' lang='lat' dir='ltr'><strong>erant?</strong></span> 
     </span>
    </p>
   </div>
   <div class='ocr_carea' id='block_1_113' title="bbox 1988 5105 3567 5183">
    <p class='ocr_par' dir='ltr' id='par_1_113' title="bbox 1988 5105 3567 5183">
     <span class='ocr_line' id='line_1_113' title="bbox 1988 5105 3567 5183; baseline -0.011 -11"><span class='ocrx_word' id='word_1_861' title='bbox 1988 5116 2112 5172; x_wconf 84' lang='lat' dir='ltr'><strong>Ideo</strong></span> <span class='ocrx_word' id='word_1_862' title='bbox 2138 5114 2307 5170; x_wconf 86' lang='lat' dir='ltr'><strong>noluit</strong></span> <span class='ocrx_word' id='word_1_863' title='bbox 2334 5113 2513 5183; x_wconf 84' lang='lat' dir='ltr'><strong>plures</strong></span> <span class='ocrx_word' id='word_1_864' title='bbox 2554 5110 2670 5165; x_wconf 82' lang='lat' dir='ltr'><strong>dies</strong></span> <span class='ocrx_word' id='word_1_865' title='bbox 2707 5108 2984 5178; x_wconf 84' lang='lat' dir='ltr'><strong>jejunare,</strong></span> <span class='ocrx_word' id='word_1_866' title='bbox 3026 5105 3119 5160; x_wconf 89' lang='lat' dir='ltr'><strong>sed</strong></span> <span class='ocrx_word' id='word_1_867' title='bbox 3153 5105 3406 5168; x_wconf 91' lang='lat' dir='ltr'><strong>totidem,</strong></span> <span class='ocrx_word' id='word_1_868' title='bbox 3437 5112 3567 5172; x_wconf 87' lang='lat' dir='ltr'><strong>quot</strong></span> 
     </span>
    </p>
   </div>
   <div class='ocr_carea' id='block_1_114' title="bbox 1987 5198 3567 5277">
    <p class='ocr_par' dir='ltr' id='par_1_114' title="bbox 1987 5198 3567 5277">
     <span class='ocr_line' id='line_1_114' title="bbox 1987 5198 3567 5277; baseline -0.01 -10"><span class='ocrx_word' id='word_1_869' title='bbox 1987 5210 2131 5267; x_wconf 78' lang='lat' dir='ltr'><strong>servi</strong></span> <span class='ocrx_word' id='word_1_870' title='bbox 2155 5227 2170 5265; x_wconf 87' lang='lat'><strong>:</strong></span> <span class='ocrx_word' id='word_1_871' title='bbox 2190 5218 2247 5264; x_wconf 91' lang='lat' dir='ltr'><strong>ut</strong></span> <span class='ocrx_word' id='word_1_872' title='bbox 2263 5223 2322 5263; x_wconf 92' lang='lat' dir='ltr'><strong>re</strong></span> <span class='ocrx_word' id='word_1_873' title='bbox 2351 5206 2463 5277; x_wconf 89' lang='lat' dir='ltr'><strong>ipsa</strong></span> <span class='ocrx_word' id='word_1_874' title='bbox 2481 5218 2580 5258; x_wconf 90' lang='lat' dir='ltr'><strong>nos</strong></span> <span class='ocrx_word' id='word_1_875' title='bbox 2600 5202 2831 5267; x_wconf 87' lang='lat' dir='ltr'><strong>erudiat,</strong></span> <span class='ocrx_word' id='word_1_876' title='bbox 2849 5215 2909 5255; x_wconf 90' lang='lat' dir='ltr'><strong>se</strong></span> <span class='ocrx_word' id='word_1_877' title='bbox 2926 5198 3113 5254; x_wconf 84' lang='lat' dir='ltr'><strong>eadem</strong></span> <span class='ocrx_word' id='word_1_878' title='bbox 3141 5214 3242 5267; x_wconf 87' lang='lat' dir='ltr'><strong>qua</strong></span> <span class='ocrx_word' id='word_1_879' title='bbox 3284 5212 3382 5251; x_wconf 87' lang='lat' dir='ltr'><strong>nos</strong></span> <span class='ocrx_word' id='word_1_880' title='bbox 3406 5212 3567 5251; x_wconf 87' lang='lat' dir='ltr'><strong>carne</strong></span> 
     </span>
    </p>
   </div>
   <div class='ocr_carea' id='block_1_115' title="bbox 1988 5289 3575 5359">
    <p class='ocr_par' dir='ltr' id='par_1_115' title="bbox 1988 5289 3575 5359">
     <span class='ocr_line' id='line_1_115' title="bbox 1988 5289 3575 5359; baseline -0.009 0"><span class='ocrx_word' id='word_1_881' title='bbox 1988 5302 2241 5359; x_wconf 86' lang='lat' dir='ltr'><strong>amictum</strong></span> <span class='ocrx_word' id='word_1_882' title='bbox 2283 5309 2391 5356; x_wconf 90' lang='lat' dir='ltr'><strong>eta</strong></span> <span class='ocrx_word' id='word_1_883' title='bbox 2418 5308 2605 5353; x_wconf 83' lang='lat' dir='ltr'><strong>natura</strong></span> <span class='ocrx_word' id='word_1_884' title='bbox 2656 5302 2836 5350; x_wconf 87' lang='lat' dir='ltr'><strong>nostra</strong></span> <span class='ocrx_word' id='word_1_885' title='bbox 2868 5299 3181 5347; x_wconf 75' lang='lat' dir='ltr'><strong>extraneum</strong></span> <span class='ocrx_word' id='word_1_886' title='bbox 3226 5304 3332 5343; x_wconf 90' lang='lat' dir='ltr'><strong>non</strong></span> <span class='ocrx_word' id='word_1_887' title='bbox 3385 5289 3575 5345; x_wconf 77' lang='lat' dir='ltr'><strong>fuisse.</strong></span> 
     </span>
    </p>
   </div>
   <div class='ocr_carea' id='block_1_116' title="bbox 2059 5381 3567 5458">
    <p class='ocr_par' dir='ltr' id='par_1_116' title="bbox 2059 5381 3567 5458">
     <span class='ocr_line' id='line_1_116' title="bbox 2059 5381 3567 5458; baseline -0.012 -9"><span class='ocrx_word' id='word_1_888' title='bbox 2059 5394 2117 5449; x_wconf 80' lang='grc'><strong>4.</strong></span> <span class='ocrx_word' id='word_1_889' title='bbox 2157 5392 2419 5448; x_wconf 62' lang='lat' dir='ltr'><strong>Caeterum</strong></span> <span class='ocrx_word' id='word_1_890' title='bbox 2466 5386 2715 5458; x_wconf 83' lang='lat' dir='ltr'><strong>quoniam</strong></span> <span class='ocrx_word' id='word_1_891' title='bbox 2746 5399 2778 5438; x_wconf 84' lang='lat' dir='ltr'><strong>a</strong></span> <span class='ocrx_word' id='word_1_892' title='bbox 2802 5382 2956 5438; x_wconf 90' lang='lat' dir='ltr'><strong>nobis</strong></span> <span class='ocrx_word' id='word_1_893' title='bbox 2994 5381 3415 5437; x_wconf 85' lang='lat' dir='ltr'><strong>demonstratum</strong></span> <span class='ocrx_word' id='word_1_894' title='bbox 3447 5389 3529 5432; x_wconf 90' lang='lat' dir='ltr'><strong>est</strong></span> <span class='ocrx_word' id='word_1_895' title='bbox 3551 5422 3567 5445; x_wconf 89' lang='lat'><strong>,</strong></span> 
     </span>
    </p>
   </div>
   <div class='ocr_carea' id='block_1_117' title="bbox 1970 5471 3586 5556">
    <p class='ocr_par' dir='ltr' id='par_1_117' title="bbox 1970 5471 3586 5556">
     <span class='ocr_line' id='line_1_117' title="bbox 1970 5471 3586 5556; baseline -0.01 -15"><span class='ocrx_word' id='word_1_896' title='bbox 1970 5500 2148 5556; x_wconf 82' lang='lat' dir='ltr'><strong>quam</strong></span> <span class='ocrx_word' id='word_1_897' title='bbox 2169 5497 2359 5553; x_wconf 87' lang='lat' dir='ltr'><strong>magna</strong></span> <span class='ocrx_word' id='word_1_898' title='bbox 2384 5481 2455 5536; x_wconf 90' lang='lat' dir='ltr'><strong>sit</strong></span> <span class='ocrx_word' id='word_1_899' title='bbox 2477 5478 2667 5550; x_wconf 87' lang='lat' dir='ltr'><strong>jejunii</strong></span> <span class='ocrx_word' id='word_1_900' title='bbox 2692 5477 2793 5543; x_wconf 87' lang='lat' dir='ltr'><strong>vis,</strong></span> <span class='ocrx_word' id='word_1_901' title='bbox 2821 5483 2877 5531; x_wconf 83' lang='lat' dir='ltr'><strong>et</strong></span> <span class='ocrx_word' id='word_1_902' title='bbox 2897 5489 3056 5545; x_wconf 79' lang='lat' dir='ltr'><strong>quam</strong></span> <span class='ocrx_word' id='word_1_903' title='bbox 3087 5472 3358 5542; x_wconf 82' lang='lat' dir='ltr'><strong>multiplex</strong></span> <span class='ocrx_word' id='word_1_904' title='bbox 3384 5487 3447 5525; x_wconf 81' lang='lat' dir='ltr'><strong>ex</strong></span> <span class='ocrx_word' id='word_1_905' title='bbox 3477 5471 3586 5537; x_wconf 67' lang='lat' dir='ltr'><strong>illo~</strong></span> 
     </span>
    </p>
   </div>
   <div class='ocr_carea' id='block_1_118' title="bbox 1993 5563 3571 5643">
    <p class='ocr_par' dir='ltr' id='par_1_118' title="bbox 1993 5563 3571 5643">
     <span class='ocr_line' id='line_1_118' title="bbox 1993 5563 3571 5643; baseline -0.01 -12"><span class='ocrx_word' id='word_1_906' title='bbox 1993 5576 2211 5641; x_wconf 91' lang='lat' dir='ltr'><strong>utilitas,</strong></span> <span class='ocrx_word' id='word_1_907' title='bbox 2240 5573 2398 5643; x_wconf 88' lang='lat' dir='ltr'><strong>idque</strong></span> <span class='ocrx_word' id='word_1_908' title='bbox 2416 5570 2664 5640; x_wconf 79' lang='lat' dir='ltr'><strong>exemplo</strong></span> <span class='ocrx_word' id='word_1_909' title='bbox 2683 5582 2956 5624; x_wconf 84' lang='lat' dir='ltr'><strong>servorum</strong></span> <span class='ocrx_word' id='word_1_910' title='bbox 2978 5580 3039 5620; x_wconf 92' lang='lat' dir='ltr'><strong>ac</strong></span> <span class='ocrx_word' id='word_1_911' title='bbox 3064 5563 3269 5619; x_wconf 88' lang='lat' dir='ltr'><strong>Domini</strong></span> <span class='ocrx_word' id='word_1_912' title='bbox 3291 5571 3373 5616; x_wconf 82' lang='lat' dir='ltr'><strong>est</strong></span> <span class='ocrx_word' id='word_1_913' title='bbox 3392 5571 3571 5615; x_wconf 85' lang='lat' dir='ltr'><strong>osten-</strong></span> 
     </span>
    </p>
   </div>
   <div class='ocr_carea' id='block_1_119' title="bbox 1941 5655 3580 5741">
    <p class='ocr_par' dir='ltr' id='par_1_119' title="bbox 1941 5655 3580 5741">
     <span class='ocr_line' id='line_1_119' title="bbox 1941 5655 3580 5741; baseline -0.012 -11"><span class='ocrx_word' id='word_1_914' title='bbox 1941 5738 1950 5741; x_wconf 96' lang='lat'>_</span> <span class='ocrx_word' id='word_1_915' title='bbox 1999 5686 2152 5738; x_wconf 72' lang='lat' dir='ltr'><strong>sum;</strong></span> <span class='ocrx_word' id='word_1_916' title='bbox 2194 5668 2316 5729; x_wconf 80' lang='lat' dir='ltr'><strong>ideo</strong></span> <span class='ocrx_word' id='word_1_917' title='bbox 2356 5665 2578 5728; x_wconf 68' lang='lat' dir='ltr'><strong>obsecro</strong></span> <span class='ocrx_word' id='word_1_918' title='bbox 2614 5663 2889 5723; x_wconf 84' lang='lat' dir='ltr'><strong>caritatem</strong></span> <span class='ocrx_word' id='word_1_919' title='bbox 2935 5668 3198 5729; x_wconf 84' lang='lat' dir='ltr'><strong>vestram,</strong></span> <span class='ocrx_word' id='word_1_920' title='bbox 3238 5665 3297 5713; x_wconf 85' lang='lat' dir='ltr'><strong>ut</strong></span> <span class='ocrx_word' id='word_1_921' title='bbox 3340 5655 3580 5713; x_wconf 75' lang='lat' dir='ltr'><strong>scientes</strong></span> 
     </span>
    </p>
   </div>
  </div>
