3752 6236
347 207 414 259 97
1127 203 1188 261 S.
1227 201 1506 261 JOANNIS
1542 201 2012 259 CHRYSOSTOMI
2050 200 2367 259 ARCHIEP.
2406 202 2941 261 CONSTANTINOP.
3551 205 3624 259 ‘23

352 333 567 384 ramus.
600 328 655 376 et
697 318 951 390 apposith
993 319 1283 389 Scriptura:
1330 319 1521 374 divina:
1571 317 1927 389 dogmatibus,

348 412 624 468 subtiliora
655 411 812 466 hodie
855 410 1003 466 adire
1031 425 1186 466 sensa
1219 419 1504 465 tentemus.
1533 409 1665 464 Nam
1704 410 1751 464 si
1786 424 1932 480 nunc

353 502 456 558 hoc
484 518 591 557 non
635 501 938 566 fecerimus,
969 514 1096 561 cum,
1115 499 1374 570 jejunium
1418 508 1502 554 est
1542 510 1595 554 et
1638 499 1775 570 gulze
1801 514 1931 555 con-

351 601 618 662 temptus,
649 601 703 646 et
744 600 888 646 tanta
928 590 1184 644 bonarum
1224 590 1601 660 cogitationum
1628 592 1928 647 serenitas:

355 682 566 752 quando
596 681 721 736 talia
748 690 940 736 vestrae
964 679 1169 735 caritati
1195 694 1464 749 apponere
1493 679 1828 748 poterimus?
1851 683 1932 734 An

355 789 476 829 cum
495 773 722 828 aderunt
749 772 955 827 deliciae
977 812 993 838 ,
1018 771 1434 826 comessationes
1453 813 1468 837 ,
1499 780 1552 826 et
1572 787 1759 842 magna
1785 769 1931 826 desi-

351 865 479 920 dia?
500 865 637 932 Quin
659 875 782 919 tunc
807 879 979 934 neque
1006 865 1104 933 ipsi
1129 905 1145 931 ,
1177 873 1235 918 ut
1261 879 1356 933 par
1388 874 1489 931 est,
1519 863 1621 920 hoc
1655 864 1930 931 faciemus,

354 971 526 1026 neque
553 970 650 1009 vos
674 954 870 1023 aliquid
892 969 1074 1009 eorum
1108 969 1226 1023 quae
1251 954 1510 1022 dicentur,
1542 955 1694 1024 quasi
1720 970 1750 1008 a
1777 963 1931 1010 tene-

352 1048 461 1104 bris
486 1047 798 1118 quibusdam
817 1064 845 1101 a
873 1047 1246 1118 cogitationum
1277 1048 1506 1119 procella
1536 1047 1817 1115 submersi,
1837 1065 1931 1104 ex-

353 1140 533 1209 cipere
559 1139 819 1209 poteritis.

429 1229 838 1299 Quadragesinue
871 1237 1064 1299 tempus
1097 1239 1270 1301 aptum
1296 1230 1637 1284 concionibus.
1676 1261 1747 1270 -——
1783 1229 1933 1286 Nunc

357 1329 536 1373 autem
569 1329 777 1389 tempus
816 1319 949 1386 hoc,
981 1320 1025 1374 si
1052 1321 1192 1390 quod
1223 1320 1364 1375 aliud
1393 1361 1408 1386 ,
1451 1319 1597 1376 hisce
1638 1320 1933 1390 disciplinis

354 1412 584 1466 maxime
609 1411 852 1467 idoneum
879 1422 994 1468 est:
1028 1413 1240 1482 quando
1260 1428 1410 1468 serva
1425 1413 1536 1483 jam
1579 1429 1682 1468 non
1709 1415 1935 1483 insurgit

353 1499 606 1554 adversus
636 1500 904 1554 dominam
926 1543 941 1568 ,
970 1502 1064 1556 sed
1109 1501 1336 1557 libenter
1363 1503 1465 1557 fert
1488 1501 1722 1558 habenas
1741 1545 1754 1570 ,
1783 1503 1935 1558 facile

354 1591 721 1660 persuadetur,
750 1591 966 1646 multam
997 1608 1104 1662 pra:
1121 1608 1179 1648 se
1199 1592 1304 1648 fert
1337 1593 1713 1659 obedientiam,
1733 1595 1933 1649 incom-

352 1682 554 1752 positos
597 1683 772 1737 carnis
801 1693 977 1736 motus
1000 1685 1290 1754 compescit
1308 1724 1323 1747 ,
1352 1693 1406 1738 et
1440 1685 1576 1739 intra
1606 1699 1730 1740 suos
1757 1695 1935 1741 manet

353 1777 626 1830 terminos.
667 1775 936 1845 Jejunium
983 1777 1124 1830 enim
1167 1785 1246 1830 est
1287 1777 1583 1830 animarum
1630 1787 1932 1831 nostrarum

354 1867 724 1937 tranquillitas,
756 1882 938 1922 senum
965 1867 1146 1934 decor,
1174 1865 1569 1922 adolescentum
1593 1866 1932 1938 paedagogus,

351 1959 735 2012 continentium
799 1959 1085 2028 magister,
1141 1959 1280 2028 quod
1347 1975 1560 2014 omnem
1617 1968 1830 2015 aetatem
1881 1968 1936 2015 et

352 2063 536 2104 sexum
562 2050 712 2118 quasi
737 2049 1034 2104 diademate
1053 2050 1281 2120 quodam
1310 2059 1481 2105 ornat.
1521 2050 1789 2122 Nusquam
1833 2049 1938 2106 ho-

353 2138 442 2193 die
478 2139 760 2205 tumultus,
793 2138 881 2194 vel
922 2139 1122 2193 clamor
1145 2181 1158 2203 ,
1189 2140 1271 2194 vel
1297 2140 1535 2195 carnium
1581 2141 1932 2209 concisiones,

355 2227 436 2283 vel
457 2243 744 2298 coquorum
775 2227 1082 2284 discursus:
1115 2229 1210 2284 sed
1243 2231 1416 2284 omnia
1447 2231 1534 2284 illa
1575 2230 1819 2286 abierunt
1840 2271 1855 2295 ,
1881 2240 1937 2286 ct

356 2320 472 2376 haec
498 2321 685 2375 civitas
707 2321 983 2376 honestam
1011 2321 1316 2392 quamdam,
1348 2323 1704 2380 continentem
1726 2365 1740 2389 ,
1768 2331 1821 2378 et
1844 2337 1935 2379 so-

354 2413 523 2468 briam
556 2422 851 2468 matronam
896 2414 1148 2468 imitatur.
1194 2414 1340 2470 Unde
1367 2431 1487 2472 cum
1527 2431 1736 2472 mecum
1762 2416 1936 2487 cogito

354 2505 682 2576 repentinam
713 2506 1057 2561 mutationem
1096 2505 1253 2561 hodie
1287 2507 1477 2562 factam
1502 2518 1557 2563 ct
1598 2519 1782 2578 repeto
1819 2523 1936 2564 me-

357 2599 522 2653 moria
542 2599 774 2654 hesterni
791 2599 897 2654 diei
919 2600 1386 2669 perturbationem,
1411 2601 1663 2667 admiror,
1683 2612 1734 2656 et
1754 2601 1938 2656 obstu-

356 2704 515 2758 pesco
535 2689 720 2759 jejunii
750 2689 886 2744 vires
912 2699 967 2744 et
995 2691 1304 2759 potentiam,
1339 2690 1605 2761 quomodo
1626 2690 1677 2745 in
1700 2690 1939 2760 singulo-

355 2796 472 2836 rum
501 2782 850 2836 conscientias
876 2782 1169 2850 ingressum
1191 2823 1206 2846 ,
1239 2781 1696 2838 transformaverit
1734 2783 1936 2852 cogita-

355 2873 568 2938 tiones,
616 2875 984 2945 expurgaverit
1037 2885 1308 2938 mentem,
1369 2890 1474 2929 non
1534 2875 1936 2946 magistratuum

355 2971 595 3028 tantum,
619 2964 712 3020 sed
745 2973 801 3020 et
828 2964 1151 3034 privatorum
1177 2983 1190 3018 :
1222 2981 1325 3020 non
1371 2965 1658 3021 liberorum
1694 2975 1894 3020 tantum
1916 3007 1932 3033 ,

354 3054 451 3108 sed
472 3062 525 3108 et
544 3069 818 3109 servorum
853 3070 867 3107 :
899 3071 1003 3109 nor.
1030 3056 1262 3110 virorum
1288 3066 1514 3122 tantum,
1544 3057 1638 3112 sed
1663 3066 1717 3115 ct
1745 3059 1936 3113 mulie-

355 3161 637 3211 rum;non
677 3145 897 3200 divitum
943 3155 1183 3214 tantum,
1229 3148 1322 3202 sed
1357 3157 1410 3202 et
1455 3164 1782 3219 pauperum;
1829 3165 1936 3206 non

354 3253 546 3293 eorum
574 3247 775 3293 tantum
805 3239 894 3309 qui
915 3239 1152 3294 Graecam
1179 3239 1410 3309 linguam
1439 3241 1612 3296 edocti
1639 3250 1793 3308 sunt,
1841 3242 1935 3298 sed

360 3337 419 3384 ct
446 3327 814 3383 barbarorum.
855 3330 958 3385 Sed
987 3330 1111 3400 quid
1139 3330 1259 3386 dico
1287 3333 1686 3402 magistratuum
1732 3341 1788 3389 et
1824 3335 1937 3405 pri-

354 3421 636 3474 vatorum?
667 3420 837 3475 Etiam
850 3421 964 3492 ejus
982 3423 997 3453 ¹
1021 3423 1107 3493 qui
1133 3422 1376 3478 diadema
1401 3432 1587 3492 gestat,
1609 3425 1853 3480 similiter
1882 3434 1939 3480 ut

351 3510 580 3564 aliorum
601 3553 616 3577 ,
645 3512 1021 3566 conscientiam
1062 3512 1128 3567 ad
1159 3511 1296 3568 hanc
1315 3513 1669 3569 obedientiam
1712 3513 1932 3570 inflexit.

357 3587 469 3655 Nec
507 3600 664 3657 hodie
691 3603 857 3657 ullum
886 3603 1171 3658 discrimen
1215 3604 1353 3659 inter
1382 3620 1620 3660 mensam
1672 3606 1847 3661 divitis
1883 3617 1938 3664 et

354 3694 604 3763 pauperis
632 3710 645 3746 :
677 3695 771 3748 sed
810 3695 1003 3765 ubique
1045 3695 1260 3766 frugalis
1295 3697 1467 3753 victus
1508 3706 1630 3764 est,
1665 3699 1870 3755 alienus
1904 3716 1934 3755 a

353 3783 480 3838 luxu
506 3792 559 3838 et
577 3789 854 3854 apparatu,
887 3787 1180 3859 majorique
1217 3788 1374 3844 hodie
1397 3789 1667 3859 voluptate
1689 3789 1755 3846 ad
1782 3807 1934 3847 men-

349 3888 466 3930 sam
491 3884 698 3931 tenuem
721 3878 912 3948 quique
927 3878 1203 3943 accedunt,
1230 3895 1384 3950 quam
1416 3880 1620 3950 pridem
1651 3896 1770 3935 cum
1798 3883 1938 3936 mul-

352 3974 405 4018 ta
433 3965 655 4020 delicata
683 3968 876 4034 edulia,
898 3969 1228 4040 multumque
1248 3972 1429 4026 vinum
1451 3987 1719 4027 meracum
1736 3989 1935 4046 propo-

354 4057 595 4114 uehatur.

423 4151 478 4204 2.
519 4152 756 4218 Vidistis,
789 4152 986 4217 dilecti,
1013 4169 1081 4208 ex
1111 4153 1239 4224 ipsis
1265 4155 1532 4224 przeludiis
1547 4155 1732 4225 jejunii
1760 4157 1931 4212 virtu-

353 4253 460 4298 tem
484 4252 540 4298 et
565 4245 892 4313 potentiam?
918 4244 1116 4300 Idcirco
1156 4255 1209 4300 et
1252 4248 1365 4315 ipse
1403 4247 1587 4318 majori
1631 4248 1788 4304 hodie
1826 4250 1936 4303 ala-

350 4337 559 4400 critate,
586 4350 746 4405 quam
772 4345 950 4403 antea,
973 4350 1250 4391 sermones
1287 4337 1563 4407 aggredior
1594 4355 1607 4390 :
1646 4339 1822 4393 sciens
1846 4354 1934 4394 me

352 4426 404 4480 in
433 4427 609 4496 pingui
640 4426 1001 4498 profundoque
1024 4443 1152 4482 arvo
1170 4429 1548 4483 scminaturum
1569 4473 1585 4497 ,
1609 4429 1750 4500 quod
1780 4430 1933 4485 nobis

351 4518 669 4574 multifarios
695 4519 892 4572 fructus
919 4534 1015 4587 pro
1037 4520 1326 4575 seminibus
1353 4520 1670 4575 concreditis
1690 4522 1931 4589 protinus

348 4609 575 4664 reddere
606 4611 816 4679 poterit.
859 4609 1134 4664 Discamus
1165 4610 1340 4680 igitur,
1373 4612 1417 4665 si
1450 4612 1640 4681 placet,
1673 4612 1800 4682 quid
1833 4628 1930 4668 ve-

347 4704 446 4758 lint
473 4704 571 4756 sibi
592 4704 748 4756 verba
782 4703 918 4757 beati
939 4702 1098 4756 Musis
1130 4702 1287 4757 hodie
1314 4703 1468 4758 lecta.
1505 4702 1610 4758 Sed
1635 4703 1891 4758 attendite
1911 4744 1927 4768 ,

346 4795 605 4859 obsecro,
645 4794 928 4864 diligenter
972 4793 1054 4847 his
1091 4811 1210 4864 qua:
1251 4810 1279 4847 a
1313 4795 1466 4848 nobis
1504 4794 1792 4849 dicuntur:
1822 4810 1928 4850 non

345 4887 486 4940 enim
521 4896 702 4940 nostra
727 4886 778 4940 in
810 4885 1044 4941 medium
1071 4885 1375 4953 afferimus,
1411 4885 1507 4940 sed
1545 4886 1630 4941 illa
1663 4887 1773 4956 ipsa
1809 4903 1929 4956 qua:

345 4981 499 5035 nobis
527 4979 705 5034 divina
734 4980 902 5050 gratia
931 4981 982 5032 in
1012 4989 1244 5033 vestram
1274 4980 1598 5033 concesserit
1624 4979 1926 5034 utilitatem.

344 5071 471 5135 Quzn
499 5081 674 5124 autem
714 5073 827 5123 haec
867 5069 1031 5124 sunt?
1088 5067 1153 5121 In
1180 5068 1428 5138 principio
1483 5069 1599 5138 fecit
1655 5067 1796 5122 Deus
1830 5085 1926 5122 ca:-

346 5161 450 5212 lum
483 5171 526 5212 et
556 5170 759 5212 terram.
799 5160 986 5214 Merito
1007 5160 1092 5213 hic
1115 5159 1406 5224 dubitatur,
1433 5172 1588 5226 quam
1615 5158 1685 5213 ob
1711 5173 1925 5213 causam

345 5250 529 5303 beatus
572 5250 672 5303 iste
717 5253 1004 5320 propheta,
1036 5252 1124 5321 qui
1163 5251 1323 5305 etiam
1357 5251 1470 5320 ipse
1499 5251 1681 5305 multis
1718 5251 1925 5306 sazculis

344 5351 467 5412 post
512 5343 832 5396 creationem
877 5343 1058 5397 mundi
1103 5344 1268 5408 vixit,
1319 5343 1434 5398 hanc
1473 5343 1628 5398 nobis
1671 5353 1921 5415 exponat.

343 5432 483 5488 Sane
509 5447 614 5487 non
645 5441 845 5486 temere
873 5431 972 5486 hoc
1002 5434 1129 5503 agit,
1161 5448 1261 5488 nec
1289 5432 1502 5488 frustra.
1544 5433 1756 5488 Etenim
1787 5435 1924 5490 Deus

406 5569 423 5599 ι
456 5566 668 5632 (ίοίδιξιιη
693 5564 811 5632 auid
847 5563 956 5614 dico
975 5564 1341 5629 magistratuum
1362 5573 1407 5620 et
1430 5566 1721 5632 privatorum
1740 5574 1784 5622 et
1805 5567 1924 5626 otio,-

341 5642 451 5680 rum
472 5627 496 5680 Ρ
517 5630 669 5678 Etiam
687 5625 812 5689 eius,
840 5635 936 5678 etc.

2039 317 2256 375 humani
2285 323 2496 391 generis
2533 322 2781 379 conditor
2799 366 2816 391 ,
2842 323 2910 380 ab
2939 324 3091 382 initio
3121 341 3218 398 per
3257 328 3492 398 seipsum
3522 327 3618 382 lin-

2034 411 2266 466 minibus
2289 412 2603 483 loquebatur
2620 457 2637 482 ,
2666 431 2733 471 eo
2753 431 2858 488 quo
2886 417 3131 475 homines
3151 431 3396 490 poterant
3433 420 3626 478 audire

2035 504 2214 559 modo.
2255 504 2345 561 Sic
2368 506 2508 560 enim
2535 506 2602 562 ad
2627 508 2796 564 Adam
2823 511 2996 577 venit;
3021 512 3100 568 sic
3128 512 3258 569 Cain
3293 514 3626 586 increpavit;

2034 595 2111 648 sic
2131 609 2250 648 cum
2272 593 2384 650 Noe
2405 597 2656 665 loquutus
2683 607 2792 665 est;
2815 600 2896 655 sic
2919 601 3058 671 apud
3088 601 3355 658 Abraham
3378 604 3629 675 hospita-

2039 694 2122 740 tus
2137 693 2238 741 est.
2280 687 2350 741 At
2397 687 2485 742 ubi
2513 688 2566 742 in
2591 689 2844 745 malitiam
2875 706 3119 762 magnam
3145 707 3306 749 omne
3340 694 3626 750 hominum

2035 791 2202 845 genus
2237 778 2518 848 prorupit,
2555 794 2725 849 neque
2751 789 2875 836 tunc
2899 795 3019 837 sese
3057 792 3226 836 totum
3253 784 3320 839 ab
3343 783 3627 841 hominum

2035 881 2233 937 genere
2260 869 2453 922 avertit
2478 867 2665 938 Opifex
2689 871 2926 926 omnium
2961 893 2974 928 :
3004 873 3099 928 sed
3123 875 3244 944 quia
3265 887 3359 930 sua
3390 876 3630 932 familia-

2039 958 2197 1012 ritate
2227 969 2410 1028 postea
2449 959 2650 1031 indigni
2680 962 2801 1018 facti
2829 963 3076 1033 fuerunt,
3099 967 3288 1022 iterum
3317 982 3468 1024 suam
3497 984 3628 1040 erga

2037 1049 2156 1104 illos
2180 1053 2463 1107 amicitiam
2487 1053 2738 1112 innovare
2767 1057 2971 1124 volens,
3001 1061 3150 1130 quasi
3189 1062 3346 1133 longe
3386 1062 3634 1119 absenti-

2039 1143 2139 1198 bus
2166 1143 2349 1199 literas
2382 1146 2561 1212 mittit,
2592 1149 2967 1206 conci-liaturus
2983 1152 3083 1207 sibi
3112 1154 3414 1210 universam
3442 1155 3628 1210 Inomi-

2038 1251 2165 1290 num
2189 1247 2450 1291 naturam.
2478 1237 2544 1293 Et
2570 1239 2665 1294 has
2690 1241 2902 1310 quidem
2929 1243 3110 1298 literas
3135 1243 3280 1299 dedit
3301 1245 3462 1312 Deus,
3481 1257 3631 1301 attu-

2038 1327 2099 1382 lit
2126 1337 2301 1384 autem
2331 1328 2523 1384 Moses.
2563 1331 2701 1399 Quid
2754 1333 2912 1403 igitur
2963 1335 3146 1390 dicunt
3191 1335 3273 1392 ha:
3317 1337 3628 1394 liter-.13?“

2037 1421 2286 1491 principio
2306 1422 2422 1492 fecit
2452 1421 2589 1476 Deus
2653 1424 2835 1479 cretum
2878 1436 2926 1480 et
2962 1435 3168 1480 terram.
3208 1426 3500 1484 Considera
3556 1430 3615 1484 in

2041 1513 2142 1569 hoc
2165 1556 2179 1577 .
2211 1515 2513 1582 carissime,
2547 1531 2704 1587 quam
2732 1517 3059 1574 admirabilis
3084 1529 3138 1575 et
3173 1521 3397 1576 eximius
3422 1522 3494 1576 sit
3518 1521 3629 1578 iste

2038 1605 2314 1674 propheta.
2358 1606 2458 1659 Alii
2507 1606 2649 1661 enim
2692 1621 2880 1663 omnes
2913 1609 3187 1679 pmpheue
3234 1626 3298 1666 ea
3345 1611 3624 1676 dixerunt,

2038 1697 2118 1751 vel
2146 1712 2264 1767 qua:
2294 1697 2473 1753 multis
2506 1707 2690 1768 postea
2740 1699 3067 1770 temporibus
3096 1701 3266 1756 futura
3301 1711 3456 1757 erant
3483 1741 3501 1769 ,
3535 1703 3627 1758 vel

2038 1804 2154 1859 qua:
2179 1789 2356 1843 statim
2379 1799 2631 1845 eventura
2655 1801 2870 1846 essent:
2901 1791 3086 1848 beatus
3109 1802 3284 1849 autem
3312 1794 3431 1861 iste,
3463 1805 3629 1849 natus

2038 1893 2156 1932 cum
2181 1879 2290 1948 jam
2317 1879 2484 1934 multa
2509 1880 2689 1935 mundi
2709 1883 3022 1937 transissent
3046 1883 3258 1951 saecula,
3287 1884 3476 1941 ducem
3501 1899 3630 1940 sor-

2041 1970 2167 2025 titus
2193 1986 2477 2040 supernam
2507 1972 2780 2028 dexteram
2810 1976 2849 2039 ί,
2880 1975 3069 2046 dignus
3097 1986 3178 2032 est
3194 1976 3423 2044 habitus,
3449 1988 3509 2033 ut
3528 1979 3627 2033 illa

2039 2063 2192 2119 nobis
2218 2064 2440 2127 diceret,
2464 2081 2581 2136 qua:
2608 2077 2730 2120 ante
2746 2079 2922 2122 ortum
2938 2083 3091 2123 suum
3111 2071 3346 2124 omnium
3362 2070 3630 2126 Dominus

2039 2155 2378 2212 formaverat.
2420 2158 2623 2215 idcirco
2665 2159 2748 2215 his
2782 2160 2966 2230 incipit
3003 2161 3180 2217 verbis
3212 2184 3226 2219 :
3257 2162 3324 2217 In
3370 2165 3632 2234 primipio

2039 2248 2156 2317 fecit
2174 2247 2312 2303 Deus
2328 2249 2508 2303 cretum
2536 2261 2582 2304 et
2609 2259 2792 2304 terram
2818 2267 2837 2305 :
2871 2252 3018 2322 quasi
3047 2253 3114 2307 ad
3140 2267 3325 2308 omnes
3353 2269 3449 2310 nos
3475 2255 3630 2310 clara

2039 2354 2169 2395 voce
2189 2340 2399 2405 clamet,
2431 2349 2485 2396 et
2505 2341 2678 2396 dicat:
2706 2341 2842 2397 Num
2868 2342 2937 2397 ab
2970 2343 3271 2399 hominibus
3296 2345 3494 2400 doceor
3514 2388 3529 2412 ,
3568 2356 3633 2401 ut

2040 2431 2155 2486 haec
2179 2432 2406 2502 loquar?
2435 2431 2484 2486 ls
2509 2434 2621 2502 ipse
2642 2434 2730 2502 qui
2761 2433 2874 2488 haec
2900 2449 3020 2490 cum
3049 2450 3152 2490 non
3177 2444 3375 2504 essent,
3395 2435 3538 2504 fecit,
3569 2445 3635 2490 ut

2041 2534 2241 2588 essent,
2271 2523 2502 2594 linguam
2533 2539 2704 2579 meam
2733 2524 2798 2579 ad
2842 2524 3026 2581 isthmc
3063 2527 3358 2581 enarranda
3391 2527 3630 2597 impulit.

2042 2615 2202 2688 Igitur
2225 2617 2466 2682 obsecro,
2497 2619 2567 2673 ita
2596 2619 2977 2685 auscultemus,
3005 2619 3075 2672 ita
3110 2620 3305 2674 nostris
3331 2621 3634 2675 ratiociniis

2041 2711 2256 2782 longum
2281 2711 2397 2767 vale
2417 2711 2675 2779 dicamus,
2707 2712 2857 2782 quasi
2886 2711 3000 2767 lucc
3028 2727 3130 2766 non
3147 2717 3255 2782 jam
3275 2727 3305 2766 a
3330 2712 3496 2776 Mose,
3524 2713 3632 2767 sed

2041 2821 2136 2876 per
2163 2805 2395 2876 linguam
2419 2804 2580 2859 Mosis
2609 2805 2676 2859 ab
2705 2805 2820 2874 ipso
2861 2805 3229 2859 universorum
3277 2804 3386 2860 Deo
3428 2804 3632 2858 audia-

2039 2913 2178 2953 mus.
2219 2897 2506 2952 Ratiocinia
2526 2895 2666 2951 enim
2693 2896 2951 2950 hominum
2978 2896 3154 2949 timida
3173 2906 3325 2961 sunt,
3355 2896 3547 2966 inquit,
3583 2906 3635 2950 et

2039 2991 2244 3044 incertae
2268 2988 2593 3060 cogitationes
2621 3003 2791 3041 eorum
2829 2986 2983 3058 (Sap.
3006 2986 3059 3042 9.
3085 2987 3197 3056 14).
3225 2985 3389 3042 Grato
3429 2985 3635 3040 admo-

2040 3082 2167 3137 dum
2194 3082 2374 3136 animo
2402 3081 2722 3150 accipiamus
2747 3095 2864 3149 quae
2893 3079 3138 3135 dicuntur
3161 3121 3174 3144 ,
3208 3095 3275 3135 ne
3313 3078 3636 3150 progredia-

2042 3188 2161 3229 mur
2193 3173 2329 3226 ultra
2359 3187 2518 3242 quam
2544 3171 2647 3226 fert
2673 3185 2936 3227 mensura:
2966 3179 3160 3225 nostra:
3186 3170 3414 3225 tenuitas
3433 3212 3450 3236 ,
3487 3185 3637 3225 neve

2041 3264 2301 3317 curiosius
2327 3279 2444 3332 qua:
2490 3276 2649 3333 supra
2697 3277 2793 3317 nos
2822 3271 2947 3316 sunt
2986 3261 3298 3332 indagemus
3329 3279 3342 3314 :
3375 3260 3426 3317 id
3480 3261 3634 3332 quod

2040 3353 2276 3408 veritatis
2330 3352 2572 3409 hostibus
2606 3354 2804 3418 evenit,
2845 3352 2934 3423 qui
2964 3353 3246 3408 voluerunt
3271 3353 3498 3424 propriis
3533 3369 3635 3408 ra-

2041 3443 2272 3498 tiociniis
2302 3443 2546 3498 universa
2567 3443 2889 3514 expendere,
2920 3459 3026 3499 non
3056 3443 3349 3513 cogitantes
3375 3443 3638 3514 impossi-

2040 3534 2145 3590 bile
2194 3549 2313 3590 esse
2365 3534 2610 3590 humanae
2669 3543 2871 3590 natura:
2921 3534 3017 3590 Dei
3069 3535 3336 3605 opificium
3410 3535 3637 3604 penitus

2040 3626 2338 3696 explorare.
2380 3625 2538 3694 Quid,
2562 3627 2796 3697 inquam,
2841 3627 2934 3681 Dei
2959 3626 3248 3696 opificium,
3288 3642 3408 3681 cum
3450 3643 3637 3698 neque

2039 3715 2289 3781 hominis,
2313 3718 2400 3788 qui
2427 3718 2580 3772 nobis
2609 3727 2794 3772 natura
2823 3727 3077 3788 cognatus
3103 3728 3183 3774 est
3201 3760 3216 3786 ,
3245 3727 3388 3773 artes
3410 3719 3638 3787 penitus

2040 3808 2274 3878 indagari
2303 3808 2550 3876 possint?
2597 3808 2691 3863 Dic
2737 3808 2914 3876 enim,
2960 3823 3157 3879 quasso,
3209 3810 3478 3879 quomodo
3530 3825 3638 3878 per

2038 3900 2356 3956 metallicam
2383 3910 2550 3955 artem
2577 3901 2694 3955 auri
2720 3911 2905 3955 natura
2922 3900 3214 3956 conﬂatur?
3240 3903 3322 3956 vel
3353 3902 3639 3972 quomodo

2039 3994 2159 4049 vitri
2181 3995 2384 4064 puritas
2399 4009 2464 4050 ex
2493 4009 2654 4050 arena
2682 3995 2947 4050 efficitur?
2972 3995 3169 4050 Verum
3191 4009 3295 4050 non
3320 3994 3485 4049 habes
3504 4011 3639 4064 qua:

2038 4085 2206 4140 dicas.
2247 4086 2303 4140 Si
2335 4086 2494 4156 igitur
2517 4086 2632 4141 hrec
2663 4102 2781 4157 quae
2809 4096 2933 4142 ante
2969 4087 3152 4141 oculos
3178 4097 3299 4141 sunt
3324 4086 3495 4156 posita
3523 4129 3541 4153 ,
3578 4096 3639 4142 et

2038 4193 2157 4248 qua:
2181 4191 2278 4247 per
2305 4177 2398 4232 Dei
2427 4177 2804 4247 benignitatem
2839 4177 3070 4232 humana
3115 4186 3365 4248 operatur
3405 4177 3638 4246 sapien-

2039 4270 2128 4336 tia,
2155 4269 2375 4340 intelligi
2403 4278 2692 4339 nequeunt,
2725 4285 2891 4338 quam
2920 4269 3030 4324 Deo
3053 4270 3167 4340 ipso
3194 4268 3329 4324 facta
3359 4277 3504 4336 sunt,
3530 4285 3638 4324 eu-

2037 4362 2275 4416 riositate
2301 4370 2388 4415 tua
2411 4362 2664 4431 inquires,
2695 4359 2891 4414 homo?

2108 4453 2192 4505 Ex
2219 4452 2457 4505 creaturis
2487 4461 2680 4504 creator
2702 4452 3011 4520 agnoscitur.
3026 4482 3097 4491 ——
3119 4451 3288 4518 Quam
3315 4454 3637 4522 assequeris

2038 4543 2243 4599 veniam
2266 4543 2289 4597 ?
2312 4541 2427 4612 qua‘
2443 4551 2493 4596 te
2521 4541 2755 4597 tueberis
2783 4541 3118 4608 defensione,
3150 4544 3218 4596 ita
3242 4542 3536 4609 insaniens,
3574 4555 3640 4600 ut

2036 4651 2153 4705 qua:
2183 4650 2341 4704 supra
2380 4643 2581 4688 natura:
2609 4643 2710 4688 tute
2735 4643 2948 4703 captum
2989 4644 3136 4700 sunt,
3169 4635 3499 4704 speculeris?
3532 4637 3630 4691 Di-

2036 4743 2158 4784 cere
2177 4729 2316 4783 enim
2347 4743 2408 4782 ea
2430 4743 2547 4798 qua:
2575 4737 2698 4782 sunt
2720 4742 2788 4782 ex
2815 4728 3051 4796 subjecta
3069 4729 3287 4783 materia
3309 4743 3429 4782 esse
3456 4728 3636 4796 facta,

2035 4831 2088 4876 et
2117 4837 2221 4876 non
2249 4820 2509 4887 confiteri,
2547 4820 2783 4874 omnium
2817 4820 3070 4890 Opiﬁcem
3118 4836 3180 4875 ea
3209 4835 3274 4875 ex
3300 4821 3469 4874 nihilo
3497 4838 3637 4879 crc-

2034 4914 2228 4979 avisse,
2273 4912 2600 4983 desipientia:
2644 4921 2897 4967 extremm
2943 4912 3150 4981 signum
3196 4911 3372 4965 fuerit.
3422 4912 3639 4968 Beatus

2035 5004 2211 5077 itaque
2240 5006 2496 5074 propheta
2521 5005 2640 5070 istc,
2671 5003 2969 5059 obturando
2999 5004 3356 5073 insipientium
3383 5019 3500 5069 ora,
3532 5022 3640 5059 au-

2032 5099 2329 5170 spicatur-us
2369 5097 2580 5162 librum,
2608 5096 2685 5152 sic
2710 5097 2906 5167 coepit:
2942 5096 3009 5150 In
3049 5097 3295 5166 principio
3324 5096 3442 5165 fecit
3481 5097 3640 5152 Deus

2033 5192 2214 5244 cwlum
2242 5199 2288 5244 et
2314 5199 2518 5244 terram.
2554 5187 2689 5242 Cum
2725 5188 2883 5258 igitur
2918 5187 3087 5253 audis,
3120 5186 3287 5253 Fecit,
3317 5187 3448 5240 nihil
3477 5188 3637 5242 aliud

2033 5283 2168 5337 ultra
2197 5281 2460 5337 curiosius
2499 5295 2678 5351 quaere
2715 5303 2727 5336 :
2771 5280 2864 5335 sed
2895 5279 3112 5334 humum
3157 5290 3426 5350 spectans,
3464 5279 3640 5335 dictis

2033 5374 2191 5430 fidem
2221 5372 2377 5428 habe.
2407 5372 2540 5427 Nam
2567 5373 2707 5427 Deus
2728 5379 2810 5427 est
2828 5372 2916 5442 qui
2938 5372 3114 5426 omnia
3138 5372 3280 5437 facit,
3299 5382 3353 5425 et
3381 5371 3433 5424 in
3462 5372 3639 5428 aliam

2031 5468 2256 5526 formam
2286 5475 2473 5535 mutat,
2501 5480 2563 5520 ac
2587 5466 2880 5521 secundum
2901 5466 3226 5522 voluntatem
3255 5481 3415 5524 suam
3442 5469 3637 5523 omnia

2097 5631 2120 5681 ⁸,
2148 5629 2356 5691 coislin.,
2382 5637 2641 5691 supernam
2658 5625 2932 5701 potentiam.
