3752 6300
85 260 153 316 17

83 393 196 432 τινα
219 377 586 451 διαλεχθῶμεν
619 379 754 450 πρὸς
797 377 897 450 τὴν
932 379 1205 451 ὑμετέραν
1237 379 1478 449 ἀγάπην,
1533 381 1627 433 καὶ
1658 380 1742 432 λε-

87 461 356 533 πτοτέρων
394 461 632 532 σήμερον
657 461 1154 532 κατατολμήσωμεν
1197 460 1504 531 νοημάτων,
1536 462 1604 515 τὰ
1635 461 1743 514 ἀπὸ

83 545 190 596 τῶν
228 544 388 597 θείων
438 545 670 616 Γραφῶν
703 543 1092 614 παρατιθέντες
1131 543 1260 614 ὑμῖν
1283 542 1614 613 διδάγματα.
1678 543 1742 596 El

85 628 189 698 γὰρ
220 627 296 697 μὴ
330 626 426 680 νῦν
446 626 604 684 τοῦτο
637 627 985 697 ποιήσαιμεν,
1019 629 1109 680 ὅτε
1139 627 1362 696 νηστεία
1383 627 1479 678 καὶ
1507 624 1742 696 γαστρὸς

85 709 373 781 ὑπεροψία,
417 711 512 778 καὶ
534 710 764 779 τοσαύτη
800 709 910 762 τῶν
929 709 1106 780 ὀρθῶν
1131 707 1407 778 λογισμῶν
1444 710 1476 779 ή
1510 708 1742 778 γαλήνη,

85 796 215 847 πότε
265 793 622 866 δυνησὼμεθα
671 793 840 847 ταῦτα
896 794 1222 864 παραθεῖναι
1269 791 1346 865 [8]
1383 795 1450 864 τῇ
1501 792 1746 863 ὑμετέρᾳ.

85 878 308 950 ἀγάπη;
343 877 470 930 Ὅτε
506 874 686 946 τρυφὴ
719 876 811 929 καὶ
847 877 1124 947 ἀδηφαγία
1153 879 1246 930 καὶ
1283 877 1453 946 πολλὴ
1492 877 1525 948 ή
1581 876 1746 947 6606-

87 961 222 1029 μία;
260 958 420 1013 Ἀλλά
457 958 579 1012 τότε
607 958 732 1011 οὔτε
763 960 916 1013 αὑτοὶ
953 961 1112 1014 τοῦτο
1155 962 1382 1024 δεόντως
1426 961 1744 1030 ποιήσομεν,

85 1042 206 1096 οὔτε
236 1043 394 1114 ὑμεῖς
423 1041 713 1112 δυνήσεσθε
739 1043 987 1116 καθάπερ
1009 1045 1114 1097 ὑπὸ
1136 1043 1332 1114 ἀχλύος
1359 1043 1504 1106 τινὸς
1522 1043 1618 1111 τῆς
1640 1041 1748 1094 τῶν

86 1126 360 1195 λογισμῶν
386 1124 555 1196 ζάλης
579 1124 1107 1197 καταϐαπτιζόμενοι
1131 1127 1386 1192 δέξασθαί
1409 1143 1459 1179 τι
1483 1125 1592 1178 τῶν
1607 1124 1751 1192 λεγο-

91 1210 284 1276 μένων.

154 1291 271 1342 Νῦν
297 1290 374 1356 δὲ,
400 1289 448 1342 εἰ
473 1290 564 1344 καί
594 1306 724 1344 ποτε
755 1289 963 1352 ἄλλοτε,
989 1294 1176 1362 καιρὸς
1203 1289 1312 1344 τῶν
1325 1289 1579 1344 τοιούτων
1610 1288 1752 1342 διδαο

83 1375 332 1444 γμάτων,
360 1377 448 1427 δτε
470 1376 570 1428 οὑκ
602 1374 682 1428 ἔτι
703 1373 1156 1440 κατεξανίσταται
1171 1373 1272 1443 τῆς
1301 1374 1544 1444 κυρίαςή
1569 1371 1750 1441 δούλη,

82 1456 199 1509 ἀλλ’
236 1458 451 1528 εὐήνιος
474 1456 736 1528 γενομένη
765 1456 964 1528 πολλὴν
1012 1457 1112 1528 τὴν
1141 1457 1312 1510 πειθὼ
1360 1458 1456 1510 καὶ
1488 1456 1587 1526 τὴν
1647 1456 1751 1508 ὑπ-

81 1537 255 1608 ακοὴν
273 1539 664 1602 ἐπιδείκνυται,
689 1539 758 1592 τά
776 1541 1120 1610 σκιρτήματα
1140 1540 1240 1610 τῆς
1269 1539 1470 1611 σαρκὸς
1489 1554 1754 1595 καταστο-

87 1620 317 1688 ρέσασα,
347 1623 441 1675 καὶ
490 1621 723 1675 ἐπὶτῶν
752 1623 968 1675 οίκείων
1011 1624 1151 1693 ὅρων
1208 1623 1462 1692 μένουσα.
1513 1619 1755 1692 Νηστεία

85 1704 191 1774 γάρ
218 1704 370 1756 ἐστιν
397 1706 432 1775 ή
454 1704 662 1776 γαλήνη
688 1703 794 1756 τῶν
826 1703 1111 1775 ἡμετέρων
1149 1703 1358 1774 ψυχῶν,
1388 1706 1422 1774 ή
1461 1701 1569 1754 τῶν
1592 1717 1757 1769 γεγη-

87 1788 336 1855 ρακότων
357 1788 644 1856 εὐκοσμία,
684 1788 718 1857 ή
750 1787 858 1840 τῶν
884 1786 1019 1840 νέων
1057 1787 1422 1856 παιδαγωγὸς,
1458 1787 1492 1856 ἡ
1521 1785 1630 1838 τῶν
1654 1801 1758 1836 σω-

87 1869 433 1938 φρονούντων
450 1869 785 1934 διδάσκαλος,
806 1871 838 1939 ή
859 1871 1039 1923 πᾶσαν
1057 1869 1270 1940 ήλικίαν
1290 1870 1384 1922 καὶ
1410 1869 1571 1937 φύσιν
1587 1865 1758 1920 καθά-

90 1967 195 2020 περ
245 1949 538 2022 διαδήματί
588 1969 693 2004 τινι
725 1952 1165 2023 κατακοσμοῦσα.
1211 1949 1463 2021 υὺδαμοῦ
1517 1951 1758 2020 σήμερον

88 2031 337 2103 θόρυϐος,
376 2033 498 2088 οὑδὲ
558 2033 797 2106 κραυγὴ,
850 2034 973 2088 οὑδέ
1015 2033 1195 2106 κρεῶν
1243 2033 1576 2116 κατακηπαὶ,

93 2050 337 2103 υορυοος,
376 2050 498 2088 ουοε
558 2050 797 2106 κραυγή,
850 2050 973 2088 ουοε
1015 2051 1195 2106 κρεων
1243 2050 1421 2087 κατακ
1455 2050 1576 2103 παι,
1637 2050 1788 2116 opus]

93 2116 372 2184 μαγείρων
401 2115 624 2188 δρόμοι·
659 2117 794 2170 ἀλλά
823 2117 1000 2170 πάντα
1034 2118 1218 2169 ἐκεῖνα
1275 2050 1636 2250 ἀπελῇαται,
1667 2114 1791 2166 mli

93 2198 256 2250 εὑσγή
268 2199 409 2250 μονά
438 2215 559 2250 τινα
612 2201 964 2250 καὶ·κοσυ.ίαν
984 2201 1077 2250 καὶ
1103 2199 1358 2250 σὼιοοονα
1408 2201 1433 2250 ἐ
1469 2198 1698 2250 ευθέοαν
1725 2197 1757 2250 ἠ

90 2198 409 2267 εὐσχήμονα
438 2215 559 2251 τινα
612 2201 964 2270 καῖ’κοσμίαν
984 2201 1077 2253 καὶ
1103 2199 1358 2271 σώφρονα
1408 2197 1698 2271 ἐλευθέραν
1725 2197 1758 2267 ή

91 2279 241 2342 πόλις
270 2275 407 2350 ἡμῖν
429 2285 675 2351 μιμεῖται
700 2283 816 2337 νῦν.
839 2283 1010 2335 Ὅταν
1029 2283 1137 2352 γάρ
1167 2285 1404 2352 ἐννοήσω
1433 2282 1531 2351 τὴν
1556 2280 1762 2353 ἀθρόαν

96 2363 404 2434 μεταϐολὴν
455 2366 554 2437 τήν
596 2368 835 2438 σήμερον
889 2365 1288 2436 γεγενημένην,
1321 2366 1412 2418 καὶ
1461 2363 1765 2434 λογίσωμαι

93 2449 189 2519 τῆς
213 2449 474 2521 χθεσινῆς
499 2452 713 2522 ἡμέρας
745 2453 844 2526 τὴν
871 2453 1282 2506 ἀκαταστασίαν
1301 2491 1315 2515 ,
1349 2451 1633 2523 θαυμάξω.
1671 2450 1766 2503 καὶ

93 2534 470 2606 ἐκπλήττομαι
490 2535 590 2604 τῆς
616 2537 867 2604 νηστείας
887 2537 987 2606 τὴν
1015 2537 1186 2606 ἰσχὺν,
1220 2537 1366 2598 ὅπως
1399 2536 1486 2597 είς,
1504 2535 1604 2604 τὴν
1633 2533 1766 2586 ἐκά-

96 2631 217 2667 στου
253 2615 565 2684 συνείδησιν
616 2617 934 2670 εἰσελθοῦσα
991 2618 1296 2689 μετέπλασε
1341 2620 1433 2670 τὸν
1486 2616 1765 2687 λογισμὸν,

95 2695 398 2767 ἐξεκάθαρε
426 2697 527 2767 τήν
556 2697 812 2759 διάνοιαν.
840 2700 939 2752 οὑκ
978 2701 1254 2770 ἀρχόντων
1279 2699 1459 2770 μόνον,
1489 2698 1625 2752 ἀλλά
1675 2699 1769 2751 καὶ

99 2780 321 2834 ἰδιωτῶν
337 2798 351 2812 ·
386 2781 489 2834 οὑκ
515 2781 811 2854 ἐλευθέρων
830 2822 846 2845 ,
877 2783 1012 2837 ἀλλά
1034 2783 1127 2835 καὶ
1151 2781 1350 2835 δούλων
1371 2797 1385 2812 °
1413 2783 1513 2834 οὑκ
1536 2780 1766 2852 ἀνδρῶν,

99 2863 228 2916 ἀλλὰ
247 2863 348 2916 καὶ
376 2865 653 2932 γυναικῶν
672 2880 685 2893 ·
712 2867 770 2918 o6
795 2865 1086 2931 πλουσίων,
1115 2865 1252 2918 ἀλλά
1273 2865 1368 2918 καὶ
1394 2865 1641 2935 πενήτων
1665 2880 1678 2894 ·
1705 2865 1766 2916 οὑ

108 2944 202 2995 τῶν
227 2945 326 3016 τήν
381 2946 612 3000 Ἐλλάδα
659 2947 903 3016 γλῶτταν
954 2948 1403 3018 πεπαιδευμένων
1431 2989 1445 3013 ,
1505 2947 1642 3001 ἀλλά
1675 2947 1770 3000 καὶ⁵

101 3025 415 3099 βαρϐαρων.
452 3031 564 3082 Kal
594 3029 646 3083 τί
683 3030 824 3099 λέγω
872 3031 1149 3102 ἀρχόντων
1201 3031 1293 3086 καὶ⁸
1345 3028 1604 3095 ἰδιωτῶν;
1658 3030 1771 3082 Καὶ

103 3110 257 3163 αὑτοῦ
285 3124 313 3150 ι
344 3110 444 3164 τοῦ
471 3111 534 3164 τὸ
557 3111 790 3182 διάδημα
820 3111 1202 3182 περικειμένου
1232 3111 1294 3164 τὸ
1312 3111 1552 3174 συνειδὸς
1569 3111 1772 3181 ὁμοίως

98 3196 209 3256 τοῖς
232 3194 450 3260 λοιποῖς
481 3197 619 3268 πρὸς
647 3197 743 3266 τὴν
770 3195 974 3267 ταύτης
1018 3195 1265 3264 ὑπακοὴν
1297 3194 1613 3264 μετέστησε.
1639 3193 1773 3265 ,Καὶ

96 3278 199 3330 οὑκ
217 3281 332 3333 ἐστι
372 3285 614 3352 σήμερον
644 3280 905 3350 διαφορὰν
946 3279 1074 3332 ἰδεῖν
1101 3278 1198 3348 τῆς
1227 3277 1323 3331 τοῦ
1359 3277 1616 3330 πλουσίου
1633 3294 1772 3348 τρα-

96 3363 289 3432 πέζης,
307 3365 410 3416 καὶ
429 3366 528 3435 τῆς
542 3363 636 3416 τοῦ
657 3365 884 3432 πένητος
900 3379 914 3392 ·
937 3362 1074 3415 ἀλλά
1090 3358 1364 3430 πανταχοῦ
1380 3360 1500 3430 λιτὴ
1522 3361 1555 3430 ή
1573 3359 1770 3424 δίαιτα,

98 3446 503 3518 ἀπηλλαγμένη
537 3447 748 3516 κόμπου
771 3448 864 3498 καὶ
892 3445 1214 3513 φαντασίας,
1239 3444 1333 3496 καὶ
1371 3444 1508 3513 μετά
1533 3442 1776 3505 πλείονος

97 3529 200 3599 τῆς
224 3530 425 3601 ήδονῆς
449 3532 686 3601 σήμερον
712 3532 780 3600 τῇ
814 3528 1060 3598 εὐτελείᾳ
1089 3531 1190 3600 τῆς
1225 3525 1503 3597 τραπέζης
1537 3526 1775 3595 προσέρ-

99 3630 306 3683 χονται,
338 3614 376 3684 ἢ
413 3613 505 3666 ὅτε
535 3612 703 3666 πολλά
724 3614 906 3675 αὑτοῖς
934 3613 1004 3664 τά
1036 3609 1433 3681 καρυκεύματα
1453 3610 1772 3681 παρέκειτο,

102 3702 194 3753 καὶ
229 3700 406 3764 πολὺς
431 3701 459 3752 6
489 3699 744 3768 ἄκρατος.

170 3784 239 3853 β’.
262 3783 475 3843 εἴδετε,
503 3780 797 3850 ἀγαπητοὶ,
834 3778 1084 3844 ἐξαύτῶν
1104 3777 1212 3831 τῶν
1243 3776 1541 3849 προοιμίων
1559 3777 1658 3847 τῆς
1686 3794 1780 3848 νη-

103 3868 286 3929 στείας
331 3865 440 3935 τὴν
479 3863 670 3932 ίσχύν;
718 3863 816 3916 Διά
842 3862 999 3915 τοῦτο
1028 3862 1124 3915 καὶ⁸
1156 3861 1318 3924 αὑτὸς
1368 3861 1508 3930 μετά
1538 3860 1778 3923 πλείονος

101 3952 351 4021 σήμερον
409 3949 508 4019 τῆς
540 3947 865 4020 προθυμίας,
896 3947 929 4017 ἢ
980 3945 1278 4016 πρότερον,
1313 3943 1420 3996 τῶν
1469 3943 1604 4014 πρὸς
1636 3943 1781 4013 ὑμᾶς

101 4033 355 4100 ἀπτομαι
389 4029 590 4098 λόγων,
631 4029 786 4093 εἰδὼς
813 4030 894 4081 ὅτι
925 4029 1006 4090 εἰς
1040 4026 1276 4097 λιπαρὰν
1305 4025 1401 4079 καὶ⁷
1442 4024 1721 4094 βαθὺγεων
1755 4025 1783 4063 ³³

99 4115 346 4184 ἄρουραν
379 4114 704 4168 καταϐάλλω
725 4114 790 4167 :6
812 4112 1127 4182 σπέρματα,
1157 4109 1460 4179 δυναμένην
1486 4108 1786 4162 πολλαπλα-

101 4198 259 4260 σίους
289 4198 431 4266 ἡμῖν
455 4195 664 4264 ταχέως
694 4195 982 4248 ἀποδοῦναι
1004 4193 1113 4247 τῶν
1147 4191 1639 4261 καταϐαλλομένων
1659 4193 1784 4254 τοὺς

101 4281 380 4351 καρπούς.
438 4280 860 4350 Καταμάθωμεν
904 4279 1106 4340 τοίνυν,
1131 4279 1180 4329 εἰ
1209 4277 1372 4340 δοκεῖ,
1405 4277 1511 4329 τῶν
1546 4277 1785 4347 σήμερον

102 4365 236 4432 ήμίν
270 4363 731 4431 ἀναγνωσθέντων
765 4369 828 4415 εκ
847 4362 955 4415 τῶν
991 4361 1084 4414 τοῦ
1128 4359 1394 4432 μακαρίου
1426 4359 1666 4422 Μωσέως
1699 4358 1786 4410 λό-

102 4460 216 4510 γων
243 4448 348 4516 τὴν
381 4446 636 4517 δύναμιν.
695 4445 855 4499 Ἀλλὰ
887 4445 1208 4516 προσέχετε,
1270 4443 1592 4515 παρακαλῶ,
1649 4442 1789 4514 μετὰ

102 4529 403 4598 ἀκριϐείας
432 4532 545 4593 τοῖς
577 4530 706 4600 παρ’
736 4528 894 4600 ήμῶν
914 4528 1256 4599 λεγομένοις·
1306 4528 1367 4579 οὑ
1401 4526 1510 4596 γὰρ
1550 4524 1620 4577 τά
1650 4525 1789 4595 ήμέ-

101 4631 240 4687 τερα
273 4616 535 4686 λέγομεν,
569 4616 684 4670 ἀλλ’
715 4619 859 4688 ἀπερ
886 4615 952 4670 ἀν
982 4619 1015 4687 ή
1044 4614 1137 4667 τοῦ
1183 4613 1317 4666 Θεοῦ
1341 4614 1501 4684 χάρις
1531 4613 1788 4683 παράσχῃ

100 4697 190 4752 διὰ
217 4700 326 4771 τὴν
356 4700 628 4769 ὠφέλειαν
657 4711 678 4737 ο
707 4700 806 4771 τὴν
830 4698 1125 4770 ὑμετέραν.
1151 4697 1286 4752 Τίνα
1312 4695 1369 4748 δὲ
1396 4695 1571 4749 ταῦτά
1599 4697 1746 4748 ἐστιν
1773 4710 1786 4759 ;

113 4785 222 4837 Ἐν
239 4781 413 4853 ἀρχῇ
433 4784 726 4851 ἐποίησεν
759 4786 791 4836 ό
823 4781 968 4848 Θεὸς
987 4781 1094 4835 τὸν
1113 4779 1374 4849 οίφανὸν
1392 4778 1489 4832 καὶ
1515 4777 1628 4847 τὴν
1649 4779 1787 4848 γῆν.

106 4870 301 4935 ’Δξιον
337 4869 580 4923 ἐνταῦθα
599 4868 948 4940 διαπορῆσαι,
971 4869 1116 4929 τίνος
1139 4866 1326 4919 ἕνεκεν
1346 4867 1375 4918 6
1410 4865 1678 4935 μακάριος
1707 4856 1793 4916 οὑ-

101 4970 190 5017 :0;
218 4954 546 5024 προφήτης,
584 4953 722 5023 μετά
774 4951 971 5014 πολλὰς
1005 4946 1230 5022 ὕστερον
1280 4949 1474 5017 γενεὰς
1525 4946 1788 5016 γεγονὼς,

101 5038 282 5093 ταῦτα
301 5041 439 5110 ἡμῖν
455 5038 748 5094 ἐκτίθεται.
767 5037 878 5109 Οὑχ
905 5036 1112 5102 ἁπλῶς,
1134 5034 1255 5088 οὑδὲ
1285 5036 1428 5104 εἰκῆ.
1447 5032 1662 5103 Ἐπειδὴ
1683 5031 1790 5103 γὰρ

106 5121 164 5186 ἐξ
187 5121 380 5194 ἀρχῆς
400 5121 611 5184 πλάσας
638 5121 728 5174 τὸν
757 5121 1037 5191 ἄνθρωπον
1069 5123 1099 5172 6
1135 5118 1288 5181 Θεὸς,
1314 5117 1377 5170 δι’
1402 5115 1596 5170 ἑαυτοῦ
1623 5116 1793 5169 διελέ-

105 5222 232 5273 γετο
267 5205 360 5279 [9]
393 5207 507 5267 τοῖς
528 5205 856 5273 ἀνθρώποις,
883 5205 957 5267 ὡς
987 5203 1291 5274 ἀνθρώποις
1315 5201 1544 5257 ἀκοῦσαι
1573 5201 1795 5256 δυνατὸν

103 5285 189 5360 ἦν·
221 5289 431 5352 οὕτως
457 5287 567 5361 γὰρ
607 5287 741 5358 πρὸς
759 5287 864 5366 ,τὸν
896 5288 1067 5358 ’Δδάμ
1093 5284 1260 5358 ἦλθεν
1282 5301 1297 5315 ⁸
1350 5285 1522 5347 οὑτως
1545 5284 1622 5355 τῷ
1654 5284 1796 5338 Κάῖν

165 5413 192 5442 ³
215 5411 437 5474 (Σοὶειὶῃ.
463 5409 544 5458 καὶ
558 5409 779 5474 ἰδιωτῶν,
801 5409 998 5474 καὶτῶν
1016 5408 1174 5474 ἀλλων
1187 5421 1199 5467 ;
1222 5406 1316 5454 Καὶ
1341 5402 1502 5452 αὑτοῦ.
1532 5401 1660 5451 Infra
1672 5401 1796 5465 Reg.

107 5487 234 5525 unus
253 5477 347 5523 καὶ
369 5471 461 5522 οὒκ
486 5475 587 5522 ἐστι
611 5471 817 5533 σήμερον
838 5473 1037 5533 διαφορά
1057 5476 1266 5528 τῆς,ηοη
1286 5475 1430 5533 male.

168 5539 199 5576 δ
222 5539 430 5599 Regius
463 5546 592 5583 unus
616 5526 886 5592 βαθύγαιον,
908 5526 1033 5581 aliis:
1068 5526 1226 5580 cbdex
1255 5529 1517 5594 βαθὺγειον,
1551 5526 1680 5576 alius
1713 5527 1801 5590 βα-

109 5602 444 5717 κτῖἷῖὲίὶη.
483 5655 729 5720 παρᾶσγοι
771 5655 850 5704 διὰ.
885 5656 972 5713 τήν
992 5655 1132 5716 ήμῶν
1175 5654 1420 5718 ὠφέλειαν,
1443 5650 1568 5702 forte

318 5634 444 5711 glin.
483 5655 729 5720 παρᾶσγοι
771 5655 850 5704 διὰ.
885 5656 972 5713 τήν
992 5655 1132 5716 ἡμῶν
1175 5654 1420 5718 ὠφέλειαν,
1443 5650 1568 5702 forte
1599 5649 1800 5700 melius.

110 5726 204 5778 Αιῑι
224 5728 364 5778 item
386 5718 577 5770 habent
601 5718 862 5778 παράσχοι.

545 5827 818 5888 Ρηιιοι.
865 5823 980 5884 Gn.
1029 5819 1186 5882 Llll.

1283 263 1350 318 IN
1388 262 1541 321 CAP.
1579 263 1597 317 1
1667 261 1912 319 GENES.
1953 261 2183 318 HOMIL.
2219 263 2284 320 11.

3434 272 3504 325 ἰθ

1843 382 2174 452 ἐπετίμησεν
2191 399 2206 414 ο
2227 380 2400 445 οὑτως
2426 380 2501 453 τῷ
2526 381 2650 435 Νῶε
2677 381 2921 455 διελέχθη
2939 398 2956 416 ο
2979 383 3154 447 οὕτως
3196 384 3505 457 ἐπεξενςὺίη

1842 462 1920 534 τῷ
1965 464 2232 536 Ἀϐραάμ.
2252 465 2381 518 Ὅτε
2407 464 2465 517 δὲ
2499 465 2579 528 είς
2609 465 2808 536 πολλὴν
2837 466 3035 520 κακίαν
3074 465 3328 531 ἐξώκειλε
3358 469 3510 522 πᾶσα

1843 546 1878 615 ή
1908 545 2015 598 τῶν
2048 544 2351 616 ἀνθρώπων
2382 545 2543 615 φύσις
2566 587 2579 611 ,
2618 547 2738 600 οὑδὲ
2763 546 2907 601 οὑτω
2951 547 3135 602 τέλεον
3177 549 3508 620 ἀπεστράφη

1842 627 1906 681 τὸ
1952 627 2060 680 τῶν
2107 628 2407 700 ἀνθρώπων
2435 629 2592 697 γένος
2644 632 2672 683 6
2697 630 2806 683 τῶν
2853 626 3108 684 ἀπάντων
3145 630 3506 702 δημιουργός·

1845 712 1961 765 ἀλλ’
1989 712 2411 783 ἐπειδὴάνάξιοι
2433 713 2618 768 λοιπὸν
2651 716 2904 782 γεγόνασι
2927 716 3024 785 τῆς
3049 715 3262 784 ὁμιλίας
3288 716 3388 785 τῆς
3411 717 3511 770 αὑ-

1846 794 1963 857 τοῦ,
2016 795 2336 866 βουλόμενος
2386 796 2547 850 πάλιν
2575 798 2985 853 ἀνανεώσασθαι
3017 801 3116 870 τὴν
3153 799 3290 870 πρὸς
3316 801 3513 863 αὐτοὺς

1848 877 2050 946 φιλίαν,
2074 877 2322 948 καθάπερ
2338 877 2644 949 ἀνθρώποις
2674 882 2888 949 μακρὰν
2909 881 3184 949 ἀφεστῶσι
3211 881 3514 952 γράμματα

1851 960 2080 1031 πέμπει,
2115 961 2251 1032 πρὸς
2305 960 2495 1014 ἑαυτὸν
2549 962 2908 1031 ἐφελκόμενος
2953 964 3132 1016 πᾶσαν
3156 963 3253 1034 τὴν
3285 963 3393 1016 τῶν
3425 965 3517 1018 ἀν-

1852 1043 2085 1114 θρώπων
2115 1043 2294 1111 φύσιν.
2337 1045 2446 1097 Καὶ
2472 1045 2646 1098 ταῦτα
2675 1045 2742 1097 τά
2772 1045 3076 1116 γράμματα
3102 1045 3313 1115 έπεμψε
3357 1046 3455 1116 μέν
3490 1047 3520 1098 6

1851 1127 2002 1189 Θεὸς,
2040 1128 2261 1196 ἐκόμισε
2294 1126 2349 1179 δέ
2388 1128 2611 1195 Μωσῆς.
2651 1127 2715 1178 Τί
2757 1125 2849 1180 οὑν
2878 1127 3025 1194 λέγει
3057 1130 3126 1181 :6
3176 1129 3518 1198 γράμματας

1863 1210 1966 1264 Ἐν
1989 1209 2148 1278 ἀρχῇ
2176 1210 2462 1276 ἐποίησεν
2482 1213 2515 1264 ό
2545 1210 2690 1275 Θεὸς
2707 1210 2813 1264 τὸν
2842 1212 3102 1278 οἰφανόν
3118 1213 3214 1266 καὶ
3237 1211 3350 1279 τὴν·
3383 1211 3518 1280 γῆν.

1856 1292 2053 1345 Σκόπει
2075 1292 2168 1346 τοῦ
2203 1292 2516 1362 θαυμαστοῦ
2548 1293 2738 1346 τούτου
2776 1295 3058 1364 προφήτου
3081 1335 3095 1361 ,
3127 1294 3394 1365 ἀγαπητέ,
3429 1293 3523 1347 καὶ

1855 1374 1915 1432 ἐν
1934 1367 2111 1449 τούτῳ
2134 1375 2196 1428 τὸ
2225 1374 2522 1446 ἐξαίρετον.
2552 1373 2619 1430 Οἱ
2647 1375 2745 1444 μὲν
2767 1377 2874 1445 γὰρ
2912 1374 3061 1428 ἄλλοι
3085 1377 3358 1449 προφῆται
3388 1375 3524 1428 πάν-

2037 1429 2108 1510 τά
2138 1429 2285 1528 μετά
2310 1429 2476 1510 πολὺν
2529 1429 2788 1527 ἐσόμενα.
2812 1429 3001 1529 χρόνον
3041 1429 3216 1520 εῖπὸνξ
3310 1459 3376 1512 τά
3405 1460 3524 1510 κατ’
3597 1461 3612 1468 ”
3673 1429 3680 1474 ί

1856 1533 2016 1593 αὑτὸν
2048 1540 2308 1610 μέλλοντα
2334 1539 2711 1610 συμϐήσεσθαι
2744 1539 2834 1592 τὸν
2863 1539 3056 1610 καιρόν
3079 1555 3092 1569 °
3125 1543 3154 1594 6
3173 1540 3232 1594 δὲ
3259 1539 3526 1611 μακάριος

1857 1617 2012 1684 οὗτος
2047 1621 2184 1692 μετὰ
2208 1620 2408 1684 πολλὰς
2430 1621 2626 1689 γενεὰς
2646 1620 2909 1689 γεγονὼς,
2935 1621 3040 1674 ὑπὸ
3070 1622 3169 1692 τῆς
3215 1621 3413 1675 ἄνωθεν
3444 1619 3529 1670 δε-

1860 1704 1979 1770 ξιᾶς
2026 1704 2392 1775 όδηγούμενος
2421 1705 2448 1742 ἀ
2495 1706 2681 1756 ἐκεῖνα
2727 1707 2900 1757 εἰπεῖν
2939 1703 3272 1774 κατηξιώθη,
3333 1703 3368 1755 ἃ.
3424 1701 3529 1772 πρὸ

1859 1787 1957 1856 τῆς
1981 1785 2146 1840 αὑτοῦ
2174 1787 2442 1855 γενέσεως
2468 1786 2572 1839 ὑπὸ
2596 1786 2688 1838 τοῦ
2711 1786 2816 1838 τῶν
2839 1785 3094 1838 ἁπάντων
3125 1783 3529 1854 ἐδημιουργήθη

1860 1871 2152 1925 Δεσπότου.
2209 1871 2310 1925 Διά
2359 1870 2518 1924 τοῦτο
2568 1872 2662 1923 καὶ
2719 1869 2892 1932 οὑτως
2946 1869 3146 1941 ἤρξατο
3174 1868 3380 1936 λέγων·
3431 1871 3534 1921 ‘Er

1860 1952 2017 2024 ἀρκῆ
2063 1954 2352 2021 ἐποίησεν
2383 1958 2414 2008 ὁ
2455 1953 2599 2020 Θεὸς
2627 1952 2735 2006 τὸν
2761 1953 3024 2020 οὐρανὸν
3069 1952 3170 2006 καί
3213 1953 3327 2018 τὴν
3379 1951 3528 2019 γῆν·

1863 2038 2148 2107 μονονουχὶ
2184 2037 2322 2108 πρὸς
2353 2037 2599 2100 ἅπαντας
2660 2038 2806 2106 ἡμᾶς
2837 2037 3070 2108 λαμπρᾷ
3099 2035 3240 2106 βοῶν
3263 2039 3332 2106 τῇ
3358 2036 3532 2104 φωνῇ,

1863 2118 1958 2172 καὶ
1979 2119 2151 2188 λέγων
2177 2137 2187 2147 ·
2225 2120 2301 2191 μὴ
2325 2119 2434 2191 γάρ
2463 2119 2612 2190 παρά
2635 2118 2924 2188 ἀνθρώπου
2956 2119 3336 2189 διδασκόμενος
3361 2114 3536 2171 ταῦτα

1865 2202 2206 2273 φθίγγομαις
2269 2204 2326 2256 Ὀ
2357 2203 2463 2258 ἀπὸ
2492 2203 2583 2256 τοῦ
2616 2202 2690 2272 μὴ
2742 2201 2894 2265 ὄντος
2930 2212 2953 2240 ο
2981 2203 3062 2264 είς
3118 2202 3180 2254 τὸ
3213 2197 3356 2254 εἶναι
3395 2200 3534 2253 αὑτά

1866 2285 2224 2356 παραγαγὼν,
2265 2282 2417 2350 οὗτος
2441 2287 2534 2340 καὶ
2565 2285 2662 2356 τὴν
2688 2284 2826 2356 ἐμὴν
2860 2285 3105 2352 γλῶτταν
3126 2285 3262 2354 πρὸς
3284 2285 3382 2352 τὴν
3412 2283 3536 2337 τού-

1864 2387 1970 2422 των
2001 2371 2260 2440 ἐξήγησιν
2293 2369 2686 2440 παρώρμησεν.
2752 2369 2840 2431 Ὠς
2872 2365 2964 2421 οὖν
2993 2368 3174 2421 οὑκέτι
3222 2365 3375 2436 παρά
3407 2367 3536 2420 Μω-

1867 2450 2005 2514 σέως
2037 2451 2207 2504 ταῦτα
2237 2450 2546 2512 ἀκούοντες,
2579 2448 2715 2502 ἀλλά
2744 2449 2873 2520 παρ’
2907 2448 3074 2502 αὑτοῦ
3112 2447 3206 2501 τοῦ
3257 2447 3366 2500 τῶν
3399 2447 3538 2500 ὅλων

1867 2533 2000 2586 Θεοῦ
2035 2534 2122 2587 διὰ
2143 2533 2240 2603 τῆς
2264 2532 2355 2587 τοῦ
2386 2531 2629 2595 Μωσέως
2667 2531 2936 2601 γλώττης,
2968 2531 3112 2585 οὑτω
3141 2534 3256 2594 τοῖς
3312 2531 3541 2600 λεγομέ-

1869 2635 1979 2682 νοις
2007 2618 2385 2689 προσέχωμεν,
2435 2615 2760 2687 παρακαλῶ,
2810 2616 2906 2668 καὶ
2938 2613 3113 2668 πολλά
3168 2613 3382 2684 χαίρειν
3429 2615 3541 2674 τοῖς

1871 2701 2158 2770 ἡμετέροις
2207 2701 2489 2770 λογισμοῖς
2521 2698 2768 2761 εἰπόντες
2792 2714 2806 2728 ·
2839 2698 3126 2768 Λογισμοί
3169 2698 3298 2768 γάρ,
3353 2697 3538 2768 φησὶν,

1869 2783 2194 2851 ἀνθρώπων
2217 2783 2426 2847 δειλοί,
2448 2783 2546 2836 καὶ
2576 2783 2932 2850 ἐπισφαλεῖς
2955 2784 3015 2835 αι
3036 2782 3293 2834 ἐπίνοιαι
3316 2779 3537 2833 αὐτῶν.

1871 2867 2026 2921 Μετὰ
2048 2867 2247 2937 πολλῆς
2269 2867 2372 2936 τῆς
2421 2865 2839 2935 εὐγνωμοσύνης
2882 2864 3164 2936 δεχώμεθα
3197 2864 3264 2917 τά
3313 2863 3544 2933 λεγόμε-

1874 2965 1962 3015 να,
1998 2950 2072 3020 μὴ
2111 2949 2529 3020 ὑπερϐαίνοντες
2559 2948 2622 3000 τὸ
2653 2950 2849 3001 οἰκεῖον
2885 2947 3101 3018 μέτρον,
3140 2947 3274 3018 μηδέ
3308 2946 3376 2999 τὰ
3403 2946 3544 3016 ὑπὲρ

1874 3033 2020 3102 ἡμᾶς
2036 3031 2522 3102 περιεργαζόμενοι
2539 3048 2553 3061 ο
2578 3031 2717 3100 ὅπερ
2736 3030 3068 3085 πεπόνθασιν
3086 3032 3135 3095 οί
3161 3030 3262 3099 τῆς
3286 3028 3546 3100 ἀληθείας

1874 3114 2081 3185 ἐχθροὶ.
2114 3114 2465 3186 βουληθέντες
2509 3115 2622 3176 τοῖς
2676 3113 2898 3175 οίκείοις
2947 3113 3228 3183 λογισμοῖς
3255 3112 3547 3184 ἐπιτρέψαι

1873 3195 1934 3248 τὸ
1969 3199 2098 3262 πᾶν,
2142 3197 2238 3250 καὶ
2271 3197 2370 3248 οῦκ
2415 3197 2768 3266 ἐννοήσαντες
2799 3196 2880 3248 ὅτι
2909 3195 3171 3250 ἀδύνατον
3213 3194 3313 3266 τὴν
3343 3195 3549 3266 ἀνθρωο

1875 3279 2036 3331 πείαν
2090 3278 2252 3348 φύσιν
2306 3277 2326 3316 ί
2365 3278 2466 3349 τὴν
2501 3277 2596 3331 τοῦ
2636 3278 2772 3331 Θεοῦ
2801 3277 3162 3350 δημιουργίαν
3189 3277 3548 3349 περιεργάζε-

1877 3360 2016 3414 σθαι.
2054 3362 2164 3415 Kal
2191 3361 2245 3414 τί
2266 3360 2406 3430 λέγω
2431 3361 2528 3432 τὴν
2551 3358 2645 3413 τοῦ
2672 3360 2804 3414 Θεοῦ
2830 3361 3218 3432 δημιουργίαν;
3254 3361 3393 3414 Ἀλλ’
3426 3361 3548 3414 οὑδέ

1876 3442 2164 3514 ἀνθρώπου
2209 3444 2404 3515 τέχνην
2453 3443 2548 3496 τοῦ
2581 3443 2882 3514 ὁμογενοῦς
2913 3445 3045 3515 ἡμῖν
3087 3443 3550 3516 περιεργάζεσθαι

1877 3525 2118 3580 δυνατόν.
2148 3526 2282 3579 Εἰπὲ
2311 3526 2420 3597 γάρ
2457 3544 2568 3597 μοι,
2596 3526 2708 3589 πῶς
2742 3525 2851 3579 ἀπὸ
2871 3526 2970 3596 τῆς
3003 3526 3330 3597 μεταλλικῆς
3355 3525 3552 3594 τέχνης

1880 3610 2102 3681 χρυσίου
2131 3610 2445 3662 συνίσταται
2469 3607 2663 3678 φύσις;
2702 3607 2878 3679 ἢπῶς
2913 3609 3012 3678 τῆς
3043 3607 3198 3661 ὑέλου
3232 3610 3266 3679 ή
3314 3606 3552 3679 καθαρό-

1881 3711 1978 3764 της
2013 3692 2121 3746 άπὸ
2153 3693 2378 3763 ψάμμου
2419 3692 2659 3760 γίνεται;
2700 3690 2838 3744 Ἀλλ’
2863 3690 2968 3744 οὑκ
2989 3690 3054 3744 ἂν
3092 3690 3238 3760 έχοις
3267 3691 3463 3744 εἰπεῖν.
3487 3688 3552 3742 Et

1883 3779 2061 3832 τοίνυν
2083 3777 2256 3830 ταῦτα
2275 3776 2345 3829 :6
2373 3776 2479 3845 πρὸ
2506 3773 2614 3827 τῶν
2643 3773 2937 3844 ὀφθαλμῶν
2969 3773 3217 3844 κείμενα,
3284 3773 3378 3826 καὶ
3409 3773 3553 3842 άπερ

1881 3861 1968 3914 διά
1996 3860 2096 3928 τὴν
2116 3858 2212 3912 τοῦ
2251 3857 2386 3912 Θεοῦ
2417 3853 2827 3928 φιλανθρωπίαν
2854 3856 3014 3925 σοφία
3050 3855 3369 3927 ἀνθρωπίνη
3389 3856 3555 3926 ἐργά-

1885 3944 2056 4009 ζεται,
2109 3942 2446 4011 καταμαθεῖν
2484 3939 2543 3991 οὑ
2582 3937 2805 3991 δυνατὸν
2835 3939 2882 4001 ⁸,
2913 3937 2983 3990 :6
3015 3935 3125 3990 61:6
3169 3935 3264 3989 τοῦ
3298 3935 3432 3989 Θεοῦ
3458 3936 3554 4005 δη-

1889 4025 2290 4097 μιουργηθέντα
2317 4039 2470 4093 περιε
2481 4021 2676 4093 ργάζῃ,
2704 4019 2956 4091 ἄνθρωπε
2982 4037 2998 4086 ;

1956 4110 2067 4162 Kal
2100 4107 2257 4169 ποίας
2281 4104 2347 4158 ἂν
2371 4104 2573 4179 τύχοις.
2595 4103 2955 4173 συγγνώμης;
2980 4101 3125 4164 τίνος
3164 4099 3222 4153 δέ
3260 4099 3556 4168 ἀπολογίας

1886 4190 2029 4244 οὑτω
2056 4188 2336 4260 μεμηνὼς,
2368 4189 2463 4240 καὶ
2492 4185 2563 4239 :6
2591 4187 2731 4256 ὑπὲρ
2766 4187 2863 4254 τὴν
2890 4183 3089 4237 σαυτοῦ
3118 4182 3278 4253 φύσιν
3297 4184 3560 4252 φανταζό-

1892 4289 2079 4344 μενος;
2112 4271 2186 4324 T6
2217 4271 2326 4341 γὰρ
2351 4270 2530 4339 λέγειν
2560 4268 2619 4332 ἐξ
2645 4267 3012 4338 ὑποκειμένης
3042 4266 3174 4337 ὑλης
3201 4267 3270 4320 τά
3297 4269 3428 4324 ὸντα
3461 4284 3559 4336 γε·

1888 4355 2170 4425 γενῆσθαι.
2203 4353 2299 4407 καὶ
2362 4353 2436 4424 μὴ
2495 4351 2779 4422 ὁμολογεῖν
2826 4352 2910 4404 ὅτι
2955 4349 3014 4413 ἐξ
3044 4350 3144 4402 οὑκ
3199 4350 3372 4402 ὄντων
3418 4352 3560 4404 αὐτά

1893 4446 2210 4510 παρήγαγεν
2235 4438 2264 4489 6
2307 4437 2418 4489 τῶν
2467 4436 2722 4490 ἁπάντων
2777 4433 3125 4504 δημιουργὸς,
3178 4433 3279 4501 τῆς
3324 4434 3559 4504 ἐσχάτης

1891 4520 2317 4593 παραφροσύνης
2339 4519 2404 4573 ἂν
2436 4518 2523 4588 εἴη
2544 4521 2788 4589 σημεῖον.
2835 4517 3193 4586 Ἐμφράττων
3235 4516 3414 4569 τοίνυν
3450 4516 3559 4570 τῶν

1891 4605 2221 4675 ἀγνωμόνων
2248 4605 2315 4656 τὰ
2339 4602 2576 4673 στόματα
2601 4604 2628 4655 6
2659 4600 2926 4670 μακάριος
2939 4593 3090 4662 οὗτος
3111 4600 3416 4670 προφήτης,
3438 4600 3564 4670 μέλ-

1891 4689 1996 4741 λων
2029 4685 2291 4758 ἄρχεσθαι
2308 4683 2400 4738 τοῦ
2426 4685 2651 4754 βιϐλίου,
2669 4681 2839 4745 οὑτως
2868 4678 3088 4751 ήρξατο·
3111 4678 3215 4732 Ἐν
3229 4678 3386 4748 ἀρχῇ
3399 4681 3562 4758 ἐποί-

1892 4787 2046 4839 ησεν
2071 4757 2190 4843 [10]
2209 4771 2241 4822 ό
2257 4767 2402 4833 Θεὸς
2424 4765 2531 4821 τὸν
2555 4765 2815 4836 οὐρανὸν
2851 4763 2950 4816 καὶ
2972 4761 3085 4830 τὴν
3119 4760 3253 4831 γῆν.
3281 4757 3558 4843 Ὅτανοῦν

1895 4842 2134 4926 ἀκούσης
2177 4853 2258 4918 τὸ,
2315 4852 2621 4918 Ἐποίησε,
2675 4847 2841 4920 μηδὲν
2889 4847 3075 4918 ἕτερον
3107 4846 3140 4926 hi
3169 4842 3556 4916 περιεργάζου,

1895 4938 2030 4994 ἀλλά
2078 4925 2240 4991 νκάτω
2293 4935 2537 5000 κύπτων,
2597 4932 2821 4985 πίστευε
2864 4928 2944 4999 τῷ
2988 4925 3250 4998 λεχθέντι.
3292 4925 3422 4987 Θεὸς
3454 4926 3560 4995 γάρ

1896 5027 2043 5078 ἐστιν
2073 5026 2102 5076 6
2148 5021 2326 5074 πάντα
2373 5017 2543 5072 ποιῶν
2572 5016 2666 5070 καὶ
2715 5010 3155 5086 μετασκευάζων,
3193 5007 3286 5062 καὶ
3328 5009 3463 5076 πρὸς
3502 5011 3564 5058 τὸ

1898 5106 2060 5162 αὑτοῦ
2099 5105 2347 5178 βούλημα
2375 5105 2445 5158 :6
2480 5103 2658 5156 πάντα
2693 5095 3165 5171 μεταρρυθμίζων.
3199 5093 3308 5145 Καὶ
3336 5092 3436 5164 ὅρα
3464 5093 3564 5162 τῆς

1961 5274 1988 5314 a
2011 5273 2209 5326 Coislin.
2233 5273 2328 5322 ὑπὸ
2351 5271 2626 5334 mam-19w
2652 5263 3018 5334 έεουείεςβτέηγ-
3084 5318 3108 5328 -
3179 5319 3248 5334 ..
3396 5317 3539 5334 κη.

1968 5350 1992 5378 ⁸
2548 5317 2696 5394 ὄντοςξ
2742 5317 2890 5374 Ᾱιὶἰνὸ
2913 5317 3006 5371 ἀπὸ
3023 5318 3113 5394 τοῦ
3135 5321 3198 5382 μὴ
3224 5319 3367 5394 ὄντος.
3396 5317 3566 5379 Pergit

1901 5383 2197 5454 (Σοὶειῖιιῗείς
2211 5383 2282 5445 τὸ
2299 5397 2417 5444 εἶναι
2438 5383 2589 5454 ταῦτα
2609 5390 2763 5454 πάντα
2783 5386 3089 5448 παραγαγών,
3118 5396 3212 5430 non
3237 5383 3380 5427 male.

1968 5459 1989 5499 ί
2014 5452 2210 5512 Cuislili.
2233 5464 2292 5520 τῇ
2314 5452 2754 5520 ἀνθρωπεία-φύσει.

1969 5525 1995 5563 ³
2017 5501 2738 5582 ’ὦδε-,τζξιατᾷλᾶϐεἶν
2885 5505 3099 5582 δυνατύν.
3152 5501 3412 5582 619x039:
3425 5507 3566 5582 Δξηξς

1905 5585 1983 5645 τάν
2009 5564 2810 5655 1363163751ﬂigi?!
2831 5564 3477 5655 Ξὲ-ἕ9.ίὲί2;ηίῗξηὲᾒῒὲ¹’,ἑὲ
3515 5564 3567 5610 ⁵⁸³

1907 5623 2142 5696 οἶιῖιιῖίῖιῖἶ
2153 5623 2808 5706 εῆίξρὲὖθ-ᾙέουεὸῆριίες
2835 5634 3048 5693 ideoque
3071 5636 3373 5690 expunctum
3394 5623 3502 5674 nm.

1971 5707 1999 5747 ιι
2017 5707 2206 5770 Regius
2224 5704 2350 5756 unius
2373 5704 2436 5766 μὴ
2455 5704 2627 5766 ἕτερον.

3067 5799 3128 5892 2.
