3752 6242
315 272 389 327 99
1487 260 1552 317 ΙΝ
1587 261 1739 316 CAP.
1783 261 1821 315 l.

2023 259 2109 315 ES.
2154 261 2452 318 HOMILJL
3514 275 3580 331 30

313 395 436 456 apte
476 384 754 440 convertit.
800 381 867 436 Et
894 381 1012 436 vide
1042 388 1295 451 quantum
1333 385 1531 432 nostra:
1567 374 1808 446 parvitati
1835 387 1895 427 se

311 486 631 546 attemperat
665 493 677 528 :
710 473 840 528 nihil
868 472 937 527 de
962 466 1313 526 invisibilibus
1348 465 1631 523 virtutibus
1659 464 1890 531 disserit,

312 582 490 637 neque
517 565 662 631 dicit,
698 564 754 620 ln
798 563 1057 633 principio
1102 561 1228 617 fecit
1267 562 1407 616 Deus
1440 560 1654 630 angelos
1686 558 1770 613 vel
1800 572 1893 611 ar-

309 656 599 725 changelos
626 674 638 709 :
671 669 774 709 non
795 652 1127 723 simpliciter,
1161 666 1334 721 neque
1352 660 1551 725 temere
1578 648 1715 703 hanc
1737 646 1893 702 nobis

309 747 573 800 doctrinae
596 743 736 798 viam
767 743 986 813 paravit.
1013 741 1146 809 Quia
1171 740 1314 796 enim
1337 739 1535 795 Judaais
1556 738 1890 809 loquebatur,

306 839 397 907 qui
448 838 544 891 toti
590 835 940 907 praesentibus
980 832 1138 889 rebus
1177 832 1479 899 inhiabant,
1522 846 1694 902 neque
1731 831 1891 901 spiri-

307 931 451 985 tuale
478 930 761 999 quidquam
788 929 966 982 animo
990 926 1273 996 concipere
1298 925 1564 992 valebant,
1595 939 1688 980 eos
1713 939 1743 979 a
1771 939 1892 979 scn-

306 1021 549 1075 sibilihus
578 1020 644 1075 ad
669 1017 1097 1090 cognoscendum
1125 1018 1355 1073 universi
1381 1014 1636 1087 Opiﬁcem
1667 1016 1886 1081 inducit,

306 1124 367 1168 ut
391 1130 458 1169 ex
494 1113 758 1168 creaturis
798 1112 1193 1166 Fabricatorem
1233 1110 1413 1166 mundi
1443 1109 1731 1175 discentes,
1762 1108 1888 1163 ado-

307 1215 488 1259 rarent
515 1204 818 1259 Creatorem
856 1203 1115 1269 omnium,
1153 1212 1208 1256 et
1245 1216 1351 1255 non
1392 1201 1445 1255 in
1472 1200 1727 1256 creaturis
1760 1199 1889 1270 ipsis

306 1304 680 1364 permanerent
707 1305 762 1350 et
787 1295 1144 1365 quiescerent.
1187 1293 1319 1347 Nam
1354 1308 1477 1348 cum
1507 1293 1630 1349 licet
1660 1293 1774 1348 haec
1816 1293 1888 1348 ita

304 1387 444 1441 facta
475 1388 600 1452 sint,
629 1402 733 1440 nou
756 1385 1136 1441 intermiserint
1160 1400 1223 1440 ex
1251 1385 1507 1439 creaturis
1535 1384 1665 1440 deos
1685 1384 1883 1451 facere,

305 1489 360 1533 et
389 1479 625 1532 divinum
661 1477 917 1532 honorem
956 1476 1265 1532 foedissimis
1292 1476 1465 1531 brutis
1492 1475 1744 1532 exhibere
1781 1494 1795 1529 :
1834 1478 1886 1531 in

304 1585 463 1639 quam
498 1584 603 1623 non
646 1569 933 1623 amentiam
968 1568 1297 1635 incidissent,
1338 1568 1440 1623 nisi
1469 1577 1613 1623 tanta
1643 1583 1767 1640 erga
1793 1583 1887 1625 eos

303 1660 746 1728 attemperatione
771 1657 956 1712 fuisset
982 1658 1143 1713 usus?

375 1752 428 1805 3.
460 1749 569 1805 Nec
594 1750 820 1815 mireris,
848 1749 1061 1816 dilecte,
1088 1750 1227 1820 quod
1256 1749 1431 1807 Moses
1456 1751 1556 1807 hac
1590 1752 1673 1807 via
1708 1753 1883 1809 inces-

302 1844 497 1908 serit‘,
519 1843 607 1913 qui
633 1843 686 1897 in
726 1842 1002 1913 principio,
1034 1850 1089 1897 et
1120 1842 1173 1897 in
1212 1842 1505 1912 praeludiis,
1534 1845 1885 1900 crassioribus

302 1934 669 2005 loquutusest
705 1933 902 1989 Iudaeis
945 1952 958 1987 :
994 1933 1419 2004 quandoquidem
1459 1935 1651 1991 Paulus
1674 1951 1884 2007 quoque

302 2035 545 2094 tempore
570 2025 775 2094 gratiae,
810 2038 930 2078 cum
958 2032 1162 2079 tantum
1206 2024 1596 2094 praedicationis
1621 2036 1764 2082 esset
1796 2027 1881 2081 in-

298 2126 650 2182 crementum,
682 2115 1043 2185 disputaturus
1081 2130 1201 2171 cum
1232 2116 1664 2183 Atheniensibus,
1691 2134 1723 2173 a
1753 2120 1883 2173 visi-

298 2208 496 2263 bilibns
539 2208 833 2263 doctrinam
884 2209 1046 2278 coepit
1082 2207 1166 2263 his
1209 2209 1387 2264 verbis
1429 2228 1441 2263 :
1483 2208 1618 2263 Deus
1653 2211 1738 2281 qui
1766 2211 1882 2281 fecit

296 2303 564 2365 mundum,
600 2310 647 2356 et
674 2302 842 2356 omnia
879 2317 993 2372 qua:
1028 2302 1080 2355 in
1117 2318 1174 2356 eo
1202 2312 1352 2367 sunt;
1388 2302 1470 2356 hic
1507 2303 1622 2357 ειτιί
1656 2312 1701 2358 et
1735 2314 1882 2358 terra:

293 2408 412 2445 cum
439 2393 504 2446 sit
529 2391 810 2459 Dominus,
857 2409 958 2446 non
992 2393 1047 2446 in
1082 2394 1386 2464 manufactis
1428 2394 1616 2448 habitat
1657 2396 1874 2467 templis,

293 2501 389 2539 nec
417 2485 651 2540 humanis
677 2487 906 2540 manibus
928 2487 1115 2540 colitur
1140 2485 1275 2556 (Act.
1308 2488 1393 2541 17.
1425 2487 1539 2559 24).
1577 2488 1708 2556 Quia
1732 2490 1875 2544 enim

295 2578 455 2631 talem
477 2579 555 2632 eis
581 2588 883 2647 competere
912 2580 1111 2634 sciebat
1145 2578 1459 2644 doctrinam,
1494 2580 1627 2635 hanc
1653 2581 1878 2637 docendi

291 2670 433 2724 viam
456 2671 698 2741 arripuit.
726 2670 808 2724 Ad
836 2685 930 2724 eos
953 2670 1093 2725 enim
1111 2672 1198 2741 qui
1221 2686 1368 2725 suam
1392 2672 1750 2742 suscipiebant
1775 2673 1873 2728 do-

292 2763 542 2828 ctrinam,
572 2776 599 2815 a
629 2762 828 2831 Spiritu
854 2763 922 2816 ita
950 2762 1296 2832 dirigebatur,
1323 2773 1377 2817 et
1403 2778 1496 2817 eos
1523 2765 1592 2818 ita
1630 2763 1873 2820 docebat.

292 2854 363 2908 Et
386 2863 443 2907 ut
463 2854 600 2909 scias
631 2853 786 2922 hujus
810 2854 884 2907 rei
910 2868 1123 2908 causam
1153 2852 1313 2908 fuisse
1340 2869 1681 2923 perSonarum
1715 2856 1877 2911 varie-

292 2954 483 3009 tatem,
507 2952 559 2999 et
584 2943 885 2998 auditorum
904 2942 1331 3008 crassitudinem,
1351 2943 1472 2998 audi
1494 2944 1640 2998 illum
1664 2945 1831 3016 ipsum
1858 2962 1872 2999 :

288 3037 360 3091 ad
401 3036 750 3091 Colossenses
794 3036 935 3091 enim
983 3035 1259 3106 epistolam
1317 3036 1595 3102 scribens,
1633 3052 1739 3091 non
1777 3037 1876 3092 hac

285 3127 530 3181 ambulat
572 3127 675 3193 via,
716 3124 809 3180 sed
846 3125 1002 3180 aliter
1040 3141 1160 3181 cum
1195 3126 1271 3181 eis
1311 3126 1577 3195 loquitur,
1616 3136 1670 3181 et
1707 3127 1871 3182 dicit:

290 3220 429 3289 Quia
459 3222 513 3273 in
540 3220 651 3289 ipso
676 3229 843 3274 creata
868 3228 985 3273 sunt
1012 3220 1181 3273 omnia
1199 3261 1213 3282 ,
1262 3235 1373 3289 qua:
1398 3220 1449 3273 in
1478 3219 1614 3274 caelis
1654 3230 1789 3283 sunt,
1828 3228 1876 3273 et

284 3327 405 3381 quae
422 3312 475 3364 in
502 3322 654 3378 terra,
685 3310 898 3365 visibilia
925 3319 972 3364 et
993 3310 1279 3377 invisibilia,
1306 3312 1408 3364 sive
1435 3311 1622 3376 throni,
1655 3312 1755 3366 sive
1777 3311 1873 3363 do-

288 3405 613 3469 minationes,
654 3406 755 3459 sive
781 3405 1113 3474 principatus,
1146 3405 1247 3459 sive
1270 3413 1551 3474 potestates,
1588 3405 1757 3458 omnia
1786 3421 1875 3473 per

284 3497 461 3561 illum,
486 3506 535 3551 et
555 3498 606 3550 in
642 3496 789 3550 illum
823 3506 990 3549 creata
1015 3505 1131 3550 sunt
1169 3494 1382 3566 (Coloss.
1415 3497 1464 3549 1.
1498 3494 1609 3566 16).
1640 3495 1872 3551 Joannes

283 3597 471 3645 autem
502 3588 716 3642 tonitrui
742 3588 881 3643 [ilius
906 3586 1187 3653 clamabat,
1215 3587 1431 3642 dicens:
1468 3586 1651 3641 Omnia
1679 3605 1767 3657 per
1793 3589 1874 3658 ip-

283 3698 402 3736 sum
428 3681 565 3749 facta
590 3688 725 3744 sunt,
761 3690 805 3732 et
836 3679 944 3733 sine
966 3679 1076 3747 ipso
1104 3683 1292 3750 factum
1330 3689 1403 3732 est
1445 3679 1573 3733 nihil
1605 3678 1782 3750 (Joan.
1816 3683 1866 3735 1.

282 3774 368 3844 5).
398 3777 468 3828 At
490 3786 600 3827 non
631 3773 709 3828 sic
737 3771 938 3836 Moses;
968 3782 1022 3826 et
1047 3772 1273 3827 merito:
1308 3787 1403 3826 nec
1424 3773 1565 3826 enim
1595 3782 1711 3827 erat
1738 3788 1867 3827 con-

286 3878 624 3926 sentaneum.
657 3873 709 3918 ut
746 3864 914 3919 solido
944 3872 1287 3933 pascerentur
1320 3864 1441 3919 cibo
1481 3864 1673 3935 quibus
1698 3863 1870 3921 adhuc

286 3957 441 4011 lactis
461 3955 703 4009 alimonia
740 3968 873 4024 opus
905 3963 1038 4009 erat.
1070 3953 1201 4007 Nam
1245 3954 1688 4025 quemadmodum
1734 3955 1870 4009 ludi-

285 4047 525 4117 magistri
547 4046 742 4115 pueris,
765 4047 899 4115 quia
916 4046 1220 4114 parentibus
1241 4048 1261 4077 '
1283 4046 1410 4115 ipsis
1429 4046 1871 4103 commendantur

282 4138 582 4204 erudiendi,
611 4139 779 4208 prima
819 4138 1034 4192 tradunt
1061 4139 1322 4193 elementa
1349 4180 1364 4205 ,
1396 4153 1529 4209 quos
1558 4155 1754 4209 pueros
1777 4141 1866 4210 qui

282 4233 355 4287 ab
386 4232 488 4286 illis
514 4238 696 4300 postea
728 4230 1040 4299 suscipiunt,
1070 4229 1465 4284 sublimioribus
1492 4241 1545 4285 et
1583 4229 1864 4301 perfectio-

283 4322 436 4377 ribus
462 4320 716 4376 doctrinis
753 4319 995 4374 imbuunt
1026 4337 1039 4373 :
1070 4319 1141 4373 ita
1166 4327 1220 4374 et
1256 4319 1439 4375 beatus
1462 4320 1654 4386 Moses,
1683 4330 1737 4377 et
1769 4322 1865 4377 do-

280 4423 401 4468 ctor
425 4412 681 4483 gentium,
712 4426 775 4466 ac
798 4410 940 4465 ﬁlius
969 4411 1184 4465 tonitrui
1225 4409 1482 4466 fecerunt.
1526 4411 1658 4466 Nam
1691 4412 1866 4469 Moses

281 4506 500 4578 quidem
532 4521 654 4560 cum
685 4505 885 4575 primus
914 4505 1150 4559 omnium
1179 4504 1559 4559 instituendam
1596 4506 1862 4576 suscepis-

280 4608 367 4654 set
394 4597 681 4652 humanam
722 4605 984 4662 naturam,
1026 4596 1208 4651 docuit
1247 4595 1517 4652 auditores
1551 4598 1721 4668 prima
1750 4599 1863 4654 ele-

279 4698 505 4744 menta:
536 4688 772 4744 Joannes
812 4696 990 4741 autem
1019 4696 1074 4741 et
1116 4687 1310 4741 Paulus
1362 4688 1427 4742 iis
1459 4704 1592 4759 quos
1637 4705 1669 4746 a
1719 4691 1867 4747 Mose

278 4790 620 4853 acceperant,
660 4788 843 4850 postea
884 4780 1195 4851 perfectiora
1239 4780 1526 4837 tradidere.
1573 4782 1733 4855 Igitur
1753 4784 1863 4853 jam

278 4875 586 4937 didicimus,
626 4886 791 4941 quare
833 4872 903 4926 ita
950 4886 1009 4926 se
1048 4875 1482 4942 attemperaverit
1522 4875 1587 4930 ad
1627 4885 1860 4931 nostram

279 4966 617 5029 tenuitatem,
646 4971 702 5018 et
726 4978 847 5018 eum
881 4962 1081 5033 Spiritu
1125 4973 1313 5019 sancto
1352 4964 1673 5035 loquentem,
1707 4976 1866 5037 prout

278 5055 615 5112 auditoribus
639 5054 982 5124 congruebat,
1009 5054 1185 5110 omnia
1211 5058 1528 5125 exposuisse
1558 5076 1571 5112 :
1601 5059 1864 5130 simulque

277 5151 367 5205 ille
410 5161 601 5201 omnes
650 5144 900 5211 haereses,
945 5163 1064 5215 quae
1106 5148 1244 5203 sicut
1286 5151 1483 5204 zizania
1533 5152 1865 5221 pullulatura‘.

276 5254 433 5299 erant
469 5245 525 5300 in
570 5246 827 5313 Ecclesia,
859 5248 1091 5304 eradicat
1134 5264 1230 5321 per
1274 5249 1377 5307 hoc
1420 5250 1561 5320 quod
1599 5251 1767 5309 dicit:
1796 5250 1863 5307 In

276 5340 529 5408 principio
556 5342 673 5410 fecit
711 5340 846 5397 Deus
882 5344 1060 5397 cretum
1088 5356 1133 5398 et
1172 5355 1374 5400 terram.
1418 5331 1566 5405 Unde
1609 5351 1656 5406 si
1699 5352 1866 5410 Mani-

278 5432 461 5488 chacus
486 5434 551 5487 ad
582 5445 633 5488 te
659 5440 941 5491 accesserit
960 5438 1150 5497 dicens
1165 5440 1446 5496 materiam
1463 5444 1860 5516 praeexsistere;

346 5675 359 5704 ι
400 5669 453 5719 In
478 5672 597 5734 Edit.
625 5674 810 5734 March,
831 5679 1118 5729 cucurrerit.

342 5734 363 5765 ⁸
397 5733 536 5785 savii.
566 5742 616 5785 et
638 5734 777 5788 multi
808 5744 933 5803 llas,
960 5754 990 5793 a
1014 5743 1265 5808 putribus;
1289 5746 1469 5813 March,
1496 5763 1525 5800 α
1548 5751 1779 5804 matribus

2002 373 2046 426 si
2076 372 2325 438 Marcion,
2353 376 2396 429 si
2430 376 2737 433 Valentinus
2768 380 2867 450 (η),
2890 380 2934 437 si
2961 382 3206 453 gentiles,
3235 383 3318 440 dic
3347 387 3448 442 illis
3474 408 3486 443 :
3517 390 3583 445 In

2000 465 2245 535 principio
2274 466 2389 536 fecit
2411 466 2551 522 Deus
2577 470 2755 525 cazlum
2780 482 2825 525 et
2854 482 3056 527 terram.
3094 475 3200 532 Sed
3228 478 3373 547 quid,
3405 479 3446 533 si
3474 496 3581 535 non

1997 556 2165 610 credit
2208 558 2295 612 ille
2340 560 2661 631 Scripturze?
2701 557 2781 618 Tu
2822 566 3042 634 posthac
3074 583 3247 637 ipsum
3293 574 3579 638 averseris,

1996 648 2139 702 velut
2167 648 2499 706 furibundum
2526 660 2580 707 et
2605 664 2781 709 mente
2806 666 3036 726 captum.
3069 658 3198 713 Nam
3225 661 3313 731 qui
3345 663 3580 719 omnium

1997 739 2184 808 Opilici
2216 758 2319 796 non
2350 744 2539 809 credit,
2570 756 2624 801 et
2651 746 2925 802 veritatem
2958 751 3217 807 mendacii
3255 754 3447 824 arguit,
3477 771 3580 825 qua

1996 846 2246 903 umquam
2276 832 2573 903 dignandus
2602 847 2683 892 est
2704 841 2889 895 venia?
2921 842 3089 899 liabet
3118 844 3206 900 ille
3234 845 3464 903 fucatum
3486 862 3581 903 co-

1997 919 2162 977 lorem
2206 924 2245 986 ¹,
2278 933 2333 978 et
2368 935 2762 983 mansuetorum
2806 947 3059 999 personas
3106 936 3292 1002 induit,
3345 940 3579 1011 tegitque

1996 1012 2097 1068 sub
2121 1013 2278 1068 ovilla
2311 1016 2447 1085 pelle
2470 1015 2668 1089 lupum.
2702 1020 2807 1076 Sed
2836 1030 2890 1078 tu
2923 1040 2989 1079 ne
3009 1026 3311 1097 decipiaris,
3342 1031 3448 1087 imo
3477 1032 3578 1087 hac

1994 1106 2106 1176 ipsa
2134 1107 2201 1162 de
2224 1123 2383 1164 causa
2424 1110 2569 1165 illum
2606 1115 2773 1185 magis
2802 1130 3023 1171 exosum
3054 1119 3208 1185 habe,
3247 1123 3387 1191 quod
3426 1140 3578 1179 man-

1993 1194 2328 1256 suetudinem
2356 1202 2567 1273 quidem
2595 1220 2719 1277 erga
2752 1217 2802 1262 te
2830 1222 3149 1265 conservum
3177 1212 3408 1281 simulet,
3443 1233 3575 1272 con-

1995 1298 2075 1345 tra
2106 1290 2382 1347 Dominum
2426 1303 2602 1350 autem
2651 1298 3017 1354 universorum
3061 1301 3223 1357 Deum
3254 1304 3449 1360 bellum
3480 1324 3575 1377 ge.

1992 1390 2094 1448 rat,
2124 1389 2177 1436 et
2200 1397 2371 1453 neque
2393 1385 2626 1455 seipsum
2655 1388 2880 1444 salutem
2904 1406 3053 1445 suam
3089 1394 3312 1461 prodere
3334 1397 3574 1452 animad-

1992 1482 2180 1527 vertat.
2210 1472 2474 1530 Cteterum
2518 1492 2617 1532 nos
2642 1479 2849 1534 firmam
2878 1490 3149 1537 teneamus
3175 1488 3398 1554 petram,
3425 1497 3475 1543 et
3505 1488 3571 1544 ad

1990 1564 2308 1635 principium
2355 1567 2545 1623 iterum
2596 1573 2959 1641 regrediamur
3004 1593 3017 1629 :
3064 1575 3132 1631 In
3170 1580 3419 1651 principio
3456 1583 3572 1651 fecit

1990 1657 2128 1714 Deus
2156 1661 2334 1715 caelum
2373 1675 2419 1717 et
2458 1673 2660 1718 terram.
2707 1667 2936 1723 Attende
2978 1685 3156 1737 nunc,
3198 1676 3464 1741 quomodo
3506 1691 3572 1730 ex

1936 1735 1949 1798 \
1989 1748 2106 1820 ipso
2131 1751 2325 1820 opificii
2358 1754 2517 1808 modo
2544 1755 2737 1810 divina:
2784 1768 2983 1812 natura:
3014 1735 3244 1830 dignitas
3278 1764 3566 1827 enitescat;

1970 1841 2255 1911 quomodo
2284 1841 2423 1899 Deus
2451 1855 2643 1914 praeter
2669 1846 2953 1903 humanum
2976 1866 3201 1919 morem,
3233 1868 3386 1909 suum
3410 1858 3568 1925 perii-

1987 1932 2134 1988 ciens
2161 1933 2461 2000 tedilicium,
2490 1937 2635 2006 prius
2660 1938 2846 1993 cznlum
2864 1941 3146 2009 extendat,
3177 1956 3359 2013 postea
3388 1956 3443 2002 et
3464 1957 3569 2003 ter-

1986 2038 2100 2077 ram
2130 2024 2435 2081 substernat
2468 2047 2482 2081 :
2512 2026 2659 2098 prius
2689 2030 2920 2098 culmen,
2956 2043 3008 2087 et
3039 2045 3219 2103 postea
3253 2036 3566 2094 fundamen-

1987 2123 2120 2168 tum.
2150 2114 2279 2183 Quis
2319 2117 2422 2173 tale
2450 2119 2575 2188 quid
2601 2120 2767 2175 vidit?
2792 2123 2914 2192 quis
2942 2124 3173 2179 audivit?
3198 2126 3253 2181 lu
3292 2128 3566 2185 hominum

1984 2217 2115 2260 sane
2140 2206 2388 2275 operibus
2413 2208 2546 2264 nihil
2584 2210 2688 2266 tale
2715 2228 2961 2283 umquam
2994 2214 3149 2271 fuerit
3183 2236 3196 2271 :
3228 2218 3320 2273 sed
3342 2221 3566 2290 jubente

1986 2294 2117 2361 Deo,
2148 2297 2405 2353 voluntati
2428 2300 2543 2369 ejus
2576 2312 2761 2371 parent
2788 2313 2841 2359 et
2863 2304 3056 2361 cedunt
3078 2309 3275 2364 omnia.
3305 2310 3381 2367 Ne
3404 2312 3565 2383 igitur

1984 2387 2227 2444 humanis
2248 2391 2541 2448 rationibus
2556 2393 2729 2449 divina
2751 2412 2909 2465 opera
2932 2400 3192 2455 curiosius
3212 2404 3561 2472 excutiamus,

1982 2479 2077 2535 sed
2124 2496 2191 2536 ex
2233 2484 2481 2552 operibus
2528 2486 2869 2551 manuducti,
2911 2488 3234 2547 admiremur
3280 2495 3559 2550 artilicem.
3610 2559 3613 2562 ἠ

1985 2570 2123 2624 Nam
2152 2572 2421 2627 invisibilia
2457 2577 2587 2646 ejus,
2620 2577 2810 2648 inquit,
2842 2596 2904 2633 ea:
2937 2583 3186 2636 creatione
3214 2585 3409 2651 mundi,
3440 2587 3560 2640 dum

1982 2680 2071 2734 per
2095 2683 2248 2735 opera
2273 2668 2640 2740 intelliguntur,
2673 2671 2991 2740 pervidentur
3015 2673 3188 2746 (Ront.
3224 2678 3274 2730 1.
3303 2677 3416 2748 20).

2049 2758 2102 2812 4.
2137 2757 2323 2813 Contra
2350 2776 2434 2815 eos
2458 2763 2544 2829 qui
2568 2763 2796 2817 dicebant
2815 2775 2997 2819 terram
3013 2783 3075 2821 ea:
3101 2768 3322 2840 subjecta
3351 2775 3560 2829 materia

1980 2848 2166 2916 factam
2182 2850 2359 2914 ,‘terra
2384 2853 2549 2921 patria
2587 2865 2759 2907 nostra
2784 2865 2873 2916 est.
2903 2866 2949 2909 et
2973 2872 3232 2913 commune
3250 2860 3555 2931 sepulcrum.

1981 2938 2194 2995 Moralis
2216 2942 2739 3012 exhortatio.—Quod
2756 2947 2799 3001 si
2821 2948 3057 3003 veritatis
3076 2950 3257 3006 hostes
3281 2953 3456 3010 adhuc
3478 2957 3560 3011 di-

1979 3039 2123 3094 cunt,
2158 3047 2261 3086 non
2293 3048 2447 3101 posse
2482 3050 2545 3089 ex
2577 3035 2745 3092 nihilo
2773 3038 2967 3108 aliquid
3000 3041 3135 3108 ﬁeri,
3169 3042 3557 3115 interrogemus

1978 3136 2071 3176 eos
2102 3139 2115 3176 :
2144 3122 2419 3179 Primusne
2445 3124 2606 3180 homo
2634 3141 2698 3181 ex
2725 3136 2865 3183 terra
2911 3128 3168 3187 formatus
3188 3142 3299 3201 est;
3327 3152 3393 3189 an
3423 3137 3557 3193 forte

1977 3212 2228 3268 aliunde?
2257 3212 2484 3269 Omnino
2504 3215 2681 3272 dicent
2709 3234 2771 3272 ac
2802 3218 3122 3289 fatebuntur,
3141 3224 3280 3294 quod
3301 3241 3365 3281 ex
3393 3236 3552 3283 terra.

1981 3303 2170 3357 Dicant
2209 3305 2369 3374 igitur
2395 3306 2567 3371 nobis,
2595 3309 2863 3377 quomodo
2901 3328 2966 3366 ex
3004 3320 3140 3367 terra
3181 3314 3315 3370 facta
3355 3318 3424 3372 sit
3463 3334 3558 3375 na-

1979 3404 2095 3450 tura
2125 3398 2317 3451 carnis.
2349 3398 2426 3451 Ex
2458 3406 2594 3452 terra
2624 3401 2763 3454 enini
2802 3402 2986 3468 lutum,
3020 3414 3075 3459 et
3104 3405 3316 3473 lateres,
3347 3417 3401 3465 et
3424 3410 3555 3480 figu-

1976 3488 2138 3542 linum
2167 3504 2281 3553 vas,
2324 3499 2375 3543 et
2402 3499 2534 3545 testa
2570 3491 2684 3546 fieri
2714 3493 2850 3547 solet
2880 3512 2892 3547 :
2924 3496 3189 3564 quomodo
3217 3513 3342 3568 ergo
3367 3513 3553 3556 natura

1974 3580 2150 3637 carnis
2176 3583 2307 3636 facta
2348 3585 2465 3637 est?
2491 3586 2757 3654 quomodo
2780 3601 2922 3653 ossa,
2958 3600 3009 3643 et
3046 3592 3214 3658 nervi,
3244 3600 3297 3646 et
3319 3594 3549 3658 arterias,

1975 3681 2029 3725 et
2066 3671 2249 3740 adeps,
2292 3679 2344 3727 et
2372 3674 2528 3740 cutis,
2560 3684 2614 3729 et
2660 3692 2883 3747 ungues,
2929 3687 2982 3733 et
3009 3681 3204 3749 capilli,
3249 3691 3304 3737 et
3336 3700 3400 3738 ex
3446 3700 3551 3740 una

1973 3761 2281 3831 subjacente
2321 3764 2540 3819 materia
2568 3764 2893 3822 diversarum
2936 3769 3349 3827 substantiarum
3382 3776 3552 3845 quali-

1974 3852 2147 3908 tates?
2177 3851 2281 3908 Sed
2307 3852 2371 3907 ad
2406 3853 2520 3909 haec
2562 3870 2628 3911 ne
2655 3858 2847 3912 mutire
2874 3858 3085 3926 quidem
3122 3870 3388 3930 poterunt.
3412 3864 3549 3930 Quid

1972 3954 2149 4000 autem
2172 3945 2291 4001 dico
2315 3945 2382 4001 de
2406 3962 2629 4017 corpore
2658 3940 2877 4005 nostra?
2905 3951 3089 4006 Dicant
3115 3954 3269 4009 nobis
3296 3956 3363 4011 de
3390 3972 3547 4026 pane,

1972 4050 2077 4106 quo
2102 4036 2336 4106 quotidie
2367 4038 2655 4105 reticimur,
2687 4041 2974 4109 quomodo,
3004 4059 3124 4099 cum
3159 4047 3314 4102 unius
3352 4050 3549 4117 speciei

1972 4127 2060 4192 sit,
2088 4133 2469 4182 transmutatur
2489 4128 2542 4183 in
2562 4129 2894 4199 sanguinem,
2922 4141 2975 4187 et
3002 4134 3266 4203 pituitam,
3289 4145 3344 4190 et
3366 4137 3547 4203 bilem,

1971 4226 2024 4272 et
2053 4218 2104 4273 in
2132 4218 2307 4273 varios
2348 4219 2618 4275 humores.
2660 4221 2728 4276 Et
2778 4224 2929 4292 panis
2962 4226 3172 4294 quidem
3211 4244 3354 4298 saepe
3392 4230 3551 4288 habet

1971 4313 2205 4367 colorem
2228 4311 2499 4377 frumenti;
2518 4315 2731 4383 sanguis
2748 4324 2922 4370 autem
2954 4317 3113 4372 ruber
3132 4321 3211 4374 vel
3236 4322 3384 4392 niger
3407 4326 3545 4378 est‘.

1973 4404 2028 4459 Si
2070 4405 2228 4474 igitur
2268 4404 2402 4470 hare,
2434 4422 2552 4476 quae
2594 4407 2829 4476 quotidie
2871 4418 2995 4465 ante
3032 4412 3217 4466 oculos
3245 4424 3546 4480 versantur,

1972 4512 2261 4566 numquam
2303 4497 2454 4551 nobis
2492 4497 2669 4553 dicere
2708 4507 2971 4568 poterunt,
3015 4501 3278 4559 difﬁcilius
3321 4505 3388 4561 de
3430 4506 3549 4561 aliis
3638 4499 3645 4505 ’

1972 4589 2063 4644 Dei
2109 4588 2333 4659 opificiis
2369 4589 2522 4660 digna
2577 4590 2878 4660 loquentur.
2910 4592 3062 4661 Quod
3113 4596 3155 4650 si
3199 4608 3320 4667 post
3344 4606 3547 4654 tantum

1970 4680 2479 4736 demonstrationum
2508 4683 2711 4752 copiam
2757 4684 2932 4740 adhuc
2976 4702 3125 4741 suam
3154 4691 3546 4745 contentionem

1971 4773 2224 4830 roborare
2258 4775 2459 4840 volunt,
2502 4792 2672 4846 neque
2699 4793 2796 4833 nos
2822 4778 3146 4836 desistemus
3183 4796 3325 4851 saepe
3358 4783 3545 4837 eadem

1970 4864 2101 4934 ipsis
2129 4866 2379 4935 objicere,
2410 4867 2646 4925 dicentes
2679 4890 2690 4925 :
2715 4868 2781 4923 In
2798 4871 3044 4941 principio
3070 4872 3185 4942 fecit
3214 4871 3346 4927 Deus
3366 4875 3545 4927 (telum

1970 4967 2017 5010 et
2037 4966 2240 5011 terram.
2272 4958 2381 5013 Hoc
2413 4960 2554 5015 enim
2585 4961 2797 5016 unicum
2831 4962 3050 5016 verbum
3079 4962 3270 5017 sufficit
3300 4964 3451 5019 nobis
3477 4965 3545 5020 ad

1969 5048 2350 5107 subvertendas
2378 5064 2566 5107 omnes
2596 5052 3016 5108 adversariorum
3050 5064 3240 5120 turres,
3274 5065 3327 5110 et
3354 5057 3418 5112 ad
3457 5075 3545 5113 re-

1970 5139 2213 5195 vellenda
2256 5140 2323 5196 ab
2368 5142 2498 5212 ipsis
2551 5142 2905 5198 fundamentis
2950 5143 3179 5201 humana
3220 5147 3491 5203 ratiocinia
3528 5166 3545 5182 ·

1969 5240 2131 5305 atque
2157 5234 2201 5288 si
2223 5233 2418 5289 vellent
2436 5234 2520 5291 vel
2546 5250 2667 5290 sero
2691 5250 2721 5291 a
2756 5251 2852 5291 sua
2881 5238 3223 5294 contentione
3258 5238 3543 5309 desistere,

2034 5326 2050 5390 ξ
2083 5326 2292 5390 Coislin.,
2315 5324 2528 5387 fucatam
2545 5339 2735 5390 corpus.

2031 5388 2052 5418 ³
2066 5387 2393 5454 Coislinianus,
2402 5394 2453 5436 Et
2468 5388 2604 5450 panis
2614 5387 2823 5454 quidem,
2838 5396 2888 5440 ut
2899 5390 3173 5454 plurimum,
3186 5393 3323 5444 habet
3340 5393 3545 5445 colorem

1967 5448 2208 5558 ζνῖωιεηεὶ,
2228 5448 2396 5511 pituita
2414 5448 2571 5501 autem
2589 5448 2700 5502 alba
2713 5448 3005 5518 est,sanyuis
3026 5468 3135 5505 vero
3157 5448 3299 5506 ruber
3321 5456 3394 5506 vel
3409 5457 3545 5519 niger

1997 5525 2019 5558 5
2045 5544 2054 5555 .

1969 5523 2036 5560 εει
2045 5544 2054 5555 .

2032 5571 2103 5628 (a)
2119 5570 2416 5633 Manichacus,
2439 5576 2656 5633 Marcion,
2678 5585 2728 5626 et
2748 5575 3035 5628 Valentinus
3049 5578 3274 5627 dicebant
3296 5582 3544 5630 materiam

1970 5644 2085 5695 ante
2108 5639 2323 5683 creatum
2346 5636 2572 5684 mundum
2592 5641 2854 5689 exstitisse.
2876 5647 2944 5689 De
2961 5640 3215 5695 Manicha'i.
3235 5644 3476 5691 Marcionis
3492 5652 3537 5688 et

1973 5693 2462 5806 :dalstigtlisliotsipinione
2485 5700 2608 5749 circa
2645 5702 2808 5753 mundi
2830 5702 3085 5765 primordia
3103 5693 3211 5753 vide
3224 5701 3544 5766 Epiphanium

1968 5768 2028 5809 au
2051 5768 2281 5822 Singulos.
