3784 6242
174 317 235 369 ’δι
954 289 1013 344 s.
1056 278 1331 341 JOANNlS
1370 257 1840 329 ettnvsosrout
1881 252 2195 311 ancmsr.
2235 239 2771 305 consummes.
3377 225 3445 280 se

177 400 395 502 possent
424 435 522 494 per
552 418 653 473 hoc
680 415 731 469 in
770 406 1010 466 veritatis
1029 405 1169 459 viam
1190 390 1491 453 manuduci.
1516 388 1573 441 2.
1599 383 1759 438 Terra

1128 497 1138 502 ·
1245 491 1278 502 Α
1323 489 1335 501 ο
1390 482 1587 502 νκ---μ
1652 478 1733 502 λι.-

180 478 346 576 autem
369 478 631 570 inuisibilis
657 517 760 563 erat
790 513 834 559 et
862 497 1210 569 incomposita.
1240 489 1406 559 Cujus
1425 482 1616 554 gratia,
1648 478 1757 542 dic,

181 623 383 683 qtucso,
414 604 603 660 cadum
640 599 839 653 clarum
872 601 927 646 et
968 586 1261 658 perfectum
1297 574 1526 639 creavit;
1566 582 1762 627 terram

183 665 358 760 autem
372 665 668 754 informem
713 686 921 743 effecit?
953 682 1135 750 Neque
1169 676 1272 731 hoc
1312 682 1514 727 temere
1544 665 1762 725 factum,

184 795 276 851 sed
309 800 386 855 ut,
415 803 535 843 cum
563 779 811 838 didiceris
839 774 1117 829 meliorem
1147 762 1435 822 creationis
1463 765 1671 827 partem
1700 751 1768 806 ab

184 849 249 941 eo
279 849 557 938 formatam
582 882 635 928 et
670 867 990 926 absolutam,
1036 858 1167 915 nihil
1198 864 1380 927 postea
1402 849 1645 906 dubites:
1673 858 1768 899 ne-

185 939 288 1046 que
340 978 495 1042 putes
549 964 604 1020 id
666 977 731 1016 ex
795 954 1075 1028 potestatis
1132 944 1495 1004 imbecillitate
1548 939 1768 994 factum.

190 1030 269 1120 Ᾱιι
316 1030 432 1116 hinc
482 1066 537 1113 et
590 1055 692 1110 alia
730 1052 937 1105 ratione
981 1043 1262 1098 informem
1304 1048 1500 1092 terram
1547 1030 1770 1087 creavit.

190 1156 325 1224 Quia
360 1154 502 1206 enim
549 1148 663 1217 ipsa
694 1151 775 1199 est
815 1137 1015 1200 nutrix,
1060 1142 1116 1189 et
1165 1139 1335 1185 mater
1370 1135 1571 1191 nostra,
1608 1133 1665 1179 et
1708 1134 1776 1176 ex

192 1222 255 1303 cia
304 1243 428 1299 facti
474 1253 693 1304 sumus,
741 1244 899 1303 atque
950 1229 1278 1287 educamur,
1326 1222 1545 1291 ipsaque
1598 1225 1777 1271 nostra

194 1337 364 1409 patria
392 1342 495 1400 est,
518 1341 572 1387 et
598 1342 882 1386 commune
911 1321 1247 1392 sepulcrum:
1282 1313 1483 1370 reditus
1509 1310 1651 1365 enim
1678 1324 1779 1362 no-

182 1399 308 1484 ster
336 1425 401 1482 ad
432 1399 549 1483 eam
577 1432 763 1477 rursus
786 1428 904 1481 est;
931 1423 984 1469 et
1012 1410 1133 1482 quia
1166 1405 1331 1462 variis
1356 1417 1452 1474 per
1480 1416 1597 1457 eam
1627 1399 1785 1455 bonis

198 1519 463 1575 fruimur:
497 1513 637 1576 ideo,
667 1520 725 1564 ut
764 1524 829 1562 ne
871 1504 1113 1559 homines
1141 1499 1211 1555 ob
1238 1511 1367 1553 usus
1408 1492 1785 1548 necessitatem

200 1612 322 1682 plus
346 1621 503 1679 quam
530 1604 743 1673 dignum
772 1606 853 1653 est
874 1610 991 1651 eam
1017 1593 1273 1655 colerent,
1297 1586 1530 1643 ostendit
1555 1583 1787 1655 primum

204 1674 391 1761 rudem
428 1708 483 1757 et
527 1696 828 1753 informem,
885 1700 941 1743 ut
986 1701 1053 1742 ue
1099 1684 1351 1740 beneﬁcia
1397 1691 1552 1735 terrae
1588 1674 1790 1732 telluris

206 1805 408 1850 natura:
434 1791 683 1860 imputes,
710 1783 803 1838 sed
836 1783 885 1836 ei
906 1780 1129 1843 tribuas,
1159 1776 1248 1845 qui
1278 1775 1419 1829 illam
1449 1787 1515 1827 ex
1540 1767 1708 1824 nihilo
1736 1776 1793 1821 ut

208 1894 353 1943 esset
380 1859 598 1938 creavit.
647 1878 868 1945 Propter
899 1872 999 1926 hoc
1025 1870 1098 1924 ait
1134 1886 1146 1922 :
1180 1866 1339 1920 Terra
1382 1871 1547 1916 autem
1575 1869 1681 1913 erat
1709 1859 1792 1911 in-

209 1976 416 2032 visibilis
464 1980 510 2026 et
570 1965 919 2039 incomposita.
976 1961 1136 2015 Forte
1176 1957 1355 2013 statim
1409 1962 1463 2009 et
1525 1953 1593 2007 ab
1644 1950 1796 2006 initio

212 2075 449 2124 mentem
513 2070 746 2117 vestram
813 2050 1178 2110 subtilioribus
1229 2044 1509 2103 sententiis
1571 2042 1796 2097 nimium

213 2159 499 2220 torsimus;
531 2152 651 2207 ideo
677 2150 761 2203 hic
785 2158 1087 2201 sermonem
1120 2146 1314 2196 sistere
1340 2153 1435 2208 par
1476 2145 1579 2191 est.
1623 2134 1798 2204 Roga-

218 2268 337 2307 mus
364 2257 541 2304 autem
570 2243 845 2299 caritatem
867 2244 1122 2304 vestram,
1154 2241 1213 2288 ut
1239 2232 1503 2288 dictorum
1532 2226 1651 2283 sitis
1682 2239 1800 2280 me-

218 2356 419 2405 mores,
444 2348 498 2394 et
525 2349 738 2404 semper
764 2331 878 2387 hzcc
907 2326 1165 2383 memoria
1197 2322 1421 2379 teneatis
1451 2336 1464 2372 :
1497 2328 1656 2385 atque
1694 2329 1798 2370 una

216 2448 340 2489 cum
363 2427 599 2486 sensibili
631 2438 837 2489 mensa,
868 2434 992 2475 cum
1022 2416 1148 2472 hinc
1172 2413 1411 2469 abicritis
1436 2452 1451 2475 ,
1478 2408 1730 2479 apponite
1749 2415 1806 2462 et

219 2522 552 2597 spiritualem
609 2531 872 2573 mensam.
927 2512 1078 2567 Dicat
1106 2509 1187 2564 vir
1234 2506 1407 2576 aliqua
1438 2516 1662 2568 eorum,
1688 2512 1808 2570 qua:

221 2592 365 2675 nunc
393 2617 480 2672 hic
510 2621 634 2670 sunt
660 2610 799 2666 dicta
833 2627 846 2663 :
875 2605 1057 2660 audiat
1104 2601 1295 2658 mulier
1315 2639 1331 2664 ,
1359 2598 1569 2652 discant
1612 2592 1807 2664 pueri,

221 2712 432 2766 discant
458 2716 513 2762 et
537 2701 815 2759 domestici
850 2741 865 2766 ,
898 2698 1093 2766 ﬁatque
1128 2692 1317 2748 domus
1342 2687 1569 2744 ecclesia
1594 2726 1609 2751 ,
1643 2693 1701 2739 ut
1726 2682 1809 2737 ef-

224 2800 439 2868 fugetur
467 2794 747 2860 diabolus,
779 2792 833 2845 in
872 2788 1049 2858 fugam
1097 2790 1335 2839 vertatur
1377 2778 1551 2855 malus
1574 2776 1661 2830 ille
1701 2774 1811 2830 daa-

225 2908 351 2949 mon
376 2933 392 2956 ,
421 2898 475 2945 et
516 2885 764 2942 inimicus
807 2882 993 2937 salutis
1019 2886 1217 2932 nostra:
1246 2892 1259 2929 :
1293 2860 1593 2943 requiescat
1630 2879 1809 2924 autem

233 2984 307 3039 ibi
328 2980 559 3051 Spiritus
582 2975 752 3033 sancti
777 2972 971 3044 gratia,
1002 2974 1059 3024 et
1094 2965 1269 3023 omnis
1308 2978 1413 3034 pax
1450 2971 1504 3017 et
1528 2959 1812 3016 concordia

228 3074 432 3129 muniat
469 3068 850 3139 inhabitantes.
892 3060 1025 3116 Nam
1068 3057 1112 3111 si
1150 3069 1335 3110 eorum
1372 3068 1492 3115 qua:
1535 3052 1645 3122 jam
1673 3051 1815 3106 dicta

232 3176 378 3233 sunt,
402 3150 668 3219 memores
697 3156 926 3221 fueritis,
945 3160 1000 3209 et
1040 3145 1659 3219 majorestudioea,quaa
1671 3155 1819 3218 post.

230 3263 336 3319 bac
375 3252 693 3316 seminaturi
775 3259 980 3311 sumus,
1026 3237 1406 3308 susceperitis,
1455 3250 1556 3289 nos
1608 3247 1818 3303 quoque

235 3349 424 3419 majori
445 3346 624 3402 studio
649 3350 809 3412 atque
834 3337 1075 3393 ubertate
1102 3332 1341 3387 dicemus
1369 3342 1488 3399 qua:
1505 3325 1660 3381 nobis
1685 3339 1815 3395 sup-

236 3441 496 3515 peditabit
518 3435 687 3510 gratia
732 3432 827 3488 Dei
851 3471 866 3496 ,
892 3431 936 3484 si
972 3426 1271 3498 germinare
1296 3420 1586 3477 viderimus
1614 3433 1677 3473 ea
1701 3432 1821 3489 quae

235 3509 381 3591 nunc
410 3547 440 3587 a
488 3509 643 3585 nobis
688 3526 831 3582 dicta
876 3528 1019 3578 sunt.
1046 3513 1482 3586 Quandoquidem
1512 3521 1567 3568 et
1590 3509 1821 3582 agricola

238 3642 360 3683 cum
382 3623 575 3679 viderit
594 3618 799 3676 semina
818 3613 986 3679 nasci,
1010 3610 1212 3679 majore
1236 3607 1510 3662 alacritate
1538 3618 1663 3659 arva
1691 3617 1823 3658 con-

239 3719 435 3775 siderat
465 3722 519 3771 et
546 3710 765 3774 excolit,
794 3715 953 3777 atque
978 3702 1082 3758 alia
1111 3716 1291 3756 serere
1324 3699 1503 3769 gestit.

313 3812 366 3868 5.
409 3808 479 3865 Ut
503 3806 661 3876 igitur
684 3798 972 3855 alacriores
1007 3810 1107 3850 nos
1129 3792 1363 3849 reddatis
1382 3833 1397 3857 ,
1421 3792 1530 3860 jam
1560 3790 1823 3846 dictorum

241 3910 445 3960 certam
497 3893 794 3952 custodiam
826 3891 1208 3953 demonstrate,
1239 3893 1292 3939 et
1339 3899 1460 3939 cum
1506 3893 1665 3938 rectae
1707 3881 1831 3936 fidei

243 3990 581 4064 dogmatibus
611 3986 772 4039 vitam
799 3996 1011 4052 quoque
1042 3987 1274 4033 vestram
1305 3977 1585 4046 diligenter
1625 3986 1830 4030 curate.

244 4087 437 4139 Luceat
464 4079 629 4135 enim.
672 4076 861 4145 inqut,
894 4073 983 4125 lux
1019 4079 1185 4124 vestra
1215 4086 1386 4123 coram
1431 4067 1737 4133 hominibus,
1777 4076 1834 4121 ut

117 4181 156 4264 .'
245 4177 447 4231 videant
469 4186 621 4240 opera
643 4180 802 4221 vestra
823 4163 971 4225 bona,
996 4172 1043 4216 et
1060 4161 1341 4233 gloriﬁcent
1357 4158 1564 4214 Patrem
1593 4167 1831 4226 vestrum,

168 4312 171 4315 η
248 4268 335 4338 qui
374 4266 427 4318 in
461 4261 596 4316 cmlis
629 4266 700 4313 est
736 4255 950 4327 (Matth.
982 4255 1035 4310 5.
1071 4253 1158 4325 10)
1194 4271 1207 4306 :
1240 4262 1299 4307 ut
1337 4263 1391 4307 et
1432 4252 1537 4307 vita
1578 4243 1836 4306 consonet

250 4357 374 4412 ﬁdei
402 4349 755 4423 dogmatibus,
785 4355 841 4402 et
863 4347 1109 4417 dogmata
1137 4343 1429 4415 prmdicent
1456 4344 1639 4398 vitam.
1680 4340 1837 4397 Fides

253 4446 397 4503 enim
424 4444 531 4497 sine
571 4439 803 4511 operibus
842 4450 1040 4494 mortua
1068 4446 1142 4493 est
1171 4436 1313 4509 (Jac.
1331 4437 1387 4491 2.
1418 4435 1513 4507 26)
1532 4477 1546 4502 ,
1576 4445 1631 4491 et
1674 4449 1837 4505 opera

254 4539 373 4595 sine
416 4533 521 4590 ﬁde
562 4541 769 4587 mortua
814 4538 957 4587 sunt.
988 4531 1120 4586 Nam
1163 4530 1290 4587 licet
1336 4544 1517 4585 sanam
1561 4537 1840 4585 teneamus

258 4625 578 4687 doctrinam,
627 4624 671 4677 si
701 4622 860 4676 vitam
903 4622 1253 4693 negligamus,
1304 4620 1438 4675 nihil
1466 4619 1618 4675 nobis
1644 4618 1839 4690 prode-

254 4719 326 4774 rit
350 4714 589 4771 doctrina
621 4731 633 4765 :
670 4728 872 4779 rursus,
895 4716 940 4768 si
966 4714 1089 4768 vita:
1116 4728 1297 4768 curam
1324 4712 1629 4782 diligentem
1659 4723 1841 4781 gesse-

257 4809 447 4871 rimus,
482 4804 534 4859 in
557 4804 676 4859 fidei
708 4814 883 4860 autem
916 4804 1121 4875 placitis
1146 4802 1641 4867 claudicaverimus,
1670 4816 1842 4870 neque

259 4900 337 4953 sic
369 4896 523 4953 nobis
556 4895 753 4966 aliquid
782 4895 912 4950 lucri
965 4894 1137 4949 fuerit.
1169 4894 1293 4949 ldco
1318 4892 1565 4948 convenit
1594 4892 1843 4961 utrinque

260 4988 544 5043 :ediﬁcium
573 4985 677 5041 hoc
706 4996 943 5039 nostrum
975 4985 1247 5055 spirituale
1275 4982 1592 5039 communiri
1624 4999 1635 5034 :
1662 4979 1843 5035 Omnis

262 5080 427 5146 enim,
451 5079 639 5148 inquit,
667 5079 751 5150 qui
771 5078 913 5132 audit
944 5078 1033 5131 Itos
1054 5092 1304 5130 sermones
1330 5092 1487 5141 meos,
1517 5084 1561 5127 et
1587 5074 1711 5144 facit
1733 5089 1839 5140 eos,

262 5168 619 5223 assimiiabitur
659 5172 763 5224 viro
795 5169 1027 5239 prudenti
1049 5153 1260 5237 (Matth.
1294 5167 1345 5219 7.
1376 5168 1494 5231 ‘24).
1523 5165 1655 5221 Vide
1709 5181 1842 5236 quo-

262 5260 425 5317 modo
467 5276 573 5315 non
603 5262 773 5316 solmn
823 5262 1006 5318 audire
1037 5275 1134 5316 nos
1162 5259 1308 5323 velit,
1350 5258 1442 5314 sed
1476 5259 1635 5314 etiam
1672 5258 1844 5314 facere

265 5364 320 5410 et
343 5355 591 5425 operibus
634 5355 986 5410 obedientiam
1014 5354 1267 5409 exhibere
1297 5370 1310 5405 :
1346 5351 1487 5407 hunc
1530 5352 1846 5422 prudentem

265 5447 496 5513 vocavit,
525 5448 613 5517 qui
644 5448 894 5516 operibus
919 5459 1196 5501 sermones
1222 5444 1665 5513 subsequentibus
1707 5458 1833 5499 con-

267 5538 484 5608 spicuus
511 5540 580 5593 sit
612 5557 625 5593 :
660 5538 748 5609 qui
775 5552 901 5592 vero
933 5547 1134 5591 tantum
1175 5535 1241 5590 ad
1272 5550 1545 5591 sermones
1576 5534 1847 5605 pervenit,

270 5641 325 5685 et
353 5645 463 5687 nun
479 5631 547 5684 ad
574 5645 759 5698 opera,
782 5642 901 5684 eum
930 5629 1148 5683 stultum
1176 5628 1385 5682 vocavit
1412 5647 1423 5681 :
1457 5629 1648 5681 merito
1672 5634 1847 5683 certe:

272 5724 397 5797 quia
426 5723 514 5782 ille
541 5722 755 5780 domum
777 5736 928 5780 suam
951 5734 1112 5794 super
1141 5736 1358 5778 arenam
1378 5720 1685 5787 :ediﬂcavit;
1727 5732 1853 5790 pro-

1868 385 2047 444 pterea
2072 384 2245 439 neque
2274 377 2553 422 ventorum
2597 366 2704 417 vim
2748 361 2885 415 ferre
2911 356 3104 428 potuit,
3144 352 3239 408 sed
3268 354 3446 406 statim

1868 467 2073 522 corruit
2095 464 2312 520 (Matth.
2341 462 2394 516 7.
2416 460 2534 528 26).
2563 456 2719 512 Tales
2743 456 2883 510 enim
2913 462 3034 507 sunt
3076 449 3287 506 desides
3331 444 3451 500 ani-

1868 575 1992 620 tum,
2016 572 2122 611 non
2154 554 2396 609 solidata:
2424 564 2586 620 super
2616 549 2823 603 ﬁrmam
2854 553 3059 616 petram
3083 539 3448 611 spiritualem:

1869 664 1978 705 non
2003 648 2144 703 enim
2164 645 2233 702 de
2256 643 2482 698 :editicio
2508 640 2647 696 etde
2674 639 2834 693 domo
2860 650 3000 691 nunc
3023 643 3107 689 est
3124 644 3329 696 sermo,
3357 626 3453 689 sed

1871 741 1942 795 de
1970 739 2168 804 anima,
2187 750 2307 806 qua:
2333 749 2363 788 a
2390 733 2682 788 tentatione
2698 741 2885 798 quavis
2899 726 3148 795 quatitur.
3172 722 3304 776 Nam
3329 735 3459 774 ven-

1874 833 1934 895 ti,
1962 830 2172 901 pluvias,
2224 835 2278 881 et
2302 824 2583 880 ﬂuviorum
2615 819 2916 876 nominibus
2956 815 3274 871 tentationes
3303 812 3458 866 nobis

1878 920 2248 980 subindicavit.
2286 921 2357 973 At
2382 918 2525 973 enim
2561 914 2653 986 qui
2681 920 2960 975 constans,
2989 908 3220 979 vigil,et
3248 904 3460 959 sobrius

1876 1027 1984 1083 est,
2015 1017 2114 1071 hac
2143 1014 2349 1069 ratione
2375 1011 2579 1067 ﬁrmior
2603 1007 2804 1071 evadit;
2822 1014 2877 1060 et
2902 1012 3101 1073 quanto
3116 999 3347 1069 majores
3373 997 3457 1051 in-

1880 1119 2154 1167 tentantur
2181 1096 2514 1168 afﬂic'tiones,
2546 1110 2693 1157 tanto
2719 1100 2835 1169 ejus
2866 1097 3087 1171 virilitas
3112 1102 3167 1150 et
3209 1091 3465 1147 fortitudo

1883 1206 2052 1275 magis
2080 1209 2338 1271 augentur
2379 1216 2392 1251 :
2440 1197 2596 1251 deses
2631 1204 2806 1249 autem
2835 1199 2891 1245 et
2918 1190 3160 1258 supinus,
3192 1186 3237 1241 si
3264 1184 3347 1239 vel
3378 1195 3457 1239 te.

1886 1296 2005 1352 nuis
2045 1294 2287 1365 quaedam
2319 1288 2669 1346 tentationum
2692 1299 2819 1340 aura
2850 1282 3062 1346 afﬂarit,
3100 1279 3277 1334 statim
3302 1275 3467 1331 vacil-

1887 1389 1977 1455 lat,
2008 1396 2064 1442 et
2095 1385 2273 1440 animo
2298 1381 2549 1445 concidit,
2581 1390 2687 1434 non
2723 1377 2793 1432 ob
2820 1384 3062 1429 naturam
3094 1371 3464 1434 tentationum,

1888 1479 1982 1534 sed
2028 1479 2098 1535 ob
2121 1475 2405 1531 voluntatis
2434 1470 2815 1526 inﬁrmitatem.
2839 1465 3097 1534 Quocirca
3124 1470 3336 1533 Oportet
3376 1475 3469 1514 so-

1891 1573 2036 1628 brios
2064 1584 2205 1635 esse,
2232 1577 2287 1623 et
2313 1566 2497 1637 vigiles
2516 1605 2532 1630 ,
2561 1572 2617 1618 et
2640 1561 2706 1617 ad
2738 1561 2915 1616 omnia
2944 1567 3268 1627 praeparatos
3298 1572 3311 1607 :
3339 1562 3399 1609 ut
3418 1561 3476 1608 et

1895 1666 1946 1719 in
1988 1661 2339 1731 prosperitate
2366 1655 2591 1711 modesti
2621 1668 2684 1707 ac
2710 1667 2817 1707 non
2845 1650 3022 1714 ell'usi,
3049 1657 3104 1702 et
3142 1648 3195 1701 in
3223 1645 3474 1701 afﬂictio—

1898 1755 2055 1809 nibus
2070 1762 2188 1823 quae
2213 1749 2362 1805 nobis
2389 1742 2716 1816 inﬂigantur,
2749 1741 2913 1797 sobrii
2940 1748 2994 1794 et
3019 1737 3329 1809 prudentes,
3350 1751 3475 1806 per-

1895 1854 2085 1919 petuas
2108 1841 2308 1914 gratias
2336 1840 2626 1893 referamus
2643 1833 2874 1901 benigno
2902 1832 3029 1885 Deo.
3062 1830 3117 1884 Si
3144 1829 3221 1882 sic
3255 1840 3344 1883 res
3376 1842 3479 1881 no-

1897 1951 2033 1994 stras
2050 1934 2457 1995 tnstituerimus,
2476 1929 2697 1983 multum
2714 1926 2897 1996 gratia
2909 1922 3101 1977 divina:
3112 1933 3477 1990 assequemur:

1900 2027 2296 2097 poterimusque
2318 2030 2635 2091 praesentem
2680 2016 2844 2071 vitam
2877 2027 3064 2070 secure
3095 2009 3478 2073 transmittere,

1902 2128 1957 2174 et
1984 2120 2033 2171 in
2063 2117 2239 2171 futura
2261 2114 2369 2167 vita
2397 2125 2601 2181 magna:
2620 2108 2824 2162 fiducia:
2846 2120 2974 2175 opes
2999 2115 3259 2173 reponere
3286 2115 3300 2152 :
3323 2114 3482 2170 quam

1904 2212 2059 2267 nobis
2086 2206 2333 2263 omnibus
2353 2202 2562 2273 assequi
2583 2201 2874 2270 contingat,
2896 2197 3064 2268 gratia
3085 2204 3139 2250 et
3160 2192 3484 2263 benignitate

1909 2301 2118 2357 Domini
2147 2298 2315 2354 nostri
2342 2296 2467 2352 Jesu
2494 2291 2711 2358 Christi,
2755 2306 2877 2346 cum
2924 2302 3031 2359 quo
3060 2282 3208 2339 Patri
3248 2282 3404 2338 simul
3434 2291 3487 2336 et

1908 2402 2092 2450 sancto
2107 2388 2324 2461 Spiritui
2350 2388 2536 2457 gloria,
2563 2384 2867 2454 imperium,
2892 2382 3086 2446 honor,
3108 2391 3251 2433 nunc
3275 2384 3331 2431 et
3349 2389 3487 2430 sem-

1909 2503 2028 2559 per,
2058 2494 2113 2541 et
2139 2485 2191 2540 in
2214 2481 2410 2539 saecula
2436 2479 2775 2535 saeculorum.
2806 2477 2997 2531 Amen.

2494 2608 2774 2667 HOMILIA
2824 2606 2908 2663 Ill.

1915 2733 1995 2790 De
2012 2734 2076 2787 iis
2104 2745 2218 2802 qua!
2236 2735 2505 2799 supersunt
2529 2725 2742 2779 dicenda
2761 2723 2813 2776 in
2842 2720 2994 2784 illud,
3028 2718 3082 2772 In
3126 2715 3388 2788 principio
3415 2714 3493 2769 fe-

1986 2827 2058 2882 cit
2078 2825 2219 2879 Deus
2245 2821 2436 2876 caelum
2464 2827 2519 2874 et
2546 2827 2745 2872 terram
2781 2812 2929 2887 (Gen.
2963 2812 3012 2866 1.
3048 2811 3127 2881 1),
3154 2826 3310 2879 usque
3329 2808 3396 2861 ad
3422 2806 3493 2860 it-

1989 2917 2099 2983 tud,
2128 2916 2194 2970 Et
2219 2913 2415 2967 factum
2465 2919 2548 2965 est
2588 2922 2833 2978 vespere,
2881 2913 2936 2959 et
2977 2902 3171 2958 factum
3201 2910 3283 2956 est
3309 2914 3497 2965 mane,

1988 3008 2102 3064 dies
2127 3022 2261 3061 unus
2282 3002 2430 3075 (Gen.
2462 3004 2512 3056 1.
2542 3001 2620 3071 5).

1992 3125 2043 3178 1.
2085 3121 2359 3177 Thesauro
2384 3117 2612 3185 cuipiam
2651 3121 2993 3181 comparatur
3018 3109 3317 3165 divinarum
3356 3106 3501 3162 Scri-

1922 3226 2196 3286 pturarum
2244 3209 2421 3266 lectio.
2448 3207 2580 3262 Nam
2619 3206 2758 3260 sicut
2783 3220 2850 3259 ex
2882 3203 2973 3258 illo
2999 3202 3236 3272 quisquis
3264 3201 3347 3255 vel
3389 3198 3503 3253 fru-

1921 3306 2120 3362 stulum
2151 3316 2370 3371 carpere
2417 3299 2587 3364 valet,
2634 3297 2830 3351 multas
2854 3294 2957 3349 sibi
2982 3301 3133 3363 parat
3160 3290 3368 3345 divitias
3393 3306 3406 3340 :
3432 3290 3505 3343 ita

1924 3407 1979 3452 et
1999 3398 2053 3450 in
2079 3409 2227 3450 sacra
2250 3392 2543 3463 Scriptura,
2574 3389 2735 3445 etiam
2759 3388 2811 3441 in
2840 3386 2987 3441 brevi
3017 3384 3283 3446 dictione,
3312 3381 3502 3451 ingen—

1929 3498 2036 3543 tem
2065 3485 2449 3542 Sententiarum
2490 3482 2598 3535 vim
2628 3491 2683 3536 et
2707 3480 2995 3533 immensas
3018 3474 3231 3530 divitias
3269 3471 3509 3526 invenire

1929 3582 2071 3637 licet.
2102 3579 2169 3633 Et
2211 3593 2318 3633 non
2344 3577 2513 3630 solum
2542 3573 2792 3629 thesauro
2821 3568 3013 3625 similia
3046 3575 3171 3622 sunt
3192 3564 3372 3619 divina
3393 3564 3511 3618 elo-

1928 3673 2070 3744 quia,
2087 3669 2183 3726 sed
2204 3668 2335 3724 fonti
2355 3680 2566 3737 quoque
2584 3663 2745 3734 largis
2760 3659 3186 3731 perennibusque
3199 3653 3511 3712 scaturienti

1930 3765 2181 3820 ﬂuentis:
2217 3762 2269 3817 id
2306 3760 2447 3832 quod
2476 3774 2542 3814 ex
2572 3757 2732 3812 rebus
2758 3754 2887 3825 ipsis
2935 3752 3050 3807 beri
3086 3763 3273 3804 omnes
3317 3746 3508 3802 didici-

1934 3846 2070 3913 mus.
2100 3855 2231 3911 Nam
2261 3864 2320 3908 ut
2357 3850 2616 3922 prommia
2638 3848 2759 3902 libri
2784 3845 3057 3902 Geneseos
3081 3832 3397 3910 incepimus,
3453 3838 3507 3891 in

1935 3946 2266 4019 etplanando
2296 3945 2399 3998 hoc
2437 3943 2600 4006 dicto,
2651 3938 2717 3993 In
2748 3935 2995 4008 principio
3024 3933 3139 4004 fecit
3169 3932 3308 3986 Deus
3333 3929 3515 3984 cretum

1936 4052 1983 4095 et
2008 4050 2212 4101 terram,
2236 4045 2403 4089 totum
2428 4030 2700 4088 tradendae
2736 4028 2993 4083 doctrina:
3035 4022 3353 4079 destinatum
3376 4028 3518 4074 tem-

1938 4148 2038 4205 pus
2059 4129 2457 4199 insunipsimus,
2500 4135 2554 4182 et
2576 4138 2746 4194 neque
2774 4120 2851 4177 sic
2877 4128 3042 4174 totum
3069 4114 3321 4186 expedire
3350 4112 3521 4166 valui-

1939 4242 2079 4281 mus.
2118 4224 2304 4295 Magna
2328 4221 2472 4276 enim
2513 4226 2595 4273 est
2623 4216 2779 4285 hujus
2821 4210 3050 4266 thesauri
3082 4206 3423 4270 abundantia,
3464 4212 3521 4257 ct

1940 4320 2083 4388 larga
2109 4315 2268 4370 fontis
2286 4312 2443 4382 hujus
2466 4306 2756 4379 spiritualis
2784 4305 2999 4358 ﬂuenta.
3032 4299 3141 4355 Nec
3173 4295 3401 4362 mireris,
3425 4308 3520 4347 ca-

1941 4409 2170 4473 rissime,
2219 4406 2264 4459 si
2304 4402 2458 4459 nobis
2485 4401 2588 4455 hoc
2618 4395 2829 4453 accidat
2859 4412 2874 4449 :
2906 4393 3068 4447 etiam
3114 4389 3205 4457 qui
3254 4396 3379 4441 ante
3422 4401 3520 4439 nos

1932 4504 2089 4559 fuere
2114 4515 2213 4573 pro
2239 4498 2440 4554 viribus
2460 4494 2572 4550 suis
2598 4504 2764 4561 aquas
2790 4486 2914 4543 inde
2937 4485 3247 4549 hauserunt,
3279 4489 3334 4535 et
3369 4478 3520 4533 simi-

1943 4595 2064 4649 liter
2089 4572 2176 4661 qui
2227 4598 2346 4661 post
2372 4601 2468 4642 nos
2498 4582 2665 4638 futuri
2686 4588 2811 4636 sunt
2860 4576 3001 4631 idem
3040 4572 3395 4633 attentabunt,
3424 4585 3521 4621 ne-

1943 4700 2048 4756 que
2076 4658 2154 4738 sic
2180 4658 2346 4737 totum
2385 4688 2645 4733 evacuare
2663 4678 2947 4742 poterunt;
2982 4664 3074 4720 sed
3105 4663 3273 4732 magis
3311 4658 3523 4715 interim

1947 4750 2235 4847 augescunt
2252 4773 2471 4834 ﬂuenta,
2502 4774 2557 4822 et
2584 4760 2833 4837 crescunt
2868 4756 3027 4812 alvei.
3054 4755 3179 4809 Haec
3202 4752 3342 4807 enim
3370 4750 3527 4817 spiri-

1948 4872 2171 4929 tualium
2198 4865 2477 4922 ﬂuminum
2498 4867 2687 4913 natura
2714 4861 2815 4915 est,
2844 4859 2903 4906 ut
2929 4862 2995 4904 eo
3022 4845 3188 4914 magis
3213 4840 3525 4902 scaturiant,

1951 4977 2007 5023 et
2052 4968 2319 5019 accrescat
2357 4950 2645 5025 spiritualis
2674 4946 2859 5018 gratia,
2916 4955 3026 5011 quo
3053 4938 3172 5008 quis
3204 4933 3367 5003 magis
3404 4930 3529 4985 inde

1953 5022 2169 5116 haurire
2193 5022 2403 5109 studet:
2422 5047 2644 5115 Propter
2672 5040 2773 5094 hoc
2808 5044 2865 5093 et
2906 5033 3149 5091 Christus
3174 5026 3384 5082 dicebat
3419 5040 3444 5116 :4
3467 5022 3530 5076 Si

1953 5155 2063 5225 quis
2091 5151 2213 5211 sitit,
2244 5144 2405 5199 veniat
2432 5139 2500 5193 ad
2528 5114 2626 5197 nte,
2652 5143 2697 5187 et
2718 5132 2869 5185 bibat.
2900 5125 2998 5191 Qui
3019 5121 3176 5176 credit
3194 5120 3248 5173 in
3276 5132 3375 5183 me,
3401 5114 3531 5168 sicut

1956 5205 2084 5303 dixit
2111 5205 2398 5311 Scriptura,
2420 5230 2632 5305 ﬂumina
2660 5227 2723 5279 de
2757 5230 2924 5276 ventre
2947 5219 3059 5288 ejus
3099 5214 3257 5285 [luent
3278 5220 3425 5277 aqua:
3457 5205 3533 5258 vi-

1954 5299 2112 5397 ait.
2141 5299 2318 5410 (λοὶιὲι.
2355 5299 2511 5390 Ἰζὲιη,
2531 5322 2641 5387 58):
2658 5315 2856 5388 quibus
2873 5309 3051 5368 verbis
3088 5306 3277 5362 borum
3300 5299 3530 5403 ﬂuento-

1958 5448 2079 5489 rum
2108 5388 2485 5483 abundantiam
2531 5412 2683 5467 nobis
2715 5408 2928 5462 indicat.
2959 5399 3219 5469 Quoniam
3246 5393 3402 5461 igitur
3425 5388 3535 5457 Spi-

1960 5525 2231 5583 ritualiutn
2262 5517 2581 5570 ﬂuentorum
2615 5512 2802 5559 natura
2834 5497 2955 5553 talis
2980 5502 3090 5567 est,
3123 5505 3219 5560 age
3248 5485 3538 5541 afferamus

1962 5632 2150 5676 omnes
2194 5609 2391 5667 mentis
2432 5610 2629 5659 nostra:
2651 5610 2795 5659 vasa,
2824 5602 2880 5647 ut
2920 5586 3152 5657 impletis
3178 5582 3281 5637 illis
3321 5578 3536 5631 domum

1965 5669 2265 5769 redeamus.
2317 5696 2450 5775 Nam
2476 5689 2688 5765 quando
2722 5685 2862 5743 videt
2886 5681 3051 5754 gratia
3078 5674 3305 5747 Spiritus
3333 5669 3543 5724 fervens
