3752 6286
36 181 110 239 εδ
806 178 863 233 S.
900 176 1183 236 JOANNIS
1220 170 1702 234 CIIRYSOSTOMI
1736 175 2053 233 ARCIIIEP.
2094 176 2641 236 CONSTANTINOP.
3378 181 3452 237 34

33 298 130 351 τοῦ
162 296 472 367 Πνεύματος
507 294 665 367 χάρις
700 295 858 349 πόθον
891 294 1100 359 ζέοντα,
1140 296 1235 348 καὶ
1260 291 1701 369 διεγηγερμένην.

33 383 295 446 διάνοιαν,
348 382 608 436 πλουσίαν
656 382 754 452 τήν
800 383 931 453 παρ’
972 382 1169 451 ἐαυτῆς
1214 381 1463 450 δωρεῖται
1503 379 1683 450 χάριν.

47 472 481 541 Ἀποστήσαντες
506 470 684 523 τοίνυν
721 470 947 532 ἑαυτοὺς
971 468 1186 520 πάντων
1230 466 1339 519 τών
1393 458 1685 534 βιωτικῶν,

33 558 130 610 καὶ
159 557 257 620 τάς
272 556 556 628 φροντίδας
584 556 682 619 τὰς
706 555 955 610 ἀκανθῶν
976 554 1127 623 δίκην
1170 552 1494 622 συμπνίγειν
1530 550 1689 604 δυναο

34 646 237 713 μένας,
305 644 395 697 τὸν
441 642 702 714 ἡμέτερον
754 640 1008 709 λογισμὸν
1051 639 1404 708 ὲκτέμνοντες
1444 650 1509 703 ι,
1559 637 1689 707 ὅλην

30 731 242 784 ἑαυτῶν
272 730 369 801 τὴν
406 731 638 784 διάνοιαν
669 729 1093 797 μεταστήσωμεν
1131 728 1210 789 εἰς
1256 726 1353 796 τὴν
1384 725 1493 777 τῶν
1522 742 1686 777 πνευ-

32 819 279 888 ματικῶν
305 816 620 887 ἐπιθυμίαν,
656 816 742 869 ἵνα
768 814 967 885 πολλὴν
1002 813 1247 867 ἐντεῦθεν
1278 812 1556 882 δεξάμενοι
1588 812 1688 884 τήν

28 906 319 975 ὠφέλειαν,
342 904 436 958 καὶ
462 902 818 975 κερδάναντές
845 919 897 956 τι
930 902 1071 971 μέγα
1093 903 1185 953 καὶ
1216 902 1478 968 γενναῖον,
1515 898 1687 963 οὕτως

28 992 355 1062 ἐξέλθωμεν.
391 992 530 1045 Ἀλλ’
553 992 639 1044 ἵνα
660 991 990 1061 σαφέστερος
1023 990 1149 1059 ὑμῖν
1182 990 1211 1041 ό
1252 987 1406 1055 λόγος
1439 986 1683 1056 γένηται,

32 1079 205 1149 μικρά
222 1079 330 1131 τῶν
365 1078 491 1148 χθὲς
510 1078 811 1150 εἰρημένων
840 1077 1239 1147 ὑπομνήσωμεν
1274 1074 1372 1146 τὴν
1407 1074 1679 1145 ὑμετέραν

28 1166 272 1235 ἀγάπην,
303 1164 535 1227 ἴνόῦτω,
587 1163 841 1235 καθάπερ
886 1164 1043 1233 σῶμα
1080 1163 1159 1228 ἓν,
1210 1162 1304 1215 καὶ
1345 1160 1413 1215 τὰ
1446 1162 1685 1231 σήμερον

30 1253 295 1324 μέλλοντα
330 1252 663 1323 ῥηθήσεσθαι
687 1251 1008 1321 συνάψωμεν
1039 1252 1149 1313 τοῖς
1186 1248 1312 1319 χθὲς
1354 1246 1682 1318 εἰρημένοις.

42 1339 387 1409 Ἐδείκνυμεν
439 1339 546 1410 γάρ
595 1339 758 1410 χθὲς,
828 1338 1074 1408 καθάπερ
1136 1337 1431 1407 μέμνησθε,
1483 1336 1599 1398 πῶς
1657 1338 1686 1389 ὁ

33 1424 301 1495 μακάριος
322 1424 565 1494 Μωῦσῆς
593 1424 943 1494 διηγούμενος
976 1425 1107 1493 ἡμῖν
1136 1423 1243 1475 τῶν
1274 1422 1549 1492 στοιχείων
1567 1424 1685 1476 τού-

26 1527 138 1565 των
184 1511 293 1565 τῶν
344 1512 632 1583 ὁρωμένων
665 1511 764 1582 τὴν
809 1510 1164 1581 δημιουργίαν
1206 1509 1412 1577 ἔλεγεν,
1448 1510 1530 1561 ὅτι
1584 1510 1687 1562 Ἐν

25 1597 187 1667 ἀρχῇ
210 1599 499 1666 ἐποίησεν
518 1601 550 1652 ό
570 1597 711 1663 Θεὸς
739 1598 844 1651 τὸν
863 1596 1121 1665 οὐρανὸν
1144 1596 1241 1649 καί
1270 1596 1383 1663 τὴν
1409 1596 1543 1664 γῆνο
1570 1594 1683 1667 [15]

26 1686 71 1754 ἠ
95 1685 163 1739 δὲ
192 1685 268 1755 γῆ
298 1682 379 1756 ἦν
395 1686 647 1754 ἀόρατος
676 1686 772 1742 καί
808 1686 1355 1749 ἀκατασκεύαστος·
1392 1684 1485 1735 καὶ
1514 1682 1685 1736 ἐδιδά-

30 1788 234 1842 σκομεν
262 1773 405 1843 ὑμᾶς
434 1771 463 1811 δ
485 1773 583 1843 τὴν
610 1773 786 1827 αἰτίαν
819 1771 961 1835 τίνος
989 1771 1173 1825 ἕνεκεν
1214 1771 1309 1825 καὶ
1344 1771 1432 1825 διά
1460 1770 1512 1825 τί
1544 1769 1685 1825 οὕτω

26 1858 130 1930 τὴν
159 1860 263 1929 γῆν
308 1861 629 1932 παρήγαγεν
660 1859 984 1929 ἀμόρφωτον
1028 1858 1122 1911 καὶ
1162 1857 1557 1923 ἀδιατύπωτον,
1591 1858 1685 1911 καὶ

25 1942 182 2016 οἶμαι
217 1946 361 2016 ὑμᾶς
390 1947 605 2000 ἅπαντα
622 1946 761 2016 μετὰ
780 1946 1062 2017 ἀκριϐείας
1086 1945 1337 2015 κατέχειν
1354 1962 1367 1976 ·
1385 1946 1684 2013 ἀναγκαῖον

24 2030 124 2086 οὖν
189 2035 428 2104 σήμερον
476 2035 588 2097 τοῖς
638 2033 945 2097 ἀκολούθως
996 2034 1307 2104 εἰρημένοις
1353 2031 1679 2098 ἐπεξελθεῖν.

45 2120 260 2191 Ἐπειδὴ
287 2121 396 2191 γὰρ
424 2115 599 2183 εἶπεν,
640 2120 701 2176 Ἡ
728 2120 795 2173 δὲ
820 2120 894 2189 r11”
929 2116 1007 2190 ἦν
1049 2121 1299 2188 ἀόρατος
1328 2119 1424 2173 καί
1466 2121 1685 2190 ἀκατα·

28 2207 389 2273 σκεύαστος,
427 2206 837 2277 διδάσκειεήμᾶς
872 2206 1132 2278 ἀκριϐῶς,
1165 2207 1327 2259 πόθεν
1358 2204 1425 2277 ἦν
1454 2207 1686 2277 ἀόρατος

30 2295 127 2350 καὶ
150 2294 646 2361 ἀκατασκεύαστος,
674 2296 895 2363 φάσκων
917 2312 929 2324 ·
964 2295 1073 2348 Καὶ
1103 2296 1321 2359 σκότος
1343 2293 1541 2347 ἐπάνω
1575 2292 1686 2360 τῆς

28 2374 329 2447 ἀϐύσσου,
364 2382 463 2437 καί
507 2382 748 2451 Πνεῦμα
796 2382 941 2435 Θεοῦ
970 2381 1291 2450 ἐπεφέρετο
1330 2380 1530 2433 ἐπάνω
1578 2380 1685 2433 τοῦ

29 2478 251 2545 ὕδατος
288 2518 303 2532 .
364 2479 565 2532 Σκόπει
598 2497 688 2559 μοι
714 2477 949 2533 ἐνταῦθα
978 2477 1071 2530 τοῦ
1110 2477 1381 2548 μακαρίου
1404 2478 1683 2547 προφήτου

26 2566 92 2619 τὸ
111 2566 424 2636 ἀπέριττον,
450 2566 545 2623 καὶ
571 2566 718 2629 ὅπως
752 2567 811 2618 οὑ
848 2566 1021 2627 πάντα
1056 2564 1198 2619 κατὰ
1226 2565 1393 2636 μέρος
1416 2565 1685 2635 διηγεῖται

28 2651 100 2706 τά
124 2653 618 2724 δημιουργηθέντα,
652 2653 788 2707 ἀλλά
827 2652 895 2707 τὰ
930 2653 1368 2706 συνεκτικώτατα
1404 2652 1514 2705 τῶν
1545 2669 1686 2704 στοι-

26 2740 193 2810 χείων
224 2742 257 2809 ή
267 2742 372 2810 μᾶς
394 2739 628 2807 διδάξας,
663 2739 755 2793 καί
783 2739 1012 2809 ούρανοῦ
1033 2740 1124 2792 καὶ
1147 2739 1251 2810 γῆς
1284 2738 1682 2810 μνημονεύσας,

27 2828 100 2881 τά
127 2828 263 2882 ἀλλα
302 2827 735 2899 παραλιμπάνει.
776 2825 1026 2897 Ούδαμοῦ
1064 2827 1172 2897 γὰρ
1207 2825 1375 2879 εἰπὼν
1416 2825 1525 2879 τῶν
1555 2825 1683 2878 ὑδά-

26 2932 138 2968 των
163 2916 259 2985 τὴν
286 2913 665 2985 δημιουργίαν,
715 2913 878 2984 φησί·
918 2913 1027 2967 Καὶ
1074 2915 1294 2978 σκότος
1342 2911 1541 2966 ἐπάνω
1574 2911 1683 2979 τῆς

27 3001 323 3059 ἀϐύσσου.
354 3000 451 3055 καὶ
502 2999 746 3069 Πνεῦμα
804 2999 951 3053 Θεοῦ
980 2998 1296 3067 ἐπεφέρετο
1346 2999 1545 3053 ἐπάνω
1577 2999 1684 3052 τοῦ

28 3087 269 3153 ὕδατος.
304 3086 474 3150 Τοῦτο
510 3087 617 3159 γάρ
644 3082 713 3157 ἦν
759 3086 821 3137 τὸ
862 3084 1133 3139 καλύπτον
1166 3085 1265 3155 τῆς
1299 3085 1400 3153 γῆς
1434 3086 1493 3137 τὸ
1521 3085 1685 3155 πρόσ-

30 3192 200 3237 ωπον,
243 3174 305 3228 τὸ
356 3174 545 3236 σκότος
599 3172 779 3239 λέγω,
822 3173 916 3225 καὶ
958 3172 1257 3243 ήᾶϐυσσος
1295 3171 1401 3224 τῶν
1454 3171 1682 3227 ὑδάτων.

42 3262 349 3333 Ἐμάθομεν
378 3260 643 3325 ἐντεῦθεν,
668 3261 749 3313 ὅτι
782 3260 927 3313 ἆπαν
958 3259 1017 3312 τὸ
1053 3255 1325 3328 όρώμὲνον
1355 3257 1590 3320 ἄϐυσσος
1617 3253 1686 3327 ἦν

30 3351 238 3403 ὑδάτων
291 3348 469 3418 σκότῳ
534 3347 919 3417 κεκαλυμμένη
942 3386 956 3411 ,
1016 3347 1108 3399 καὶ
1150 3346 1320 3398 ἐδεῖτο
1368 3345 1460 3398 τοῦ
1520 3344 1684 3414 σοφοῦ

27 3435 389 3508 δημιουργοῦ,
424 3435 565 3488 ὥστε
597 3436 775 3488 πᾶσαν
799 3432 1002 3503 ταύτην
1032 3434 1128 3505 τὴν
1159 3432 1432 3503 ἀμορφίαν
1462 3432 1683 3499 ἐξελεῖν,

30 3526 127 3579 καὶ
156 3526 235 3588 εἰς
260 3522 555 3593 εὐκοσμίαν
581 3520 701 3587 τινὰ
725 3520 794 3573 τὰ
813 3520 991 3583 πάντα
1018 3521 1261 3589 ἀγαγεῖν.
1296 3520 1402 3573 Kal
1441 3520 1682 3584 σκότος,

31 3613 219 3681 φησὶν,
238 3609 437 3671 ἐπάνω
458 3607 569 3679 τῆς
590 3610 886 3673 ἀϐύσσου,
918 3606 1017 3660 καί
1043 3606 1282 3675 Πνεῦμα
1310 3606 1456 3660 Θεοῦ
1475 3606 1685 3674 ἐπεφέ-

21 3714 163 3764 ρετο
200 3694 401 3749 ἐπάνω
439 3693 545 3747 τοῦ
590 3692 827 3757 ὕδατος.
876 3692 941 3746 Τί
975 3691 1223 3761 βούλεται
1251 3690 1409 3753 τοῦτο
1441 3692 1500 3743 τὸ
1530 3692 1683 3760 εἰρη-

33 3784 189 3855 μένον
230 3802 245 3850 ;
304 3783 565 3852 Πνεῦμα,
598 3782 751 3852 φησι,
791 3781 937 3835 Θεοῦ
996 3780 1314 3849 ἐπεφέρετο
1337 3780 1536 3835 ἐπάνω
1577 3780 1683 3834 τοῦ

27 3872 265 3937 ὓδατος.
312 3870 465 3941 Ἐμοὶ
495 3871 641 3922 δοκεῖ
668 3869 825 3921 τοῦτο
855 3868 1160 3937 σημαίνειν,
1196 3869 1276 3921 ὅτι
1304 3868 1554 3938 ἐνέργειά
1600 3885 1683 3931 τις

28 3960 232 4027 ζωτικὴ
269 3957 478 4026 προσῆν
514 3958 625 4018 τοῖς
673 3955 848 4016 ὕδασι,
886 3956 978 4017 καὶ
1025 3954 1124 4006 οὑκ
1178 3950 1245 4024 ἦν
1298 3954 1485 4017 ἁπλῶς
1539 3954 1683 4023 ὓδωρ

28 4044 199 4107 ἑστὼς
231 4045 324 4096 καὶ
355 4043 628 4112 ἀκίνητον,
656 4042 790 4094 ἀλλά
811 4040 1145 4112 κινούμενον,
1174 4041 1267 4095 καὶ
1305 4041 1540 4112 ζωτικήν
1563 4059 1683 4094 τινα

26 4131 256 4201 δύναμιν
280 4130 423 4199 ἔχον.
460 4129 533 4181 Tb
570 4128 677 4198 γάρ
705 4127 957 4198 ἀκίνητον
988 4129 1161 4199 πάντη
1192 4128 1461 4200 ἄχρηστον
1480 4149 1493 4162 ·
1530 4130 1590 4183 τὸ
1626 4130 1683 4183 δὲ

29 4218 369 4287 κινούμενον,
402 4215 538 4287 πρὸς
566 4215 739 4275 πολλά
765 4215 1086 4284 ἐπιτήδειον.

102 4325 287 4395 β’.’”ιν’
305 4322 396 4378 οὖν
416 4322 597 4393 διδάξη
616 4324 779 4394 ἡμᾶς,
800 4324 879 4377 ὅτι
910 4324 971 4377 τὸ
992 4324 1133 4394 ὕδωρ
1157 4324 1334 4387 τοῦτο,
1362 4326 1423 4379 τδ
1436 4327 1567 4380 πολὺ
1589 4330 1683 4383 καὶ

25 4416 325 4485 ἀμήχανον,
355 4414 476 4467 τινά
501 4414 731 4485 δύναμιν
764 4415 876 4484 ἔχει
914 4415 1171 4486 ζωτικὴν,
1202 4417 1288 4469 διά
1326 4417 1481 4471 τοῦτό
1512 4436 1645 4490 φησι
1664 4435 1678 4450 ο

26 4503 137 4565 Καὶ
176 4500 418 4569 Πνεῦμα
474 4500 621 4555 Θεοῦ
673 4501 990 4569 ἐπεφέρετο
1044 4503 1243 4556 ἐπάνω
1294 4505 1400 4559 τοῦ
1441 4505 1677 4574 ὕδατος.

28 4584 199 4637 Τοῦτο
224 4583 282 4639 δὲ
324 4582 421 4653 οὑχ
448 4582 634 4647 ἁπλῶς
668 4584 1009 4654 προλαϐοῦσα
1051 4586 1197 4653 λέγει
1224 4589 1256 4657 ή
1291 4588 1409 4641 θεία
1453 4589 1639 4660 Γραφή
1664 4607 1677 4621 .

27 4667 146 4721 ἀλλ’
186 4664 372 4735 ἐπειδὴ
416 4665 677 4736 προϊοῦσα
723 4666 903 4736 μέλλει
947 4667 1247 4738 διηγεῖσθαι
1291 4673 1441 4740 ἡμῖν,
1475 4674 1555 4725 ὅτι
1585 4675 1681 4727 καὶ

24 4750 138 4815 ζῶα
170 4750 234 4803 ἐκ
266 4748 469 4811 τούτων
506 4748 613 4801 τῶν
648 4749 854 4802 ὑδάτων
893 4752 1029 4805 κατὰ
1081 4753 1405 4824 πρόσταγμα
1446 4757 1539 4810 τοῦ
1571 4758 1680 4811 τῶν

24 4834 275 4887 ἁπάντων
303 4830 633 4903 δημιουργοῦ
672 4833 946 4903 παρήχθη,
980 4834 1067 4887 διὰ
1102 4836 1260 4890 τοῦτο
1288 4838 1535 4895 ἐντεῦθεν
1577 4841 1678 4911 ήδη

21 4916 260 4968 διδάσκει
279 4913 369 4967 τὸν
399 4914 694 4985 ἀκροατὴν,
728 4915 806 4967 ὅτι
829 4916 926 4985 ούχ
949 4918 1133 4979 ἁπλῶς
1157 4918 1300 4990 ὕδωρ
1317 4918 1382 4991 ῆν
1406 4924 1674 4992 συνεστὸς,

22 4993 158 5046 ἀλλά
188 4993 521 5063 κινούμενον,
556 4995 649 5048 καὶ
670 4995 972 5066 διατρέχον,
1015 5000 1106 5050 καὶ
1137 4999 1205 5051 τά
1240 5001 1414 5055 πάντα
1457 5006 1678 5059 ἐπικλύ-

22 5072 177 5154 ζονο.
213 5073 365 5154 Ἐπεὶ
387 5069 479 5126 οὑν
504 5074 670 5145 πολλὴ
699 5077 1027 5146 κατεκέχυτο
1057 5081 1254 5142 παντὸς
1279 5082 1372 5134 τοῦ
1400 5086 1677 5154 ὁρωμένου

22 5158 54 5220 ὴ
93 5151 358 5235 ἀμορφία)
392 5154 721 5235 προσέταξεν
751 5156 1133 5225 ἀριστοτέχνης
1170 5159 1321 5221 Θεὸς,
1358 5151 1451 5215 καί
1479 5151 1546 5217 τά
1578 5167 1675 5235 τῆς

22 5231 296 5314 ἀμορφίας
327 5229 700 5314 διεσκεδάσθη,
745 5236 837 5288 καὶ
882 5237 942 5288 τὸ
971 5238 1161 5301 κάλλος
1195 5240 1351 5293 τοῦτο
1380 5242 1439 5294 τὸ
1471 5229 1677 5314 ἀμήχα-

21 5327 110 5362 νον
142 5308 231 5361 τοῦ
266 5308 441 5375 φωτὸς
468 5309 562 5361 τοῦ
606 5313 879 5380 ὁρωμένου
929 5318 1227 5387 παραχθὲν,
1272 5320 1334 5373 τό
1379 5338 1437 5374 τε
1485 5308 1675 5388 σκότος

85 5410 314 5492 ξᾼλῖοτεί.
334 5411 553 5492 eligi}
579 5412 632 5492 i2
643 5418 787 5492 Itextu
808 5418 1051 5492 éEaIMrvrsql;
1078 5421 1197 5492 Reg.
1217 5425 1431 5492 elASaxji}.
1449 5430 1495 5475 in
1520 5442 1670 5492 marg.

25 5474 333 5549 ἐκτέμνοντες.
359 5473 556 5545 (Ξοὶξιιη.
589 5475 834 5549 ἐξέχονῖες.
866 5479 989 5527 Infra
1020 5473 1215 5531 (ζοῇςιῖῃ,
1244 5489 1325 5543 τήν

25 5535 275 5599 '7154'31955
291 5535 551 5599 σφηρίαν,
572 5535 796 5599 καὶκερδ.
1290 5535 1298 5543 ’
1400 5535 1438 5549 ’ί
1597 5535 1621 5549 -τ

82 5595 112 5676 1:
134 5592 228 5676 Sig
241 5592 474 5676 “Slpvl‘ILEL
495 5598 695 5676 'allqup}
718 5592 852 5676 ξορα,
878 5604 1225 5676 τροφίμων-ει.
1251 5610 1326 5653 καὶ
1349 5611 1564 5661 ἐδίδασκε
1589 5617 1667 5676 μὲν

27 5660 159 5733 illic;
196 5654 467 5733 Riggl‘unus
484 5659 841 5733 ﬁp§:._quslin.
882 5667 959 5710 καὶ
980 5667 1224 5713 ἑέἱόασγον
1245 5672 1325 5724 τήν

85 5719 103 5748 c
132 5715 275 5777 smn,
301 5722 353 5765 ει
375 5730 486 5767 mss.
522 5715 714 5784 plurimi
756 5726 1012 5783 ἐπικλύζον.
1040 5727 1207 5778 Morel.
1234 5715 1488 5785 έπὶελύξὸὶ

1797 292 2042 362 ἀπήλασε
2075 293 2138 346 τὸ
2177 293 2452 365 αἰσθητὸν,
2491 296 2585 348 καὶ
2610 297 2678 349 τά
2708 295 2885 349 πάντα
2912 297 3224 368 κατηύγασε
3254 295 3305 348 δ.
3338 294 3451 348 Kal

1794 374 1943 441 εἷπε,
1968 380 2153 450 φησὶν,
2178 383 2211 434 ό
2239 382 2400 446 Θεὸς,
2425 382 2740 449 Γενηθήτω
2762 382 2907 452 φῶς,
2928 385 3022 438 καὶ
3046 384 3277 453 ἐγένετο
3298 381 3449 450 φῶς.

1796 460 1950 527 Εἷπε,
1981 467 2073 519 καὶ
2097 466 2311 534 ἐγένετο
2335 484 2346 496 ·
2380 467 2649 531 ἐκέλευσε,
2680 470 2782 522 καὶο
2802 470 2861 522 τὸ
2892 470 2990 540 μὲν
3024 470 3207 532 σκότος
3245 470 3453 540 ἐφυγατ

1794 545 1978 615 δεύθη,
2003 547 2063 599 τὸ
2080 546 2135 599 δὲ
2166 547 2280 615 φῶς
2309 547 2587 617 παρήχθη.¹
2615 543 2765 609 Εἶδες
2787 534 3012 618 δύναμιν
3036 548 3238 617 ἄφατον
3256 564 3270 610 ;
3287 534 3449 600 “AD?

1797 625 1846 675 οἱ
1871 628 1935 691 τῇ
1964 625 2136 696 πλάνῃ
2173 627 2698 697 προκατειλημμένοι
2724 627 2785 679 οὑ
2816 627 3174 696 προσέχοντες
3214 629 3279 697 τῇ
3314 626 3449 679 ἀκο-

1798 709 1985 780 λουθίᾳ
2037 712 2144 765 τῶν
2184 713 2512 783 εἰρημένων,
2546 714 2666 766 οὑδὲ
2698 714 2986 777 ἀκούοντες
3032 712 3125 766 τοῦ
3175 712 3449 783 μακαρίου

1793 789 2069 854 Μωῡσέως
2113 791 2390 858 λέγοντοςο
2455 792 2550 844 Ἐν
2586 792 2743 859 ἀρχῇ
2782 792 3067 859 ἐποίησεν
3098 795 3131 845 ό
3174 791 3315 857 Θεὸς
3343 792 3453 844 τὸν

1793 869 2052 935 οὐρανὸν
2084 871 2180 922 καὶ
2214 869 2327 936 τὴν
2353 868 2499 938 γῆν·
2533 871 2624 923 καί⁸
2654 871 2773 923 τότε
2807 871 3132 935 ἐπάγοντος*
3182 870 3244 924 Ἡ
3277 868 3346 923 δὲ
3368 868 3451 939 γῆ

1791 942 1870 1013 ἦν
1904 947 2155 1019 ἀόρατος
2188 944 2285 1001 καί
2320 947 2430 1018 [16]
2462 948 3010 1015 άκατασκεύαστος,
3053 949 3141 1003 διά
3170 947 3231 1001 τὸ
3271 948 3454 1016 σκότῳ

1794 1024 2019 1088 καὶτοῖς
2046 1026 2199 1079 ὑδασι
2231 1026 2571 1095 κεκαλύφθαι
2590 1044 2603 1057 ο
2634 1028 2773 1081 οὕτω
2800 1028 2908 1099 γὰρ
2930 1028 3073 1094 ἔδοξε
3102 1027 3178 1097 τῷ
3199 1027 3449 1095 Δεσπότῃ

1792 1103 1850 1169 ἐξ
1890 1105 2065 1177 ἀρχῆς
2105 1104 2273 1176 αὑτὴν
2304 1108 2644 1177 παραγαγεῖν
2667 1124 2681 1138 ·
2714 1108 2876 1177 φασὶν
2907 1108 2987 1160 ὅτι
3016 1106 3373 1179 προῦπέκειτο
3411 1108 3451 1174 ἡ

1793 1182 1918 1253 ὕλη,
1946 1185 2128 1238 καὶτὸ
2157 1186 2345 1249 σκότος
2384 1186 2730 1257 προϋπῆρχε.
2771 1186 2836 1238 Τί
2885 1185 3087 1256 ταύτης
3126 1184 3226 1254 τῆς
3264 1184 3454 1243 ἀνοίας

1791 1264 1972 1333 χεῖρον
2018 1264 2211 1331 γένοιτ’
2246 1264 2348 1330 av;
2396 1265 2637 1327 Ἀκούεις
2680 1266 2762 1317 ὅτι
2807 1265 2895 1317 Ἔν
2945 1265 3085 1333 ἀρχῇ
3136 1260 3387 1331 ἐποίησεν
3419 1261 3454 1312 ὁ

1791 1341 1924 1404 Θεὸς
1955 1340 2046 1395 τὸν
2073 1342 2298 1411 οὐρανὸν
2328 1344 2419 1396 καὶ
2445 1342 2541 1413 τὴν
2565 1344 2688 1412 γῆν,
2708 1343 2802 1397 καὶ
2828 1344 2910 1396 ὄτι
2936 1342 2994 1407 ἐξ
3014 1341 3113 1395 οὑκ
3132 1341 3299 1394 ὄντων
3324 1340 3453 1407 ἐγέ-

1792 1436 1912 1473 νετο
1938 1420 2007 1473 τὰ
2038 1421 2165 1474 ὅντα
2199 1432 2245 1485 ε,
2286 1422 2380 1475 καὶ
2409 1422 2589 1489 λέγεις
2612 1422 2692 1475 ὅτι
2723 1421 3076 1492 προϋπῆρχεν
3111 1421 3144 1489 ἡ
3173 1418 3305 1488 ὑλη;
3337 1419 3453 1471 Καὶ

1790 1500 1873 1562 τίς
1896 1498 2180 1569 ἀνάσχοιτο
2198 1498 2461 1569 τοσαύτης
2482 1500 2765 1571 παροινίας
2783 1500 2890 1553 τῶν
2912 1498 3036 1552 νοῦν
3064 1497 3292 1566 ἐχόντων
3314 1514 3328 1560 ;
3354 1497 3453 1567 Μὴ

1790 1578 1899 1649 γὰρ
1925 1578 2206 1649 ἄνθρωπός
2233 1579 2379 1632 ἐστιν
2404 1582 2433 1633 ό
2451 1579 2816 1650 δημιουργῶν,
2845 1579 2932 1632 ἵνα
2963 1577 3125 1647 δεηθῇ
3152 1593 3295 1637 τινος
3315 1576 3455 1628 ὑπο-

1791 1656 2065 1727 κειμένου,
2120 1657 2213 1709 καὶ
2257 1657 2397 1710 οὕτω
2441 1657 2511 1715 τά
2556 1657 2655 1727 τῆς
2683 1658 2880 1728 τέχνης
2912 1655 3280 1727 ἐπιδείξηται;
3314 1653 3456 1717 Θεός

1791 1738 1959 1799 ἐστιν,
1987 1730 2030 1803 ᾧ
2064 1736 2240 1789 πάντα
2268 1736 2426 1803 εἴκει,
2461 1736 2601 1804 λόγῳ
2645 1736 2739 1789 καὶ
2764 1735 3145 1807 προστάγματι
3183 1734 3453 1802 δημιουρ-

1790 1814 1921 1881 γῶν.
1961 1816 2103 1887 Ὅρα
2142 1814 2271 1885 γάρ,
2306 1811 2426 1867 εἷπε
2476 1815 2655 1885 μόνον,
2692 1814 2784 1867 καὶ
2812 1814 3064 1885 παρήχθη
3094 1813 3156 1866 τὸ
3192 1812 3327 1881 φῶς,
3350 1812 3453 1864 καὶ

1791 1891 2148 1963 παρεχώρησε
2195 1892 2254 1944 τὸ
2293 1891 2500 1955 σκότος.
2540 1892 2649 1945 Kal
2691 1891 3037 1961 διεχώρισεν
3063 1894 3095 1944 ό
3129 1890 3270 1955 Οεὸς
3300 1890 3454 1943 ἀντι-

1784 1972 1979 2039 μέσον
2015 1969 2120 2023 τοῦ
2154 1970 2366 2038 φωτὸς,
2414 1972 2510 2023 καί
2544 1970 2854 2038 άναμέσον
2906 1969 3008 2024 τοῦ
3043 1970 3322 2033 σκότους.
3380 1966 3453 2019 Τί

1791 2051 1927 2112 ἐστι,
1960 2049 2349 2119 Διεχώρισεν;
2389 2050 2635 2119 Ἐκάστῳ
2666 2050 2799 2103 ἰδίαν
2821 2048 3003 2119 χώραν
3039 2048 3319 2117 ἀπένειμε,
3344 2063 3453 2100 κα-

1788 2127 2049 2197 τάλληλον
2095 2127 2285 2198 καιρὸν
2332 2127 2599 2199 ἀφώρισε.
2643 2129 2752 2181 Καὶ
2800 2128 2986 2198 ἐπειδὴ
3029 2127 3188 2180 τοῦτο
3228 2126 3449 2194 γέγονε,

1788 2205 1907 2258 τότε
1941 2205 2123 2259 λοιπὸν
2151 2205 2366 2275 ἑκάστῳ
2387 2206 2481 2277 τὴν
2514 2206 2857 2275 ἁρμόζουσαν
2884 2205 3250 2276 προσηγορίαν
3273 2203 3452 2256 ἐπιτί-

1790 2283 1966 2352 θησιν.
2009 2284 2296 2339 Ἐκάλεσε
2326 2284 2455 2355 γὰρ,
2488 2286 2674 2354 φησὶν,
2711 2288 2743 2338 ό
2776 2283 2918 2349 Θεὸς
2950 2283 3017 2337 τὸ
3045 2282 3166 2352 φῶς
3197 2281 3448 2351 ἡμέραν,

1790 2364 1889 2417 καί
1908 2364 1975 2417 τὸ
1999 2365 2218 2430 σκότος
2243 2364 2499 2418 ἐκάλεσε
2518 2365 2726 2417 νύκτα.
2747 2360 2898 2427 Εἶδες
2914 2364 3176 2433 διαίρεσιν
3194 2363 3447 2433 ἀρίστην,

1790 2444 1883 2495 καὶ
1907 2443 2264 2513 δημιουργίαν
2292 2442 2609 2513 θαυμαστὴν
2628 2442 2646 2481 ἲ
2658 2483 2671 2507 ,
2693 2443 2786 2495 καὶ
2807 2443 2983 2496 πάντα
3008 2442 3165 2510 λόγον
3187 2440 3454 2509 ὑπερϐαί-

1790 2539 2005 2586 νουσαν,
2052 2523 2194 2593 λόγῳ
2235 2522 2379 2594 μόνῳ
2424 2524 2519 2575 καὶ
2562 2522 2897 2593 ἐπιτάγματι
2932 2522 3257 2592 γινομένην;
3295 2516 3451 2583 Εἶδες

1790 2600 1930 2672 πόσῃ
1979 2605 2045 2672 τῇ
2088 2602 2488 2670 συγκαταϐἀσει
2534 2603 2562 2655 ό
2615 2603 2880 2672 μακάριος
2945 2595 3098 2664 οὗτος
3162 2602 3449 2671 προφήτης

1791 2681 2085 2750 ἐχρήσατο,
2136 2680 2335 2750 μᾶλλον
2373 2681 2429 2733 δὲ
2474 2683 2502 2733 ό
2541 2680 2917 2751 φιλάνθρωπος
2940 2679 3072 2742 Θεὸς
3104 2678 3192 2745 διὰ
3222 2678 3319 2748 τῆς
3349 2675 3447 2741 τοῦ

1790 2758 2070 2828 προφήτου
2106 2758 2349 2827 γλώττης
2392 2758 2660 2812 παιδεύων
2692 2758 2753 2811 τὸ
2792 2759 2899 2811 τῶν
2930 2755 3230 2828 ἀνθρώπων
3267 2756 3445 2823 γένος,

1789 2838 1986 2892 εἰδέναι
2014 2837 2120 2890 τῶν
2149 2838 2447 2907 γινομένων
2472 2839 2570 2909 τὴν
2613 2836 2789 2902 τάξιν,
2816 2839 2910 2891 καὶ
2935 2836 3017 2900 τίς
3044 2840 3072 2890 ό
3108 2836 3200 2889 τοῦ
3242 2833 3445 2897 παντὸς

1788 2919 2135 2990 δημιουργὸς,
2166 2918 2257 2971 καὶ
2300 2920 2447 2982 ὅπως
2473 2919 2701 2972 ἕκαστον
2743 2918 3029 2990 παρήχθη;
3083 2916 3300 2988 Ἐπειδὴ
3334 2914 3446 2984 γὰρ

1789 2999 1871 3052 ἔτι
1903 2998 2250 3067 ἀτελέστερον
2293 2998 2524 3052 διέκειτο
2564 2998 2623 3051 τὸ
2650 3000 2759 3052 τῶν
2793 2998 3092 3068 ἀνθρώπων
3131 2997 3307 3065 γένος,
3349 2995 3446 3048 καὶ

1789 3086 1889 3140 οὐκ
1909 3084 2139 3153 ἠδύνατο
2170 3084 2277 3137 τῶν
2316 3084 2664 3156 τελειοτέρων
2696 3084 2932 3139 συνιέναι
2965 3084 3064 3154 τὴν
3094 3082 3442 3152 κατανόησιν,

1789 3162 1878 3217 διά
1902 3162 2057 3215 τοῦτο
2092 3162 2227 3232 πρὸς
2257 3162 2352 3233 τὴν
2380 3162 2486 3214 τῶν
2516 3164 2818 3219 ἀκουόντων
2849 3162 3127 3215 ἀσθένειαν
3146 3160 3205 3213 τὸ
3225 3159 3445 3227 Πνεῦμα

1789 3240 1851 3293 τδ
1896 3241 2049 3308 ἅγιον
2095 3242 2195 3310 τὴν
2238 3241 2330 3292 τοῦ
2378 3243 2653 3312 προφήτου
2708 3242 2949 3309 γλῶτταν
2998 3240 3224 3308 κινῆσαν
3270 3238 3445 3301 οὓτως

1792 3328 2007 3382 ἅπαντα
2036 3330 2166 3399 ἡμῖν
2196 3328 2520 3397 διαλέγεται.
2553 3329 2661 3389 Καὶ
2688 3329 2773 3382 ἵνα
2815 3329 2989 3399 μάθῃς
3022 3328 3103 3381 ὅτι
3123 3328 3208 3381 διά
3233 3327 3292 3379 τὸ
3314 3327 3444 3378 ἀτε-

1790 3407 1879 3471 λὲς
1905 3408 2003 3479 τῆς
2022 3409 2293 3479 ἡμετέρας
2320 3408 2557 3471 διανοίας
2578 3409 2748 3481 ταύτῃ
2777 3410 3045 3478 ἐχρήσατο
3070 3411 3135 3478 τῇ
3166 3423 3442 3474 συγκατα-

1792 3486 1945 3540 ϐἀσει
1977 3487 2077 3556 τῆς
2124 3487 2443 3556 διηγήσεως,
2497 3488 2597 3558 ὅρα
2631 3488 2720 3539 τὸν
2766 3487 2862 3556 τῆς
2909 3486 3135 3557 βροντῆς
3179 3485 3312 3546 υἱὸν,
3351 3485 3442 3539 ὅτε

1792 3564 1925 3634 πρὸς
1956 3564 2153 3637 ἀρετὴν
2195 3566 2433 3619 ἐπέδωκε
2481 3565 2540 3617 τὸ
2572 3565 2680 3617 τῶν
2715 3563 3013 3634 ἀνθρώπων
3053 3564 3228 3633 γένος,
3258 3562 3441 3615 οὑκέτι

1788 3644 1991 3715 ταύτην
2024 3645 2314 3714 ἐρχόμενον
2358 3645 2456 3714 τὴν
2485 3645 2623 3707 ὁδὸν,
2665 3644 2777 3697 ἀλλ’
2821 3644 2912 3695 ἐπὶ
2954 3643 3052 3711 τὴν
3105 3642 3445 3711 ὑψηλοτέραν

1788 3722 2133 3777 διδασκαλίαν
2164 3723 2364 3791 ἄγοντα
2387 3724 2511 3786 τοὺς
2536 3723 2933 3795 ἀκροωμένους.
2968 3722 3153 3776 Εἰπὼν
3170 3722 3299 3791 γάρ,
3336 3722 3443 3774 Ἐν

1788 3798 1945 3868 ἀρχῇ
1994 3796 2072 3869 ἦν
2104 3803 2136 3854 ό
2162 3802 2369 3870 Λόγος,
2408 3802 2507 3854 καὶ
2542 3804 2574 3854 ό
2603 3803 2791 3870 Λόγος
2837 3796 2915 3868 ἦν
2944 3801 3094 3868 πρὸς
3132 3801 3238 3853 τὸν
3270 3798 3438 3861 Θεὸν,

1789 3879 1887 3933 καὶ
1919 3880 2062 3945 Θεὸς
2088 3876 2165 3949 ἦν
2190 3883 2222 3934 ό
2248 3881 2454 3949 Λόγος,
2476 3881 2753 3949 ἐπήγαγεν
2770 3897 2783 3909 °
2810 3875 2922 3934 Ἦν
2952 3880 3018 3931 τὸ
3048 3879 3172 3949 φῶς
3196 3878 3263 3932 τὸ
3292 3879 3441 3943 ἀλη-

1789 3957 1977 4020 θινὸν,
2012 3957 2043 4010 ὃ
2073 3956 2298 4026 φωτίζει
2320 3958 2514 4011 πάντα
2540 3958 2850 4022 ἄνθρωπον
2871 3958 3195 4026 ἐρχόμενον
3222 3959 3309 4022 εἰς
3333 3957 3441 4008 τὸν

1789 4037 2039 4105 κόσμον.
2068 4036 2332 4106 Καθάπερ
2362 4036 2470 4107 γὰρ
2493 4037 2724 4090 ἐνταῦθα
2745 4037 2805 4088 τὸ
2835 4037 2950 4104 φῶς
2978 4036 3133 4089 τοῦτο
3165 4036 3224 4088 τὸ
3253 4035 3442 4103 αἰσθη-

1787 4116 1897 4177 τὸν,
1930 4116 2007 4185 τῷ
2038 4116 2416 4186 προστάγματι
2440 4116 2532 4169 τοῦ
2554 4117 2823 4169 Δεσπότου
2855 4116 3150 4186 παραχθὲν,
3172 4115 3231 4167 τὸ
3250 4114 3439 4177 σκότος

1787 4195 1944 4248 τοῦτο
1970 4196 2030 4247 τὸ
2058 4194 2331 4265 ὁρώμενον
2362 4194 2678 4263 ἀπέκρυψεν
2699 4210 2712 4223 ο
2738 4194 2878 4246 οὑτω
2902 4196 2993 4247 καὶ
3022 4194 3081 4246 τὸ
3107 4194 3295 4263 νοητὸν
3322 4192 3441 4260 φῶς

1786 4273 1886 4341 τῆς
1913 4272 2119 4342 πλάνης
2148 4272 2208 4323 τὸ
2240 4272 2427 4334 σκότος
2466 4273 2732 4343 ἀπήλασε,
2769 4273 2861 4325 καὶ
2890 4272 3024 4343 πρὸς
3052 4272 3151 4343 τὴν
3182 4271 3441 4341 ἀλήθειαν

1786 4352 1912 4414 τοὺς
1939 4350 2325 4419 πλανωμένους
2358 4350 2784 4421 ἐχειραγώγησε.

1856 4452 1924 4514 γ’.
1951 4445 2241 4515 Δεξώμεθα
2263 4442 2354 4499 οὖν
2374 4447 2507 4516 μετὰ
2532 4446 2730 4516 πολλῆς
2772 4448 2869 4516 τῆς
2899 4447 3314 4517 εὐγνωμοσύνης
3369 4446 3441 4505 τὰ,

1786 4524 1937 4592 παρά
1964 4520 2061 4594 τῆς
2094 4524 2243 4586 θείας
2282 4526 2504 4596 Γραφῆς
2557 4526 2881 4594 διδάγματα,
2943 4528 3038 4579 καὶ
3074 4528 3147 4597 μὴ
3191 4526 3438 4579 ἀντιϐλέ-

1786 4622 1975 4674 πωμεν
2020 4607 2085 4674 τῇ
2138 4604 2365 4674 ἀληθείᾳ
2397 4614 2447 4667 8,
2499 4606 2631 4675 μηδὲ
2662 4606 2739 4675 τῷ
2781 4607 2959 4659 σκότει
3004 4606 3434 4678 παραμένωμεν,

1784 4683 1919 4736 ἀλλά
1946 4683 2080 4752 πρὸς
2109 4683 2169 4735 τὸ
2198 4683 2311 4751 φῶς
2340 4683 2705 4753 ἐπειγώμεθα,
2733 4685 2825 4737 καὶ
2847 4685 2972 4749 ἀξια
3004 4685 3097 4737 τοῦ
3135 4685 3310 4753 φωτὸς
3342 4684 3438 4736 καὶ

1783 4762 1881 4829 τῆς
1916 4761 2125 4831 ἡμέρας
2150 4762 2605 4831 διαπραττώμεθα
2633 4762 2790 4832 ἔργα,
2823 4763 3073 4834 καθάπερ
3100 4764 3193 4816 καὶ
3224 4763 3435 4824 Παῦλος

1786 4841 2038 4911 παραινεῖ
2056 4840 2254 4907 λέγων·
2283 4841 2376 4905 Ὦς
2399 4842 2468 4893 ἐν
2493 4842 2679 4909 ἡμέρᾳ
2703 4843 3093 4911 εὐσχημόνως
3110 4840 3432 4907 περιπατή-

1784 4931 2003 4985 σωμεν,
2041 4918 2133 4969 καὶ
2164 4918 2237 4987 μὴ
2276 4918 2634 4988 ἐργαζώμεθα
2667 4920 2735 4971 τὰ
2757 4920 2892 4991 ἔργα
2920 4918 3013 4971 τοῦ
3048 4921 3291 4980 σκότους.
3323 4919 3432 4972 Kal

1781 4995 2055 5057 ἐκάλεσε,
2092 4998 2273 5065 φησὶν,
2303 5000 2334 5049 ό
2362 4997 2504 5063 Θεὸς
2536 4997 2601 5050 τὸ
2634 4996 2758 5065 φῶς
2791 4998 3035 5066 ἡμέραν,
3072 4997 3165 5050 καί
3197 4995 3262 5049 τὸ
3288 4999 3434 5051 σκό-

1781 5092 1883 5139 τος
1918 5075 2173 5129 ἐκάλεσε
2203 5076 2409 5129 νύκτα.
2459 5075 2593 5128 Ἀλλ’
2636 5077 2663 5128 ὃ
2698 5076 2895 5146 μικροῦ
2944 5078 3088 5146 ἡμᾶς
3135 5074 3247 5147 [17]
3287 5092 3432 5144 παρ-

1780 5153 2034 5224 έδραμεν,
2075 5157 2367 5222 ἀναγκαῖον
2404 5155 2561 5208 τοῦτο
2598 5156 2953 5210 ἐπαναλαϐεῖν
2989 5155 3167 5208 πάλιν.
3214 5153 3431 5224 Ἐπειδὴ

1781 5233 1888 5303 γὰρ
1912 5230 2051 5295 εἷπε,
2077 5233 2392 5299 Γενηθήτω
2417 5235 2573 5301 ςρῶς,⁵
2593 5235 2690 5289 καὶ
2713 5235 2951 5304 ἐγένετο
2978 5234 3123 5304 φῶς,
3146 5235 3393 5303 ἐπήγαγε
3412 5247 3427 5261 ’

1779 5312 1888 5365 Kal
1913 5312 2071 5365 εἰδεν
2111 5315 2143 5364 ό
2172 5311 2315 5377 Θεὸς
2354 5314 2419 5364 τὸ
2449 5312 2597 5381 φῶς,
2626 5314 2715 5365 ὅτι
2764 5312 2972 5367 καλόν.
3007 5312 3115 5366 Θέα
3152 5329 3261 5380 μοι.
3294 5312 3431 5379 ἀγα-

1836 5428 1861 5468 ά
1890 5427 2089 5490 Coisljn.
2120 5429 2246 5490 male
2278 5430 2561 5490 παρήγαγεν.

1842 5492 1863 5525 ε
1886 5488 2084 5538 Coislin.
2098 5490 2156 5536 τά
2172 5489 2337 5536 πάντα.

1846 5549 1861 5587 ί
1892 5550 2089 5599 Coislin.
2116 5551 2420 5612 δημιουργίαν
2443 5550 2710 5609 θαυμάτων,
2734 5552 2878 5599 male.
2905 5550 3056 5601 Paulo
3085 5554 3191 5610 post
3210 5545 3410 5596 Colbert

1777 5613 1903 5669 λόγῳ
1932 5612 2070 5671 μόνον
2096 5612 2174 5657 καὶ
2198 5612 2489 5671 ἐπιτάγματι.

1840 5668 1863 5711 8
1895 5668 2039 5721 savii.
2071 5694 2079 5719 ;
2128 5692 2149 5711 η
2175 5668 2513 5738 ,Ἀντιϐλίπειν
2554 5686 2649 5723 non
2708 5674 2861 5722 semel
2898 5687 3021 5733 ενοι]
3067 5668 3313 5733 [‘ntybium
3352 5676 3429 5722 ea:

1774 5736 2060 5791 ἀντιστῆναι,
2089 5736 2326 5788 resistere.
2364 5749 2381 5783 ›
