3784 6268
297 210 377 272 33
1426 208 1489 268 ΙΝ
1527 212 1679 270 CAP.
1719 210 1763 269 l.
1803 212 1855 269 Gl

2034 249 2063 266 ..
2090 211 2317 270 ιιοδηι..
2361 211 2443 268 ur.
2736 226 2737 231 ‘
2842 234 2849 243 ’
3509 226 3587 277 3t

290 324 945 394 desiderium,ctvigi|em
977 331 1231 391 mentem,
1262 332 1385 378 tunc
1413 333 1468 378 et
1488 324 1710 394 gratiam
1732 339 1882 378 suam

288 418 606 485 epulentam
647 415 923 471 liberalius
950 417 1184 486 largitur.
1218 416 1556 470 Abducamus
1588 417 1746 487 igitur
1787 433 1886 472 nos

284 508 364 561 ab
405 508 656 561 omnibus
690 506 844 575 hujus
866 508 986 560 vita:
1029 506 1192 571 curis,
1222 515 1277 561 et
1307 508 1524 561 resectis
1563 507 1626 561 iis
1652 523 1769 576 qua:
1794 521 1885 563 co-

282 598 585 668 gitationes
624 608 836 652 nostras
862 598 1005 652 velut
1030 598 1196 667 Spina:
1218 597 1481 653 suﬁ'ocant
1498 639 1513 664 ,
1540 598 1607 654 ad
1636 600 1885 668 spiritua-

286 690 426 743 lium
479 689 802 745 desiderium
846 699 1082 744 mentem
1118 699 1355 744 nostram
1388 699 1555 745 totam
1589 690 1883 747 transfera-

282 797 435 847 mus,
492 791 550 835 ut
599 795 789 851 magno
810 780 934 834 inde
976 780 1445 849 reportatolucro,
1472 789 1527 836 et
1551 781 1751 852 ingenti
1778 783 1883 836 uti-

283 874 441 928 litate
463 881 731 942 percepta,
788 873 861 926 ita
897 870 1022 925 hinc
1049 871 1382 927 recedamus.
1412 870 1677 928 Czeterum
1701 882 1759 927 ut
1782 888 1880 929 vo-

282 964 374 1018 bis
405 964 740 1018 manifestior
780 962 852 1018 sit
876 977 1073 1030 sermo,
1103 977 1267 1031 pauca
1292 962 1537 1032 quaedam
1563 979 1630 1019 ex
1672 964 1880 1020 hester-

281 1058 373 1111 nis
414 1056 576 1111 dictis
602 1058 653 1109 in
684 1054 996 1110 memoriam
1030 1054 1239 1110 caritati
1265 1064 1459 1110 vestrae
1477 1056 1791 1121 referemus,
1823 1064 1882 1111 ut

280 1150 366 1204 sic
394 1150 464 1203 iis
490 1164 610 1219 qua
635 1148 750 1201 heri
786 1147 929 1201 dicta
955 1155 1102 1212 sunt,
1150 1147 1265 1201 hzec
1292 1161 1436 1201 nunc
1460 1145 1684 1202 dicenda
1725 1147 1879 1217 quasi

280 1241 343 1294 in
373 1256 538 1294 unum
580 1254 774 1308 corpus
794 1238 1201 1309 conjungamus.
1220 1237 1563 1293 Ostendimus
1582 1239 1722 1293 enim
1740 1238 1873 1305 heri,

280 1345 343 1387 ut
368 1334 711 1395 meministis,
741 1331 1010 1402 quomodo
1036 1331 1221 1385 beatus
1240 1330 1411 1384 Moses
1437 1345 1693 1385 enarrans
1723 1330 1877 1386 nobis

282 1429 483 1483 horum
534 1424 820 1477 visibilium
874 1422 1258 1477 elementorum
1286 1421 1609 1476 creationem
1645 1430 1700 1476 et
1725 1412 1879 1492 Opiﬁ-

276 1523 451 1585 cium,
474 1518 670 1572 dixerit
697 1534 711 1570 :
739 1515 806 1569 In
822 1514 1072 1586 principio
1092 1515 1206 1586 fecit
1230 1512 1369 1568 Deus
1389 1513 1569 1569 etclam
1587 1523 1633 1569 et
1654 1524 1876 1570 terram:

276 1624 421 1668 terra
448 1622 619 1664 autem
656 1620 761 1664 erat
785 1609 1046 1664 invisibilis
1072 1618 1120 1663 et
1147 1609 1478 1678 incomposita
1499 1626 1517 1663 :
1549 1618 1605 1666 et
1626 1623 1719 1665 vos
1748 1623 1875 1664 cau-

277 1721 399 1762 sam
439 1702 745 1767 docuimus,
769 1716 934 1770 quare
962 1700 1105 1755 Deus
1128 1708 1323 1756 terram
1347 1698 1651 1766 informem,
1683 1708 1738 1756 et
1757 1701 1878 1754 nul-

275 1798 349 1853 lis
394 1796 582 1867 ﬁguris
603 1794 891 1864 expolitam
928 1793 1225 1858 creaverit;
1270 1808 1409 1862 quae,
1457 1794 1672 1863 opinor,
1694 1793 1872 1849 omnia

275 1897 465 1943 mente
494 1888 693 1941 tenetis
725 1903 738 1939 :
766 1884 1127 1941 necessarium
1158 1892 1242 1939 est
1271 1885 1431 1954 igitur
1452 1899 1550 1939 nos
1574 1884 1639 1939 ad
1670 1898 1732 1939 ea
1753 1899 1872 1954 quae

274 1988 581 2051 sequuntur
607 1963 765 2034 hbdie
785 1976 1051 2048 progredi.
1079 1976 1212 2031 Nam
1241 1983 1520 2047 postquam
1541 1975 1693 2043 dixit,
1715 1974 1875 2029 Terra

273 2084 451 2127 autem
489 2081 599 2125 erat
622 2070 886 2124 invisibilis
909 2086 968 2123 ac
995 2068 1344 2140 incomposita,
1375 2083 1475 2123 nos
1502 2078 1750 2123 accurate
1773 2066 1872 2122 do-

272 2177 383 2231 cet,
433 2164 578 2220 unde
606 2162 888 2219 invisibilis
925 2169 1070 2218 esset
1097 2170 1152 2217 et
1180 2160 1400 2225 inculta,
1428 2160 1612 2215 dicens
1640 2176 1655 2211 :
1689 2159 1755 2214 Et
1798 2168 1871 2214 te-

274 2260 451 2313 nebrw
489 2265 635 2312 eram
668 2272 821 2326 super
846 2256 1106 2326 abyssum,
1131 2263 1180 2308 et
1209 2254 1437 2323 Spiritus
1463 2254 1557 2307 Dei
1585 2256 1868 2325 superfun-

274 2354 431 2405 batur
455 2365 607 2419 super
630 2364 835 2418 aquam.
870 2346 1001 2402 Vide
1020 2346 1126 2413 hic,
1170 2361 1328 2416 quam
1345 2346 1479 2400 nihil
1498 2345 1751 2416 superﬂui
1777 2345 1873 2400 ad-

273 2442 509 2496 misceat
547 2439 735 2493 beatus
793 2437 1073 2508 propheta,
1127 2446 1181 2491 et
1224 2435 1492 2506 quomodo
1536 2451 1641 2492 non
1692 2436 1867 2491 omnia

273 2529 638 2601 particulatim
670 2536 870 2592 narret,
898 2542 1017 2597 qua:
1045 2536 1223 2581 creata
1244 2536 1387 2592 sunt,
1410 2524 1505 2581 sed
1525 2541 1647 2580 cum
1666 2525 1868 2580 docue-

272 2625 347 2678 rit
371 2638 474 2677 nos
497 2623 567 2677 de
594 2621 729 2677 caelo
754 2630 803 2675 et
830 2631 991 2688 terra,
1020 2636 1139 2691 qua:
1164 2620 1389 2690 plurima
1420 2618 1475 2673 in
1504 2634 1564 2675 se
1592 2619 1869 2675 continent

272 2714 576 2778 elementa,
611 2711 985 2781 praetermittat
1021 2710 1153 2766 alia.
1173 2709 1306 2764 Nam
1334 2724 1456 2764 cum
1496 2707 1566 2764 de
1609 2692 1866 2777 aquarum

272 2805 492 2875 epiﬁcio
519 2803 779 2859 nihildum
801 2802 1043 2867 dixisset,
1064 2803 1141 2857 ait
1166 2820 1179 2856 ε
1209 2801 1278 2855 E1
1307 2802 1522 2856 tenebrte
1544 2783 1687 2855 εναᾱε
1715 2816 1869 2872 super

272 2900 539 2969 abyssum,
570 2907 617 2951 et
652 2896 877 2966 Spiritus
910 2895 1007 2951 Dei
1052 2896 1456 2967 superferebatur
1479 2912 1633 2967 super
1659 2911 1860 2961 aquam.

272 2990 402 3045 "ch
429 2990 575 3045 enim
603 2988 855 3058 tegebant
878 2988 1066 3044 faciem
1098 2998 1289 3055 terrae;
1313 2987 1380 3044 de
1410 2988 1645 3043 tenebris
1676 2988 1867 3058 loquor

268 3092 327 3137 et
350 3084 553 3153 abysso
581 3095 864 3151 aquarum.
888 3079 1023 3135 Hinc
1047 3080 1348 3147 didicimus,
1371 3096 1529 3135 omne
1552 3079 1694 3151 quod
1718 3080 1869 3136 vide-

272 3175 432 3228 batur
464 3172 631 3227 fuisse
657 3171 911 3244 abyssum
946 3187 1202 3241 aquarum
1252 3171 1488 3226 tenebris
1522 3171 1778 3239 velatam,
1812 3180 1867 3228 et

268 3280 410 3334 Opus
450 3264 702 3319 habuisse
722 3263 963 3332 sapiente
989 3262 1209 3332 Opiﬁce,
1240 3262 1330 3334 qui
1365 3277 1578 3318 onmem
1605 3263 1743 3318 hanc
1778 3262 1864 3317 in-

271 3356 604 3413 formitatem
633 3355 900 3410 discutere
924 3396 940 3420 ,
967 3362 1023 3408 ct
1051 3364 1295 3409 ornatum
1326 3354 1556 3422 aliquem
1602 3355 1656 3408 in
1686 3355 1864 3409 omnia

270 3456 457 3514 posset
478 3446 752 3500 inducere.
773 3445 839 3499 Et
869 3445 1100 3507 tenebrat,
1128 3444 1324 3514 inquit,
1351 3460 1503 3513 super
1528 3444 1782 3514 abyssum,
1815 3452 1863 3497 et

270 3539 502 3605 Spiritus
558 3535 656 3590 Dei
698 3536 1100 3605 superferebatur
1133 3552 1284 3604 super
1326 3551 1528 3604 aquam.
1579 3533 1717 3601 Quid
1762 3534 1861 3589 sibi

268 3629 385 3681 vult
423 3613 568 3697 quod
599 3626 765 3680 dicit:
797 3624 867 3678 Et
907 3624 1130 3694 Spiritus
1168 3624 1261 3678 Dei
1282 3624 1691 3695 superferebatur
1712 3640 1863 3694 super

266 3718 491 3787 aquam?
519 3716 646 3771 Mihi
674 3715 883 3771 videtur
913 3716 1014 3770 hoc
1040 3715 1335 3785 signiﬁcare
1356 3757 1371 3780 ,
1423 3717 1585 3773 tuisse
1617 3715 1669 3769 in
1709 3715 1862 3785 aquis

268 3810 549 3866 elﬁcacem
566 3807 851 3878 quamdam
876 3816 925 3863 et
947 3809 1159 3862 vitalem
1178 3809 1561 3877 operationem,
1579 3824 1678 3864 nec
1697 3808 1861 3865 fuisse

266 3902 588 3971 simpliciter
616 3915 808 3970 aquam
837 3909 1066 3954 stantem
1098 3908 1150 3954 et
1184 3900 1532 3966 immobilem,
1562 3900 1655 3954 sed
1686 3900 1859 3953 mobi-

269 3995 374 4049 lem
393 4035 410 4061 ,
441 4002 498 4046 et
539 3991 754 4047 vitalem
785 3990 1063 4061 quamdam
1097 3992 1199 4044 vim
1232 3990 1529 4046 habentem.
1556 3990 1687 4044 Nam
1717 3990 1859 4061 quod

267 4086 573 4151 immobile,
598 4084 819 4140 omnino
856 4084 1040 4139 inutile
1067 4094 1176 4150 est;
1226 4085 1367 4155 quod
1417 4101 1543 4140 vero
1585 4094 1856 4150 movetur,

265 4179 337 4234 ad
365 4179 537 4234 multa
565 4178 834 4234 conducit.

336 4270 397 4324 2.
438 4267 512 4325 Ut
540 4269 701 4337 igitur
716 4268 934 4323 doceret
960 4282 1057 4322 nos
1071 4268 1256 4323 beatus
1274 4267 1366 4324 ille
1392 4268 1645 4339 propheta
1666 4280 1855 4339 aquam

264 4363 413 4417 illam
450 4374 696 4429 magnam
742 4368 797 4413 et
841 4358 1159 4413 incil‘abilem
1202 4359 1397 4415 habere
1429 4360 1535 4414 vim
1572 4359 1855 4429 quamdam

262 4452 509 4515 vitalem,
549 4449 721 4504 dicit:
761 4448 825 4506 Et
856 4448 1081 4519 Spiritus
1121 4449 1214 4503 Dei
1249 4451 1657 4520 superferebatur
1701 4466 1858 4520 super

262 4558 476 4612 aquam.
534 4540 698 4609 quue
744 4556 849 4593 non
899 4540 1100 4609 absque
1130 4540 1336 4595 ratione
1362 4540 1635 4609 Scriptura
1678 4540 1855 4595 divina

261 4633 649 4708 praeveniendo
695 4633 861 4699 dicit;
902 4633 998 4687 sed
1029 4648 1094 4687 eo
1140 4632 1281 4703 quod
1313 4643 1494 4702 postea
1539 4634 1742 4688 dictura
1785 4634 1856 4688 sit

260 4730 421 4784 nobis
472 4727 723 4782 animalia
752 4741 821 4782 ex
848 4726 1000 4795 aquis
1030 4725 1145 4780 istis
1178 4741 1244 4781 ex
1286 4736 1554 4796 praecepto
1600 4727 1693 4781 Dei
1738 4741 1855 4782 om-

261 4822 410 4873 nium
440 4816 737 4875 conditoris
759 4816 1015 4886 producta
1041 4815 1228 4881 fuisse,
1252 4826 1533 4887 prepterca
1556 4817 1852 4877 auditorem

262 4910 350 4964 hic
381 4924 526 4963 nunc
555 4907 713 4963 docet
736 4922 842 4962 non
871 4908 986 4962 sine
1011 4922 1168 4963 causa
1196 4923 1385 4978 aquam
1419 4908 1562 4963 illam
1585 4910 1855 4964 constitis-

261 5016 344 5067 se,
366 4999 465 5055 sed
490 5008 548 5054 ut
572 5008 900 5065 moveretur,
928 4997 1272 5064 discurreret,
1300 5007 1355 5054 et
1402 5000 1579 5054 omnia
1605 5000 1847 5056 allueret.

258 5092 706 5162 Quandoquidem
752 5091 909 5162 igitur
958 5091 1147 5147 diﬁ'usa
1214 5102 1331 5148 erat
1381 5109 1568 5164 magna
1616 5095 1846 5154 universi

259 5185 486 5241 visibilis
516 5182 839 5248 informitas,
868 5192 1134 5253 praacepto
1162 5199 1260 5238 suo
1292 5184 1458 5251 Deus,
1501 5187 1733 5254 optimus
1765 5188 1851 5242 ille

258 5277 473 5342 artifex,
496 5276 891 5333 deformitatem
921 5276 1063 5330 illam
1085 5276 1307 5347 depulit,
1350 5279 1685 5339 etimmensa
1716 5280 1847 5335 lucis

259 5372 487 5427 visibilis
513 5368 855 5439 pulchritudo
887 5368 1142 5437 producta
1172 5369 1419 5424 tenebras
1446 5370 1644 5439 fugavit
1666 5372 1838 5426 sensi~

261 5464 416 5527 biles.
458 5462 849 5531 illustravitque
870 5461 1069 5515 omnia.
1100 5462 1154 5516 5.
1190 5459 1255 5515 Et
1285 5462 1436 5527 dixit,
1468 5464 1655 5532 inquit,
1690 5462 1847 5531 Deus,

267 5559 349 5612 ﬁat
370 5559 497 5621 tum;
529 5565 578 5610 et
612 5560 749 5626 facta
772 5564 845 5609 est
874 5554 981 5609 lux.
1014 5554 1183 5620 Dixit,
1212 5565 1266 5610 et
1308 5554 1445 5610 facta
1472 5566 1554 5611 est
1586 5574 1598 5610 :
1629 5557 1848 5612 manda-

260 5655 354 5719 vit,
387 5662 439 5705 ct
467 5649 701 5705 tenebrae
732 5646 945 5718 quidem
978 5645 1168 5720 fugatae
1217 5654 1361 5717 sunt,
1389 5646 1475 5703 lux
1506 5658 1691 5705 autem
1714 5665 1842 5720 pro:-

1992 325 2169 380 ducta.
2216 325 2374 379 Vides
2418 324 2741 381 inell‘abilem
2784 328 3111 396 potentiam?
3145 330 3456 403 Verumqui
3486 352 3583 387 ero

1992 431 2113 470 rore
2141 417 2491 487 praeoccupati
2513 425 2655 481 sunt,
2676 432 2781 471 non
2801 419 3138 476 attendentes
3156 421 3418 476 dictorum
3446 439 3585 482 cons,

1989 509 2347 575 sequendam,
2396 522 2567 578 neque
2592 509 2867 566 audientes
2892 509 3107 567 beatum
3149 513 3350 570 Mosen)
3391 516 3576 571 dicen-

1989 604 2098 653 tem
2131 616 2144 651 :
2175 598 2242 652 In
2289 601 2538 669 principio
2589 603 2708 671 fecit
2753 602 2892 658 Deus
2939 606 3120 659 calum
3171 617 3220 661 et
3272 617 3495 678 terram;
3525 622 3585 669 et

1988 703 2112 744 mox
2137 690 2450 747 subdentem
2475 708 2490 745 :
2523 693 2681 747 Terra
2704 706 2871 749 autem
2892 706 2998 750 erat
3018 700 3282 756 invisibilis
3307 711 3352 756 et
3380 704 3575 756 incom—

1988 781 2173 847 posita,
2216 797 2282 837 eo
2322 783 2463 851 quod
2486 785 2720 841 tenebris
2747 797 2803 842 et
2841 791 2992 859 aquis
3029 800 3173 846 esset
3199 793 3444 862 obtecta;
3490 796 3572 849 sic

1986 870 2127 925 enim
2157 872 2324 946 visum
2347 872 2447 928 fuit
2474 875 2696 931 Domino
2716 877 2784 933 ab
2812 879 2960 934 initio
2976 896 3092 936 eam
3122 884 3452 952 producere:
3480 887 3572 941 di.-

1984 973 2114 1017 cunt
2151 971 2306 1019 antea
2332 965 2493 1021 fuisse
2526 967 2817 1037 subjectum
2865 972 3177 1039 materiam,
3231 984 3285 1028 et
3321 976 3587 1030 tenebras

1987 1056 2384 1123 prmexstitisse.
2416 1056 2553 1123 Quid
2575 1057 2676 1112 hac
2708 1062 2939 1115 amentia
2969 1062 3161 1131 pejus?
3188 1063 3354 1119 Audis
3403 1066 3575 1123 Deum

1983 1144 2038 1199 in
2075 1146 2333 1217 principio
2364 1146 2556 1204 fecisse
2589 1150 2775 1205 caalum
2833 1159 2887 1206 et
2915 1159 3109 1207 terram
3130 1192 3148 1220 ,
3190 1162 3247 1208 et
3281 1169 3348 1210 ex
3396 1154 3575 1211 nihilo.

1983 1251 2099 1306 qua:
2121 1234 2245 1293 sunt
2274 1238 2411 1295 facta
2442 1240 2632 1307 fuisse,
2663 1251 2717 1298 et
2743 1243 2876 1299 dicis
2904 1246 3050 1314 prius
3096 1247 3365 1304 exsutisse
3391 1260 3563 1306 mate-

1982 1330 2154 1384 riam?
2182 1331 2311 1399 Quis
2336 1349 2525 1388 eorum
2552 1336 2642 1404 qui
2694 1347 2927 1392 mentem
2958 1338 3186 1403 habent,
3215 1348 3413 1395 tantam
3456 1342 3573 1397 fer-

1981 1429 2064 1476 ret
2086 1421 2379 1478 insauiam?
2399 1426 2674 1500 Numquid
2699 1428 2858 1483 homo
2887 1436 2969 1484 est
2993 1429 3178 1500 Opifex
3203 1430 3315 1497 ille,
3350 1443 3407 1486 ut
3432 1448 3567 1503 opus

1982 1510 2175 1569 habeat
2196 1513 2437 1585 subjecto
2477 1518 2657 1587 aliquo
2684 1517 2751 1572 ad
2779 1518 3244 1575 demonstrandam
3288 1538 3438 1576 suam
3479 1540 3567 1578 ar-

1982 1611 2087 1656 tem
2111 1603 2134 1655 ?
2163 1605 2303 1660 Deus
2327 1614 2409 1661 est
2435 1607 2520 1661 cui
2550 1609 2728 1663 omnia
2758 1609 2973 1674 cedunt,
3002 1612 3091 1681 qui
3120 1613 3283 1668 verbo
3328 1626 3385 1669 et
3427 1632 3565 1684 pra:-

1979 1704 2133 1764 cepto
2158 1710 2256 1749 suo
2280 1698 2458 1752 omnia
2480 1698 2736 1754 condidit.
2762 1702 2993 1756 Attende
3019 1703 3159 1756 enim
3187 1722 3200 1757 :
3228 1703 3564 1773 dicitsolum,

1979 1793 2033 1839 et
2061 1784 2314 1854 producta
2340 1798 2422 1842 est
2462 1788 2548 1842 lus
2568 1829 2585 1855 ,
2617 1797 2673 1844 et
2702 1790 3080 1847 abscesserunt
3126 1794 3384 1849 tenebris.
3408 1797 3461 1851 4.
3494 1796 3564 1851 Et

1979 1877 2207 1932 distinxit
2232 1878 2375 1933 Deus
2407 1882 2535 1935 inter
2574 1882 2735 1936 lucem
2764 1891 2811 1937 et
2848 1884 2979 1938 inter
3019 1885 3267 1940 tenebras.
3297 1887 3432 1954 Quid
3460 1900 3566 1957 est,

1978 1968 2266 2025 Distinxit?
2291 1971 2585 2044 Unicuique
2613 1974 2784 2029 locum
2814 1978 3082 2046 proprium
3111 1978 3401 2045 distribuit,
3433 1996 3567 2043 con-,-

1977 2078 2278 2134 gruensque
2305 2073 2516 2135 tempus
2534 2065 2795 2121 detinivit.
2828 2067 2896 2123 Et
2923 2078 3201 2138 postquam
3233 2068 3334 2124 hoc
3366 2070 3562 2133 factum

1978 2163 2081 2221 est,
2113 2163 2237 2217 tunc
2259 2170 2413 2210 suum
2463 2157 2655 2226 cuique
2681 2158 2996 2212 vocabulum
3028 2159 3234 2213 indidit.
3264 2160 3316 2214 5.
3357 2159 3597 2225 νοεαυὶι,

1975 2245 2140 2311 enim,
2171 2245 2377 2315 inquit,
2426 2245 2565 2302 Deus
2609 2249 2769 2301 lucem
2800 2248 2933 2303 diem
2973 2266 2986 2302 :
3025 2259 3072 2304 et
3107 2250 3333 2305 tenebras
3372 2255 3565 2307 vocarit

1976 2346 2187 2391 noctem.
2218 2336 2409 2393 Vidisti
2424 2340 2679 2409 optimam
2709 2339 3105 2396 distinctionem
3127 2383 3144 2410 ,
3173 2351 3229 2397 et
3253 2342 3567 2407 admirabile

1974 2428 2266 2499 opiﬁcium,
2313 2431 2455 2501 quod
2492 2447 2707 2488 omnem
2742 2434 3003 2489 rationem
3048 2437 3411 2502 transcendit,
3454 2453 3562 2491 uno

1976 2521 2142 2577 verbo
2184 2532 2241 2578 et
2285 2533 2551 2594 praecepto
2577 2524 2815 2579 factum?
2843 2525 3029 2581 Vidisti
3077 2537 3334 2597 quantum
3372 2546 3429 2583 se
3458 2547 3561 2583 uno

1973 2621 2205 2667 strorum
2221 2613 2553 2685 ingeniorum
2570 2616 2812 2685 parvitati
2827 2624 2988 2671 attem
2994 2632 3119 2686 pera
3128 2619 3265 2673 verit
3277 2619 3457 2673 beatu~
3476 2620 3564 2674 ille

1972 2704 2251 2775 propheta,
2280 2706 2389 2761 imo
2410 2705 2671 2777 benignus
2720 2708 2861 2763 Deus
2900 2723 2995 2777 per
3020 2709 3293 2778 propheta:
3326 2711 3559 2780 linguam

1972 2795 2265 2852 erudiendo
2291 2811 2450 2854 omne
2476 2797 2750 2853 hominum
2774 2813 2961 2868 genus,
2990 2805 3046 2854 ut
3064 2801 3210 2855 sciat
3233 2816 3418 2856 eorum
3441 2818 3577 2873 quin.

1972 2885 2271 2942 factasunt.
2290 2888 2552 2955 ordinem,
2581 2890 2701 2959 quis
2728 2890 2962 2946 universi
3010 2891 3083 2947 sit
3120 2891 3317 2962 opifex,
3350 2904 3404 2949 et
3428 2910 3562 2964 quo-

1972 2976 2134 3033 modo
2176 2978 2594 3049 unumquodque
2622 2980 2938 3049 productum
2985 2982 3088 3036 sit?
3114 2983 3374 3051 Quoniam
3413 2986 3557 3043 enim

1971 3069 2144 3125 adhuc
2166 3070 2481 3127 imbecillius
2510 3081 2627 3126 erat
2656 3073 2943 3127 humanum
2971 3089 3330 3145 genus,quam
3354 3088 3410 3131 ut
3438 3094 3579 3148 pen.

1972 3159 2193 3217 fectiora
2223 3178 2416 3233 capere
2443 3174 2658 3233 posset;
2690 3176 2968 3235 propterea
3000 3182 3097 3235 pro
3124 3169 3425 3224 auditorum
3450 3172 3550 3225 im-

1971 3253 2259 3310 becillitate
2278 3254 2551 3326 propheta;
2578 3256 2811 3326 linguam
2842 3274 3063 3313 movens
3082 3258 3313 3329 Spiritus
3338 3276 3558 3318 sanctus

1971 3347 2027 3402 in
2080 3346 2221 3403 hunc
2267 3348 2481 3403 modum
2511 3348 2665 3403 nobis
2694 3349 2871 3404 omnia
2898 3350 3245 3407 edisserebat.
3280 3353 3343 3407 Et
3384 3363 3440 3408 ut
3478 3355 3558 3409 di-

1970 3452 2088 3494 scas
2115 3439 2260 3493 illum
2290 3439 2360 3495 ob
2380 3440 2572 3495 mentis
2601 3450 2799 3495 nostra
2829 3442 3241 3497 imbecillitatem
3268 3443 3369 3498 hoc
3395 3460 3550 3501 enar-

1969 3530 2191 3585 rationis
2240 3540 2660 3601 temperamento
2704 3531 2867 3588 fuisse
2913 3548 3090 3601 usum,
3139 3534 3262 3591 vide
3289 3538 3558 3606 quomodo

1971 3622 2187 3677 tonitrui
2216 3622 2376 3690 ﬁlius,
2408 3639 2527 3678 cum
2551 3623 2659 3692 jam
2692 3622 2964 3678 hominum
3000 3641 3165 3694 genus
3194 3627 3259 3681 ad
3309 3629 3563 3689 virtutem.

1979 3712 2314 3782 profecisset,
2344 3727 2448 3767 non
2465 3713 2573 3782 jam
2596 3712 2696 3768 hac
2725 3715 2807 3766 via
2838 3715 3183 3783 ingrediatur,
3214 3719 3305 3771 sed
3344 3719 3396 3773 in
3424 3720 3557 3776 διώτ-

1973 3804 2233 3858 limiorem
2266 3803 2618 3858 eruditionem
2670 3803 2968 3859 auditorem
3010 3807 3288 3861 subducat.
3332 3810 3461 3864 Nam
3502 3821 3572 3867 ut.

1968 3896 2100 3951 dixit
2132 3914 2145 3950 :
2182 3894 2246 3950 In
2277 3896 2526 3965 principio
2555 3905 2660 3949 erat
2700 3894 2939 3963 Verbum,
2958 3907 3003 3950 et
3058 3898 3271 3952 Verbum
3293 3911 3398 3953 erat
3418 3905 3557 3971 apud

1969 3987 2153 4054 Deum,
2177 4000 2221 4042 et
2242 3987 2382 4042 Deus
2406 3998 2511 4043 erat
2535 3987 2750 4041 Verbum
2771 3987 2949 4060 (Joan.
2974 3992 3024 4044 1.
3053 3993 3125 4059 1);
3143 4007 3268 4045 mox
3300 3992 3514 4061 subjieit
3534 4014 3552 4053 _:

1968 4081 2095 4136 Erat
2120 4083 2210 4136 lux
2249 4098 2388 4149 vero,
2415 4097 2527 4152 qua:
2551 4080 2807 4135 illuminat
2836 4099 3035 4137 omnem
3070 4085 3321 4139 hominem
3351 4088 3557 4139 venien-

1968 4184 2068 4229 tem
2095 4173 2409 4227 inmundum
2437 4171 2604 4245 (Ibid.
2633 4189 2680 4226 υ.
2709 4172 2789 4241 9).
2819 4172 2951 4231 Nam
2972 4175 3418 4244 quemadmodum
3449 4176 3552 4237 hoc

1968 4266 2086 4320 loco
2126 4265 2214 4319 lux
2246 4265 2345 4318 ista
2390 4263 2659 4318 sensibilis
2701 4274 2974 4334 praecepto
3020 4267 3549 4337 Domini,producta,

1969 4356 2220 4412 tenebras
2249 4356 2370 4409 illas
2396 4355 2629 4409 visibiles
2654 4356 2931 4410 abscondit
2960 4357 3149 4411 :sicrt
3188 4358 3272 4411 lux
3312 4362 3556 4417 inentalis

1940 4462 1943 4469 ‘
1967 4446 2215 4503 tenebras
2240 4460 2482 4501 errorum
2507 4444 2778 4515 ellugavit,
2811 4456 2866 4501 et
2889 4447 2957 4503 ad
2978 4450 3260 4511 veritatem
3290 4451 3557 4505 eri-abun.

1963 4540 2061 4596 dos
2088 4539 2430 4598 manuduxit.

2033 4633 2084 4687 5.
2117 4630 2478 4701 Suscipiamus
2505 4646 2631 4702 ergo
2654 4629 2954 4700 gratissimo
2981 4630 3159 4685 animo
3180 4630 3269 4685 illa
3295 4646 3324 4684 a
3352 4631 3545 4686 divinis

1961 4723 2255 4793 Scripturis
2298 4723 2653 4786 documenta,
2701 4729 2758 4776 et
2785 4738 2853 4776 ne
2904 4722 3251 4777 adversemur
3299 4724 3550 4787 veritati,

1963 4831 2138 4885 neque
2168 4814 2484 4870 intenebris
2515 4827 2825 4869 maneamus
2859 4830 2871 4865 :
2901 4812 2992 4869 sed
3034 4813 3099 4867 ad
3149 4814 3322 4869 lucem
3357 4830 3549 4882 prope-

1960 4922 2159 4972 remus,
2188 4920 2576 4976 operemnrque
2602 4905 2755 4975 digna
2781 4904 2898 4960 luce
2913 4914 2967 4958 et
2985 4904 3094 4967 die,
3119 4904 3256 4957 sicut
3283 4914 3338 4958 et
3356 4903 3550 4957 Paulus

1961 5002 2245 5066 admonet,
2286 4999 2470 5054 dicens
2521 5017 2534 5050 :
2588 4998 2732 5053 Sicut
2777 4999 2829 5051 in
2870 4998 2950 5050 die
2990 4998 3196 5049 honeste
3238 4996 3547 5049 ambulemus

1961 5096 2136 5166 (Rom.
2169 5092 2397 5162 13.15),
2426 5103 2571 5147 etne
2596 5105 2879 5160 operemur
2904 5103 3061 5158 Opera
3087 5087 3446 5142 tenebrarum.
3481 5087 3549 5141 Et

1958 5190 2173 5256 vocavit,
2229 5187 2436 5257 inquit,
2479 5184 2615 5239 Deus
2642 5186 2800 5238 lucem
2844 5183 3007 5243 diem,
3038 5190 3085 5234 et
3113 5181 3338 5235 tenebras
3360 5183 3549 5235 vocavit

1959 5290 2172 5336 noctem.
2206 5277 2309 5333 Sed
2337 5274 2668 5346 quodlerme
2690 5287 2789 5326 nos
2812 5271 3161 5340 praeterierat,
3185 5272 3545 5326 necessarium

1957 5372 2117 5428 fuerit
2148 5373 2338 5424 iterum
2371 5375 2635 5435 repetere.
2687 5363 2817 5417 Nam
2848 5373 3124 5433 postquam
3156 5362 3394 5427 dixerat,
3429 5360 3546 5414 Fiat

1959 5465 2048 5519 lux
2071 5471 2116 5516 et
2142 5462 2276 5532 facta
2302 5466 2374 5512 est
2399 5456 2508 5520 lux,
2550 5454 2830 5524 subiunxit
2851 5470 2867 5509 :
2890 5455 2943 5509 ιι.
2978 5454 3041 5507 Et
3064 5454 3185 5508 vidit
3206 5453 3338 5508 Deus
3360 5452 3553 5517 lucem,

1956 5554 2089 5626 quod
2112 5552 2241 5607 bona
2271 5557 2417 5606 esset.
2448 5546 2582 5603 Vide
2599 5562 2791 5616 qumso
2820 5544 2926 5611 hic,
2954 5545 3166 5609 dilecte,
3200 5560 3356 5613 quam
3406 5553 3529 5597 teni-

1962 5654 2141 5721 pcrata
2184 5641 2465 5700 verborum
2512 5641 2669 5697 ratio.
2706 5638 2847 5708 Quid
2881 5640 3080 5712 igitur?
3108 5655 3172 5696 an
3212 5638 3555 5709 priusquam».
