3752 6242
177 180 247 234 55
920 175 978 232 S.
1019 170 1295 231 JOANNIS
1331 165 1807 227 CHRYSOSTOMI
1844 166 2164 227 ARCHIEP.
2205 169 2739 229 CONSTANTINOP.
3387 168 3459 228 38

181 299 329 352 fleret
362 294 450 350 lux
474 339 487 362 ,
522 292 791 351 nesciebat
820 306 938 348 eam
964 290 1158 346 bonam
1190 287 1417 341 futuram
1444 301 1457 350 ;
1488 284 1583 338 sed
1613 292 1763 354 post-

181 405 341 457 quam
384 387 639 459 producta
670 385 787 451 fuit,
831 399 897 439 ex
936 390 1154 451 aspectu
1182 380 1409 449 primum
1437 376 1626 447 Opifex
1656 376 1772 446 pul-

180 480 538 535 chritudinem
565 487 618 532 et
646 477 936 531 bonitatem
964 473 1080 543 ejus
1105 470 1376 541 prodch
1405 466 1680 538 percepit?
1701 467 1771 522 Et

178 572 297 642 quis
321 586 465 626 same
486 569 680 624 mentis
704 568 808 622 tale
833 564 1101 636 quidpiam
1130 561 1362 616 dixerit?
1382 559 1513 614 Nam
1536 559 1583 612 si
1606 557 1769 612 homo

178 662 268 734 qui
302 662 497 733 aliquid
529 676 623 731 per
648 666 815 714 artem
840 665 1111 727 operatur,
1140 653 1448 724 priusquam
1484 652 1771 705 fabricetur

181 754 322 825 quod
355 753 465 808 vult
495 751 669 806 facere
691 791 705 816 ,
737 758 792 804 et
823 748 1129 819 priusquam
1170 743 1420 800 eﬂ'ormet
1441 783 1457 808 ,
1489 742 1589 796 scit
1618 755 1770 795 usum

181 848 300 915 ejus
340 846 480 916 quod
514 844 792 899 elaborare
822 841 1008 895 statuit
1038 856 1052 893 :
1087 846 1285 908 quanto
1327 836 1498 906 magis
1531 834 1772 891 omnium

180 938 388 1008 Opifex,
420 937 508 1007 qui
527 937 690 993 verbo
717 935 897 990 omnia
926 948 996 989 ex
1019 931 1186 987 nihilo
1209 939 1266 984 ut
1297 937 1481 985 essent
1503 926 1769 997 produxit,

182 1034 389 1089 sciebat
413 1040 697 1100 antequam
742 1030 913 1084 lucem
960 1026 1194 1093 faceret,
1239 1037 1357 1077 eam
1385 1036 1509 1078 esse
1533 1021 1768 1077 bonam!

180 1124 358 1192 Quare
399 1138 527 1194 ergo
564 1123 665 1176 hac
707 1120 937 1175 dictione
987 1131 1117 1172 usus
1161 1114 1281 1171 est?
1325 1113 1689 1178 Demittitse,
1717 1118 1775 1167 et

179 1213 473 1269 secundum
518 1212 804 1266 humanam
835 1206 1279 1265 consuetudinem
1325 1204 1439 1258 haec
1478 1202 1657 1257 omnia
1689 1200 1770 1255 lo-

179 1308 360 1375 quitur
384 1306 569 1360 beatus
596 1302 686 1357 ille
714 1300 990 1371 propheta.
1020 1298 1088 1352 Et
1116 1292 1565 1367 quemadmodum
1594 1292 1773 1346 homi-

177 1412 276 1451 nes
304 1412 425 1451 cum
454 1394 649 1465 aliquid
671 1407 865 1463 magno
899 1391 1075 1446 studio
1101 1387 1510 1452 elaboraverint,
1538 1394 1592 1442 et
1612 1384 1773 1439 ﬁnem

180 1488 450 1543 laboribus
474 1487 585 1542 suis
634 1485 1017 1555 imposuerint,
1046 1492 1172 1538 tunc
1211 1481 1424 1536 tandem
1469 1494 1565 1549 per
1607 1493 1773 1549 expe-

180 1582 423 1635 rientiam
453 1590 507 1635 et
535 1580 903 1650 probationem
933 1591 1067 1647 epus
1095 1575 1342 1631 laudibus
1359 1574 1623 1630 extollunt
1655 1574 1766 1630 :ita

180 1682 238 1727 et
266 1672 443 1727 divina
474 1671 745 1741 Scriptura
778 1684 942 1736 nunc,
974 1683 1093 1724 cum
1126 1684 1185 1723 se
1233 1666 1302 1721 ad
1330 1674 1633 1722 nostrarum
1663 1680 1762 1720 au-

183 1767 322 1821 rium
345 1765 711 1821 infirmitatem
762 1761 1013 1828 demisit,
1071 1768 1128 1815 et
1172 1758 1307 1813 dixit
1336 1775 1349 1813 :
1378 1758 1449 1812 Et
1482 1757 1605 1812 vidit
1631 1755 1772 1811 Deus

182 1858 345 1909 lucem
368 1896 382 1919 ,
423 1854 557 1924 quod
584 1853 723 1907 bono
741 1860 901 1918 esset,
950 1859 1073 1904 tunc
1102 1847 1330 1919 subjecit
1373 1866 1387 1902 :
1433 1847 1501 1902 Et
1546 1846 1776 1900 distinxit

182 1948 324 2003 Deus
348 1949 479 2002 inter
512 1947 672 2001 lucem
699 1987 714 2013 ,
768 1953 817 1999 et
857 1945 989 1998 inter
1015 1941 1240 1996 tenebras
1280 1956 1299 1995 :
1337 1950 1384 1995 et
1415 1940 1604 1994 vocavit
1639 1938 1777 1994 Deus

188 2045 349 2098 lucem
373 2044 526 2105 diem,
551 2052 597 2095 et
628 2041 853 2095 tenebras
874 2039 1065 2095 vocavit
1089 2047 1302 2103 noctem,
1331 2045 1386 2092 et
1410 2051 1561 2091 suam
1583 2035 1777 2105 cuique

186 2135 460 2205 regionem
499 2133 767 2187 distribuit
812 2149 825 2184 :
869 2144 991 2185 nam
1023 2128 1090 2183 ab
1116 2129 1269 2183 initio
1297 2127 1490 2197 cuique
1514 2140 1642 2183 suos
1671 2135 1777 2181 ter-

186 2230 363 2282 minos
391 2226 615 2296 prmlixit
639 2266 655 2292 ,
687 2240 824 2296 quos
861 2233 1119 2294 perpetuo
1160 2222 1362 2292 absque
1398 2221 1778 2292 impedimento

184 2317 497 2373 custodiret.
525 2316 584 2372 ld
610 2315 751 2387 quod
773 2315 1011 2382 cuilibet,
1035 2315 1126 2385 qui
1152 2323 1299 2369 recte
1321 2314 1512 2383 sapiat,
1535 2312 1778 2369 contueri

184 2411 309 2465 licet
335 2452 350 2477 ,
390 2407 660 2480 quomodo
706 2422 776 2463 ex
825 2421 892 2463 eo
937 2415 1179 2477 tempore
1222 2419 1391 2476 usque
1438 2406 1492 2461 in
1540 2419 1777 2476 praesens

190 2514 365 2570 neque
421 2498 511 2554 lux
571 2499 831 2553 terminos
888 2512 1018 2554 suos
1072 2506 1402 2568 transgressa
1449 2497 1553 2564 sit,
1605 2511 1779 2568 neque

197 2592 434 2647 tenebrae
461 2605 617 2645 suum
646 2589 887 2645 ordinem
932 2589 1291 2659 prasterierint
1312 2629 1328 2656 ,
1372 2589 1686 2646 confusione
1722 2598 1779 2647 et

187 2681 588 2754 perturbatione
630 2679 859 2752 quadam
905 2680 1227 2736 introducta.
1274 2680 1416 2738 Sane
1463 2679 1565 2737 hoc
1610 2696 1777 2738 unum

184 2773 405 2845 ingratis
432 2774 539 2829 illis
569 2773 817 2829 sufficere
847 2773 1101 2841 deberet,
1128 2781 1189 2828 ut
1211 2772 1492 2830 crederent
1515 2782 1571 2829 et
1594 2773 1779 2829 obedi-

184 2875 305 2921 rent
358 2867 423 2921 iis
466 2882 585 2935 qua:
627 2881 658 2921 a
697 2864 873 2920 divina
914 2864 1187 2935 Scriptura
1234 2865 1373 2920 dicta
1403 2874 1573 2921 sunt:
1606 2865 1679 2922 ita
1722 2874 1780 2923 ut

187 2957 274 3012 vel
339 2954 602 3011 elementa
650 2956 956 3021 imitantes,
1013 2971 1135 3025 quae
1191 2970 1407 3011 cursum
1440 2956 1777 3017 inoffensum

188 3057 447 3117 perpetuo
502 3054 760 3112 servant,
816 3047 1091 3102 dimensos
1157 3048 1414 3102 terminos
1481 3061 1608 3105 suos
1670 3063 1777 3103 non

185 3141 725 3210 praetergrediantur,
786 3140 879 3195 sed
936 3150 1228 3210 agnoscant
1291 3141 1565 3211 prepriam
1625 3151 1779 3198 natu-

190 3247 326 3285 ram.
380 3231 514 3285 Exin
560 3242 840 3301 postquam
890 3230 1101 3299 utrique
1144 3244 1299 3283 suum
1348 3246 1541 3284 nomen
1584 3231 1775 3296 dedit,

189 3334 474 3393 utrumque
518 3323 570 3377 in
610 3338 773 3376 unum
811 3321 1068 3391 copulans
1095 3320 1255 3385 dicit,
1297 3322 1355 3377 5.
1387 3320 1455 3375 Et
1481 3327 1673 3392 fectant
1707 3331 1779 3375 est

192 3429 414 3483 vespere,
442 3423 488 3467 et
529 3418 721 3483 factum
744 3422 816 3466 est
846 3428 993 3465 ntane
1011 3453 1025 3477 ,
1057 3411 1164 3465 dies
1195 3428 1344 3465 unus.
1376 3412 1563 3467 Finem
1591 3412 1695 3468 diei
1724 3424 1779 3468 et

191 3507 354 3560 linem
396 3504 568 3559 noctis
597 3520 759 3558 unum
791 3517 1043 3572 expresse
1085 3503 1412 3568 nominavit,
1443 3512 1501 3557 ut
1536 3505 1775 3559 ordinem

188 3597 423 3666 aliquem
446 3605 499 3651 et
519 3596 953 3666 consequentiam
980 3603 1242 3650 statueret
1264 3596 1569 3660 visibilium,
1594 3597 1765 3652 nulla-

192 3694 297 3756 que
321 3687 470 3742 fleret
494 3685 756 3743 confusio.

253 3777 357 3832 Cur
376 3777 516 3831 Deus
552 3795 651 3831 non
686 3780 856 3831 omnia
871 3776 1025 3832 simul
1039 3792 1140 3830 uno
1152 3778 1234 3831 die
1250 3778 1543 3847 produxerit
1558 3794 1576 3842 ,°
1591 3790 1775 3835 contra

182 3886 266 3923 eos
289 3870 560 3940 quiomnia
578 3869 783 3938 fortuito
811 3869 921 3936 ﬁeri
958 3867 1152 3920 dicunt.
1180 3897 1251 3906 —
1286 3867 1479 3922 Verum
1502 3868 1771 3925 discamus

183 3971 395 4032 oportet
419 3977 449 4015 a
476 3961 680 4030 Spiritu
707 3970 895 4015 sancte
922 3975 1020 4029 per
1039 3959 1269 4029 linguam
1304 3960 1442 4013 beati
1473 3961 1629 4029 hujus
1652 3978 1776 4031 pro-

185 4054 380 4123 phetae,
413 4066 531 4122 qua:
547 4052 719 4121 primo
743 4050 832 4105 die
855 4049 1068 4104 condita
1098 4056 1243 4114 sunt,
1268 4058 1322 4104 et
1344 4066 1462 4119 quae
1482 4052 1621 4105 aliis.
1640 4052 1772 4108 Nam

187 4156 243 4201 et
268 4144 409 4200 istud
439 4145 610 4213 ipsum
640 4144 961 4198 clementem
987 4142 1150 4195 Deum
1177 4155 1297 4196 sese
1332 4150 1771 4210 attemperantem

185 4237 423 4292 exhibet.
444 4235 623 4304 Neque
648 4235 793 4288 enim
814 4234 965 4302 inops
990 4241 1106 4287 erat
1126 4233 1462 4300 omnipotens
1488 4233 1627 4288 illius
1656 4250 1771 4287 ma-

186 4344 288 4383 nus
313 4339 368 4382 et
396 4326 603 4381 infinita
647 4324 927 4393 sapientia,
957 4332 1015 4377 ut
1049 4337 1153 4377 non
1186 4330 1367 4401 posset
1391 4338 1494 4377 uno
1515 4323 1602 4378 die
1648 4340 1773 4393 pro-

187 4420 386 4475 ducere
423 4418 621 4471 enmia.
658 4415 793 4482 Quid
832 4414 975 4479 dico,
1001 4430 1109 4469 uno
1134 4413 1265 4469 die?
1309 4415 1373 4469 Et
1401 4415 1628 4485 simplici
1656 4431 1772 4471 mo-

189 4518 369 4565 mento
398 4516 624 4578 poterat.
660 4505 765 4562 Sed
803 4505 1233 4576 quandoquidem
1262 4522 1348 4559 res
1378 4521 1483 4561 non
1525 4509 1596 4563 ob
1621 4523 1773 4563 suam

186 4600 474 4655 utilitatem
516 4597 801 4667 produxit;
828 4611 1000 4665 neque
1021 4597 1162 4650 enim
1191 4597 1295 4650 ulla
1324 4612 1382 4651 re
1410 4612 1546 4666 opus
1574 4597 1770 4663 habet;

186 4692 281 4747 sed
312 4691 380 4744 ob
407 4704 555 4744 suam
584 4688 964 4757 benignitatem
993 4695 1048 4741 et
1075 4686 1365 4742 bonitatem
1395 4688 1635 4742 condidit
1653 4705 1769 4742 om-

187 4785 273 4837 nia
318 4800 331 4836 :
374 4781 570 4837 ideirco
599 4779 934 4834 successione
961 4778 1187 4848 quadam
1217 4787 1273 4834 et
1315 4793 1412 4848 per
1441 4788 1618 4848 partes
1640 4794 1768 4835 eon-

187 4876 340 4945 didit,
365 4881 421 4929 et
447 4873 742 4928 doctrinam
783 4871 939 4926 nobis
979 4870 1314 4925 manifestam
1356 4870 1425 4925 de
1454 4871 1613 4926 rebus
1636 4885 1770 4926 con-

186 4970 315 5023 ditis
346 4983 444 5038 per
489 4967 724 5036 linguam
755 4963 897 5019 beati
922 4962 1083 5032 huius
1124 4962 1399 5033 propheta
1443 4962 1682 5029 tradidit,
1714 4971 1774 5018 ut

191 5061 305 5113 luce
332 5068 578 5115 accurate
603 5056 766 5121 docti,
796 5071 902 5109 non
944 5053 1239 5109 incidamus
1259 5053 1313 5108 in
1340 5068 1525 5110 eorum
1554 5062 1771 5109 senten-

191 5152 315 5205 tiam
342 5151 430 5220 qui
458 5149 703 5203 humanis
750 5146 1043 5202 ratiociniis
1083 5153 1385 5201 moventur.
1413 5144 1471 5200 Si
1519 5160 1773 5216 namque,

192 5242 276 5297 his
308 5242 398 5296 illo
435 5240 593 5294 modo
632 5241 885 5309 peractis,
929 5253 1039 5295 non
1081 5238 1277 5295 desunt
1303 5238 1397 5309 qui
1421 5238 1638 5293 fortuito
1684 5253 1775 5295 res

193 5347 382 5388 omnes
411 5331 579 5387 factas
605 5345 726 5387 esse
753 5340 997 5386 asserant
1029 5349 1043 5385 :
1075 5331 1121 5386 si
1150 5345 1256 5386 non
1285 5338 1391 5385 tam
1422 5339 1771 5400 attemperata

194 5424 416 5479 docendi
448 5423 653 5478 ratione
684 5437 781 5477 nos
806 5422 1053 5492 dignatus
1066 5432 1231 5489 esset,
1264 5422 1391 5494 quid
1413 5438 1521 5477 non
1546 5422 1771 5478 fuissent

200 5513 337 5577 ausi,
388 5513 480 5580 qui
503 5513 719 5568 adersus
742 5511 967 5569 salutem
1004 5527 1152 5568 suam
1174 5527 1399 5585 quaeque
1423 5523 1478 5569 et
1508 5512 1687 5573 dicere
1715 5523 1771 5572 et

190 5600 362 5661 facere
390 5603 605 5661 student
635 5605 657 5659 τ

1949 282 2003 338 4.
2044 281 2183 349 Quid
2208 284 2353 339 enim
2380 286 2627 342 miserius
2662 297 2717 342 et
2742 287 3075 358 insipientius
3093 288 3173 353 iis,
3204 288 3293 360 qui
3332 290 3462 347 talia

1872 373 2052 431 dicere
2090 383 2374 442 attentam,
2402 386 2457 433 et
2484 377 2755 434 amrmant
2790 394 2876 435 res
2902 380 3120 435 fortuito
3153 380 3286 446 ﬁeri,
3314 381 3465 436 frau-

1873 465 2107 537 dantque
2145 482 2359 524 omnem
2380 471 2705 526 creationem
2732 472 2910 526 divina
2934 472 3262 542 providentia
3289 474 3312 527 ἓ
3339 473 3463 541 Quo

1877 568 2033 627 pacto
2071 559 2213 614 enim
2258 562 2451 616 rationi
2492 574 2909 619 consentaneum
2948 565 3125 631 fuerit,
3174 567 3281 632 dic,
3335 583 3461 634 oro,

1879 660 2023 706 tanta
2068 651 2353 720 elementa,
2399 664 2454 710 et
2498 664 2705 710 tantum
2736 666 2980 712 ornatum
3032 658 3234 728 absque
3278 660 3463 731 aliquo

1877 743 2213 801 moderatore
2241 752 2297 802 et
2324 745 2499 801 omnia
2524 759 2876 804 eonservante
2906 750 3190 820 gubernari
3217 752 3240 805 ?
3270 752 3334 810 Et
3363 767 3464 805 na-

1876 838 1958 892 vis
1981 853 2266 908 numquam
2287 841 2481 909 poterit
2508 841 2711 912 absque
2753 843 3106 912 gubernatore
3147 844 3309 897 maris
3357 843 3463 898 llu-

1876 939 1993 985 etus
2030 946 2326 1000 permeare,
2354 932 2611 1003 milesque
2648 935 2780 989 nihil
2805 944 3079 990 strenuum
3107 944 3161 991 et
3187 938 3463 1007 egregium

1876 1021 2079 1092 absque
2126 1028 2369 1093 praetoris
2415 1025 2579 1079 ductu
2622 1036 2676 1080 et
2703 1026 2954 1095 auSpiciis
2995 1028 3153 1097 gerit,
3183 1036 3237 1082 et
3264 1026 3463 1083 demus

1877 1123 2125 1169 constare
2181 1117 2365 1185 nequit
2393 1156 2410 1182 ,
2451 1116 2553 1171 nisi
2604 1117 2746 1173 adsit
2772 1116 2861 1188 qui
2889 1133 3006 1172 eam
3032 1117 3365 1172 administret
3394 1119 3409 1148 ‘
3442 1135 3459 1172 :

1877 1208 2108 1263 mundus
2153 1218 2330 1264 autem
2360 1209 2448 1265 hic
2476 1210 2792 1275 immensus,
2825 1218 2880 1266 et
2919 1211 3305 1268 elementorum
3335 1212 3462 1266 illo-

1878 1315 1995 1354 rum
2042 1309 2279 1369 ornatus,
2311 1300 2529 1357 fortuito
2555 1313 2610 1358 et
2650 1313 2850 1358 temere
2879 1301 2998 1357 ferri
3046 1302 3273 1371 poterit,
3313 1303 3463 1357 nullo

1877 1378 2171 1448 essistente
2216 1393 2305 1465 qui
2344 1394 2522 1448 omnia
2575 1396 2743 1464 possit
2793 1394 3081 1461 moderari,
3126 1404 3182 1449 et
3227 1395 3318 1463 qui
3364 1406 3467 1460 per

1878 1498 2027 1538 suam
2070 1485 2384 1553 sapientiam
2412 1500 2476 1541 ea
2513 1486 2785 1541 contineat
2812 1494 2867 1541 et
2887 1485 3219 1543 conservet?
3262 1485 3462 1547 Verum

1878 1576 2005 1647 quid
2034 1577 2256 1633 ulterius
2295 1577 2668 1635 contendimus
2706 1577 2809 1633 illis
2844 1578 3068 1647 probare
3115 1593 3200 1644 ea,
3251 1593 3368 1647 qua:
3405 1587 3469 1635 et

1879 1670 2058 1736 caecis,
2102 1678 2159 1726 ut
2198 1669 2254 1725 in
2285 1669 2567 1741 proverbio
2590 1680 2692 1735 est,
2718 1670 2992 1739 perspicua
3019 1669 3184 1724 sunt?
3212 1669 3465 1724 Attamen

1880 1774 1949 1815 ne
1969 1760 2276 1817 omittamus
2297 1777 2597 1832 proponere
2623 1763 2703 1817 eis
2730 1761 3025 1819 doctrinam
3043 1762 3465 1832 Scripturarum,

1880 1851 1975 1905 sed
2005 1866 2165 1907 omne
2200 1851 2571 1922 impendamus
2618 1854 2873 1919 studium,
2922 1864 2979 1909 ut
3018 1855 3087 1910 ab
3107 1870 3289 1911 errore
3327 1856 3468 1913 libe-

1880 1942 2005 2010 rati,
2024 1941 2096 1997 ad
2116 1943 2391 1999 veritatem
2407 1943 2751 2000 reducantur.
2774 1945 2903 2001 Nam
2923 1941 3231 2002 licetadhuc
3255 1948 3467 2016 praiec-

1881 2036 2059 2106 cupati
2087 2036 2363 2092 erroribus
2389 2037 2517 2104 sint,
2546 2038 2785 2109 ejusdem
2814 2049 3010 2103 tamen,
3042 2040 3195 2109 cujus
3220 2055 3338 2107 nos,
3362 2056 3466 2112 ge-

1881 2128 2027 2182 neris
2051 2136 2180 2182 sunt
2221 2145 2234 2182 :
2263 2139 2320 2185 et
2346 2144 2444 2199 par
2468 2140 2548 2185 est
2578 2142 2637 2185 ut
2665 2146 2909 2202 magnam
2940 2147 3126 2187 eorum
3155 2147 3335 2188 curam
3362 2133 3467 2189 ba-

1882 2217 2119 2284 beamus,
2150 2235 2437 2290 numquam
2452 2230 2832 2292 torpescentes,
2847 2222 2942 2278 sed
2959 2222 3230 2294 diligentia
3252 2239 3467 2280 summa

1880 2310 2138 2368 facientes
2159 2327 2223 2369 ea
2247 2328 2366 2384 quae
2380 2312 2435 2369 in
2461 2314 2616 2370 nobis
2640 2325 2787 2382 sunt,
2821 2316 3002 2372 utilem
3021 2316 3123 2371 illis
3145 2318 3467 2375 medicinam

1882 2403 2253 2472 adhibeamus,
2301 2415 2360 2461 ut
2404 2407 2593 2463 saltem
2636 2407 2849 2464 tandem
2878 2409 3163 2480 aliquando
3189 2410 3255 2465 ad
3281 2426 3468 2467 veram

1881 2497 2163 2554 sanitatem
2192 2498 2433 2555 redeant.
2461 2500 2605 2555 Nihil
2629 2503 2771 2557 enim
2798 2501 2869 2557 ita
2898 2510 3052 2557 curat
3073 2503 3235 2567 Deus,
3261 2511 3317 2557 ut
3340 2504 3467 2557 ani-

1880 2604 2089 2645 marum
2133 2591 2383 2647 salutem.
2415 2592 2470 2648 Id
2511 2594 2704 2649 clamat
2728 2594 2942 2662 Paulus,
2972 2594 3160 2651 dicens
3192 2613 3206 2648 :
3232 2596 3332 2663 Qui
3354 2596 3469 2650 auls

1882 2700 2055 2740 omnes
2098 2685 2322 2740 honrines
2353 2688 2519 2742 salvos
2552 2689 2683 2756 ﬁeri,
2728 2697 2776 2742 et
2800 2688 2869 2742 ad
2894 2689 3202 2761 agnitionem
3241 2690 3468 2745 veritatis

1883 2776 2050 2830 venire
2079 2777 2155 2849 (1.
2190 2775 2321 2831 Tim.
2359 2777 2413 2831 2.
2442 2779 2523 2848 4).
2556 2779 2620 2833 Et
2648 2780 2840 2835 iterum
2870 2781 3011 2835 Deus
3036 2782 3149 2850 ipse
3174 2783 3249 2837 ait
3278 2800 3292 2836 :
3322 2781 3468 2836 Nolo

1882 2877 2093 2921 mortem
2124 2870 2419 2937 peccatoris,
2458 2871 2547 2925 sed
2571 2886 2626 2925 ut
2652 2882 2989 2939 convertatur,
3022 2884 3068 2927 et
3092 2874 3221 2929 vivat
3246 2873 3467 2945 (Each.

1884 2959 1971 3015 18.
1992 2960 2111 3033 25).
2138 2962 2364 3031 PrOpter
2384 2964 2483 3019 hoc
2507 2964 2665 3019 etiam
2688 2975 2929 3020 naturam
2958 2965 3095 3021 hanc
3109 2982 3322 3022 omnem
3338 2983 3468 3038 pro-

1878 3049 2055 3118 duxit,
2086 3062 2142 3108 et
2171 3067 2271 3107 nos
2296 3054 2570 3121 formavit,
2590 3071 2694 3109 non
2722 3065 2780 3110 ut
2804 3071 3107 3126 pereamus,
3140 3073 3311 3128 neque
3334 3059 3467 3114 utin

1881 3144 2197 3212 supplicium
2225 3159 2323 3200 nos
2347 3147 2554 3212 mittat;
2580 3147 2677 3201 sed
2705 3157 2761 3201 ut
2789 3147 2965 3203 salvos
2993 3147 3171 3215 faciat,
3203 3150 3348 3205 etab
3367 3166 3466 3205 er-

1882 3248 2005 3289 rore
2027 3234 2285 3301 liberatis,
2336 3253 2502 3308 regno
2536 3238 2642 3293 frui
2689 3241 2843 3294 nobis
2871 3242 3148 3297 concedat.
3180 3242 3290 3298 Hoc
3315 3243 3465 3300 enim

1882 3325 2039 3380 nobis
2064 3328 2397 3396 praeparavit,
2430 3344 2538 3383 non
2582 3345 2725 3386 nunc
2761 3344 3037 3402 postquam
3077 3334 3204 3389 facti
3253 3351 3465 3401 sumus,

1882 3417 1977 3473 sed
2014 3426 2140 3474 ante
2173 3418 2316 3487 jaeta
2362 3418 2705 3476 fundamenta
2748 3423 2953 3487 mundi,
2983 3426 3121 3480 sicut
3142 3426 3256 3495 ipse
3285 3426 3415 3481 dicit
3445 3445 3461 3482 :

1891 3509 2083 3578 Venite,
2133 3510 2377 3565 benedicti
2416 3511 2591 3569 Patris
2631 3515 2751 3580 mei,
2793 3515 2846 3569 in
2873 3515 3214 3571 luereditalem
3250 3518 3469 3587 accipite

1885 3611 2225 3671 prwparatum
2255 3604 2392 3657 vobis
2432 3619 2643 3673 regnum
2685 3614 2805 3659 ante
2838 3592 3245 3680 constitutionem
3284 3608 3469 3661 mundi

1884 3694 2096 3764 (Matth.
2124 3696 2213 3751 25.
2240 3696 2351 3767 51).
2379 3696 2510 3753 Vide
2535 3699 2913 3769 benignitatem
2936 3701 3165 3766 Domini,
3192 3703 3467 3771 quomodo

1879 3796 2162 3855 antequam
2184 3785 2504 3843 formaretur
2525 3789 2774 3855 mundus,
2799 3800 2852 3846 et
2874 3791 3254 3861 produceretur
3277 3792 3462 3860 homo,

1880 3878 2085 3932 infinita
2118 3879 2217 3947 ipsi
2261 3880 2397 3934 bona
2427 3882 2807 3949 praeparaverit
2842 3898 2857 3935 :
2888 3884 3178 3937 ostendens
3205 3896 3463 3954 quantam

1879 3973 2047 4025 nostri
2075 3972 2288 4043 generis
2317 3973 2701 4043 providentiam
2723 3984 2893 4045 gerat,
2926 3985 2980 4030 et
3006 3991 3066 4031 se
3088 3978 3325 4032 omnium
3369 3994 3464 4033 sa—

1883 4068 2046 4123 lutem
2068 4068 2224 4123 velle.

1959 4159 2077 4213 Non
2108 4170 2330 4214 nostram
2372 4158 2556 4224 solum,
2590 4159 2680 4213 sed
2709 4168 2755 4212 et
2793 4159 3012 4213 aliorum
3048 4161 3465 4218 salutemcurase

1881 4251 2133 4305 debemus.
2160 4250 2436 4304 —-Talem
2479 4250 2637 4318 igitur
2684 4248 2940 4305 habentes
2995 4251 3295 4321 Dominum,
3350 4262 3463 4312 tatu

1879 4342 2299 4406 misericordem,
2332 4351 2438 4395 tant
2466 4342 2771 4411 benignum,
2803 4350 2907 4395 tam
2939 4353 3297 4411 mansuetum,
3339 4360 3461 4400 eunt

1879 4443 2097 4497 nostrae,
2131 4442 2239 4487 tum
2276 4432 2494 4487 fratrum
2525 4442 2826 4487 nostrorum
2855 4434 3040 4489 salutis
3084 4449 3265 4489 curam
3304 4452 3459 4507 gera-

1879 4542 2017 4582 mus.
2049 4527 2178 4581 Nam
2211 4537 2264 4583 et
2289 4525 2391 4581 hoc
2426 4536 2623 4603 nostra;
2667 4527 2853 4580 salutis
2880 4537 3251 4596 argumentum
3279 4532 3381 4584 erit
3406 4545 3462 4587 et

1878 4619 2110 4685 occasio,
2142 4618 2186 4672 si
2229 4634 2337 4673 non
2362 4620 2532 4673 solum
2558 4632 2655 4687 pro
2680 4619 2833 4673 nobis
2860 4618 2990 4688 ipsis
3016 4620 3251 4685 solliciti,
3285 4623 3378 4677 sed
3405 4632 3458 4678 et

1878 4712 2122 4783 proximo
2165 4710 2321 4766 utiles
2361 4709 2636 4774 fuerimus,
2676 4719 2730 4765 et
2757 4710 2926 4780 ipsum
2952 4708 3019 4765 ad
3047 4710 3187 4765 viam
3218 4713 3460 4769 veritatis

1878 4804 2220 4860 deducamus.
2276 4802 2345 4856 Et
2392 4811 2450 4857 ut
2489 4801 2664 4857 discas
2703 4811 2959 4873 quantum
3003 4802 3202 4858 bonum
3230 4804 3299 4858 sit
3338 4819 3462 4859 cum

1879 4905 2064 4951 nostra
2090 4896 2312 4950 aliorum
2335 4895 2494 4949 etiam
2516 4894 2742 4950 salutem
2768 4894 2982 4959 lucrari,
3001 4895 3121 4948 audi
3148 4895 3464 4965 prophetam

1878 5004 1948 5045 ex
1978 5004 2202 5059 persona
2231 4987 2321 5043 Dei
2348 4978 2625 5042 dicentem
2648 5003 2662 5040 :
2691 4985 2793 5053 Qui
2818 4986 2982 5040 educit
3008 4988 3277 5056 pretiosum
3300 5003 3334 5039 α
3352 4989 3462 5056 uili,

1877 5084 2019 5155 quasi
2046 5100 2102 5138 es
2142 5099 2308 5137 meum
2357 5082 2447 5137 erit
2491 5080 2623 5153 (Jer.
2652 5080 2739 5136 15.
2771 5079 2882 5152 19).
2910 5079 3047 5146 Quid
3075 5079 3178 5135 hoc
3204 5090 3286 5135 est
3314 5080 3460 5149 iQui

1940 5245 1956 5277 ί
1992 5250 2120 5292 Unus
2139 5239 2442 5291 Colbertinus
2462 5239 2623 5289 Codex
2652 5237 2803 5288 habet
2823 5249 3007 5295 vocem,
3032 5235 3353 5287 administrat.
3375 5236 3461 5289 alii

1876 5318 2048 5368 omnes
2069 5316 2176 5355 cum
2199 5303 2316 5368 aditi
2335 5309 2436 5368 tum
2459 5299 2773 5368 Massferunt,
2790 5294 3016 5362 (ediﬁcet.
3043 5297 3134 5368 sed
3159 5311 3321 5368 veram
3348 5310 3465 5349 esse

1876 5366 2137 5417 lectionem
2150 5363 2409 5414 Colhertini
2428 5364 2610 5413 Codicis
2631 5362 2876 5412 existimo.
2891 5359 3160 5409 Secundum
3181 5359 3322 5409 aliam
3343 5372 3467 5408 vero

1876 5428 2138 5489 lectionem
2160 5438 2256 5477 non
2278 5432 2438 5489 potest
2457 5426 2702 5489 sententia
2722 5422 2977 5489 quadrare.
3023 5429 3139 5471 Num
3160 5423 3353 5489 diezan
3362 5433 3465 5489 non

1876 5502 2021 5554 posse
2041 5488 2237 5554 domum
2259 5481 2545 5554 consistere,
2566 5481 2901 5554 nisi_adsit_gui
2926 5481 3056 5554 illam
3076 5481 3355 5554 construat?
3372 5485 3469 5554 llic

1876 5543 1941 5600 de
1960 5551 2103 5600 domo
2112 5550 2209 5613 jam
2233 5558 2413 5601 structa
2433 5543 2611 5612 agitur,
2630 5548 2714 5598 ubi
2740 5543 2901 5597 nullius
2921 5543 3045 5595 ultra
3058 5543 3356 5597 architectus
3374 5548 3465 5597 de-

1877 5612 2136 5665 uideretur.
