3752 6240
244 196 312 254 δ’]
1060 191 1118 249 S.
1154 188 1437 245 JOANNIS
1472 178 1962 243 CHRYSOSTOMI
2000 180 2319 239 AliClllEP.
2359 183 2904 241 CONSTANTINUP.
3597 178 3664 236 58

242 311 401 381 φησὶ,
428 307 799 381 χειραγωγῶν,
836 306 869 377 ἢ
905 306 1011 361 ἀπὸ
1038 307 1134 376 τῆς
1160 305 1353 367 κακίας
1384 303 1517 373 πρὸς
1554 300 1753 372 ἀρετὴν
1778 299 1899 367 ὁδη-

256 398 359 465 τῶν
386 397 475 451 τὸν
514 396 759 467 πλησίον,
795 394 935 447 κατά
960 394 1185 463 δύναμιν
1214 389 1556 461 ἀνθρωπίνην
1590 388 1687 457 ἐμὲ
1715 388 1900 456 μιμεῖ-

243 500 350 537 ται.
392 484 500 536 Kal
536 483 642 553 γάρ
672 484 763 535 καὶ
792 480 951 542 αὐτὸς
988 479 1053 531 δι’
1088 479 1235 531 οὐδὲν
1267 478 1470 546 ἕτερον,
1503 474 1633 537 Θεὸς
1673 472 1767 535 ὢν,
1802 472 1901 542 τὴν

241 570 518 641 ἡμετέραν
546 569 711 622 ὑπέδυ
746 569 944 639 σάρκα,
987 566 1079 619 καὶ
1106 564 1191 617 διὰ
1218 565 1315 632 τὴν
1361 561 1628 632 σωτηρίαν
1657 560 1750 613 τοῦ
1792 559 1900 612 τῶν

243 656 545 727 ἀνθρώπων
575 656 760 723 γένους
797 654 1013 722 γέγονεν
1040 651 1339 721 ἄνθρωπος.
1374 649 1484 703 Kal
1517 648 1568 701 τί
1614 647 1775 715 λέγω,
1803 645 1899 715 τὴν

243 743 518 813 ἡμετέραν
560 742 723 795 ὑπέδυ
754 743 951 813 σάρκα.
996 740 1183 793 καὶτὰ
1210 738 1344 791 ἄλλα
1373 739 1550 792 πάντα
1591 736 1659 789 τὰ
1688 732 1899 805 ἀνθρώ-

244 847 376 882 πινα
410 830 717 899 ὑπέμεινεν,
749 830 881 881 ὅπου
920 844 984 896 γε
1028 827 1123 879 καὶ
1164 825 1255 877 τὸν
1296 824 1525 894 σταυρὸν
1560 821 1898 886 κατεδέξατο,

244 916 332 968 ἴνα
365 917 509 985 ἡμᾶς
534 916 660 979 τοὺς
692 915 797 969 ὑπὸ
838 913 1118 986 ἁμαρτιῶν
1148 911 1565 982 προδεδομένους
1604 909 1703 978 τῆς
1734 907 1901 960 κατά-

245 1018 343 1071 ρας
369 1000 741 1076 ἐλευθερώσῃς
768 1003 875 1055 Kal
897 1001 992 1071 βοᾷ
1016 1000 1172 1053 τοῦτο
1195 999 1400 1061 Παῦλος
1421 998 1591 1065 λέγων
1610 1013 1624 1026 ο
1648 995 1899 1064 Χριστὸς

243 1085 401 1156 ἡμᾶς
430 1087 804 1157 ἐξηγόρασεν
842 1087 911 1141 ἐκ
940 1086 1050 1152 τῆς
1079 1083 1338 1153 κατάρας
1365 1080 1470 1138 τοῦ
1500 1083 1705 1150 νόμου,
1734 1082 1901 1149 γενό-

240 1192 423 1243 μενος
450 1176 602 1243 ὑπὲρ
647 1174 816 1244 ήμῶν
841 1174 1086 1242 κατάρα.
1130 1174 1193 1226 Εἰ
1234 1172 1410 1225 τοίνυν
1449 1171 1629 1233 αὐτὸς,
1660 1169 1791 1231 Θεὸς
1827 1167 1901 1219 ὢν

246 1262 464 1331 καὶτῆς
508 1262 694 1325 οὑσίας
730 1263 943 1331 ἐκείνης
974 1262 1074 1330 τῆς
1117 1261 1425 1331 ἀπορρήτου
1470 1257 1769 1327 τυγχάνων,
1814 1255 1902 1307 διά

248 1349 654 1423 φιλανθρωπίαν
677 1349 882 1418 ἄφατον
898 1348 1067 1402 ταῦτα
1090 1350 1304 1402 ἅπαντα
1327 1344 1646 1409 κατεδέξατο
1668 1345 1734 1398 δι’
1753 1345 1900 1413 ἡμᾶς

246 1437 339 1489 καὶ
364 1438 463 1507 τὴν
491 1437 761 1507 σωτηρίαν
790 1437 889 1507 τὴν
915 1436 1187 1507 ἡμετέραν
1207 1450 1221 1464 ·
1252 1434 1303 1487 τί
1329 1436 1427 1486 οὑκ
1445 1434 1510 1487 ἂν
1543 1434 1730 1501 εἴημεν
1751 1430 1902 1484 αὑτοὶ

246 1522 442 1576 δίκαιοι
472 1527 598 1595 περὶ
623 1528 748 1588 τοὺς
774 1528 1048 1596 ὁμογενεῖς
1073 1522 1435 1588 ἐπιδείξασθαι
1458 1520 1551 1574 καὶ
1576 1519 1642 1571 τὰ
1673 1517 1808 1588 μέλη
1833 1515 1902 1569 τά

245 1608 509 1679 ἡμέτερα,
544 1610 681 1664 ὥστε
734 1612 828 1665 καὶ
866 1614 965 1682 τῆς
1007 1610 1282 1680 φάρυγγος
1313 1608 1507 1670 αὑτοὺς
1542 1618 1567 1645 α
1598 1605 1901 1675 ἐξαρπάσαι

244 1694 340 1747 τοῦ
368 1696 633 1763 διαϐόλου,
666 1700 759 1751 καὶ
789 1698 923 1767 πρὸς
964 1697 1061 1767 τὴν
1108 1697 1204 1766 τῆς
1238 1694 1440 1767 ἀρετῆς
1485 1693 1600 1746 ὁδὸν
1630 1708 1901 1761 χειραγω-

246 1781 447 1851 Ὺῆσαι;
477 1780 627 1852 Ὂσῳ
671 1784 778 1854 γὰρ
826 1784 971 1854 ψυχὴ
1019 1784 1265 1853 σώματος
1314 1782 1614 1852 κρείσσων,
1662 1778 1901 1848 τοσούτῳ

243 1867 353 1919 τῶν
391 1870 631 1940 χρήμασι
665 1870 996 1939 βοηθούντων
1025 1873 1133 1933 τοῖς
1170 1870 1438 1939 δεομένοις
1470 1861 1613 1921 οῦτοι
1639 1864 1901 1936 μειζόνων

245 1954 519 2018 ἀξιοῦνται
547 1956 656 2008 τῶν
684 1958 927 2027 ἀμοιϐῶν
962 1958 1011 2010 οί
1045 1958 1132 2010 διὰ
1161 1958 1259 2025 τῆς
1286 1955 1657 2027 παραινέσεως
1684 1954 1775 2005 καὶ
1803 1953 1901 2022 τῆς

246 2044 501 2114 συνεχοῦς
520 2044 861 2108 διδασκαλίας
882 2047 1004 2109 τοὺς
1040 2045 1312 2117 ῥᾳθύμους
1332 2046 1424 2097 καὶ
1444 2040 1901 2103 άναπεπτωκότας

242 2130 533 2197 ἀνάγοντες
561 2131 654 2183 ἐπὶ
679 2131 775 2202 τὴν
804 2132 1016 2185 εὐθεῖαν
1048 2132 1186 2194 ὁδὸν,
1211 2132 1305 2184 καὶ
1338 2130 1641 2191 δεικνύντες
1669 2129 1768 2198 τῆς
1803 2128 1900 2196 μὲν

244 2218 442 2279 κακίας
470 2218 530 2271 τὸ
552 2218 804 2285 δυσειδὲς,
833 2220 932 2291 τῆς
952 2220 1009 2273 δὲ
1036 2220 1175 2275 κατά
1199 2220 1329 2273 Θεὸν
1353 2219 1552 2290 ἀρετῆς
1577 2217 1675 2287 τὴν
1701 2215 1900 2286 πολλὴν

242 2304 545 2375 εὐμορφίαν
569 2306 616 2361 δ.

283 2415 343 2461 ε’.
359 2407 543 2463 Ταῦτα
558 2411 735 2464 τοίνυν
755 2412 966 2466 ἅπαντα
985 2412 1202 2477 εἰδότες,
1221 2412 1325 2483 πρὸ
1344 2410 1451 2464 τῶν
1463 2410 1633 2466 ἄλλων
1650 2410 1900 2463 ἁπάντων

242 2506 350 2559 τῶν
379 2507 646 2577 βιωτικῶν
677 2510 804 2580 περὶ
834 2510 931 2580 τῆς
965 2511 1103 2565 κατά
1134 2511 1310 2580 ψυχὴν
1340 2509 1610 2581 σωτηρίας
1643 2507 1899 2575 διαλεγὼ-

246 2600 384 2669 μεθα
423 2601 535 2664 τοῖς
572 2601 831 2672 πλησίον,
880 2603 959 2665 είς
1002 2602 1205 2671 ταύτην
1239 2603 1434 2666 αὑτοὺς
1479 2601 1758 2669 ἐνάγοντες
1802 2600 1901 2668 τὴν

246 2697 531 2768 μέριμναν.
578 2699 883 2770 Ἀγαπητδν
936 2699 1073 2770 γάρ,
1107 2700 1419 2770 ἀγαπητὸν,
1461 2698 1699 2769 συνεχῶς
1731 2698 1901 2751 ταῦτα

241 2792 608 2865 ἐνηχουμένην
643 2795 742 2866 τὴν
788 2794 965 2868 ψυχὴν
1012 2794 1305 2864 δυνηθῆναι
1348 2796 1660 2863 ἀνενεγκεῖν
1695 2796 1759 2848 ἐκ
1802 2795 1901 2865 τῆς

241 2883 479 2938 ἀϐύσσου
507 2884 616 2938 τῶν
653 2887 838 2939 κακῶν
864 2886 973 2939 τῶν
1008 2888 1064 2939 ἐν
1091 2885 1168 2956 τῷ
1200 2884 1349 2956 μέσῳ
1383 2886 1782 2956 στρεφομένων,
1808 2885 1902 2937 καὶ

242 2972 624 3042 περιγενέσθαι
658 2974 754 3043 τῆς
792 2974 900 3027 τῶν
934 2975 1119 3028 παθῶν
1148 2973 1596 3039 ἐπαναστάσεως,
1644 2974 1785 3043 ειπερ
1825 2973 1902 3025 δι-

241 3061 453 3133 ηνεκῶς
484 3062 761 3134 πολιορκεῖ
807 3063 904 3133 τὴν
946 3063 1215 3134 ἡμετέραν
1261 3063 1459 3134 ψυχήν.
1481 3063 1590 3116 Kal
1624 3061 1713 3116 διά
1743 3061 1901 3115 τοῦτο

242 3148 399 3218 χρεία
422 3150 551 3219 ἡμῖν
595 3150 791 3220 πολλῆς
816 3151 915 3220 τῆς
944 3151 1267 3220 ἀγρυπνίας,
1308 3151 1493 3221 ἐπειδὴ
1525 3152 1616 3204 καὶ
1650 3149 1901 3219 διηνεκὴς

242 3238 375 3306 ἡμῖν
406 3237 551 3289 ἐστιν
581 3239 609 3289 ό
631 3237 882 3308 πόλεμος.
914 3239 1007 3290 καὶ
1036 3239 1324 3309 ἀνακωχὴν
1346 3238 1597 3291 οὐδέποτε
1627 3238 1764 3308 ἔχων
1784 3254 1796 3267 ⁸
1821 3236 1902 3289 διὸ

244 3322 339 3375 καὶ
377 3322 585 3387 Παῦλος
610 3323 793 3391 ἔλεγεν
829 3325 1093 3393 Ἐφεσίοις
1122 3325 1346 3395 γράφων
1364 3341 1379 3357 ο
1412 3326 1531 3379 οὐκ
1561 3326 1730 3378 ἐστιν
1756 3323 1902 3393 ἡμῖν

242 3411 284 3477 η
308 3410 468 3478 πάλη
500 3410 649 3478 πρὸς
670 3408 813 3479 αἷμα
837 3412 933 3465 καὶ
964 3412 1179 3480 σάρκα,
1208 3412 1367 3465 ἀλλὰ
1387 3412 1535 3479 πρὸς
1562 3412 1667 3477 τὰς
1690 3412 1898 3480 ἀρχὰς,

246 3496 361 3569 [20]
391 3496 542 3563 πρὸς
574 3499 678 3563 τὰς
709 3498 1015 3564 ἐξουσίας,
1058 3501 1204 3566 πρὸς
1237 3498 1376 3564 τοὺς
1418 3497 1900 3566 κοσμοκράτορας

244 3584 350 3638 τοῦ
388 3584 650 3650 σκότους
681 3583 787 3637 τοῦ
813 3583 1028 3649 αἰῶνος
1068 3586 1302 3649 τούτου,
1338 3585 1487 3653 πρὸς
1536 3585 1607 3638 τὰ
1641 3601 1901 3654 πνευμα-

240 3670 377 3724 τικὰ
400 3669 509 3738 τῆς
532 3672 822 3740 πονηρίας
842 3672 911 3725 ἐν
936 3672 1057 3737 τοῖς
1078 3672 1474 3739 ἐπουρανίοις.
1506 3673 1595 3744 Μὴ
1619 3674 1896 3744 νομίσητε,

243 3756 397 3826 φησὶ,
419 3757 509 3810 τὸν
532 3758 761 3829 τυχόντα
781 3761 913 3830 ἡμῖν
944 3760 1264 3831 προκεῖσθαι
1289 3759 1473 3827 ἀγῶνα
1496 3776 1508 3790 ·
1528 3762 1589 3813 οὑ
1611 3760 1746 3831 πρὸς
1770 3763 1900 3831 ὁμο-

240 3847 417 3912 γενεῖς
440 3847 569 3916 ἡμῖν
599 3848 746 3899 ἐστιν
784 3849 817 3917 ἡ
848 3848 1013 3918 πάλη,
1038 3848 1158 3901 οὐδὲ
1185 3848 1366 3919 ἐξίσης
1395 3851 1526 3919 ἡμῖν
1559 3851 1673 3901 ἐστι
1701 3849 1768 3902 τὰ
1797 3850 1899 3919 τῆς

243 3934 615 4003 παρατάξεως.
668 3935 777 3987 Kal
807 3936 913 4005 γὰρ
963 3934 1171 4005 σώματι
1231 3936 1731 4005 συμπεπλεγμένοι,
1779 3942 1899 4001 ταῖς

240 4019 550 4090 ἀσωμάτοις
584 4020 832 4073 παλαίειν
863 4021 1121 4091 δυνάμεσι
1147 4023 1623 4093 προστετάγμεθα·
1658 4024 1793 4077 ἀλλά
1822 4026 1895 4095 μὴ

239 4105 483 4175 δείσητε’
521 4107 569 4159 εί
598 4106 705 4177 γὰρ
738 4108 830 4159 καὶ
882 4106 1166 4177 ἀνώμαλος
1208 4112 1240 4180 ἡ
1285 4111 1465 4181 μάχη,
1513 4109 1648 4163 ἀλλά
1688 4111 1896 4183 μεγάλη

238 4192 346 4245 τῶν
392 4193 569 4247 ὅπλων
616 4193 721 4246 τῶν
764 4193 1045 4263 ἡμετέρων
1096 4198 1128 4265 ἡ
1166 4195 1411 4266 δύναμις.
1468 4198 1745 4267 Ἐπήγαγε
1790 4200 1897 4271 γὰρ

242 4281 519 4351 μονονουχὶ
550 4280 741 4349 λέγων,
774 4281 959 4351 ἐπειδὴ
990 4280 1189 4350 ἔγνωτε
1222 4284 1331 4335 τῶν
1371 4284 1642 4354 πολεμίων
1672 4286 1768 4356 τὴν
1794 4288 1896 4357 φύ-

242 4385 345 4433 σιν,
373 4367 446 4439 μὴ
478 4369 842 4439 καταπέσητε,
875 4370 1008 4441 μηδὲ
1035 4371 1347 4442 ναρκὴσητε
1384 4372 1518 4443 πρὸς
1552 4374 1648 4444 τὴν
1684 4375 1890 4441 πάλην·

239 4455 377 4509 ἀλλὰ
406 4458 508 4510 Διὰ
534 4457 709 4511 τοῦτο
739 4459 1065 4513 ἀναλάϐετε
1086 4458 1200 4527 τὴν
1224 4460 1568 4516 πανοπλίαν
1588 4462 1693 4516 τοῦ
1724 4463 1892 4530 Θεοῦ,

238 4542 387 4610 πρὸς
420 4542 486 4596 τὸ
524 4543 819 4598 δύνασθαι
844 4544 999 4614 ὑμᾶς
1028 4545 1247 4614 στῆναι
1276 4548 1423 4614 πρὸς
1458 4548 1561 4613 τὰς
1584 4550 1887 4618 μεθοδείας

238 4629 343 4684 τοῦ
374 4628 673 4683 διαϐόλου.
701 4630 898 4683 Πολλαὶ
932 4631 1040 4702 γὰρ
1066 4643 1088 4670 ο
1118 4636 1173 4685 αἱ
1206 4633 1392 4685 τούτου
1427 4634 1717 4703 μεθοδεῖαι,
1749 4636 1893 4690 τοῦτ’

239 4714 385 4768 ἔστιν
410 4715 537 4781 ὁδοὶ,
557 4716 624 4769 δι’
645 4712 719 4771 ὧν
746 4717 1118 4783 ὑποσκελίζειν
1139 4720 1409 4791 ἐπιχειρεῖ
1444 4720 1569 4783 τοὺς
1594 4722 1895 4794 ῥᾳθυμοτέ-

239 4818 390 4874 ρους,
422 4802 515 4856 καὶ⁵
537 4803 619 4856 δεῖ
644 4803 846 4867 ταύτας
872 4804 1115 4877 ἀκριϐῶς
1144 4806 1489 4871 ἐπίστασθαι,
1524 4806 1666 4862 ὥστε
1699 4809 1891 4880 διαφυ-

236 4892 355 4958 γεῖν
382 4889 547 4945 αὑτοῦ
587 4891 686 4956 τὰς
715 4892 904 4958 λαϐὰς,
939 4894 1032 4947 καὶ
1063 4893 1333 4964 μηδεμίαν
1360 4894 1509 4965 αὑτῷ
1544 4897 1893 4967 παρείσδυσιν

236 4976 476 5045 ἀφιέναι,
502 4977 638 5033 ἀλλά
663 4980 757 5033 καὶ
782 4979 1026 5049 γλώττης
1054 4980 1336 5051 ἀκρίϐειαν
1359 4981 1773 5049 ἐπιδείκνυσθαι,
1798 4986 1891 5039 καὶ

237 5061 526 5133 ὀφθαλμῶν
580 5067 915 5135 ἀσφάλειαν,
962 5068 1057 5120 καὶ
1088 5067 1324 5131 διανοίας
1373 5068 1755 5140 καθαρότητα,
1800 5072 1893 5125 καὶ

236 5147 497 5219 διηνεκῶς
529 5152 816 5223 ἐναγώνιον
839 5150 999 5218 εἶναι,
1039 5154 1290 5225 καθάπερ
1323 5153 1512 5227 θηρίου
1539 5157 1682 5220 τινὸς
1716 5159 1893 5213 ἐπιόν-ι

234 5252 348 5299 τος,
386 5236 480 5289 καὶ
501 5237 837 5307 λυμήνασθαι
870 5243 999 5312 ἡμῖν
1023 5242 1447 5314 ἐπεχειροῦντος.
1483 5244 1581 5299 Διὰ
1608 5245 1715 5315 γὰρ
1734 5248 1891 5303 τοῦτο

235 5322 387 5393 καὶὴ
422 5323 801 5396 οὐρανομήκης
830 5330 1009 5400 ἐκείνη
1038 5330 1202 5402 ψυχὴ,
1240 5333 1270 5383 ό
1303 5331 1408 5383 τῶν
1438 5330 1608 5385 ἐθνῶν
1642 5332 1890 5386 διδάσκα-

235 5407 346 5473 λος,
379 5410 411 5478 ἡ
446 5408 660 5476 γλῶττα
691 5412 786 5480 τῆς
815 5414 1157 5484 οἰκουμένης,
1199 5420 1226 5470 ὁ
1260 5418 1398 5488 ὑπὲρ
1434 5418 1534 5489 τῆς
1571 5418 1680 5470 τῶν
1712 5418 1887 5489 μαθη-

298 5564 325 5627 9
346 5564 426 5613 Sic
446 5564 594 5614 Savil.
622 5566 743 5626 Rog.
767 5574 817 5615 el
837 5566 1068 5627 Coislin.;
1098 5570 1271 5619 Morel.
1294 5573 1456 5623 αὐτοῦ.

300 5626 325 5663 b
344 5628 570 5701 ‘Qu‘inqqe
597 5640 706 5674 mss.
733 5630 816 5674 τήν
843 5631 1017 5685 «eum
1046 5626 1256 5680 εὐωδίαν.
1286 5634 1411 5683 Infra
1443 5636 1639 5686 Coislin.
1666 5646 1745 5695 τῆς
1766 5640 1885 5686 κατὰ

238 5687 389 5745 ψυχὴν
408 5688 583 5746 ἀρετῆς.

304 5752 321 5775 ί
350 5747 548 5797 Coislin.
577 5750 716 5795 πόσαι
754 5750 857 5809 γάρ,

2008 297 2310 367 τευομένων
2345 301 2616 370 σωτηρίας
2654 301 2866 354 ἅπαντα
2898 298 3434 371 πραγματευόμενος,
3471 295 3664 359 είπὼν,

2019 384 2370 455 Ἀναλάσετε
2398 387 2511 455 τὴν
2529 390 2873 441 πανοπλίαν
2886 387 2989 442 τοῦ
3014 386 3181 452 Θεοῦ,
3211 387 3369 442 πάλιν
3394 389 3665 456 ἐπήγαγε,

2005 469 2269 524 πάντοθεν
2306 476 2454 542 ἡμᾶς
2492 476 2871 545 περιφράττων
2895 515 2908 538 ,
2945 476 3038 527 καὶ
3070 472 3398 543 ἀχειρώτους
3437 474 3668 543 ἐργαζό-

2010 574 2187 627 μενος,
2240 559 2381 613 οὖτω
2425 560 2631 630 λέγων·
2684 562 2871 629 Στῆτε
2918 557 3031 615 οὖν
3071 558 3517 629 περιεζωσμένοι
3551 556 3667 625 τὴν

2007 646 2208 715 ὀσφὺν
2242 648 2412 717 ὑμῶν
2438 648 2509 702 ἐν
2538 650 2805 717 ἀληθείᾳ,
2846 650 2943 705 καὶ
2977 647 3371 718 ἐνδυσάμενοι
3414 647 3524 700 τὸν
3560 646 3666 700 θώ-

1999 750 2159 799 ρακα
2188 732 2298 802 τῆς
2326 736 2581 802 πίστεως
2604 733 2652 802 δ,
2694 738 2789 791 καί
2824 736 3272 805 ὑποδησάμενοι
3296 735 3435 800 τοὺς
3471 733 3667 799 πόδας

2004 820 2074 873 ἐν
2094 821 2403 890 ἑτοιμασίᾳ
2422 822 2529 876 τοῦ
2557 826 2907 893 εὐαγγελίου
2935 823 3046 892 τῆς
3065 812 3327 891 είρήνής,
3351 822 3447 875 ἐπὶ
3471 818 3667 875 πᾶσιν

2006 908 2409 977 ἀναλαϐόντες
2434 911 2543 965 τόν
2587 913 2801 979 θυρεὸν
2835 911 2945 980 τῆς
2976 912 3252 977 πίστεως,
3289 911 3358 964 ἐν
3394 902 3440 975 ᾧ
3482 908 3668 973 δυνή-

2005 1001 2190 1052 σεσθε
2221 997 2419 1052 πάντα
2452 1002 2521 1055 τὰ
2543 1000 2701 1067 ,βέλη
2730 999 2835 1054 τοῦ
2864 1000 3130 1067 πονηροῦ
3167 998 3237 1051 τὰ
3271 996 3666 1065 πεπυρωμένα

2005 1084 2239 1148 σϐέσαι,
2268 1085 2363 1138 καί
2400 1086 2515 1153 τὴν
2545 1088 3011 1155 περικεφαλαίαν
3030 1086 3135 1139 τοῦ
3168 1085 3458 1153 σωτηρίου
3485 1084 3664 1147 δέξα-

2004 1174 2134 1233 σθε,
2170 1172 2267 1225 καὶ
2297 1172 2411 1241 τὴν
2430 1174 2731 1242 μάχαιραν
2753 1174 2857 1227 τοῦ
2892 1176 3249 1242 Πνεύματος,
3290 1174 3323 1225 ὅ
3347 1174 3473 1226 ἐστι
3496 1171 3665 1240 ῥῆμα

2007 1258 2173 1311 Θεοῦ.
2194 1255 2346 1321 Εἶδες
2376 1262 2550 1313 πάντα
2570 1262 2636 1314 τὰ
2669 1262 2802 1332 μέλη
2832 1262 2976 1324 ὅπως
3007 1258 3355 1332 περιέφραξε,
3374 1258 3666 1311 καὶ-καθά-

2006 1362 2113 1415 περ
2143 1363 2227 1409 τις
2256 1347 2335 1409 είς
2364 1348 2597 1418 πόλεμόν
2625 1365 2745 1401 τινα
2775 1348 2984 1418 μέλλων
3009 1348 3317 1416 ἐξαγαγεῖν,
3344 1346 3484 1399 οὕτω
3515 1346 3664 1416 πρῶ-

2004 1449 2096 1486 τον
2129 1434 2226 1503 μὲν
2253 1436 2319 1504 τῇ
2351 1433 2493 1504 ζώνῃ
2538 1435 2892 1503 ἠσφαλίσατο,
2926 1433 3066 1487 ὣστε
3096 1434 3311 1487 εὔκολον
3353 1429 3490 1487 εἶναι
3533 1435 3666 1503 ἡμῖν

2005 1519 2095 1572 τὸν
2124 1519 2341 1591 δρόμον,
2376 1520 2563 1573 ἔπειτα
2612 1522 2703 1575 τὸν
2732 1521 2956 1592 θώρακα
2986 1521 3229 1574 ἐνέδυσεν
3250 1563 3265 1586 ,
3310 1521 3397 1573 ἵνα
3440 1521 3516 1591 μὴ
3559 1521 3666 1571 ὑπὸ

2005 1607 2114 1659 τῶν
2160 1607 2328 1677 βελῶν
2356 1608 2739 1680 πληττώμεθα,
2784 1610 2880 1663 καὶ
2924 1610 3050 1673 τοὺς
3094 1610 3257 1673 πόδας
3307 1609 3662 1679 ἠσφαλίσατο,

2006 1694 2101 1746 καὶ
2129 1695 2461 1764 πανταχόθεν
2484 1698 2548 1766 τῇ
2571 1696 2749 1749 πίστει
2769 1697 3159 1768 περιέφραξενς
3186 1697 3329 1767 Αὕτη
3352 1698 3479 1767 γὰρ,
3500 1696 3664 1767 αῦτη,

2007 1781 2160 1851 φησὶ,
2190 1784 2285 1836 καὶ
2314 1782 2382 1835 τά
2412 1782 2537 1853 βέλη
2567 1782 2660 1837 τοῦ
2696 1784 2933 1855 πονηροῦ
2966 1784 3035 1837 τά
3067 1784 3435 1855 πεπυρωμένα
3472 1785 3667 1836 σϐέσαι

2004 1868 2309 1939 δυνήσεται.
2340 1870 2473 1923 Τίνα
2520 1870 2578 1923 δέ
2611 1872 2724 1923 ἐστι
2766 1871 2860 1924 τοῦ
2893 1871 3137 1925 διαϐόλου
3184 1871 3251 1925 τὰ
3283 1872 3443 1941 βέλη;
3473 1872 3543 1923 At
3572 1887 3667 1922 πο-

2005 1956 2167 2025 νηραὶ
2210 1956 2516 2027 ἐπιθυμίαι,
2548 1959 2595 2009 οί
2642 1958 2940 2029 ἀκάθαρτοι
2985 1958 3251 2028 λογισμοὶ,
3283 1958 3354 2011 τά
3400 1956 3550 2026 πάθη
3599 1957 3666 2009 τὰ

2006 2042 2247 2113 ὀλέθρια,
2288 2043 2478 2114 θυμὸς,
2513 2044 2812 2114 βασκανία,
2841 2046 3059 2115 φθόνος,
3102 2045 3272 2117 ὀργὴ,
3308 2047 3460 2115 μῖσος
3478 2088 3494 2108 φ
3528 2061 3666 2114 χρη-

2010 2129 2193 2199 μάτων
2238 2130 2500 2200 ἐπιθυμία
2547 2133 2639 2184 καὶ
2683 2135 2716 2202 ἡ
2758 2132 2889 2203 άλλη
2922 2133 3108 2186 ἆπασα
3142 2131 3401 2203 ῥᾳθυμία.
3442 2129 3665 2192 Ταῦτα,

2007 2217 2191 2286 φησὶν,
2228 2220 2442 2271 ἅπαντα
2472 2218 2663 2272 σϐέσαι
2693 2220 3039 2289 δυνήσεταιὴ
3087 2221 3328 2290 μάχαιρα
3364 2217 3459 2271 τοῦ
3496 2218 3668 2270 Πνεῦ-

2010 2321 2197 2375 ματος.
2238 2306 2348 2358 Kal
2388 2306 2443 2359 τί
2484 2306 2629 2374 λέγω
2670 2306 2893 2372 σϐέσαι;
2942 2307 3051 2360 Kal
3082 2306 3179 2377 τὴν
3220 2305 3459 2376 κεφαλὴν
3497 2304 3666 2373 αὐτὴν

2004 2392 2098 2443 τοῦ
2125 2392 2382 2463 πολεμίου
2409 2394 2703 2464 ἀποτεμεῖν
2729 2393 3037 2464 δυνήσεται.
3068 2390 3218 2457 Εἶδες
3249 2393 3363 2456 πῶς
3394 2391 3666 2461 ἐνεύρωσε

2004 2479 2130 2541 τοὺς
2161 2479 2666 2551 μαθητευομένους;
2706 2481 2825 2543 πῶς
2862 2481 3033 2551 κηροῦ
3064 2481 3479 2551 μαλακωτέρους
3508 2479 3665 2540 ὄντας

2006 2566 2223 2637 σιδήρου
2258 2569 2642 2640 στερῤοτέρους
2679 2571 3006 2641 εἰργάσατος
3056 2569 3269 2639 Ἐπειδὴ
3303 2567 3412 2637 γάρ
3436 2568 3573 2637 ἡμῖν
3604 2568 3664 2618 ού

2006 2654 2142 2725 πρὸς
2170 2649 2307 2725 αἷμα
2331 2656 2425 2709 καὶ
2454 2657 2631 2727 σάρκα
2655 2657 2684 2709 ὀ
2711 2657 2962 2725 πόλεμος,
2992 2656 3127 2709 ἀλλά
3162 2656 3295 2727 πρὸς
3323 2654 3421 2717 τάς
3442 2655 3667 2724 ἀσωμά-

2004 2757 2131 2804 τους
2162 2740 2439 2812 δυνάμεις,
2487 2743 2574 2796 διά
2606 2743 2763 2797 τοῦτο
2799 2744 2920 2797 οὑδὲ
2963 2743 3033 2797 τά
3083 2743 3220 2797 ὅπλα
3266 2745 3395 2814 ἡμῖν
3427 2742 3665 2812 σαρκικά

2007 2828 2348 2899 περιέθηκεν,
2378 2830 2514 2884 ἀλλά
2556 2831 2734 2884 πάντα
2782 2831 3125 2903 πνευματικά
3145 2870 3160 2895 ,
3192 2831 3285 2884 καὶ
3321 2830 3497 2893 οὓτως
3531 2832 3667 2883 ἀπο·

2006 2916 2308 2983 στίλϐοντα,
2354 2916 2494 2970 ὥστε
2527 2919 2660 2990 μηδὲ
2688 2919 2787 2990 τὴν
2828 2919 2892 2972 ἐκ
2943 2918 3146 2972 τούτων
3178 2918 3369 2989 αἴγλην
3418 2921 3664 2985 ἐνεγκεῖν

2003 3001 2263 3055 δύνασθαι
2293 3003 2386 3056 τὸν
2423 3005 2656 3075 πονηρὸν
2691 3006 2894 3059 ἐκεῖνον
2930 3006 3176 3075 δαίμονα.

2077 3106 2191 3179 [ει]
2211 3114 2269 3170 ς’.
2292 3108 2527 3163 Τοιαῦτα
2544 3109 2721 3163 τοίνυν
2737 3110 2875 3163 ὅπλα
2890 3110 3224 3181 ἐνδεδυμένοι
3256 3111 3329 3182 μὴ
3349 3111 3664 3182 φρίττωμεν

2004 3204 2102 3271 τὴν
2130 3204 2326 3275 πάλην,
2360 3206 2493 3276 μηδὲ
2534 3207 2631 3277 τὴν
2663 3207 2975 3279 συμπλοκὴν
3017 3208 3322 3279 φεύγωμεν,
3363 3209 3499 3262 ἀλλὰ
3530 3212 3665 3279 μηδὲ

2007 3303 2355 3374 ρᾳθυμῶμεν.
2407 3305 2614 3376 Ὥσπερ
2654 3305 2759 3378 γὰρ
2799 3307 3074 3377 νηφόντων
3106 3307 3262 3379 ἡμῶν
3290 3308 3389 3360 οὑκ
3428 3308 3495 3361 άν
3536 3326 3665 3361 ποτε

2006 3400 2340 3470 περιγένοιτο
2375 3404 2403 3456 ὁ
2437 3402 2670 3474 πονηρὸς
2709 3404 2916 3474 δαίμων
2959 3406 3161 3467 ἐκεῖνος
3202 3405 3298 3477 τῆς
3332 3406 3440 3458 τῶν
3488 3405 3666 3460 ὃπλων

2005 3496 2303 3566 δυνάμεως,
2346 3499 2441 3552 ἐάν
2488 3498 2799 3570 βουλώμεθα
2846 3500 3023 3573 ἄκυρα
3069 3502 3232 3555 αὑτοῦ
3282 3505 3505 3575 ποιῆσαι
3552 3505 3663 3564 τὰο

2006 3595 2371 3663 μηχανήματα
2391 3608 2403 3621 ·
2433 3594 2603 3659 οὕτως
2629 3595 2722 3651 ἐὰν
2751 3598 3100 3669 ρᾳθυμῶμεν,
3124 3599 3273 3653 οὐδὲν
3305 3601 3437 3670 ἡμῖν
3472 3600 3665 3669 ὄφελος

2004 3688 2179 3752 ἔσται,
2207 3687 2303 3742 τοῦ
2353 3690 2608 3761 πολεμίου
2646 3693 2746 3763 τῆς
2790 3694 3064 3766 ἡμετέρας
3094 3696 3365 3767 σωτηρίας
3401 3698 3664 3767 διηνεκῶς

2002 3786 2386 3855 ἐγρηγορότος,
2420 3788 2514 3840 καὶ
2544 3788 2720 3841 πάντα
2751 3789 2891 3842 κατά
2923 3791 3020 3861 τῆς
3055 3793 3324 3864 σωτηρίας
3353 3796 3385 3861 ἡ
3396 3794 3512 3862 μῶν
3547 3795 3657 3846 δια·

2002 3874 2402 3942 πραττομένου.
2452 3876 2790 3946 Πανταχόθεν
2824 3877 3001 3931 τοίνυν
3045 3879 3354 3949 ὁπλίζωμεν
3396 3882 3660 3942 ἑαυτοὺς.

2004 3961 2094 4012 καὶ
2142 3962 2402 4031 ῥημάτων
2455 3963 2778 4033 φειδόμενοι,
2823 3965 2917 4017 καὶ
2955 3967 3291 4037 πραγμάτων
3334 3968 3664 4037 ἀπεχόμενοι

2000 4057 2109 4109 τῶν
2144 4057 2397 4127 βλάπτειν
2450 4060 2596 4129 ἡμᾶς
2630 4060 2975 4130 δυναμένων,
3011 4063 3103 4115 καὶ
3141 4063 3277 4132 μετά
3308 4064 3407 4133 τῆς
3450 4065 3663 4134 ἀποχῆς

2000 4143 2109 4197 τῶν
2135 4144 2457 4215 βρωμάτων,
2482 4147 2575 4199 καὶ
2600 4149 2699 4216 τῆς
2724 4147 2887 4217 ἄλλης
2911 4149 3129 4219 ἀρετῆς,
3148 4150 3243 4203 καὶ
3261 4151 3359 4219 τὴν
3384 4153 3511 4222 περὶ
3540 4156 3661 4216 τοὺς

2001 4232 2238 4302 πένητας
2272 4232 2549 4301 δαψίλειαν
2588 4234 3052 4306 ἐπιδεικνυώμεθα
3084 4236 3129 4302 ί,
3172 4238 3370 4302 εἰδότες
3415 4240 3515 4309 ὅση
3565 4240 3662 4309 τῆς

2001 4320 2131 4389 περὶ
2169 4318 2388 4382 τούτους
2428 4320 2721 4391 θεραπείας
2770 4323 2901 4391 ἡμῖν
2946 4322 3183 4377 κείσεται
3222 4327 3255 4394 ἡ
3286 4325 3660 4390 ἀνταπόδοσις.

2011 4405 2075 4458 '0
2117 4406 2224 4474 γὰρ
2268 4405 2488 4471 ἐλεῶν,
2528 4411 2694 4477 φησὶ,
2737 4408 3001 4477 πτωχὸν,
3043 4409 3291 4471 δανείζει
3333 4411 3474 4477 Θεῷ.
3518 4414 3662 4485 Ὅρα

1997 4492 2208 4547 δανείου
2259 4494 2419 4563 φύσιν
2472 4494 2627 4563 ξένην
2684 4495 2774 4547 καὶ
2822 4496 3137 4567 παράδοξον.
3168 4499 3393 4569 Ἕτερός
3443 4501 3592 4553 ἐστιν
3634 4504 3661 4554 ὁ

1998 4582 2308 4653 λαμϐάνων,
2355 4583 2450 4635 καὶ
2495 4582 2679 4654 ἕτερος
2717 4585 2745 4636 ό
2781 4583 2859 4653 τῷ
2906 4584 3098 4655 δανείῳ
3131 4587 3320 4639 ἐαυτὸν
3360 4588 3659 4641 ὑπεύθυνον

1999 4669 2290 4731 καθιστάς·
2325 4669 2418 4720 καὶ
2443 4670 2502 4721 οὑ
2552 4669 2710 4722 τοῦτο
2738 4669 2916 4740 μόνον,
2958 4670 3069 4724 ἀλλ’
3111 4673 3189 4725 ὅτι
3220 4673 3311 4725 ἐπὶ
3336 4675 3528 4727 τούτου
3566 4676 3657 4728 τοῦ

1997 4756 2205 4809 δανείου
2237 4756 2337 4809 οὑκ
2366 4755 2511 4809 ἔστιν
2544 4757 2935 4828 ἀγνωμοσύνην
2965 4758 3279 4829 ὑποστῆναι,
3310 4761 3429 4814 οὐδὲ
3470 4763 3657 4835 ἑτέραν

1996 4844 2119 4898 τινὰ
2161 4842 2381 4913 ζημίαν.
2414 4843 2547 4895 Οὐδὲ
2598 4843 2737 4915 γάρ,
2773 4844 3020 4917 καθάπερ
3051 4845 3313 4911 ἐνταῦθα,
3363 4849 3657 4919 ἑκατοστὴν

2001 4930 2159 5000 μόνον
2187 4930 2525 4999 ὑπισχνεῖται
2551 4929 2739 4984 δώσειν
2761 4933 2806 4998 8,
2834 4931 2968 4985 ἀλλά
2998 4933 3526 4988 ἑκατονταπλασίονα
3551 4938 3655 4989 τῶν

1995 5017 2307 5087 διδομένων,
2347 5018 2439 5069 καὶ
2470 5016 2589 5070 οὑδὲ
2619 5018 2781 5088 μέχρι
2812 5018 3002 5073 τούτου
3044 5020 3276 5087 ἵσταται,
3308 5023 3445 5077 ἀλλά
3488 5024 3656 5077 ταῦτα

2000 5106 2095 5173 μὲν
2118 5107 2175 5157 ἐν
2208 5102 2285 5173 τῷ
2308 5104 2555 5175 παρόντι,
2578 5106 2670 5157 καὶ
2708 5107 2765 5157 ἐν
2790 5105 2867 5176 τῷ
2898 5106 3142 5176 μέλλοντι
3170 5108 3224 5161 δὲ
3253 5107 3397 5181 ζωὴν
3421 5113 3654 5166 αἰώνιον.

1996 5192 2105 5244 Kal
2134 5190 2225 5243 ἐπὶ
2281 5191 2379 5261 μὲν
2411 5190 2504 5244 τοῦ
2556 5194 2818 5263 παρόντος
2852 5193 2964 5262 βίου
3012 5196 3061 5248 εί
3100 5213 3181 5258 τις
3226 5198 3358 5267 ἡμῖν
3394 5198 3658 5269 ὑπέσχετο

1994 5280 2309 5335 διπλασίονα
2345 5282 2503 5352 μόνον
2534 5280 2644 5333 τῶν
2691 5282 2977 5353 διδομένων
3012 5284 3099 5352 ὑφ’
3142 5284 3299 5355 ἡμῶν
3330 5292 3653 5358 παρασχεῖν,

1997 5370 2287 5441 προθύμως
2326 5370 2392 5423 ἂν
2417 5370 2632 5432 ἀπασαν
2660 5372 2816 5442 ἡμῶν
2849 5374 2943 5445 τὴν
2978 5374 3206 5445 ὓπαρξιν
3237 5379 3654 5451 προσηκάμεθα,

2058 5510 2083 5551 ἀ
2105 5512 2302 5577 (ξῼὶειὶη.
2326 5514 2406 5577 τὸν
2433 5514 2624 5577 θώρακα
2646 5522 2728 5572 τῆς
2754 5517 3067 5574 δικαιοσύνης.

2063 5573 2186 5640 e_S‘ic
2206 5574 2436 5640 quinqp‘e‘
2464 5573 2579 5624 mss.
2605 5583 2657 5640 et
2688 5579 2836 5640 ξείνη.
2867 5573 3033 5627 Morel.
3076 5600 3085 5626 :
3134 5580 3391 5640 δυνάμεως,
3436 5583 3541 5630 ἀλλ’
3581 5583 3654 5631 ἐὰν

2001 5636 2381 5701 βου).ιξ›μεθα,καὶ
2410 5638 2560 5700 ἄκυρα
2578 5638 2723 5687 αὑτοῦ
2750 5641 3009 5701 ποιήσομεν
3030 5643 3107 5687 τά.

2068 5696 2085 5761 ξ
2111 5696 2323 5761 (ξοιυετι.
2346 5696 2619 5761 ιιιγίζυίειίιι.
2644 5696 3009 5761 ἐπιδεικνύμεθα.

2066 5759 2087 5793 ε
2112 5758 2229 5819 Ιίοε.
2262 5766 2312 5819 ει
2338 5759 2531 5809 ίῖοἱγιὶῐι.
2559 5764 2850 5823 ὑπισχνεῖται
2881 5758 3031 5811 ῆὸόσιν.
3067 5766 3159 5813 Alii
3187 5766 3375 5815 δώσειν
