3752 6250
69 210 141 267 37
1206 211 1270 267 IN
1308 212 1459 268 CAP.
1502 212 1540 268 1.
1582 212 1824 270 GENES.
1867 213 2094 271 IIOMIL.
2138 216 2224 273 Ill.
2582 246 2585 247 ν
3267 231 3334 287 53

70 322 139 376 sb
164 337 349 379 errore
368 321 433 377 ad
447 322 743 384 veritatem,
761 322 852 385 ait,
874 321 1265 388 manuduxerit,
1284 324 1364 378 vel
1385 339 1413 377 a
1434 333 1652 393 peccato

70 415 137 468 ad
169 425 419 471 virtutem
451 417 747 486 proximum
776 414 1060 477 induxerit.
1093 429 1188 484 pro
1216 414 1352 469 virili
1384 424 1533 484 parte
1555 416 1650 469 hu-

66 521 227 562 mana
256 524 345 564 me
370 508 627 564 imitatur.
657 508 864 563 Etenim
887 507 998 578 ipse
1023 522 1142 562 cum
1168 508 1305 562 Deus
1324 508 1410 570 sit,
1432 517 1652 577 propter

68 598 201 652 nihil
224 600 368 654 aliud
396 609 631 654 nostram
655 598 825 653 induit
851 614 1087 663 carnem,
1112 608 1168 653 et
1194 609 1409 667 propter
1432 598 1649 653 humani

66 691 279 758 generis
320 691 550 745 salutem
592 689 762 744 factus
787 700 869 744 est
907 690 1086 744 homo.
1119 688 1224 745 Sed
1263 689 1387 756 quid
1429 704 1529 760 ego
1555 704 1653 743 no-

65 790 231 834 stram
273 780 424 836 illum
453 780 687 835 induisse
729 795 942 836 carnem
971 780 1112 846 dico,
1149 789 1447 850 caeteraque
1472 781 1650 835 omnia

62 872 392 928 sustinuisse
437 872 685 937 humana,
716 871 929 941 quando
963 871 1122 925 etiam
1150 885 1366 926 erucem
1396 871 1648 941 suscepit,

64 973 119 1015 ut
134 979 237 1018 nos
258 973 481 1034 peccato
505 964 763 1018 obnoxios
786 978 814 1017 a
841 962 1121 1019 maledicto
1147 964 1436 1019 liberaret?
1464 964 1529 1018 Et
1550 963 1650 1018 hoc

62 1071 276 1125 quoque
322 1056 516 1111 Paulus
565 1054 779 1122 clamat,
824 1055 1049 1109 dicens:
1101 1053 1325 1109 Christus
1371 1070 1462 1109 nos
1504 1054 1650 1108 rede-

64 1149 154 1200 mit
202 1165 236 1201 α
284 1148 553 1202 maledicto
599 1148 743 1219 legis,
786 1152 949 1219 factus
998 1163 1089 1217 pro
1142 1146 1282 1201 nobis
1329 1146 1650 1201 maledictum

64 1239 205 1311 (Gal.
242 1241 297 1295 3.
329 1242 441 1309 15).
469 1240 522 1295 Si
553 1240 712 1311 igitur
741 1240 872 1309 ipse,
896 1240 983 1310 qui
1015 1240 1152 1294 Deus
1181 1249 1263 1294 est
1286 1249 1341 1295 et
1369 1239 1651 1295 inell‘abilis

62 1333 353 1396 essentia,
397 1333 469 1387 ob
520 1333 900 1403 benignitatem
943 1332 1259 1388 inell‘abilem
1312 1333 1426 1391 haec
1473 1334 1649 1390 omnia

62 1433 286 1491 propter
332 1439 432 1479 nos
473 1433 526 1478 et
564 1434 780 1494 propter
821 1425 1046 1479 salutem
1086 1434 1322 1479 nostram
1368 1427 1644 1496 suscepit:

61 1514 189 1583 quid
223 1530 333 1569 non
380 1531 412 1569 a
466 1516 615 1571 nobis
644 1532 854 1586 aequum
882 1526 962 1571 est
986 1524 1240 1586 prrestare
1266 1533 1389 1588 erga
1415 1532 1529 1583 eos,
1560 1519 1650 1588 qui

59 1608 273 1677 cognati
301 1617 430 1663 sunt
453 1623 515 1664 ac
534 1608 771 1663 membra
801 1619 1002 1672 nostra,
1025 1619 1083 1663 ut
1108 1619 1322 1679 ereptos
1339 1625 1431 1665 eos
1455 1625 1520 1665 ex
1540 1610 1653 1665 dia-

61 1696 165 1751 boli
214 1696 483 1764 faucibus,
515 1698 567 1752 in
596 1698 733 1752 viam
774 1698 989 1752 virtutis
1018 1698 1377 1754 inducamus?
1418 1699 1550 1754 Nam
1593 1708 1653 1755 ut

60 1788 241 1843 anima
281 1803 514 1859 corpore
542 1789 877 1858 praestantior
903 1798 1003 1854 est,
1037 1790 1107 1844 ita
1138 1790 1220 1856 iis,
1247 1791 1337 1860 qui
1365 1790 1650 1861 indigenti-

62 1882 160 1937 bus
207 1884 474 1953 pecunias
519 1891 574 1938 et
616 1883 891 1937 facultates
941 1883 1306 1953 suppeditant,
1360 1884 1650 1954 majoribus

62 1979 300 2042 praemiis
346 1972 494 2045 digni
541 1984 664 2030 sunt
705 1974 762 2042 ii,
806 1975 894 2045 qui
940 1975 1278 2030 admonendo
1313 1984 1368 2030 et
1397 1976 1648 2032 continue

60 2068 309 2124 docendo
336 2068 389 2123 in
419 2069 558 2122 viam
587 2078 788 2123 rectam
818 2067 1035 2137 supinos
1060 2077 1113 2121 et
1128 2068 1342 2123 desides
1373 2068 1647 2136 inducunt,

60 2158 419 2214 monstrando
446 2159 524 2214 eis
557 2169 612 2213 et
634 2158 881 2212 vitiorum
910 2156 1303 2213 deformitatem
1333 2198 1348 2225 ,
1379 2167 1433 2214 et
1454 2158 1649 2216 divinae

60 2251 277 2306 virtutis
302 2266 551 2322 magnam
578 2249 1020 2320 pulchritudinem
1045 2248 1085 2303 ³.

126 2345 183 2401 5.
218 2342 441 2398 Moralis
491 2344 791 2398 exhortatio.
836 2373 907 2382 —
952 2344 1075 2398 llaec
1114 2342 1273 2413 igitur
1303 2343 1480 2397 omnia
1518 2358 1641 2399 cum

59 2437 315 2502 sciamus,
343 2453 453 2506 pra:
478 2437 723 2491 omnibus
749 2436 868 2491 aliis
886 2436 1041 2506 hujus
1066 2437 1186 2491 vita:
1207 2437 1349 2491 curis
1380 2436 1447 2491 de
1474 2436 1646 2491 salute

59 2532 250 2584 anima:
282 2530 557 2599 proximos
596 2530 947 2599 alloquamur,
979 2528 1223 2584 eamdem
1252 2528 1355 2583 illis
1396 2529 1647 2583 sollicitu-

59 2624 236 2678 dinem
264 2622 591 2692 ingerentes.
623 2621 864 2691 Optabile
892 2620 1033 2676 enim
1062 2660 1078 2687 ,
1111 2621 1340 2690 optabile
1372 2621 1546 2691 plane,
1591 2629 1651 2675 ut

59 2714 257 2780 anima,
292 2712 379 2766 cui
430 2710 544 2765 haec
582 2712 834 2766 continuo
884 2710 1236 2776 inculcantur,
1269 2710 1437 2781 possit
1465 2710 1649 2766 reduci

58 2818 125 2857 ex
164 2802 365 2872 abysso
392 2802 680 2868 malorum,
710 2801 761 2855 in
795 2816 1019 2871 quorum
1053 2801 1231 2856 medio
1275 2816 1570 2867 versamur,
1599 2808 1654 2857 et

57 2910 409 2964 compescere
450 2894 777 2960 affectuum,
824 2894 912 2963 qui
966 2902 1225 2963 perpetuo
1271 2892 1504 2947 animam
1557 2907 1656 2948 no-

59 2998 225 3040 stram
270 2985 548 3047 infestant,
593 2985 957 3040 rebellionem.
988 2983 1191 3039 Idcirco
1235 2984 1388 3039 nobis
1413 2999 1546 3054 opus
1572 2993 1655 3040 est

58 3092 250 3147 magna
294 3077 591 3148 vigilantia,
628 3076 881 3146 quoniam
919 3084 972 3131 et
1012 3075 1324 3130 continuum
1368 3076 1524 3130 nobis
1569 3084 1654 3131 est

62 3170 285 3233 bellum,
333 3177 391 3224 et
439 3168 665 3223 induciae
705 3168 867 3223 nulla:
898 3185 910 3221 :
942 3167 1167 3236 ideoque
1206 3166 1401 3222 Paulus
1442 3167 1653 3222 dicebat

60 3264 311 3335 Ephesiis
352 3264 596 3319 scribens
637 3281 651 3318 :
683 3262 803 3317 Non
830 3272 900 3316 est
933 3262 1076 3317 nobis
1105 3262 1394 3317 colluctatio
1414 3261 1653 3319 adversus

56 3359 359 3428 sanguinem
388 3366 435 3410 et
478 3374 702 3423 carnem,
730 3356 818 3411 sed
846 3356 1080 3410 adversus
1106 3356 1437 3428 principatus,
1467 3356 1649 3411 adver-

56 3468 138 3504 sus
158 3460 456 3520 potestates,
484 3450 724 3503 adversus
767 3448 942 3501 mundi
971 3449 1221 3513 dominos,
1252 3458 1466 3503 rectores
1512 3458 1652 3502 tene-

55 3542 262 3594 brarum
300 3542 475 3595 πευιὶ
506 3541 679 3612 hujus,
711 3540 954 3593 adversus
981 3539 1269 3611 spirituales
1312 3540 1555 3608 nequitias
1599 3541 1654 3595 in

56 3633 337 3686 caestibus
364 3630 585 3701 (Ephes.
618 3630 671 3685 6.
705 3631 816 3699 12).
850 3628 926 3685 Ne
951 3630 1289 3696 existimetis,
1320 3631 1413 3696 ait,
1438 3630 1654 3700 vulgare

59 3722 206 3777 nobis
233 3731 516 3777 certamen
546 3722 767 3790 proponi
800 3738 814 3775 :
845 3736 950 3775 non
981 3719 1239 3775 adversus
1286 3719 1526 3789 ejusdem
1554 3736 1653 3791 ge-

56 3815 195 3870 neris
224 3814 575 3870 adversarios
604 3813 756 3868 nobis
782 3821 865 3869 est
888 3820 1181 3878 certamen,
1214 3827 1386 3883 neque
1413 3828 1479 3868 ex
1500 3827 1654 3882 sequo

57 3908 332 3962 exercitus
359 3915 549 3961 noster
578 3906 867 3961 instructus
895 3914 999 3959 est.
1030 3904 1137 3959 Nos
1166 3905 1306 3959 enim
1342 3906 1431 3975 qui
1462 3920 1655 3974 corpo-

58 4002 198 4056 ’ἴδας
223 4014 424 4056 sumus
450 4000 673 4064 annexi,
707 4000 755 4052 in
793 4013 909 4053 acie
936 3998 1182 4053 collocati
1215 4012 1418 4062 sumus,
1450 4007 1506 4052 ut
1531 4013 1653 4053 cum

58 4091 403 4161 incorporeis
428 4090 714 4145 virtutibus
745 4089 1092 4158 conﬂigamus
1123 4105 1135 4141 :
1162 4088 1257 4143 sed
1284 4104 1352 4143 ne
1384 4089 1652 4143 timeatis:

54 4200 173 4238 nam
201 4184 337 4238 licet
366 4181 652 4251 inaequalis
695 4179 765 4235 sit
804 4194 999 4250 pugna,
1046 4194 1235 4247 magna
1268 4188 1443 4233 tamen
1473 4194 1655 4233 armo-

56 4291 173 4329 rum
200 4283 525 4329 noslrorum
546 4273 713 4325 virtus
737 4282 838 4327 est.
870 4271 1153 4341 Subjungit
1178 4271 1319 4324 enim
1349 4271 1483 4337 hare,
1506 4271 1656 4339 quasi

52 4366 259 4422 diceret
284 4383 299 4418 :
324 4365 593 4433 Quoniam
611 4365 832 4418 novistis
857 4364 1085 4418 hostium
1112 4374 1374 4428 naturam,
1399 4380 1465 4418 ne
1482 4365 1659 4419 animo

53 4458 379 4524 concidatis,
410 4472 477 4512 ne
503 4457 812 4526 torpescatis
828 4456 893 4509 ad
913 4471 1164 4526 pugnam;
1188 4455 1304 4520 sed,
1334 4455 1549 4526 Propter
1568 4457 1660 4511 hoc

54 4552 623 4620 suscipitearmatnram
640 4548 811 4615 Dei,ut
823 4549 1019 4616 possitis
1034 4548 1258 4602 resistere
1271 4548 1465 4602 insidiis
1477 4548 1663 4603 diaboli

55 4644 280 4714 (Ephes.
324 4644 385 4699 6.
417 4641 530 4711 ll).
560 4641 735 4695 Multae
787 4640 929 4695 enim
971 4640 1087 4709 ejus
1134 4649 1258 4693 sunt
1293 4638 1517 4703 insidiae,
1553 4639 1656 4695 hoc

54 4745 138 4788 est
164 4737 296 4801 vise,
330 4749 432 4805 per
468 4748 603 4803 quas
625 4731 1037 4801 negligentiores
1066 4730 1404 4801 supplantare
1430 4731 1616 4784 nititur
1644 4746 1660 4785 :

56 4840 191 4894 quas
234 4824 533 4894 diligenter
561 4836 887 4893 cognoscere
910 4836 1085 4891 Operae
1111 4821 1338 4890 pretium
1366 4829 1465 4885 est,
1498 4821 1565 4874 ita
1600 4829 1659 4875 ut

58 4918 387 4987 eﬂ'ugiamus
404 4915 522 4985 ejus
540 4922 780 4978 conatus,
803 4922 857 4967 et
877 4913 1080 4967 nullum
1105 4912 1205 4982 ipsi
1228 4912 1521 4981 ingressum
1544 4926 1666 4982 per-

60 5010 361 5062 mittamus.
378 5006 522 5074 Quin
536 5014 591 5061 et
606 5006 798 5074 lingua:
813 5003 1039 5073 diligens
1050 5002 1293 5058 habenda
1305 5012 1385 5058 est
1402 5002 1664 5070 custodia,

62 5112 113 5153 et
130 5101 274 5155 oculi
302 5098 586 5154 muniendi
612 5105 756 5163 sunt,
779 5106 833 5151 et
857 5111 1006 5151 mens
1021 5094 1313 5165 purganda,
1337 5103 1389 5150 et
1408 5104 1664 5165 perpetuo

65 5192 127 5245 ad
160 5206 399 5263 pugnam
443 5199 665 5261 paratos
696 5202 813 5241 esse
860 5187 1133 5249 convenit,
1175 5186 1325 5256 quasi
1351 5185 1456 5240 fera
1486 5185 1663 5253 aliqua

67 5298 163 5337 nos
192 5282 457 5347 invadat,
492 5290 545 5335 et
571 5278 767 5334 laedere
792 5286 1033 5332 conetur.
1071 5276 1295 5345 PrOpter
1322 5274 1465 5345 quod
1506 5274 1666 5329 caele-

66 5378 161 5431 suis
190 5377 281 5432 illa
298 5376 505 5440 anima,
534 5372 724 5427 doctor
744 5371 999 5441 gentium,
1027 5370 1201 5438 lingua
1219 5368 1382 5432 orbis,
1412 5367 1540 5421 nihil
1563 5382 1662 5421 nor

70 5482 235 5538 agens
258 5483 363 5537 pro
389 5467 570 5523 salute
601 5463 1003 5534 discipulorum,
1035 5470 1314 5532 postquam
1345 5460 1496 5527 dixit,
1531 5459 1649 5513 Acci

132 5645 147 5673 τ
180 5650 407 5714 exituque
594 5642 764 5692 bonum
784 5640 993 5700 adorem,
1021 5651 1123 5702 pro,
1150 5631 1573 5702 pulchritudinem.

1764 335 1869 394 ptte
1886 337 2200 382 armaturam
2242 328 2337 384 Dei
2360 346 2378 393 ;
2407 329 2597 387 iterum
2626 329 2863 404 subiicit,
2890 345 2944 391 et
2972 352 3069 394 nos
3098 341 3331 413 undique

1757 416 2023 485 muniens,
2076 429 2127 474 et
2178 422 2399 476 invictos
2446 422 2667 490 faciens,
2700 426 2779 483 sic
2800 428 2929 483 dicit
2967 448 2981 485 :
3018 430 3162 487 State
3179 434 3334 505 igitur

1756 507 1966 561 accincti
2013 510 2195 566 lumbis
2234 515 2407 568 vestris
2444 516 2497 569 in
2538 519 2773 586 ueritate,
2803 529 2848 573 et
2874 522 3039 575 induti
3080 526 3334 581 thoracem

1756 599 1877 667 fidei
1903 599 1942 664 ⁸,
1971 609 2017 653 et
2043 603 2250 657 calceati
2290 606 2437 674 pedes
2474 617 2659 663 vestros
2682 611 2733 663 in
2766 616 3134 682 prwparatione
3175 633 3331 671 evan-

1755 690 1873 760 gelii
1915 692 2071 761 pacis.
2119 692 2185 747 In
2233 696 2459 751 omnibus
2501 702 2737 755 assumite
2759 712 2955 757 scutum
2989 705 3129 771 ﬁdet,
3156 708 3208 761 in
3236 726 3336 776 quo

1755 783 1956 852 possitis
1992 784 2161 838 omnia
2193 786 2293 839 tela
2335 788 2474 842 illius
2516 790 2675 860 ignita
2700 796 3030 866 exstinguere.
3060 809 3107 853 et
3130 801 3332 871 galeam

1755 872 1994 927 salutaris
2022 875 2249 943 accipite,
2272 884 2318 929 ct
2343 876 2569 945 gladium
2600 880 2841 949 Spiritus,
2872 887 3006 953 quod
3030 897 3102 941 est
3129 890 3331 945 verbum

1755 961 1851 1018 Dei
1898 962 2111 1035 (Ephes.
2152 966 2203 1021 6.
2252 966 2484 1039 14-17).
2535 969 2724 1026 Vidisti
2777 976 3044 1043 quomodo
3092 982 3329 1036 omnium

1756 1056 1995 1110 membra
2038 1058 2355 1124 muniverit,
2386 1070 2439 1114 et
2463 1061 2611 1130 quasi
2653 1063 2703 1116 in
2737 1066 2973 1131 praelium
3023 1084 3329 1139 egressuros

1757 1145 1984 1213 primum
2011 1161 2144 1202 zona
2169 1149 2367 1219 cingat,
2393 1165 2500 1220 quo
2531 1153 2895 1221 expeditiores
2918 1158 3084 1214 simus
3124 1162 3188 1215 ad
3210 1177 3331 1218 cur-

1756 1249 1907 1301 sum;
1940 1236 2061 1291 dein
2102 1238 2285 1293 induat
2310 1255 2408 1295 nos
2449 1240 2687 1309 thorace,
2714 1259 2782 1299 ne
2810 1261 2839 1299 a
2862 1246 3053 1316 jaculis
3082 1252 3333 1307 vulnere-

1756 1342 1893 1392 mur,
1928 1327 2021 1383 sed
2043 1338 2097 1384 et
2123 1329 2285 1398 pedes
2312 1332 2554 1396 munivit,
2586 1341 2641 1387 et
2665 1336 2900 1406 undique
2926 1342 3153 1395 armavit
3181 1342 3283 1397 lide
3302 1345 3330 1397 ἓ

1757 1417 1903 1485 Ηιιιο,
1937 1419 2031 1484 ait,
2080 1419 2194 1474 haec
2220 1420 2381 1489 ignita
2407 1422 2509 1477 tela
2539 1423 2709 1479 hostis
2744 1428 3081 1498 exstinguere
3113 1435 3327 1501 poterit.

1754 1508 2007 1577 Quaenam
2030 1519 2206 1565 autem
2226 1521 2350 1566 sunt
2380 1513 2483 1567 tela
2510 1513 2745 1570 diaboli?
2771 1517 2921 1573 Mala:
2946 1523 3328 1591 concupiscen-

1758 1600 1863 1666 tiae,
1893 1600 2177 1656 immundm
2195 1604 2571 1673 cogitationes,
2588 1609 2873 1677 perniciosi
2896 1610 3135 1677 allectus,
3161 1614 3327 1683 furor,

1756 1691 2067 1757 invidentia,
2099 1693 2315 1761 invidia,
2340 1695 2439 1763 ira,
2462 1696 2667 1763 odium,
2689 1702 2928 1768 pecuniae
2949 1707 3330 1775 concupiscen-

1758 1785 1848 1851 tia,
1876 1793 1933 1841 et
1967 1794 2159 1841 caetera
2184 1784 2357 1843 Omnis
2386 1788 2610 1858 ignavia.
2644 1791 2787 1857 Hac,
2814 1794 2906 1859 ait,
2935 1798 3111 1851 omnia
3136 1800 3334 1854 exstin-

1754 1890 1918 1945 gnere
1954 1876 2147 1945 poterit
2189 1878 2396 1948 gladius
2436 1879 2680 1951 Spiritus.
2711 1882 2779 1939 Et
2804 1884 2929 1954 quid
2958 1887 3097 1954 dico,
3124 1892 3331 1944 exStin-

1755 1966 1955 2036 gnere?
1999 1966 2173 2021 Etiam
2214 1968 2383 2036 ipsum
2428 1968 2597 2024 hostis
2637 1983 3089 2044 caputamputare
3113 1978 3330 2035 valebit.

1760 2058 1945 2113 Vidisti
1988 2060 2257 2129 quomodo
2285 2062 2552 2117 roboravit
2583 2063 2869 2133 discipulos
2894 2068 2918 2121 ?
2945 2070 3212 2137 quomodo
3240 2089 3335 2129 eos

1754 2160 1909 2206 antea
1933 2166 2055 2206 cera
2078 2152 2373 2219 molliores,
2403 2153 2542 2209 ferro
2564 2153 2810 2211 fortiores
2832 2157 3003 2212 elfecit
3024 2160 3047 2212 ?
3071 2160 3332 2226 Quoniam

1754 2236 1896 2298 enim
1922 2244 2077 2299 nobis
2100 2244 2293 2299 bellum
2311 2254 2412 2308 est,
2444 2260 2548 2300 non
2571 2245 2824 2302 adversus
2870 2265 3085 2306 carnem
3111 2262 3165 2307 et
3205 2267 3333 2307 san-

1754 2334 1987 2405 guinem,
2007 2334 2099 2389 sed
2116 2335 2370 2390 adversus
2388 2337 2725 2405 incorporeas
2746 2338 2968 2395 virtutes
2988 2359 3000 2393 :
3031 2342 3149 2397 ideo
3166 2358 3337 2411 neque

1756 2424 2056 2480 carnalibus
2077 2439 2175 2481 nos
2201 2426 2366 2482 armis
2382 2429 2624 2496 munivit,
2656 2429 2748 2484 sed
2775 2446 2921 2485 arma
2951 2442 3126 2487 nostra
3159 2436 3337 2490 omnia

1758 2517 2054 2588 Spiritualia
2100 2527 2243 2583 sunt,
2293 2520 2371 2575 sic
2413 2520 2692 2588 radiantia,
2742 2534 2799 2578 ut
2845 2539 3030 2580 eorum
3072 2526 3331 2599 fulgorem

1757 2610 1968 2668 daemon
1999 2613 2085 2667 ille
2110 2612 2281 2668 malus
2306 2612 2445 2669 ferre
2472 2624 2720 2684 nequeat.

1829 2707 1883 2761 6.
1916 2706 2135 2762 Talibus
2169 2707 2328 2777 igitur
2363 2708 2527 2762 armis
2554 2708 2758 2771 induti,
2788 2725 2856 2765 ne
2894 2711 3205 2767 horreamus
3234 2729 3333 2783 pu-

1758 2813 1939 2869 gnam,
1988 2814 2055 2853 ne
2099 2799 2358 2869 fugiamus
2395 2790 2779 2870 congressum;
2825 2802 2918 2855 sed
2962 2818 3133 2871 neque
3166 2805 3338 2874 ignavi

1763 2890 1953 2944 simus.
1983 2888 2115 2943 Nam
2168 2890 2325 2955 sicut,
2356 2890 2509 2944 nobis
2542 2890 2895 2961 vigilantibus,
2945 2893 3206 2963 malignus
3231 2895 3341 2950 dae-

1757 2995 1884 3035 mon
1913 2994 2201 3051 numquam
2228 2995 2497 3035 armorum
2530 2991 2831 3036 nostrorum
2872 2983 3047 3037 virtuti
3081 2986 3337 3054 praevale-

1762 3071 1858 3137 bit,
1887 3070 1933 3126 si
1965 3072 2286 3127 voluerimus
2316 3072 2492 3126 irritas
2516 3071 2692 3128 facere
2719 3074 2834 3142 ejus
2862 3075 3338 3141 machinationes’:

1757 3157 1835 3211 sic
1887 3156 1932 3211 si
1978 3154 2193 3211 desides
2236 3156 2508 3221 fuerimus,
2565 3157 2710 3211 nulla
2750 3158 2904 3212 nobis
2952 3160 3148 3215 utilitas
3201 3163 3339 3230 erit;

1758 3247 2184 3319 quandoquidem
2206 3246 2450 3302 inimicus
2471 3248 2655 3302 salutis
2682 3257 2879 3303 nostrae
2910 3266 3195 3320 numquam
3216 3252 3343 3307 dor-

1758 3339 1927 3404 mitat,
1952 3348 2007 3394 et
2026 3338 2226 3407 omnia,
2255 3354 2373 3409 quae
2402 3339 2560 3394 saluti
2592 3349 2787 3395 nostra:
2822 3341 3034 3409 obsunt,
3065 3353 3336 3413 cperatur.

1761 3430 2005 3500 Undique
2052 3429 2213 3500 igitur
2262 3444 2531 3485 armemus
2592 3445 2690 3485 nos
2736 3431 2881 3500 ipsos
2917 3474 2933 3499 ,
2984 3440 3040 3489 et
3081 3451 3110 3489 a
3162 3437 3344 3492 verbis

1761 3529 2142 3590 temperemus,
2173 3528 2228 3575 et
2266 3520 2333 3575 ab
2379 3521 2629 3590 Operibus
2674 3522 3052 3588 abstineamus,
3103 3542 3221 3595 quae
3247 3541 3347 3583 nos

1760 3610 1956 3666 laedere
2002 3619 2257 3681 possunt;
2311 3618 2366 3666 et
2410 3626 2534 3665 cum
2584 3610 2904 3666 abstinentia
2943 3628 2974 3667 a
3024 3614 3176 3681 cibis,
3234 3625 3346 3670 tum

1758 3701 1982 3756 aliarum
2009 3700 2262 3756 virtutum
2288 3740 2306 3769 ,
2354 3708 2463 3755 tum
2494 3701 2822 3756 liberalitatis
2852 3704 2903 3757 in
2935 3720 3193 3774 pauperes
3219 3722 3345 3777 spe-

1759 3792 1931 3848 cimen
1958 3791 2304 3848 exliibeamus
2335 3809 2348 3846 :
2376 3791 2604 3847 scientes
2641 3803 2835 3862 quanta
2868 3795 3021 3849 nobis
3050 3812 3255 3851 merces
3275 3796 3347 3852 ob

1759 3897 1942 3938 curam
1972 3883 2076 3936 illis
2092 3882 2379 3937 eahibitam
2410 3883 2637 3950 reposita
2663 3883 2748 3936 sit.
2768 3882 2919 3945 Nam,
2945 3883 3045 3950 Qui
3065 3887 3342 3950 miseretur,

1761 3975 1870 4041 ait,
1916 3974 2158 4045 pauperi,
2209 3975 2481 4045 [teneratur
2524 3972 2632 4037 D_eo
2687 3973 2881 4042 (Prov.
2914 3975 3155 4047 19.17).
3217 3978 3350 4035 Vide

1764 4080 1939 4120 usum
1965 4080 2141 4119 raram
2169 4072 2409 4118 naturam
2430 4104 2446 4129 ,
2478 4072 2534 4118 et
2560 4064 2946 4120 admirabilem.
2977 4067 3126 4123 Alius
3152 4079 3233 4123 est
3259 4070 3351 4139 qui

1762 4158 1973 4224 accipit,
2006 4165 2060 4212 et
2084 4157 2218 4212 alius
2239 4157 2326 4225 qui
2358 4170 2418 4210 se
2446 4155 2625 4211 dando
2654 4155 2842 4212 ftenori
2869 4158 3154 4213 obnoxium
3185 4162 3307 4216 facit
3332 4178 3347 4227 ;

1765 4265 1937 4319 neque
1981 4250 2083 4304 hoc
2126 4249 2296 4303 solum
2334 4247 2702 4317 spectandum,
2751 4248 2844 4303 sed
2894 4251 3053 4305 etiam
3102 4253 3242 4321 quod
3297 4254 3350 4308 in

1768 4342 1870 4396 hoc
1916 4356 2090 4395 usurae
2128 4354 2324 4409 genere
2369 4354 2545 4408 neque
2574 4339 2835 4408 ingratum
2863 4341 3132 4407 animum,
3179 4358 3353 4412 neque

1767 4433 1932 4487 ullum
1955 4431 2095 4486 aliud
2118 4430 2368 4485 damnum
2386 4430 2743 4499 experiamur.
2768 4431 2949 4501 Neque
2975 4432 3137 4496 enim,
3161 4450 3351 4502 quem-

1767 4523 2051 4579 admodum
2082 4522 2189 4589 hic,
2231 4523 2574 4578 centesimam
2622 4522 2695 4594 (a)
2747 4523 2919 4578 solum
2953 4526 3230 4594 promittit,
3257 4527 3352 4581 sed

1768 4616 2018 4686 centuplo
2056 4615 2205 4684 plura
2235 4614 2397 4680 datis,
2431 4629 2531 4669 nec
2556 4614 2729 4694 solum
2760 4616 3011 4685 centuplo
3038 4616 3206 4685 plura,
3256 4618 3352 4673 sed

1769 4710 1885 4764 haec
1912 4709 2106 4764 dantur
2135 4708 2187 4763 in
2213 4707 2462 4778 praesenti
2503 4707 2630 4771 vita,
2684 4707 2737 4760 in
2783 4707 2960 4761 futuro
3011 4718 3193 4763 autem
3247 4710 3351 4764 vita

1770 4813 1990 4858 aeterna.
2046 4801 2111 4855 Et
2150 4801 2202 4855 in
2251 4800 2497 4870 przesenti
2547 4798 2758 4868 quidem
2788 4799 2911 4864 vita,
2956 4801 3001 4856 si
3037 4802 3156 4870 quis
3200 4803 3355 4857 nobis

1772 4895 1941 4950 solum
1970 4892 2196 4962 duplicia
2240 4891 2580 4960 polliceretur
2610 4904 2706 4960 pro
2743 4889 2805 4944 iis
2843 4906 2962 4959 qum
2989 4906 3019 4945 a
3046 4892 3197 4947 nobis
3223 4892 3356 4947 dan-

1773 4998 1880 5056 tur,
1914 4986 2081 5057 parati
2120 5000 2359 5040 essemus
2389 4982 2463 5038 illi
2492 4997 2702 5038 omnem
2734 4991 2966 5038 nostram
3005 4983 3354 5042 substantiam

1839 5190 1855 5222 ί
1892 5185 2102 5249 Coislin.,
2127 5178 2340 5241 iustitiaz,
2368 5192 2471 5249 pro,
2497 5177 2630 5249 ﬁdei.

1840 5254 1860 5284 ³
1894 5237 2204 5313 Sic_quinque
2225 5237 2407 5313 Mssici
2431 5237 2572 5313 Savil.
2597 5248 2649 5310 tn
2686 5237 2847 5313 aiore].
2869 5241 3117 5313 autemnita
3141 5239 3357 5313 legem.

1774 5321 1856 5367 ωι-
1881 5326 1893 5361 ;
1929 5300 2099 5371 t'ir'tnti
2122 5300 2412 5371 pravalebit,
2436 5301 2541 5358 sed,
2566 5300 2608 5351 si
2630 5300 2932 5361 voluerimus,
2953 5300 3115 5352 irritas
3130 5300 3359 5366 faciemus

1776 5375 1881 5438 ejus
1903 5369 2303 5438 machinationes.
2320 5406 2367 5438 _.

1844 5440 1914 5499 (a)
1943 5430 2256 5487 Centesimam
2289 5435 2391 5495 (Gr.
2425 5431 2728 5499 éuaroarr’w).
2764 5446 2783 5479 ι
2821 5430 3038 5499 Alludit,
3064 5432 3344 5499 inquit_Sa-

1783 5494 1971 5559 νὴ,ρό
1997 5513 2157 5547 nsum
2189 5494 2347 5559 genus
2393 5494 2763 5559 usitatissimum
2809 5496 2981 5556 priscis
3020 5495 3324 5559 temporibus

1781 5556 1912 5623 quod
1935 5556 2484 5623 centesimadicebatur,
2514 5556 2641 5623 quod
2667 5562 2865 5623 centum
2890 5556 3139 5606 mensibus
3161 5567 3340 5605 sortem

1784 5618 2015 5687 aequaret.
2049 5638 2063 5667 ›
2092 5621 2218 5670 Vide
2239 5622 2377 5671 Tomi
2406 5620 2550 5683 bujus
2574 5619 2713 5668 Praei.
2739 5618 2765 5681 ᾗ
2791 5618 2846 5666 ν.
