3784 6244
405 198 476 253 39
1163 181 1222 240 s.
1251 180 1528 239 JOANNIS
1562 173 2038 236 cnnvsosrosu
2076 173 2391 232 ABCBIEP.
2420 175 2953 235 CONSTANTINOP.

407 309 638 374 otl‘erre,
689 300 898 359 tametsi
940 312 1083 368 sape
1127 296 1276 350 multi
1308 293 1500 365 ingrati
1524 292 1654 356 sint,
1698 288 1987 356 multaeque

410 401 521 455 sint
540 409 824 452 avarorum
853 389 1087 446 fraudes.
1112 388 1319 443 Etenim
1352 383 1565 455 plurimi
1595 381 1683 451 qui
1714 377 1865 448 probi
1893 376 1991 431 ba-

412 490 624 555 bentur,
672 485 907 541 debitum
952 496 1061 536 non
1098 480 1329 542 solvunt,
1359 475 1442 530 vel
1471 472 1612 544 quod
1642 470 1832 542 lngrati
1861 470 1989 535 sint,

414 583 495 640 vel
540 595 683 650 saepe
724 578 900 645 inopia
945 572 1278 644 prohibente.
1325 568 1476 623 Circa
1510 565 1787 621 Dominum
1816 571 1990 616 autem

408 674 648 732 omnium
676 670 805 724 nihil
837 663 1140 736 hujusmodi
1163 659 1565 731 suspicandum,
1610 657 1704 713 sed
1745 663 1800 711 et
1842 654 1991 725 capi-

409 767 530 820 talis
559 777 765 819 summa
796 760 846 814 in
877 767 988 813 tuto
1013 764 1114 823 est,
1160 763 1214 810 ct
1237 751 1538 820 centuplum
1566 750 1651 804 hic
1676 746 1995 817 promittitur

408 857 681 922 dantibus,
720 855 857 910 etin
907 851 1140 906 futurum
1185 847 1293 901 vita
1338 854 1537 900 acterna
1566 842 1719 897 nobis
1748 854 1995 895 reserva-

412 965 520 1009 tur.
568 950 700 1017 Quae
743 948 902 1018 igitur
947 944 1101 998 nobis
1144 939 1386 999 defensio
1427 938 1549 1000 erit,
1584 936 1628 990 si
1668 934 1997 1003 negligentes

411 1044 686 1105 fticrimus,
719 1046 905 1094 etnon
937 1032 1361 1091 festinaverimus
1398 1027 1644 1097 centupla
1683 1039 1780 1095 pro
1818 1023 1998 1093 paucis

414 1138 679 1205 accipere,
722 1141 776 1187 et
806 1144 902 1199 pro
930 1124 1278 1196 praesentibus
1305 1122 1500 1187 futura,
1527 1129 1582 1174 et
1607 1134 1702 1187 pro
1732 1126 1999 1184 tempora-

413 1226 554 1285 libus
579 1234 775 1280 aeterna
799 1238 815 1287 ;
845 1218 939 1274 sed
967 1215 1173 1288 placide
1202 1212 1452 1284 pecunias
1478 1209 1653 1279 januis
1679 1217 1735 1264 et
1765 1207 2001 1264 vectibus

416 1318 810 1377 incluserimus,
854 1321 908 1367 et
934 1307 1292 1379 indigentibus
1334 1319 1439 1359 non
1482 1301 1894 1372 espenderimus
1940 1314 2003 1355 ea

416 1425 537 1482 quae
575 1408 647 1464 ibi
697 1404 841 1460 nullo
899 1416 998 1456 usu
1046 1408 1097 1455 et
1146 1408 1349 1453 temere
1385 1394 1587 1465 jacent,
1638 1402 1697 1448 ut
1746 1393 1799 1447 in
1828 1390 2003 1447 futuro

418 1500 617 1558 szcculo
655 1511 841 1554 eorum
881 1492 1116 1550 subsidia
1152 1487 1528 1545 inveniamus?
1581 1485 1781 1551 Facite,
1814 1485 2001 1555 inquit,

418 1591 557 1652 vobis
602 1589 789 1643 asticos
835 1600 898 1639 ea:
936 1597 1226 1637 mammona
1261 1578 1540 1649 iniquitatis
1569 1586 1670 1631 :.ut
1715 1591 1831 1631 cum
1868 1574 2004 1644 defe-

418 1682 611 1747 ceritis,
650 1678 895 1747 recipiant
921 1690 1006 1729 vos
1037 1674 1088 1727 in
1114 1682 1303 1727 (eterna
1332 1669 1658 1724 tabernacula
1710 1665 1879 1737 (Luc.
1919 1664 2005 1721 l6.

422 1774 503 1848 9).
551 1772 694 1834 Scio,
742 1769 938 1824 multos
967 1780 1076 1822 non
1109 1763 1271 1821 modo
1295 1777 1399 1817 non
1426 1758 1736 1829 adstipulari
1766 1758 1850 1818 iis.
1891 1771 2009 1827 quae

422 1882 453 1921 a
484 1864 635 1920 nobis
660 1873 801 1918 nunc
828 1868 954 1915 sunt
981 1856 1148 1919 dicta,
1184 1852 1277 1909 sed
1316 1853 1478 1908 etiam
1506 1866 1567 1907 ea
1596 1859 1652 1905 ut
1682 1849 1928 1905 delirium
1956 1857 2013 1903 et

423 1954 653 2014 fabulam
698 1950 999 2014 audientes,
1042 1945 1223 2014 verbis
1269 1944 1466 1999 nostris
1509 1941 1727 1999 minime
1770 1955 1891 1996 esse
1933 1950 2013 1994 at-

426 2058 625 2106 tentos.
652 2044 800 2103 Unde
828 2058 929 2113 ego
948 2040 1159 2096 crucior
1180 2047 1239 2094 et
1262 2037 1442 2103 doleo,
1467 2034 1607 2105 quod
1635 2050 1807 2105 neque
1834 2048 2013 2089 rerum

424 2137 778 2209 experientia,
833 2147 1006 2202 neque
1043 2139 1205 2184 tanta!
1241 2128 1336 2183 Dei
1381 2127 1783 2197 promissrones,
1841 2137 2016 2193 neque

426 2235 588 2287 timor
640 2231 980 2291 futurorum,
1045 2236 1219 2292 neque
1264 2219 1587 2290 quotidiana:
1627 2218 2016 2272 admonitiones

427 2332 625 2377 nostras
665 2317 806 2389 apud
850 2315 985 2371 tales
1012 2314 1299 2386 quidquam
1326 2311 1624 2382 proﬁciant.
1674 2307 1792 2365 Non
1840 2318 2016 2365 tamen

427 2411 671 2475 cessabo,
722 2408 883 2464 etiam
935 2405 1033 2470 sic,
1082 2405 1151 2460 ab
1198 2402 1303 2459 hoc
1340 2401 1518 2456 dando
1559 2399 1805 2464 consilio,
1847 2399 2019 2455 donec

430 2519 526 2562 eos
570 2500 865 2571 frequentia
908 2497 1229 2553 monitorum
1274 2503 1592 2564 superatos,
1656 2501 1888 2547 attentos
1935 2501 1991 2547 at

430 2610 535 2667 que
562 2593 842 2664 vigilantes
870 2586 1188 2651 reddidero,
1234 2594 1394 2656 atque
1436 2600 1500 2639 ex
1541 2583 1760 2654 crapula
1788 2592 1844 2639 et
1870 2581 2016 2637 ebri-

432 2698 595 2752 etate,
623 2698 781 2754 quam
812 2682 864 2737 in
892 2678 1293 2735 obtenebratam
1331 2675 1545 2731 illorum
1586 2684 1821 2731 mentem
1849 2674 2020 2729 avidi-

433 2789 517 2836 tas
555 2776 898 2849 pecuniarum
942 2766 1160 2836 invexit,
1205 2784 1396 2825 eruere
1423 2767 1659 2823 valuere.
1701 2765 1827 2823 Scio
1845 2766 2022 2831 enim,

433 2872 548 2928 scio
590 2868 704 2924 fore
751 2874 811 2922 ut
849 2879 945 2935 per
986 2862 1210 2933 gratiam
1244 2860 1337 2917 Dei
1374 2875 1679 2915 sermonum
1720 2868 2025 2917 nostrorum

435 2959 755 3031 frequentia,
803 2964 859 3012 et
904 2954 1095 3025 jejunii
1142 2953 1378 3010 studium
1427 2952 1573 3022 ipsos
1609 2952 1691 3007 vel
1719 2950 2026 3009 seroadif-

438 3054 563 3110 ﬁcili
590 3052 691 3107 hoc
718 3051 905 3104 morbo
927 3044 1155 3102 liberare
1177 3087 1194 3113 ,
1242 3038 1596 3116 perfectisque
1628 3045 1842 3100 sanitati
1870 3044 2027 3098 resti-

439 3155 590 3200 tuere
640 3141 839 3213 possit,
870 3147 930 3193 ut
956 3147 1011 3194 et
1036 3138 1131 3207 ipsi
1161 3152 1191 3190 a
1218 3136 1524 3206 suppliciis,
1579 3152 1699 3205 qua:
1745 3136 1810 3191 iis
1848 3144 2027 3205 parata

440 3246 585 3300 sunt,
622 3236 934 3299 liberentur,
964 3240 1019 3286 et
1048 3246 1146 3284 nos
1177 3244 1207 3283 a
1236 3228 1449 3283 tristitia
1486 3245 1772 3296 eruamur,
1826 3240 1881 3284 et
1935 3245 2031 3299 pro

439 3326 687 3381 omnibus
724 3323 946 3393 gloriam
995 3317 1289 3375 referamus
1344 3319 1452 3373 Deo
1481 3318 1647 3385 Patri,
1700 3328 1756 3374 et
1783 3319 1943 3387 Filio,
1975 3329 2032 3374 et

441 3416 663 3489 Spiritui
704 3423 907 3480 sancto,
942 3427 1084 3469 nunc
1112 3421 1166 3467 et
1210 3427 1442 3482 semper,
1488 3422 1544 3468 et
1591 3413 1645 3468 in
1690 3413 1884 3469 saecula
1931 3429 2035 3470 sae-

440 3512 700 3567 culorum.
742 3510 931 3563 Amen.
976 3570 983 3573 ν

1032 3616 1314 3673 ιιοΜιιιΑ
1358 3615 1448 3672 ιν.

445 3732 588 3789 Dixit
607 3746 798 3802 quoque
824 3728 958 3783 Deus
991 3744 1008 3782 :
1036 3728 1152 3782 Fiat
1174 3728 1565 3783 ﬁrmamentum
1585 3728 1637 3784 in
1662 3729 1837 3786 medio
1856 3747 2034 3802 aqum,

516 3837 573 3882 et
595 3825 794 3880 dividat
822 3824 959 3878 inter
983 3836 1174 3892 aquam
1200 3830 1255 3877 et
1280 3836 1474 3892 aquam
1506 3840 1519 3876 :
1551 3831 1607 3878 et
1630 3821 1826 3880 factum
1851 3834 1935 3880 est
1964 3826 2036 3880 ita

518 3915 686 3986 (Gen.
721 3912 896 3985 ιθ).

524 4051 575 4104 ι.
620 4046 819 4101 Videns
860 4060 980 4115 ego,
1031 4045 1384 4113 dilectissimi,
1430 4048 1663 4105 alacrem
1690 4060 1745 4105 et
1773 4054 2036 4122 quotidia-

453 4158 581 4197 num
608 4148 843 4194 vestrum
873 4146 1217 4205 conventum,
1264 4156 1510 4212 magnam
1542 4144 1775 4213 percipio
1796 4149 2039 4217 volupta-

454 4244 583 4294 tem,
624 4237 677 4283 et
716 4228 964 4282 clementi
994 4229 1101 4283 Deo
1128 4229 1353 4299 gloriam
1377 4230 1446 4287 de
1476 4232 1713 4302 profectu
1740 4248 1920 4292 vestro
1950 4255 2040 4294 re—

456 4322 657 4380 ferendi
696 4320 860 4374 ﬁnem
900 4334 1004 4374 non
1050 4319 1206 4375 facio.
1262 4321 1395 4377 Nam
1440 4324 1579 4381 sicut
1614 4329 1818 4383 esurire
1844 4344 2039 4400 corpo-

455 4413 581 4469 ralis
610 4411 851 4467 sanitatis
875 4410 1123 4466 indicium
1152 4422 1254 4478 est,
1275 4413 1344 4468 ita
1371 4424 1426 4470 et
1450 4416 1626 4472 studio
1652 4434 1842 4489 magno
1857 4422 2042 4478 audire

455 4505 640 4560 divina
684 4502 893 4572 eloquia
938 4502 1095 4558 bonae
1136 4505 1301 4560 animi
1344 4507 1662 4564 valetudinis
1688 4511 2040 4569 certissimum

456 4604 536 4649 est
566 4601 963 4663 argumentum.
989 4592 1113 4649 Ideo
1139 4603 1194 4649 et
1220 4595 1474 4655 Dominus
1502 4611 1682 4656 noster
1701 4602 1858 4659 Jesns
1881 4604 2044 4661 Chri.‘

458 4698 574 4743 stus
633 4686 684 4739 in
724 4684 837 4739 suis
881 4684 1315 4753 beatitudinibus,
1346 4705 1481 4760 quas
1514 4693 1565 4746 in
1594 4704 1775 4751 monte
1801 4700 2041 4767 protulit,

458 4777 667 4835 dicebat
694 4795 707 4831 :
734 4776 880 4832 Beati
906 4778 991 4848 qui
1015 4780 1239 4834 esuth
1263 4790 1309 4835 et
1328 4782 1503 4837 sitiunt
1519 4786 1791 4854 justitiam,
1809 4794 2046 4861 quoniam

462 4872 562 4941 ipsi
588 4869 948 4925 saturabuntur
973 4870 1187 4942 (Matth.
1210 4875 1265 4930 5.
1297 4874 1373 4945 6).
1404 4875 1534 4944 Quis
1566 4877 1726 4950 igitur
1757 4882 1917 4954 digne
1951 4900 2047 4942 vos

464 4963 683 5022 laudare
705 4962 901 5029 valeat,
940 4964 1033 5033 qui
1077 4967 1246 5022 semel
1283 4967 1351 5022 ab
1398 4970 1633 5026 omnium
1665 4972 1889 5030 Domino
1917 4975 2047 5031 bea-

464 5055 741 5111 titudinem
768 5054 1067 5124 accepistis,
1116 5064 1172 5111 et
1208 5057 1276 5112 ab
1322 5073 1389 5114 eo
1436 5060 1637 5117 inﬁnita
1680 5062 1818 5120 bona
1858 5045 2047 5137 caspe-

465 5145 670 5201 ctatis?
705 5144 753 5201 ls
780 5146 922 5201 enim
971 5146 1180 5204 Domini
1223 5151 1392 5205 nostri
1432 5168 1551 5208 mos
1586 5163 1688 5222 est,
1735 5166 1794 5211 ut
1839 5160 2050 5228 quoties

468 5235 613 5290 videt
653 5237 881 5290 animam
934 5238 1165 5309 aliquam
1217 5241 1387 5297 multo
1445 5243 1712 5301 desiderio
1766 5249 2049 5324 studioque

470 5328 705 5383 maximo
770 5330 1137 5399 spiritualibus
1194 5334 1528 5406 inhiantem,
1575 5339 1862 5399 liberaliter
1906 5345 2049 5401 illam

472 5422 641 5491 gratia
679 5429 736 5476 et
784 5423 1049 5491 opulentis
1098 5427 1254 5484 donis
1300 5430 1413 5485 suis
1466 5431 1775 5504 locupletet.
1824 5435 2056 5494 Undeet

474 5528 574 5581 ego
603 5512 654 5566 in
685 5522 917 5568 vestram
943 5514 1220 5573 utilitatem
1245 5528 1300 5574 et
1340 5521 1746 5582 aediﬁcationem
1774 5538 2052 5598 exspecto,

476 5614 531 5659 ut
576 5603 788 5661 uberior
838 5614 891 5661 et
951 5606 1105 5663 nobis
1157 5609 1411 5670 doctrina
1462 5630 1642 5672 sermo
1712 5622 2051 5679 concedatur.

3603 200 3695 254 ια

2100 287 2322 358 Propter
2370 305 2466 345 vos
2510 291 2674 354 enim,
2728 303 2786 347 et
2831 301 3047 361 propter
3077 299 3310 351 vestrum
3359 297 3683 365 proiectum.
3760 287 3761 353 ἕ

2096 394 2308 435 omnem
2353 379 2493 436 hunc
2533 382 2771 437 laborent
2814 383 3124 447 toleramus.
3172 394 3232 439 ut
3278 395 3333 441 et
3383 402 3477 443 vos
3519 388 3689 445 citius

2096 472 2162 524 ad
2203 470 2377 541 ipsum
2416 472 2625 529 virtutis
2667 472 2933 544 fastigium
2984 475 3305 542 ascendatis,
3346 477 3510 534 futuri
3552 481 3685 537 vita

2097 563 2288 618 divinae
2324 564 2562 635 magistri
2609 566 2859 621 omnibus
2895 566 2985 636 qui
3015 582 3110 622 vos
3144 568 3454 635 respiciunt,
3485 578 3541 625 et
3581 586 3685 625 no-

2096 654 2179 711 bis
2222 654 2394 727 major
2428 656 2639 712 dicendi
2687 657 2877 713 ﬁducia
2919 658 3159 725 accedat,
3188 660 3276 729 qui
3302 660 3543 717 videmus
3574 678 3687 717 non

2100 748 2154 807 in
2198 763 2412 815 vanum,
2464 763 2565 805 nec
2608 748 2947 811 frustrabor.
2994 750 3276 815 laborare;
3325 750 3422 807 sed
3444 753 3691 822 quotidie

2098 854 2285 903 semen
2314 839 2417 895 hoc
2443 841 2715 908 spirituale
2743 840 2795 895 in
2822 841 2975 895 vobis
3010 856 3278 907 crescere,
3331 857 3505 913 neque
3545 844 3693 900 sicut

2103 933 2156 989 in
2200 934 2483 1004 evangelio
2526 935 2809 989 semiuanti
2854 932 3053 1000 evenit,
3128 934 3200 989 ita
3242 943 3299 990 et
3343 936 3497 991 nobis
3546 950 3688 992 con-

2102 1028 2326 1096 tingere.
2373 1023 2448 1081 lbi
2498 1024 2645 1079 enim
2682 1040 2786 1080 una
2830 1033 3031 1079 tantum
3084 1040 3205 1093 pars
3231 1025 3378 1080 salva
3424 1024 3543 1093 fuit,
3577 1036 3693 1084 tres

2104 1119 2396 1186 perierunt.
2444 1115 2579 1183 Quia
2623 1130 2829 1181 semen,
2897 1115 3041 1186 quod
3091 1130 3245 1172 secus
3294 1117 3432 1172 viam
3471 1119 3693 1184 cecidit,

2105 1209 2222 1263 sine
2273 1204 2450 1261 fructu
2503 1206 2720 1271 mansit,
2774 1216 2829 1261 et
2873 1205 3017 1275 quod
3061 1204 3202 1261 inter
3254 1206 3466 1276 spinas,
3517 1208 3691 1263 ευπο-

2105 1307 2282 1353 catum
2331 1308 2445 1363 est;
2486 1296 2629 1367 quod
2678 1305 2860 1351 autem
2914 1297 2969 1350 in
3020 1305 3255 1366 petram,
3306 1296 3359 1351 in
3408 1298 3708 1366 superﬁcie

2108 1406 2350 1457 manens,
2395 1390 2626 1447 fructum
2674 1390 2867 1446 alierre
2910 1392 3147 1460 nequivit
3168 1390 3377 1464 (Matth.
3402 1392 3488 1448 l5.
3515 1392 3693 1460 4-7):

2110 1484 2197 1540 hic
2238 1484 2293 1539 in
2343 1485 2513 1553 gratia
2565 1484 2659 1539 Dei
2702 1499 2825 1553 spes
2880 1494 2996 1549 est,
3056 1484 3208 1551 fore,
3268 1494 3324 1540 ut
3367 1500 3487 1541 cum
3530 1500 3700 1541 omne

2110 1577 2164 1632 in
2214 1585 2412 1632 terram
2478 1577 2672 1647 bonam
2715 1576 3002 1642 ceciderit,
3055 1577 3147 1631 alii
3188 1576 3413 1633 reddant
3465 1577 3709 1633 fructum

2110 1668 2438 1739 centuplum,
2466 1668 2557 1723 alii
2598 1666 3008 1738 sexagesimum,
3049 1669 3139 1722 alli
3191 1667 3539 1738 trigesimum.
3583 1668 3703 1723 Hoc

2065 1832 2075 1842 .
2113 1769 2351 1817 nostram
2396 1761 2725 1817 alacritatem
2777 1758 2961 1824 fovet,
3016 1760 3119 1814 hoc
3166 1770 3401 1815 mentem
3458 1760 3702 1827 excitat,

2112 1854 2257 1926 quod
2300 1854 2531 1915 sciamus
2575 1867 2683 1908 non
2732 1853 2787 1908 in
2829 1868 3058 1917 vanum,
3104 1868 3204 1910 nec
3254 1853 3451 1909 frustra
3495 1868 3709 1908 sermo-

2114 1961 2212 2001 nes
2241 1960 2339 2001 nos
2370 1944 2561 2010 facere,
2594 1943 2691 2000 sed
2735 1944 2961 1999 arrectis
2989 1944 3204 2000 auribus
3227 1953 3280 2003 et
3302 1945 3503 2000 intenta
3523 1953 3709 2000 mente

2119 2037 2261 2092 dicta
2296 2044 2476 2091 nostra
2504 2036 2692 2107 accipi.
2731 2037 2905 2105 Atque
2932 2034 3049 2092 haec
3074 2051 3179 2092 non
3204 2036 3469 2093 adulando
3491 2036 3709 2092 caritati

2125 2137 2316 2182 vestra:
2337 2127 2481 2191 dico,
2519 2127 2614 2182 sed
2642 2127 2886 2196 conjecto
2912 2126 3238 2184 alacritatem
3258 2128 3412 2184 exiis
3436 2144 3555 2199 quae
3588 2127 3711 2184 beri

2118 2234 2150 2273 a
2180 2219 2335 2274 nobis
2361 2218 2503 2273 dicta
2532 2229 2673 2275 sunt.
2722 2218 2978 2275 Videbam
3008 2220 3150 2276 enim
3179 2235 3275 2276 vos
3300 2236 3488 2277 omnes
3522 2222 3716 2277 avidos

2120 2314 2378 2372 doctrinas
2404 2314 2473 2368 ab
2501 2330 2597 2370 ore
2626 2329 2747 2368 meo
2777 2314 3092 2384 pendentes.
3141 2323 3196 2369 et
3222 2316 3397 2370 omnia
3428 2316 3714 2382 iacientes,

2123 2423 2192 2463 ne
2219 2406 2345 2478 quid
2371 2421 2468 2461 vos
2495 2406 2757 2462 dictorum
2797 2405 3125 2476 przeteriret;
3175 2417 3429 2475 praeterea
3471 2407 3717 2463 continui

2124 2502 2339 2571 plausus
2377 2501 2616 2555 maxime
2644 2498 2996 2565 testabantur,
3041 2513 3138 2553 vos
3173 2499 3312 2553 dicta
3342 2514 3527 2569 magna
3554 2501 3715 2555 volu-

2127 2602 2270 2665 ptate
2310 2591 2603 2661 suscipere.
2679 2590 2779 2658 Qui
2827 2597 3006 2645 autem
3042 2589 3241 2659 aliquid
3292 2590 3481 2660 volupe
3526 2591 3717 2657 audit,

2126 2695 2331 2742 certum
2359 2694 2443 2741 est
2482 2683 2612 2739 illud
2651 2682 2912 2753 profunde
2956 2684 3010 2739 in
3056 2683 3236 2737 animo
3277 2681 3437 2752 ﬁgere
3468 2700 3480 2735 :
3513 2682 3716 2753 ubique

2128 2778 2284 2833 altius
2328 2790 2615 2846 reponens.
2666 2775 2793 2829 facit
2836 2790 2905 2829 ne
2949 2773 3354 2829 eradidelerive
3372 2784 3550 2843 queat.
3583 2775 3721 2843 Quis

2130 2869 2291 2938 igitur
2333 2868 2491 2938 digne
2532 2880 2630 2920 vos
2668 2865 2918 2930 laudare.
2968 2874 3022 2923 et
3060 2879 3158 2919 n0s
3203 2863 3388 2918 beatos
3426 2863 3725 2932 [medicare

2131 2970 2334 3033 posset,
2381 2960 2471 3030 qui
2517 2960 2571 3013 in
2619 2972 2777 3013 aures
2816 2958 3081 3029 loquimur
3126 2956 3491 3012 audientium?
3528 2956 3726 3014 Beatus

2132 3055 2298 3116 enim,
2327 3055 2422 3116 ait,
2458 3051 2546 3123 qui
2572 3051 2797 3120 loquitur
2818 3050 2871 3104 in
2899 3065 3048 3105 aures
3074 3049 3386 3104 audientium
3416 3047 3605 3120 (Eccli.
3631 3051 3728 3105 25.

2135 3144 2245 3209 i2).
2274 3143 2386 3198 Hoc
2425 3142 2736 3212 praeclarum
2774 3155 2911 3211 Opus
2944 3140 3149 3210 jejunio
3190 3150 3463 3210 acceptum
3504 3141 3725 3209 refero,

2136 3235 2239 3290 hoc
2285 3234 2576 3290 remedium
2618 3234 2843 3289 salutem
2886 3232 3163 3303 Operatum
3188 3240 3272 3289 est
3296 3233 3597 3289 animarum
3630 3251 3728 3290 no-

2135 3336 2387 3381 strarum.
2411 3324 2563 3392 Quod
2595 3324 2640 3380 si
2667 3324 2736 3379 ab
2766 3324 2917 3379 initio
2940 3326 3118 3381 statim
3149 3334 3351 3381 tantum
3379 3326 3534 3383 nobis
3561 3327 3729 3382 robur

2137 3418 2392 3483 ostendit,
2437 3418 2848 3486 procedentibus
2890 3417 3080 3471 diebus
3122 3426 3320 3486 quanta
3365 3421 3725 3488 exspectanda

2138 3513 2341 3569 utilitas
2367 3510 2637 3566 aﬁ'utura?
2672 3510 2845 3566 Unum
2870 3510 2972 3565 hoc
2998 3525 3091 3565 vos
3116 3510 3360 3575 obsecro,
3391 3510 3455 3565 In
3476 3514 3661 3567 timore
3682 3524 3737 3568 et

2139 3616 2353 3661 tremore
2392 3604 2606 3659 salutem
2647 3612 2863 3659 vestram
2901 3603 3173 3673 aperemini
3227 3602 3394 3675 (Phil.
3422 3603 3477 3658 2.
3511 3604 3631 3673 12),
3678 3615 3733 3659 ct

2140 3697 2343 3753 nullum
2368 3696 2567 3750 aditum
2597 3693 2875 3750 concedite
2902 3694 3119 3749 inimico
3142 3694 3327 3750 salutis
3357 3705 3573 3752 vestrm.
3598 3698 3729 3752 Nam

2140 3790 2328 3847 videns
2372 3804 2512 3844 nunc
2560 3787 2863 3857 spirituales
2911 3796 3118 3843 vestras
3163 3787 3391 3850 divitias.
3430 3788 3632 3844 insanit
3680 3800 3733 3844 et

2142 3884 2364 3947 ferocit,
2438 3892 2493 3937 et
2536 3882 2673 3936 sicut
2731 3881 2817 3935 leo
2868 3880 3085 3950 rugiens
3144 3879 3428 3945 circumit,
3478 3895 3731 3950 quaerens

2140 3988 2300 4045 quem
2339 3972 2663 4041 devoret(l.
2696 3970 2808 4025 Pet.
2838 3971 2892 4026 5.
2921 3972 2998 4035 8).
3058 3968 3254 4025 Verum
3286 3971 3332 4027 si
3366 3972 3531 4026 sobrii
3566 3972 3729 4029 tueri.

2142 4079 2283 4128 mus,
2313 4063 2439 4117 nulli
2468 4061 2781 4132 praevalebit
2817 4077 2911 4130 per
2934 4061 3158 4129 gratiam
3187 4062 3299 4117 Dei.

2212 4154 2267 4208 2.
2317 4153 2465 4207 Talia
2493 4154 2635 4208 enim
2664 4161 2788 4213 sunt
2811 4167 2959 4207 arma
2985 4160 3164 4208 nostra
3190 4152 3501 4222 spiritualia,
3540 4154 3737 4222 quibus

2146 4260 2244 4298 nos
2289 4243 2459 4298 induit
2498 4242 2728 4312 Spiritus
2755 4243 2942 4311 gratia,
2983 4244 3122 4298 sicut
3166 4242 3280 4299 beri
3322 4244 3601 4301 caritatem
3642 4262 3733 4299 ve-

2147 4344 2312 4389 stram
2354 4334 2652 4389 docuimus.
2703 4330 2760 4387 Si
2788 4332 2945 4401 igitur
2974 4333 3057 4387 liis
3084 4333 3338 4388 continuo
3364 4332 3606 4389 membra
3638 4351 3734 4390 no-

2148 4436 2259 4481 stra
2298 4425 2665 4487 munierimus,
2717 4423 2858 4478 nulla
2909 4424 3010 4479 tela
3056 4424 3125 4480 ab
3162 4425 3253 4479 illo
3293 4425 3485 4481 emissa
3525 4427 3596 4481 ad
3642 4442 3736 4482 nos

2146 4516 2452 4588 pertingere
2496 4522 2764 4584 poterunt,
2817 4514 2911 4568 sed
2961 4514 3111 4569 irrita
3164 4513 3232 4569 ad
3278 4515 3449 4585 ipsum
3497 4516 3736 4571 reditura

2146 4618 2273 4665 sunt
2300 4627 2313 4663 :
2346 4610 2625 4663 adamante
2653 4607 2796 4662 enim
2819 4605 3100 4663 solidiores
3126 4606 3215 4661 Dei
3238 4607 3404 4675 gratia
3424 4621 3521 4660 nos
3551 4610 3737 4673 ellicit,

2148 4710 2205 4757 et
2229 4700 2276 4755 si
2304 4700 2567 4765 volumus,
2613 4698 2834 4754 omnino
2862 4698 3107 4753 invictos.
3154 4697 3335 4768 Itaque
3362 4699 3498 4755 sicut
3524 4700 3621 4768 qui
3650 4700 3741 4753 ad-

2149 4803 2419 4849 amantem
2461 4791 2653 4857 tundit,
2695 4790 2828 4846 nihil
2867 4789 3134 4846 adamanti
3176 4799 3353 4857 nocet,
3382 4790 3477 4845 sed
3502 4791 3741 4861 seipsum

2152 4886 2359 4958 fatigat,
2402 4892 2457 4940 et
2496 4884 2663 4940 robur
2691 4898 2845 4937 suum
2876 4881 3175 4947 imminuit;
3216 4888 3270 4935 et
3307 4881 3396 4951 qui
3434 4892 3624 4936 contra
3651 4882 3742 4936 stis

2152 4978 2326 5033 mulos
2349 4974 2608 5042 calcitrat,
2639 4987 2767 5029 suos
2791 4972 2956 5043 pedes
2976 4981 3220 5029 cruentat
3243 4991 3257 5029 :
3279 4972 3333 5028 in
3359 4971 3497 5029 hunc
3522 4974 3742 5028 modum

2153 5085 2241 5126 res
2284 5084 2343 5124 se
2368 5066 2567 5123 habent
2591 5074 2789 5120 nostrae
2812 5079 2934 5120 cum
2960 5065 3145 5127 salutis
3172 5074 3368 5121 nostras
3410 5064 3743 5130 adversario,

2155 5163 2201 5218 si
2226 5160 2409 5226 armis,
2461 5173 2581 5229 quas
2621 5157 2776 5213 nobis
2805 5156 3036 5227 Spiritus
3074 5157 3244 5213 sancti
3291 5157 3457 5235 gratia
3500 5157 3740 5219 exhibet,

2156 5256 2411 5309 continuo
2437 5267 2535 5307 nos
2562 5252 2884 5308 muniamus.
2932 5250 3099 5306 Tanta
3141 5251 3285 5307 enim
3325 5250 3538 5306 illorum
3581 5251 3746 5305 virtus

2156 5357 2260 5413 est,
2303 5356 2363 5402 ut
2400 5345 2578 5401 radios
2603 5342 2729 5399 inde
2764 5343 3090 5414 fulgurantes
3115 5341 3452 5397 adversarius
3476 5343 3748 5397 sustinere

2160 5455 2265 5494 non
2307 5437 2495 5509 possit,
2537 5435 2631 5493 sed
2682 5436 2787 5491 illis
2839 5434 2980 5491 oculi
3018 5434 3135 5504 ejus
3180 5443 3538 5490 exctecentur.
3619 5434 3746 5497 His,

2160 5544 2363 5601 quasso,
2409 5529 2576 5585 armis
2611 5542 2824 5598 semper
2867 5541 2967 5582 nos
3011 5526 3335 5592 muniamus,
3363 5537 3417 5580 et
3443 5528 3522 5581 sic
3563 5525 3745 5579 muniti

2162 5623 2217 5680 in
2246 5621 2419 5679 forum
2444 5633 2545 5677 nos
2585 5619 2959 5677 conferamus:
3006 5617 3085 5676 sic
3130 5614 3272 5691 apud
3306 5619 3509 5675 amicos
3549 5620 3745 5675 annos.
