3752 6244
27 217 77 271 50
1206 221 1274 276 IN
1312 219 1465 276 CAP.
1507 217 1526 272 l
1566 217 1585 270 (

1853 183 2087 278 HomL.
2119 222 2211 278 ιν.
3361 221 3432 276 ι’)

27 336 131 389 ὅπου
163 331 334 404 πολλὴ
359 335 615 399 πολλάκις
644 339 676 407 ἡ
721 338 1107 407 ἀγνωμοσύνη,
1138 338 1331 390 πολλαὶ
1360 336 1470 389 τῶν
1512 333 1670 386 πλεο-

27 409 336 465 νεκτούντων
377 414 433 467 αἰ
484 416 799 485 ὑπερδολαί,
852 417 958 470 Καὶ
1012 416 1120 489 γὰρ
1165 418 1259 472 καὶ
1306 415 1415 469 τῶν
1465 413 1672 482 σφόδρα

28 490 233 557 γνησίων
282 493 466 546 πολλοὶ
496 495 616 549 οὑδὲ
656 496 787 548 αὑτὸ
826 496 886 549 τὸ
933 495 1210 549 δανεισθὲν
1255 498 1367 557 τοῖς
1416 493 1670 546 δεδωκόσι

27 567 309 639 παρέσχον,
361 571 394 641 ἢ
436 573 503 626 δι’
546 573 936 645 ἀγνωμοσύνην
976 574 1130 627 τοῦτο
1173 572 1585 643 ὑπομείναντες.
1635 571 1668 641 ἢ

27 651 98 703 u‘:
126 648 383 713 πολλάκις
416 650 523 704 ὑπὸ
554 653 743 715 πενίας
775 652 1126 715 κωλυθέντες.
1172 653 1296 706 Ἐπὶ
1344 651 1401 704 δὲ
1431 649 1526 703 τοῦ
1560 648 1671 702 τῶν

27 727 248 779 ἁπάντων
279 729 551 782 Δεσπότου
586 731 738 783 οὐδὲν
771 730 977 785 τούτων
1012 731 1130 784 ἐστὶ
1162 729 1502 799 λογίσασθαι,
1532 726 1671 780 ἀλλά

28 805 95 856 ιαί
126 804 181 855 τὸ
211 802 425 860 δάνειον
455 808 714 878 ἀκέραιον
746 809 917 879 μένει,
952 808 1046 864 καὶ
1078 809 1218 879 ὑπὲρ
1246 808 1354 861 τῶν
1393 804 1670 861 καταϐαλ-

27 882 231 951 ιομένων
263 884 796 940 ἑκατονταπλασίονα
822 890 1126 959 παρασχεῖν
1152 888 1492 957 ὑπισχνεῖται
1532 883 1669 955 μετά

27 962 172 1021 τοῦτο,
200 965 295 1014 καὶ
328 963 429 1035 τὴν
466 965 523 1016 ἐν
550 965 627 1035 τῷ
655 964 899 1035 μέλλοντι
930 966 1074 1036 ζωὴν
1112 966 1243 1034 ἡμῖν
1275 963 1593 1035 ταμιεύεται
1615 973 1664 1015 ι.

27 1042 99 1103 Τίς
127 1037 213 1092 οὖν
246 1044 384 1111 ἡμῖν
434 1042 616 1096 λοιπὸν
654 1045 919 1113 ἀπολογία
967 1044 1214 1097 λείπεται
1269 1043 1343 1114 μὴ
1378 1042 1667 1096 σπεύδουσι

27 1120 102 1171 καὶ
147 1119 523 1189 ἐπειγομένοις
564 1124 684 1175 ἀντί
736 1124 845 1176 τῶν
890 1123 1086 1193 ὀλίγων
1138 1123 1666 1176 ἑκατονταπλασίονα

27 1197 197 1259 λαῦεἷν,
232 1198 331 1251 καί¹
373 1201 494 1252 ἀντί
538 1202 646 1253 τῶν
677 1203 960 1273 παρόντων
1001 1204 1069 1257 τά
1101 1203 1384 1272 μέλλοντα,
1414 1205 1510 1255 καί
1546 1202 1666 1254 ἀντὶ

27 1276 107 1327 τῶν
138 1280 489 1348 προσκαίρων
516 1281 582 1334 τὰ
611 1280 825 1347 αἰώνια,
860 1282 975 1335 ἀλλ’
1007 1283 1180 1353 ἡδέως
1211 1281 1402 1353 θύραις
1436 1281 1527 1333 καὶ
1566 1297 1664 1351 μο-

27 1355 139 1423 (λοίς
181 1357 595 1413 ὲναποκλείουσι
646 1360 716 1413 τά
755 1362 1046 1433 χρήματα,
1082 1362 1178 1415 καί⁵
1222 1362 1283 1412 οὑ
1322 1359 1665 1431 βουλομένοις

27 1436 131 1487 viti
164 1434 255 1488 νῦν
306 1437 575 1508 προέσθαι
604 1443 715 1503 τοῖς
752 1440 1030 1509 δεομένοις
1077 1439 1143 1492 τά
1176 1438 1364 1501 ἁπλῶς
1407 1438 1500 1491 καὶ
1543 1439 1663 1509 είκῆ

28 1514 232 1585 κείμενα,
261 1515 354 1569 ῖνα
394 1518 453 1570 ὲν
484 1518 564 1589 τῷ
591 1519 838 1589 μέλλοντι
859 1519 1015 1573 αἰῶνι
1048 1518 1147 1588 τῆς
1179 1520 1311 1590 παρ’
1333 1518 1513 1570 αὑτῶν
1540 1534 1666 1588 προ-

27 1594 214 1658 πασίας
240 1595 679 1668 ἀπολαύσωμεν;
723 1597 1023 1664 Ποιήσατε
1044 1597 1153 1667 γὰρ
1179 1597 1322 1666 ὑμῖν
1346 1598 1567 1665 φίλους
1595 1596 1664 1651 ἐκ

27 1671 104 1724 τοῦ
136 1673 390 1742 μαμωνᾶ
440 1674 548 1742 τῆς
593 1676 849 1743 ἀδικίας,
871 1678 993 1741 ἵνα,
1025 1675 1172 1729 ὅταν
1201 1676 1539 1741 ἐκλείπητε,
1572 1674 1665 1729 δέ·

27 1756 204 1815 Ειυνται
232 1752 389 1823 ὑμᾶς
428 1758 514 1821 είς
554 1758 661 1821 τὰς
703 1756 985 1821 αἰωνίους
1020 1753 1221 1808 αὐτῶν
1256 1752 1513 1821 σκηνάς.
1554 1754 1665 1806 Καὶ

27 1829 130 1894 οἶδα,
156 1834 236 1885 δτι
278 1833 469 1887 πολλοὶ
502 1835 561 1889 οὑ
600 1835 761 1906 μόνον
791 1835 853 1888 οὑ
888 1834 1204 1907 προσίενται
1244 1834 1317 1888 τά
1352 1834 1481 1905 παρ’
1506 1832 1664 1904 ἡμῶν

27 1912 272 1981 λεγόμενα,
292 1912 437 1967 ἀλλά
466 1916 559 1967 καὶ
588 1915 664 1979 ὡς
688 1913 855 1986 λῆρόν
884 1930 1008 1968 τινα
1031 1914 1125 1967 καὶ
1152 1912 1321 1984 μῦθον
1351 1912 1659 1977 ἀκούοντες,

28 1992 67 2042 αὑ
100 1993 418 2063 προσέχουσι
457 1994 486 2033 δ
524 1996 630 2057 τοῖς
669 1994 959 2065 ἡμετέροις
990 1993 1189 2063 λόγοις.
1236 1992 1377 2046 Ἀλλ’
1417 1991 1528 2061 ἐγὼ
1572 1993 1665 2044 καὶ

27 2070 89 2123 διὰ
109 2070 256 2123 τοῦτο
294 2072 588 2143 δάκνομαι,
627 2073 722 2126 καὶ
764 2072 1062 2143 ὀδυνῶμαι,
1092 2073 1174 2126 δτι
1210 2070 1335 2125 οὗτε
1372 2071 1479 2124 τῶν
1518 2087 1662 2140 πρα-

27 2149 213 2219 γμάτων
241 2151 275 2221 ἡ
303 2153 494 2221 πεῖρα,
535 2149 658 2204 οὗτε
698 2153 731 2220 ἡ
772 2150 1011 2221 τοσαύτη
1043 2150 1138 2203 τοῦ
1174 2148 1309 2202 Θεοῦ
1345 2148 1657 2218 ὑπόσχεσις,

27 2230 117 2282 εὖτε
139 2232 165 2281 ὁ
192 2228 355 2297 φόϐος
385 2230 497 2281 τῶν
521 2229 845 2301 μελλόντων,
866 2228 991 2282 οὑτε
1018 2231 1074 2283 αῖ
1106 2227 1227 2282 καθ’
1258 2228 1497 2297 ἑκάστην
1524 2227 1632 2296 ἡμέ
1649 2254 1663 2265 -

27 2326 99 2378 ραν
129 2310 249 2377 παρ’
278 2309 445 2380 ἡμῶν
487 2312 837 2381 παραινέσεις
879 2308 986 2361 τῶν
1029 2307 1286 2361 τοιούτων
1338 2305 1661 2359 καθικέσθαι

27 2388 325 2457 ᾗδυνήθησαν
354 2399 409 2451 ο,
458 2390 552 2441 καὶ
597 2388 657 2440 οὑ
710 2388 1016 2457 παύσομαι⁸
1043 2386 1164 2439 οὑδὲ
1223 2384 1337 2457 [293]
1378 2384 1521 2438 οὑτω
1563 2387 1661 2455 τῆς

27 2468 235 2535 main};
272 2466 605 2537 συμϐουλῆς,
625 2466 819 2539 μέχρις
844 2466 911 2519 ἂν
933 2468 999 2536 τῇ
1031 2464 1197 2535 πολλῇ
1234 2462 1483 2534 συνεχείᾳ
1513 2480 1662 2534 περι-

27 2546 235 2611 γενέσθαι
270 2546 507 2617 δυνηθῶ,
545 2548 638 2600 καὶ
662 2549 744 2610 είς
774 2546 934 2615 νῆψιν
967 2546 1165 2607 αὑτοὺς
1200 2546 1447 2612 ἀγαγεῖν,
1474 2545 1567 2595 καὶ
1595 2546 1660 2596 ἐκ

27 2626 93 2677 τοῦ
113 2626 267 2696 κάρου
304 2626 405 2677 καὶ
434 2627 533 2696 τῆς
563 2624 754 2695 μέθης,
792 2624 908 2695 ἡνὴ
939 2623 1045 2676 τῶν
1073 2623 1370 2693 χρημάτων
1397 2621 1661 2693 ἐπιθυμία

28 2706 187 2772 ἧνεγκε
212 2704 539 2758 σκοτώσασα
570 2705 660 2757 τὸν
694 2702 974 2773 λογισμὸν,
1009 2702 1339 2769 ἀνενεγκεῖν.
1366 2697 1497 2754 Οἶδα
1524 2701 1656 2772 γάρ,

27 2782 114 2835 οἶδα
138 2786 212 2836 ὅτι
242 2784 387 2854 μετὰ
416 2784 513 2855 τὴν
558 2783 653 2837 τοῦ
687 2781 818 2836 Θεοῦ
851 2781 1015 2851 χάριν
1037 2782 1131 2833 καὶ
1165 2782 1197 2849 ἡ
1228 2780 1338 2832 τῶν
1375 2780 1658 2851 ἡμετέρων

28 2860 163 2929 λόγων
196 2863 478 2931 συνέχεια,
513 2855 609 2915 καὶ
652 2864 685 2933 ἡ
740 2863 888 2931 παρά
932 2860 1031 2930 τῆς
1068 2860 1322 2930 νηστείας
1373 2859 1660 2930 ἐπιμέλεια

28 2942 267 3009 δυνήσεται
296 2943 499 3004 αὑτοὺς
523 2940 621 3010 ὀψὲ
645 2940 777 3009 γοῦν
802 2956 933 2993 ποτε
963 2938 1270 3005 ἀπαλλάξαι
1294 2938 1388 2991 τοῦ
1417 2939 1658 3009 χαλεποῦ

28 3020 175 3071 τούτου
204 3021 531 3090 νοσήματος,
555 3020 649 3073 καὶ
674 3022 752 3082 είς
782 3018 995 3072 τελείαν
1022 3018 1232 3085 ὑγίειαν
1265 3020 1656 3087 ἐπαναγαγεῖν,

28 3098 91 3151 ἵνα
116 3101 197 3154 καὶ
220 3101 375 3154 αὑτοὶ
398 3101 499 3169 τῆς
538 3101 747 3171 ὲπηρτη
758 3099 924 3168 μένης
952 3100 1065 3161 τοῖς
1100 3096 1360 3160 τοιούτοις
1389 3098 1658 3169 τιμωρίας

28 3180 414 3251 ὶλευθερωθῶσι,
431 3178 525 3233 καί
547 3181 707 3249 ἡμεῖς
730 3179 829 3249 τῆς
855 3177 1092 3247 ἀθυμίας
1112 3175 1538 3247 ἀπαλλαγῶμεν,
1564 3177 1660 3230 καί⁵

28 3258 135 3328 ὑπὲρ
162 3260 412 3312 ἁπάντων
452 3259 612 3323 δόξαν
657 3254 1070 3326 ἀναπέμψωμεν
1104 3255 1184 3326 τῷ
1224 3257 1397 3325 Πατρὶ
1440 3256 1533 3308 καὶ
1580 3255 1659 3326 τῷ

28 3337 113 3406 Υἰῴ
129 3340 209 3390 καὶ
236 3336 313 3407 τῷ
338 3337 483 3407 ἁγίῳ
504 3336 803 3407 Πνεύματι,
834 3333 930 3388 νῦν
956 3333 1050 3386 καὶ
1076 3334 1185 3402 ἀεὶ,
1209 3335 1303 3388 καὶ
1328 3337 1408 3398 εἰς
1430 3335 1555 3397 τοὺς
1575 3336 1659 3388 αἰ·-

28 3416 137 3479 Em;
164 3417 264 3470 τῶν
293 3416 532 3470 αἰώνων.
575 3418 769 3487 Ἀμήν.

30 3620 110 3671 Καὶ
147 3618 305 3675 εἶπεν
348 3627 384 3677 ό
435 3622 577 3687 Θεό(
605 3638 617 3651 ·
659 3619 971 3686 Γενηθήτω
1022 3615 1326 3687 στερέωμα
1372 3616 1453 3687 ἐν
1489 3616 1658 3687 μέσῳ

82 3689 168 3743 τοῦ
216 3692 473 3759 ὕδατος,
541 3692 639 3744 καί
708 3691 865 3743 ἔστω
924 3686 1269 3759 διαχωρίζον
1349 3686 1657 3757 ἁναμέσον

80 3760 273 3827 ὕδατος
297 3757 685 3825 καῖῦδατοςσ
708 3760 805 3813 καὶ
835 3757 1073 3827 ἐγένετο
1103 3758 1312 3822 οὕτως.

80 3855 136 3899 α’.
168 3849 333 3921 Ὁρῶν
355 3851 541 3920 ὑμῶν,
569 3847 873 3919 ἀγαπητοὶ,
899 3846 999 3918 τὴν
1023 3846 1160 3916 μετά
1194 3846 1505 3917 προθυμίας
1536 3848 1657 3901 καθ’

30 3925 225 3997 ίκάστην
255 3930 473 4000 ἡμέραν
494 3927 728 3983 ἐνταῦθα
771 3926 1106 3988 συνέλευσιν,
1141 3926 1382 3995 μεγάλην
1416 3927 1660 3995 καρποῦ-

33 4022 105 4071 μαι
136 4007 229 4077 τὴν
259 4009 477 4079 ἡδονὴν,
525 4009 620 4060 καὶ
670 4006 731 4059 οὑ
781 4004 1024 4074 παύομαι
1072 4003 1309 4070 δοξάζων
1342 4004 1432 4058 τὸν
1466 4006 1658 4074 φιλάν-

30 4082 206 4151 θρωπον
238 4085 374 4138 Θεὸν
408 4088 503 4138 ἐπὶ
527 4088 595 4155 τῇ
632 4086 882 4155 προκοπῇ
918 4085 984 4153 τῇ
1011 4082 1274 4153 ὑμετέρα.
1312 4083 1520 4155 Ὥσπερ
1548 4086 1658 4158 γὰρ

28 4164 74 4211 τὸ
106 4167 277 4235 πεινῇν
316 4165 643 4236 σωματικῆς
684 4162 895 4229 εὐεξίας
934 4162 1052 4214 ἐστὶ
1086 4164 1333 4230 σημεῖον,
1376 4162 1517 4217 οὑτω
1563 4167 1659 4219 καὶ

30 4240 74 4291 τὸ
97 4244 209 4313 περὶ
234 4245 333 4314 τὴν
363 4244 635 4315 ἀκρόασιν
676 4242 782 4296 τῶν
825 4242 984 4295 θείων
1016 4240 1213 4309 λογίων
1259 4242 1654 4298 ἐσπουδακέναι

31 4319 104 4387 τῆς
144 4323 275 4375 κατά
323 4323 505 4394 ψυχὴν
555 4323 766 4391 ὑγιείας
809 4320 1107 4390 τεκμήριον
1154 4320 1219 4373 ἄν
1265 4337 1349 4383 τις
1402 4321 1659 4391 μέγιστον

33 4402 291 4467 ποιήσαιτο.
320 4404 414 4455 Διὸ
460 4402 556 4456 καὶ
591 4406 620 4457 ό
657 4400 859 4472 Κύριος
902 4399 1059 4470 ἡμῶν
1096 4400 1302 4469 Ἰησοῦς
1333 4402 1568 4472 Χριστὸς
1600 4406 1659 4459 ἐν

31 4479 113 4538 τοῖς
138 4484 500 4552 μακαρισμοῖς
534 4479 785 4543 ἐκείνοις,
826 4480 940 4541 τοῖς
979 4477 1071 4529 ἐπὶ
1098 4479 1193 4531 τοῦ
1233 4478 1392 4549 ὅρους
1431 4496 1661 4552 γεγενηο

34 4557 197 4622 μένῃ,
228 4560 414 4628 ἔλεγε·
443 4558 728 4626 Μακάριοι
774 4560 829 4611 οί
872 4555 1196 4620 πεινῶντες
1233 4558 1331 4610 καί
1368 4556 1661 4629 διψῶντες

32 4634 117 4701 τὴν
139 4636 544 4705 δικαιοσύνην,
568 4638 657 4691 ὅτι
685 4636 857 4691 αὐτοὶ
888 4635 1428 4705 χορτασθήσονται.
1462 4637 1558 4701 Τίς
1591 4642 1658 4693 ἂν

32 4710 99 4766 εἰν
116 4718 243 4787 ὑμᾶς
265 4722 388 4772 κατ’
410 4718 569 4783 ἀξίαν
588 4717 872 4771 ἐπαινέσαι
893 4715 1169 4786 δυνηθείη,
1188 4716 1312 4779 τοὺς
1336 4716 1481 4783 ἅπαξ
1508 4721 1658 4789 παρά

33 4794 103 4845 τοῦ
119 4797 213 4849 τῶν
242 4800 501 4853 ἀπάντων
525 4797 795 4851 Δεσπότου
821 4795 911 4848 τὸν
941 4795 1287 4866 μακαρισμὸν
1309 4795 1656 4866 δεξαμένους,

34 4874 102 4924 mi
120 4876 179 4928 τὰ
198 4878 364 4947 μυρία
386 4876 804 4948 προσδοκῶντας
834 4874 964 4945 παρ’
985 4874 1149 4928 αὑτοῦ
1171 4872 1349 4942 ἀγαθά
1368 4892 1383 4941 ;
1409 4876 1661 4943 Τοιοῦτος

37 4956 163 5021 γάρό
206 4958 473 5029 ἡμέτερος
510 4955 815 5025 Δεσπότης
863 4955 992 5007 ὅταν
1035 4954 1121 5025 ιδῃ
1150 4952 1328 5025 ψυχὴν
1368 4955 1546 5026 πολλῷ
1582 4958 1659 5028 τῷ

36 5031 148 5101 πόθῳ
174 5036 263 5087 καὶ
292 5037 665 5107 ἐπιτεταμὲνῃ
696 5038 761 5105 τῇ
805 5033 1085 5105 προθυμίᾳ
1117 5036 1229 5097 τοῖς
1270 5040 1659 5104 πνευματικοῖς

37 5114 351 5177 προποῦσαν,
389 5113 827 5183 ἐπιδαψιλεύεται
871 5111 969 5182 τὴν
1027 5118 1220 5184 χάριν,
1270 5111 1366 5165 καὶ
1402 5112 1659 5177 πλουσίας

37 5195 133 5257 παρ’
157 5196 346 5250 ἑαυτοῦ
375 5196 661 5265 χαρίζεται
687 5193 785 5255 τὰς
811 5192 1035 5261 δωρεάς.
1061 5190 1220 5245 Ὅθεν
1255 5193 1536 5263 προσδοκῶ
1568 5196 1660 5247 καὶ

36 5269 137 5334 ἡμῖν
156 5274 236 5329 διὰ
267 5279 367 5349 τὴν
399 5276 673 5345 ὑμετέραν
698 5274 724 5313 ἀ
753 5272 1021 5341 ὠφέλειαν
1061 5272 1280 5325 πλείονα
1306 5274 1657 5345 παρασχεθὴ-

38 5351 188 5405 mea;
233 5355 322 5409 τὸν
369 5356 470 5426 τῆς
511 5352 858 5414 διδασκαλίας
892 5350 1051 5419 λόγον
1098 5352 1178 5413 είς
1229 5351 1515 5422 οἰκοδομὴν
1558 5353 1659 5422 τῆς

36 5447 104 5549 ex:
125 5446 187 5498 Ila
225 5450 374 5502 Savil.
409 5457 465 5501 et
485 5464 574 5501 sex
595 5461 709 5499 mss.
735 5447 908 5496 Morel.
933 5448 1054 5509 μετά
1080 5446 1167 5496 τοῦ
1189 5449 1331 5497 καί...
1358 5448 1660 5511 ένταμιεύεσ-

82 5527 92 5553 ι

84 5568 105 5637 ἕ
125 5570 230 5637 [‘98-
249 5588 374 5622 ιιιπιε
392 5575 447 5622 σὺ
466 5573 777 5637 προσέχουρξ-
799 5569 1002 5637 Coiﬁ“);
1025 5570 1531 5637 οὕτωπςροςᾷέχονταξ

87 5635 103 5661 ε
127 5630 291 5683 Οιιίηρε
318 5651 423 5685 mss,
456 5630 679 5683 el'Sav'i‘l.
701 5632 923 5690 ἠδυνήθη.
956 5630 1127 5680 Morel.
1153 5630 1551 5689 ἠδυνήθησαν.Εὶ
1574 5633 1639 5680 ita

37 5696 351 5744 Mihwndum
374 5710 432 5745 ex
452 5699 732 5754 conjectura
749 5699 885 5740 notat
904 5692 1131 5741 Savilius.

88 5756 109 5789 ὃ
127 5758 181 5801 t‘o
197 5758 302 5805 «lin.
328 5762 382 5806 π)
393 5759 568 5811 ουσίως
590 5758 673 5809 τὰς
705 5756 815 5816 παρ’
842 5755 1023 5818 ἑαυτῶν
1056 5755 1295 5817 χαρίζεται
1323 5755 1519 5818 δωρεὰς,
1553 5754 1652 5803 ὅθεν

40 5819 333 5876 προσδοκῶμεν
354 5823 428 5867 καὶ
447 5820 557 5879 ἡμῖν
580 5818 657 5867 διὰ
679 5818 765 5875 τήν
781 5815 1039 5878 ἡμετέραν.

1779 333 2048 411 ὑμετέρας
2074 337 2313 408 ἀγάπης.
2354 339 2432 391 Δι’
2463 338 2607 410 ὑμᾶς
2635 338 2743 411 γὰρ
2776 338 2871 395 καὶ
2896 337 2997 411 τὴν
3019 334 3298 408 προκοπὴν
3332 336 3433 405 τὴν

1774 409 2043 483 ὑμετέραν
2086 414 2300 468 ἅπαντα
2334 409 2521 470 τοῦτον
2552 416 2641 470 τὸν
2690 409 2848 472 πόνον
2884 409 3247 486 ὑπομένομεν,
3289 412 3431 466 ὥστε

1772 491 1867 542 καί
1915 492 2058 561 ὑμᾶς
2098 494 2232 564 πρὸς
2274 495 2441 566 αὑτὴν
2465 496 2565 565 τῆς
2596 496 2797 567 ἀρετῆς
2836 495 2936 565 τὴν
2962 494 3202 564 κορυφὴν
3239 490 3432 545 θάττον

1771 568 2122 640 ἀναδραμεῖν,
2149 574 2242 625 καὶ
2274 575 2405 627 πᾶσι
2445 577 2556 637 τοῖς
2586 576 2664 637 εἰς
2697 575 2843 644 ὑμᾶς
2882 572 3049 645 δρῶσι
3081 571 3432 636 διδασκάλους

1770 646 2021 714 γενέσθαι
2052 650 2151 720 τῆς
2186 653 2328 705 κατά
2367 652 2499 706 Θεὸν
2551 653 2845 717 πολιτείας,
2881 653 2975 706 καὶ
3008 652 3157 720 ἡμᾶς
3190 650 3433 714 πλείονος

1770 725 2063 780 ἀπολαύειν
2114 728 2216 797 τῆς
2269 732 2582 802 παρρησίας
2605 773 2619 796 ,
2669 732 2909 803 ὁρῶντας
2955 732 3017 782 οὑ
3054 730 3269 801 μάτην,
3306 729 3432 783 οὑδὲ

1769 814 1889 885 εἰκῆ
1943 816 2303 885 πονουμένους
2357 820 2503 889 ἡμᾶς
2527 858 2542 882 ,
2577 818 2713 873 ἀλλά
2757 819 2879 873 καθ’
2935 819 3170 887 ἑκάστην
3216 816 3432 889 ἡμέραν

1769 892 2134 964 αὐξανόμενον
2184 895 2373 950 τοῦτον
2404 898 2496 950 τὸν
2530 898 2730 965 σπόρον
2758 902 2850 951 τὸν
2892 896 3296 967 πνευματικὸν,
3336 899 3432 950 καὶ

1772 970 1847 1042 μὴ
1873 973 2125 1045 καθάπερ
2156 975 2213 1026 ἐν
2243 974 2321 1045 τῷ
2352 975 2655 1047 εὐαγγελίῳ
2683 977 2776 1029 ἐπὶ
2807 975 2901 1028 τοῦ
2938 978 3248 1045 σπείροντος
3271 974 3432 1043 γέγο-

1768 1067 1877 1113 νεν,
1905 1050 2047 1105 οὕτω
2085 1053 2182 1105 καὶ
2227 1054 2312 1123 ἐφ’
2339 1053 2495 1123 ἡμῶν
2531 1065 2554 1093 ο
2587 1054 2878 1125 συμϐῆναι.
2921 1055 3067 1107 Ἐκεῖ
3100 1053 3198 1121 μὲν
3235 1053 3343 1122 γάρ
3373 1050 3431 1105 ἓν

1770 1129 1934 1201 μέρος
1972 1130 2223 1203 διεσώθη,
2270 1133 2363 1186 καὶ
2395 1132 2461 1185 τὰ
2504 1132 2626 1204 τρία
2662 1130 3043 1202 παραπώλετο.
3078 1131 3151 1183 Τὸ
3194 1130 3291 1200 μὲν
3322 1130 3432 1198 γὰρ

1765 1209 1876 1260 τῶν
1920 1211 2249 1281 σπερμάτων
2297 1211 2358 1264 τὸ
2406 1212 2555 1282 παρά
2591 1212 2689 1281 τὴν
2725 1212 2842 1264 ὁδὸν
2876 1208 3219 1281 καταϐληθὲν
3261 1210 3431 1277 ἄκαρ-

1767 1305 1867 1341 πον
1898 1288 2101 1358 ἔμεινε,
2143 1291 2204 1342 τὸ
2235 1291 2290 1343 δὲ
2325 1290 2430 1344 ὑπὸ
2472 1290 2580 1343 τῶν
2613 1288 2861 1343 ἀκανθῶν
2910 1288 3209 1356 ἀπεπνίγη,
3247 1287 3431 1357 ἕτερον

1765 1369 1820 1422 δὲ
1856 1371 1935 1432 εἰς
1961 1370 2059 1433 τὰς
2090 1371 2293 1441 πέτρας
2326 1370 2686 1441 καταϐληθὲν,
2716 1370 2811 1423 καλ⁸
2850 1370 2943 1421 ἐπὶ
2985 1369 3084 1439 τῆς
3112 1367 3431 1436 ἐπιφανείας

1770 1449 1976 1515 μεῖναν,
2004 1448 2194 1502 οὑδένα
2230 1451 2442 1521 καρπὸν
2471 1452 2713 1519 ἐνεγκεῖν
2742 1446 2981 1518 ἠδυνήθη
3005 1462 3019 1477 ο
3053 1444 3164 1518 [25]
3196 1445 3429 1498 ἐνταῦθα

1765 1524 1819 1577 δὲ
1846 1524 1933 1578 διὰ
1971 1528 2068 1598 τὴν
2110 1527 2203 1581 τοῦ
2240 1528 2375 1582 Θεοῦ
2412 1529 2572 1600 χάριν
2616 1526 3000 1599 προσδοκῶμεν
3036 1524 3250 1578 ἅπαντα
3283 1522 3304 1562 ί
3338 1524 3429 1577 τὸν

1768 1612 1969 1683 σπόρον
2013 1616 2095 1678 είς
2140 1610 2240 1680 τὴν
2287 1614 2458 1686 καλὴν
2491 1615 2595 1685 γῆν
2643 1612 3120 1683 καταόεϐλῆσθαι,
3169 1612 3261 1668 καὶ
3303 1612 3431 1675 τοὺς

1767 1690 1869 1759 μὲν
1914 1695 2088 1748 ποιεῖν
2138 1693 2353 1760 ἑκατὸν,
2389 1696 2512 1759 τοὺς
2560 1695 2617 1749 δὲ
2652 1693 2945 1766 ἐξήκοντα,
2995 1691 3121 1755 τοὺς
3169 1690 3227 1743 δὲ
3272 1689 3430 1761 τριά-

1764 1794 1948 1855 κοντα.
1994 1781 2165 1835 Τοῦτο
2215 1784 2373 1853 ἡμῶν
2420 1783 2517 1855 τὴν
2569 1780 2875 1852 προθυμίαν
2906 1776 3082 1844 αὔξει,
3124 1776 3284 1855 τοῦτο
3332 1776 3430 1848 τὴν

1762 1854 1998 1910 διάνοιαν
2023 1859 2297 1931 διεγείρει,
2335 1861 2396 1914 τὸ
2425 1854 2646 1921 εἰδέναι,
2683 1860 2765 1912 ὃτι
2795 1857 2893 1928 οὑχ
2941 1856 3123 1919 ἁπλῶς
3151 1854 3271 1908 οὐδὲ
3307 1856 3428 1925 εἰκῆ

1761 1935 1887 1999 τοὺς
1927 1937 2118 2005 λόγους
2148 1939 2471 2009 προῖέμεθα,
2512 1939 2625 1992 ἀλλ’
2652 1940 2735 1992 ὅτι
2768 1936 3065 2006 νηφούσαις
3092 1937 3210 1995 ταῖς
3242 1934 3427 1996 ἀκοαῖς

1763 2022 1858 2074 καὶ
1911 2027 2284 2098 συντεταμένῃ
2323 2030 2390 2098 τῇ
2443 2027 2651 2098 διανοίᾳ
2707 2024 2776 2078 τὰ
2821 2024 2949 2095 παρ’
2989 2021 3146 2093 ἡμῶν
3178 2020 3425 2090 δέχεσθε.

1761 2099 1874 2153 Καὶ
1908 2103 2084 2158 ταῦτα
2113 2106 2174 2158 οὑ
2204 2104 2513 2159 κολακεύων
2540 2105 2696 2175 ὑμῶν
2731 2103 2830 2175 τὴν
2857 2102 3080 2172 ἀγάπην
3108 2101 3270 2168 λέγω,
3295 2099 3427 2154 ἀλλά

1764 2180 2154 2255 στοχαζόμενος
2198 2184 2297 2255 τὴν
2345 2183 2654 2255 προθυμίαν
2700 2184 2764 2235 ἐκ
2800 2182 2907 2235 τῶν
2936 2179 3064 2251 λθὲς
3105 2181 3235 2250 ἡμῖν
3277 2179 3428 2249 εἰρη-

1764 2260 1940 2331 μένων
1970 2263 2017 2317 Β.
2076 2252 2296 2336 Ἐώρων
2339 2252 2448 2335 γάρ
2508 2252 2753 2326 ἅπαντας
2800 2260 3248 2332 ἐκκρεμαμένους
3303 2258 3431 2327 περὶ

1758 2338 1857 2409 τὴν
1894 2339 2266 2407 διδασκαλίαν,
2304 2343 2400 2395 καὶ
2436 2340 2616 2396 πάντα
2661 2339 2974 2402 ποιοῦντας,
3015 2338 3155 2391 ὥστε
3194 2337 3329 2407 μηδὲ
3367 2336 3430 2389 τὸ

1759 2417 1921 2488 τυχὸν
1949 2418 2091 2489 ὑμᾶς
2126 2420 2235 2473 τῶν
2260 2420 2568 2491 λεγομένων
2601 2419 3012 2490 παραδραμεῖν·
3046 2416 3221 2479 ἄλλως
3250 2416 3307 2469 δὲ
3334 2417 3430 2468 καί

1761 2496 1794 2565 ἡ
1836 2496 1947 2549 τῶν
1987 2496 2197 2568 κρότων
2226 2515 2475 2569 συνέχεια
2526 2498 2753 2571 μεγίστη
2782 2496 3058 2561 ἀπόδειξις
3092 2496 3307 2564 ἐγένετο
3331 2492 3427 2547 τοῦ

1762 2574 1884 2644 μεθ’
1921 2574 2115 2647 ἡδονῆς
2158 2577 2300 2647 ὑμᾶς
2346 2576 2597 2647 δέχεσθαι
2646 2576 2716 2630 τὰ
2754 2574 3044 2645 λεγόμενα.
3102 2575 3161 2626 'U
3201 2573 3257 2627 δὲ
3309 2572 3429 2643 μεθ’

1758 2652 1951 2725 ἡδονῆς
1985 2653 2199 2709 ἀκούων
2233 2655 2397 2709 τινῶν
2435 2656 2763 2725 λεγομένων,
2805 2654 2963 2724 δῆλον
2998 2654 3080 2706 ὅτι
3122 2651 3215 2705 καὶ
3252 2651 3431 2721 ἐμπή-

1760 2748 1949 2799 γνυσιν
1989 2733 2129 2786 αὑτά
2155 2736 2221 2805 τῇ
2254 2734 2481 2805 διανοίᾳ,
2510 2734 2604 2786 καὶ
2643 2731 3002 2796 ἀνεξάλειπτα
3033 2730 3322 2802 ἐργάζεται
3350 2728 3429 2798 τῷ

1760 2812 1953 2866 πλάτει
1990 2812 2090 2884 τῆς
2122 2811 2359 2877 διανοίας
2397 2811 2865 2883 ὲναποτιθέμενος.
2908 2811 3005 2874 Τίς
3046 2809 3112 2863 ἂν
3157 2805 3249 2863 οὑν
3291 2807 3429 2879 πρὸς

1759 2889 1916 2956 ἀξίαν
1957 2892 2051 2945 καὶ
2098 2893 2241 2963 ὑμᾶς
2282 2892 2617 2957 ἐπαινέσειε,
2656 2892 2757 2970 ,καὶ
2798 2891 2948 2960 ἡμᾶς
2989 2888 3341 2959 μακαρίσειεν
3372 2888 3554 2994 Ιιψ

1761 2969 1837 2994 2-.
1877 2971 1954 2994 -l‘
2006 2965 2111 2994 .7.--
2147 2972 2375 2994 \1---.---.
2422 2969 2756 2994 L----.l.._--...
2811 2967 3105 2994 ιι,.-,,ε-.η..
3150 2966 3257 2994 -..ιη
3326 2983 3398 2994 ...-

1756 2969 1841 3022 ὃτι
1876 2971 1954 3033 εἰς
2002 2965 2116 3023 ὦτα
2147 2972 2376 3042 λέγομεν
2417 2964 2758 3034 ἀκουόντων;
2802 2967 3105 3037 Μακάριος
3150 2966 3280 3038 γὰρ,
3325 2964 3430 3038 φηῖ

1761 3050 1864 3113 σίν,
1893 3051 1926 3103 ό
1951 3049 2147 3120 λέγων
2181 3053 2269 3114 εὶς
2303 3046 2423 3105 ὦτα
2466 3049 2827 3103 ἀκουόντων.
2870 3046 3041 3099 Τοῦτο
3084 3046 3335 3116 νηστείας
3366 3044 3430 3098 τὸ

1760 3127 2129 3198 κατόρθωμα,
2184 3128 2345 3182 τοῦτο
2401 3129 2462 3181 τὸ
2507 3129 2797 3197 φάρμακον
2842 3125 2939 3196 τὴν
2997 3123 3270 3195 σωτηρίαν
3320 3122 3429 3178 τῶν

1760 3206 2043 3276 ἡμετέρων
2092 3206 2278 3277 ψυχῶν
2332 3205 2646 3278 εἰργάσατο.
2694 3202 2850 3257 Εἰδέ
2892 3203 2952 3269 ἐξ
3001 3203 3175 3273 ἀρχῆς
3223 3202 3317 3255 κα)⁸
3362 3202 3431 3254 ἐκ

1760 3287 2063 3355 προοιμίων
2099 3286 2369 3358 τοσαύτην
2409 3288 2508 3356 τὴν
2552 3286 2704 3355 ἰσχὺν
2738 3284 3073 3348 ἐπεδείξατο,
3126 3279 3429 3352 προϊουσῶν

1758 3373 1869 3425 τῶν
1904 3373 2126 3445 ἡμερῶν
2181 3375 2353 3444 πόσην
2401 3375 2504 3445 χρὴ
2552 3372 2968 3443 προσδοκῆσαιὶ
3021 3370 3118 3440 τὴν
3164 3368 3430 3437 ὠφέλειαν

1760 3466 2174 3537 προσγίνεσθαι;
2200 3465 2375 3518 Μόνον
2398 3465 2575 3534 ὑμεῖς,
2597 3461 2919 3533 παρακαλῶ,
2940 3460 3101 3514 Μετὰ
3122 3460 3309 3528 φόϐου
3331 3457 3432 3511 καὶ

1760 3548 1979 3615 τρόμου
2036 3548 2152 3611 τὴν
2210 3544 2442 3599 ἑαυτῶν
2493 3543 2795 3612 σωτηρίαν
2845 3540 3287 3611 κατεργάζεσθε,
3334 3540 3432 3594 καὶ

1763 3627 2034 3697 μηδεμίαν
2089 3625 2441 3696 παρείσδυσιν
2489 3624 2607 3676 δότε
2653 3623 2732 3693 τῷ
2781 3621 2960 3691 ἐχθρῷ
3011 3620 3112 3689 τῆς
3156 3618 3430 3690 σωτηρίας

1759 3704 1859 3775 τῆς
1888 3705 2178 3775 ὑμετέρας.
2215 3704 2386 3775 Ὁρῶν
2423 3702 2532 3773 γὰρ
2583 3700 2737 3771 ὑμῶν
2783 3700 2877 3753 νῦν
2927 3699 3020 3752 τὸν
3063 3697 3292 3751 πλοῦτον
3337 3699 3430 3750 τὸν

1760 3784 2161 3853 πνευματικὸν,
2232 3784 2442 3853 μέμηνε
2510 3781 2605 3833 καῖ
2658 3779 2965 3850 ἀγριαίνει,
3020 3779 3118 3831 καῖ
3176 3775 3428 3845 καθάπερ

1760 3863 1895 3916 λέων
1921 3863 2229 3933 ὠρυόμενος
2258 3861 2606 3932 περιέρχεται
2632 3860 2811 3930 ζητῶν
2833 3859 2953 3911 τίνα
2985 3856 3249 3927 καταπίῃ.
3286 3854 3427 3907 Ἀλλ’

1761 3944 1856 3997 ἐὰν
1898 3945 2178 4013 νήφωμεν,
2204 3942 2418 4003 οὐδενὸς
2446 3942 2729 4014 περιέσται
2745 3940 2834 3993 διὰ
2847 3939 2946 4010 τὴν
2976 3939 3068 3990 τοῦ
3089 3936 3225 3989 Θεοῦ
3244 3934 3424 4005 χάριν.

1834 4037 1897 4107 β’.
1915 4036 2148 4089 Τοιαῦτα
2168 4035 2278 4107 γὰρ
2298 4034 2455 4107 ἡμῶν
2492 4034 2561 4088 τά
2606 4034 2744 4087 ὅπλα
2762 4032 2831 4086 τά
2868 4028 3213 4101 πνευματικά
3233 4067 3248 4092 ,
3286 4030 3387 4082 ἆπε
3395 4044 3429 4099 ρ

1762 4119 1911 4189 ἡμᾶς
1946 4118 2191 4171 ἐνέδυσεν
2217 4119 2250 4188 ἡ
2280 4116 2372 4170 τοῦ
2406 4116 2723 4187 Πνεύματος
2754 4113 2767 4165 i
2806 4113 2987 4185 χάρις,
3020 4111 3270 4179 καθάπερ
3297 4108 3429 4189 χθὲς

1763 4187 2077 4267 ἐδιδάξαμεν
2115 4196 2212 4267 τὴν
2241 4187 2531 4268 ὑμετέραν
2587 4195 2828 4262 ἀγάπην.
2859 4194 2955 4244 "Av
2992 4191 3180 4268 τοίνυν
3204 4187 3428 4268 ⁸τούτοις

1761 4263 2022 4345 διηνεκῶς
2046 4263 2194 4345 ὦμεν
2229 4263 2605 4345 πεφραγμένοι
2637 4273 2814 4325 πάντα
2844 4269 2910 4322 τὰ
2947 4268 3104 4339 μέλη,
3132 4265 3287 4319 οὐδὲν
3317 4263 3426 4318 τῶν

1762 4362 1852 4415 ὑπ’
1878 4362 2083 4416 ἐκείνου
2113 4362 2421 4432 ἀφιεμένων
2456 4360 2624 4431 βελῶν
2658 4358 2979 4413 καθικέσθαι
3015 4355 3173 4426 ἡμῶν
3207 4354 3429 4423 δυνήσε-

1761 4458 1870 4507 ται,
1914 4440 2027 4494 ἀλλ’
2057 4440 2237 4511 ἄκυρα
2275 4439 2410 4511 πρὸς
2442 4440 2604 4494 αὑτὸν
2656 4436 2942 4508 ἐπανήξειο
2984 4437 3287 4505 ἀδάμαντος
3318 4433 3429 4503 γὰρ

1763 4525 1908 4595 ἡμᾶς
1938 4520 2322 4590 στερροτέρους
2348 4521 2380 4589 ἡ
2410 4520 2503 4572 τοῦ
2534 4518 2669 4572 Θεοῦ
2705 4518 2865 4589 χάρις
2900 4513 3269 4595 κατεσκεύασε
3288 4514 3428 4595 ,καὶ

1762 4592 1938 4672 πάντη
1978 4599 2301 4661 ἀναλώτους,
2339 4599 2434 4651 ἐὰν
2476 4597 2815 4669 βουλώμεθα.
2851 4597 3060 4666 ’Ὠσπερ
3109 4592 3201 4649 οὖν
3234 4596 3262 4646 ό
3293 4592 3426 4645 ἀδά-

1766 4699 1941 4755 μαντα
1964 4679 2139 4732 παίων
2173 4679 2379 4732 ἐκεῖνον
2415 4679 2511 4748 μὲν
2544 4676 2773 4747 ἔϐλαψεν
2802 4676 2973 4739 οὐδὲν,
3006 4674 3197 4755 ἐαυτοῦ
3228 4674 3286 4755 δὲ
3326 4675 3426 4744 τὴν

1766 4753 1916 4832 ἰσχὺν
1955 4757 2195 4821 καθεῖλε,
2237 4757 2332 4810 καὶ
2375 4759 2402 4810 ό
2437 4756 2572 4827 πρὸς
2615 4756 2815 4826 κέντρα
2849 4753 3140 4817 λακτίζων,
3183 4753 3309 4815 τοὺς
3347 4756 3427 4806 οῖ-

1762 4845 1941 4906 κείους
1996 4840 2254 4911 αἱμάσσει
2295 4840 2491 4903 πόδας·
2528 4837 2671 4892 οὑτω
2708 4839 2773 4909 δὴ
2813 4840 2906 4891 καὶ
2946 4839 3031 4906 ἐφ’
3071 4837 3227 4907 ἡμῶν
3273 4835 3427 4888 ἔσται

1761 4930 1855 4982 καὶ
1892 4926 1986 4979 τοῦ
2016 4924 2276 4994 πολεμίου
2305 4924 2404 4992 τῆς
2438 4923 2711 4993 σωτηρίας
2741 4921 2843 4990 τῆς
2863 4920 3160 4991 ἡμετέρας,
3189 4916 3284 4971 ἐὰν
3313 4919 3427 4980 τοῖς

1760 5008 1945 5070 ὅπλοις
1993 5008 2102 5066 τοῖς
2138 5003 2439 5074 δεδομένοις
2490 5005 2624 5071 ἡμῖν
2655 5003 2803 5072 παρὰ
2845 5002 2943 5069 τῆς
2984 4998 3079 5052 τοῦ
3108 4995 3425 5067 Πνεύματος

1762 5091 1980 5161 χάριτος
2035 5086 2261 5146 ἐαυτοὺς
2312 5083 2573 5151 διηνεκῶς
2622 5082 2968 5161 φράττωμεν.
3015 5077 3267 5161 Τοσαύτη
3313 5078 3424 5161 γάρ

1759 5157 1963 5223 τούτων
1997 5168 2030 5236 ἡ
2063 5166 2321 5235 δύναμις,
2372 5166 2445 5227 ώς
2497 5163 2630 5233 μηδὲ
2679 5162 2776 5232 τὴν
2816 5159 2875 5224 ἐξ
2914 5159 3092 5211 αὑτῶν
3139 5157 3424 5231 ἀστραπὴν

1762 5247 2087 5319 ὑφίστασθαι
2114 5248 2203 5302 τὸν
2239 5247 2516 5316 πολέμιον,
2542 5244 2656 5297 ἀλλ’
2680 5239 3115 5311 ἀποτυφλοῦσθαι
3147 5240 3245 5303 τὰς
3273 5239 3426 5311 ὄψεις

1828 5388 1851 5415 ε
1875 5384 1997 5445 Reg.
2022 5396 2150 5430 unus
2169 5380 2246 5490 ἐς,
2258 5385 2397 5443 ἡμᾶς.
2412 5380 2537 5430 Infra
2560 5384 2754 5456 septem
2773 5390 2888 5427 mss.
2910 5384 2963 5427 et
2987 5376 3205 5427 Savﬂnb
3230 5376 3313 5438 μὲν
3332 5374 3423 5438 γὰρ

1828 5464 1856 5490 ~
1879 5448 2179 5490 σπεοιωίτων.
2251 5443 2374 5490 orel.
2404 5442 2462 5489 τὸ
2482 5442 2565 5490 μὲν
2586 5456 2673 5490 γαο
2693 5442 2901 5490 σπέρμα.

1760 5448 1856 5515 τῶν
1879 5441 2179 5515 σπέρμάτων.
2203 5441 2374 5515 λξοιίςι.
2404 5442 2565 5515 ⁸τὸμὲν
2586 5441 2673 5503 γὰρ
2693 5442 2901 5503 σπέρμα.

1828 5507 1848 5545 ί
1874 5503 2067 5556 (ἶοίέιὶη.
2092 5504 2434 5568 προσδοκῶμεν
2454 5503 2671 5568 ἅπαντες.

1827 5569 1852 5608 8
1880 5568 2001 5627 Reg.
2024 5562 2151 5615 unué
2174 5572 2227 5613 et
2245 5562 2442 5615 Coislin.
2467 5564 2702 5628 χθὲςλπαᾴ
2726 5562 2965 5628 ἡμῶν-εἰρ.

1823 5629 1854 5668 h
1880 5620 2027 5678 Séﬁl.
2057 5634 2110 5676 et
2134 5634 2236 5675 [res
2273 5638 2387 5688 mss.
2417 5620 2779 5688 μακαρίσειέπᾴ
2801 5620 3153 5688 ἐκθαυμάσειιν.

1831 5693 1847 5730 i
1876 5690 1958 5738 Sic
1979 5691 2130 5738 Savil.
2154 5694 2205 5735 et
2228 5687 2369 5735 mulli
2388 5682 2498 5735 mss.
2523 5682 2572 5734 Ιίι
2600 5684 2767 5734 Morel.
2789 5684 3116 5747 προσδοκῆσαι
3138 5682 3321 5747 deerat.

1834 5754 1847 5801 ί
1885 5754 1965 5798 Sic
1986 5751 2134 5798 Savil.
2162 5755 2208 5797 el
2233 5760 2406 5798 omnes
2430 5748 2534 5796 fere
2569 5760 2704 5809 mss.,
2729 5743 2876 5807 atque
2900 5748 2967 5794 ita
3006 5743 3129 5807 legit
3150 5745 3419 5807 interpres.

1768 5814 1937 5864 morel.
1965 5815 1996 5863 ἡ
2020 5810 2105 5858 τοῦ
2132 5810 2331 5873 Πατρός.
