3752 6244
323 248 384 307 LI

326 365 391 417 ἐκ
427 364 524 435 τῆς
564 364 735 435 αὐγῆς
778 363 873 433 τῆς
929 362 1140 417 ἐκεῖθεν
1170 376 1195 403 α
1243 360 1682 431 ἐκπεμπομένης.
1728 358 1971 417 Τούτοις,

327 452 647 523 παρακαλῶ,
688 453 796 514 τοῖς
836 452 1019 513 ὅπλοις
1065 449 1350 511 διαπαντὸς
1381 448 1601 509 ἑαυτοὺς
1629 444 1971 515 τειχίζοντες,

332 538 476 591 οῦτω
507 540 599 590 καὶ
633 540 711 600 είς
739 539 944 608 ἀγοράν
974 536 1344 605 ἐμϐάλλωμεν,
1373 536 1466 587 καὶ
1497 534 1669 602 φίλοις
1708 529 1978 599 συγγενώ-

335 624 491 693 μεθα,
526 625 619 679 καὶ
649 624 945 695 πράγματα
981 620 1463 692 μεταχειρίζωμεν.
1495 620 1606 674 Καὶ
1643 619 1696 671 τί
1733 619 1873 687 λέγω
1900 618 1980 679 εἰς

333 711 574 781 ἁγοράνς
609 713 719 764 Καὶ
770 712 849 773 εἰς
882 709 1175 779 ἐκκλησίαν
1204 708 1549 769 ἀπαντῶντες
1576 706 1745 759 ταῦτα
1771 706 1979 774 έχωμεν

333 798 461 865 ἡμῖν
494 796 607 868 [24]
638 798 1014 867 περικείμενα,
1054 797 1147 849 καὶ
1184 795 1362 848 οἴκαδε
1398 794 1705 855 ἐπανιόντες
1732 794 1824 845 καὶ
1851 790 1982 844 καθ-

333 880 591 945 εύδοντες,
631 883 724 936 καὶ
759 883 1187 952 διανιστάμενοι,
1231 882 1324 935 καὶ
1369 881 1634 951 μηδέποτε
1673 878 1809 933 αὺτά
1844 879 1981 930 ἀπο-

336 967 558 1038 θώμεθα
582 971 731 1040 παρά
760 972 935 1022 πᾶσαν
972 970 1129 1039 ἡμῶν
1158 969 1255 1037 τήν
1283 966 1425 1038 ζωήν
1446 983 1458 996 ο
1490 966 1674 1020 ἄπεισι
1711 967 1818 1036 γὰρ
1858 964 1979 1035 μεθ’

331 1056 365 1123 ὴ
376 1055 514 1123 μῶν,
541 1056 631 1107 καὶ
666 1057 765 1125 τῆς
792 1058 907 1109 ἐκεῖ
930 1056 1238 1125 παρρησίας
1262 1054 1288 1092 ιι
1317 1053 1570 1116 ὑπόθεσις
1598 1055 1728 1123 ἡμῖν
1754 1051 1982 1121 μεγίστη

334 1141 563 1206 γίνεται.
589 1142 722 1193 Οὐδὲ
750 1142 858 1213 γὰρ
885 1142 1084 1211 ὁμοίως
1120 1143 1231 1203 τοῖς
1260 1139 1536 1209 αἰσθητοῖς
1559 1139 1741 1201 ὅπλοις
1765 1137 1983 1209 βαρύνει

334 1226 396 1276 τὸ
429 1226 607 1295 σῶμα,
636 1228 772 1280 ἀλλά
827 1227 1025 1297 μᾶλλον
1059 1225 1324 1295 κουφίζει,
1364 1226 1455 1277 καὶ
1491 1226 1776 1295 μετάρσιον
1817 1223 1986 1295 ἐργά-

337 1311 507 1377 ζεται,
539 1316 632 1365 καὶ
679 1314 776 1382 τὴν
814 1315 963 1383 ἰσχὺν
1011 1312 1298 1366 ἐπιτείνει·
1338 1311 1495 1381 μόνον
1544 1311 1639 1365 ἐὰν
1685 1311 1822 1365 αὐτὰ
1863 1310 1984 1363 καθ’

336 1395 575 1466 ἑκάστην
622 1398 839 1467 ἡμέραν
887 1399 1314 1466 ἀποσμήχωμεν,
1360 1396 1499 1448 ὥστε
1546 1394 1772 1466 λαμπρά
1800 1394 1986 1464 φαινό-

340 1499 479 1551 μενα
517 1484 603 1537 διὰ
635 1484 733 1553 τῆς
780 1484 983 1547 οἰκείας
1023 1485 1307 1554 ἀστραπῆς
1343 1483 1549 1554 πηροῦν
1581 1483 1679 1546 τὰς
1710 1483 1857 1551 δψεις
1895 1480 1986 1534 τοῦ

342 1569 575 1640 πονηροῦ
602 1570 871 1641 δαίμονος,
907 1572 1081 1623 πάντα
1113 1570 1255 1623 κατὰ
1289 1569 1386 1639 τῆς
1425 1568 1695 1639 σωτηρίας
1725 1569 1824 1637 τῆς
1862 1569 1991 1638 ήμε-

341 1655 507 1725 τέρας
561 1657 973 1726 μηχανωμένου.
1017 1657 1152 1725 Φέρε
1196 1655 1260 1726 δὴ
1302 1654 1504 1719 λοιπὸν,
1555 1653 1741 1725 ἐπειδὴ
1793 1653 1990 1716 ἰκανῶς

341 1742 485 1811 ὑμᾶς
544 1743 983 1811 καθωπλίσαμεν,
1038 1742 1136 1813 τὴν
1204 1743 1404 1812 συνήθη
1467 1742 1798 1813 παραϐῶμεν
1860 1741 1989 1810 ὑμῖν

339 1828 638 1897 τράπεζαν,
682 1830 773 1882 καὶ
814 1829 883 1881 τά
914 1829 1179 1882 ἀκόλουθα
1226 1828 1334 1882 τῶν
1363 1828 1487 1898 χθὲς
1516 1830 1647 1898 ἡμῖν
1688 1827 1990 1898 εἰρημένων

340 1914 628 1985 προθῶμεν
658 1916 750 1968 ἐπὶ
793 1915 893 1984 τῆς
940 1915 1208 1986 ὑμετέρας
1237 1915 1477 1984 ἀγάπης,
1525 1914 1685 1969 πάλιν
1716 1915 1806 1967 τὸν
1859 1913 1990 1967 θαυο

343 2001 537 2069 μάσιον
574 2003 861 2073 ἑστιάτορα
912 2001 1003 2054 τὸν
1044 2002 1307 2072 μακάριον
1350 1998 1621 2062 Μωῦσέα,
1674 2000 1764 2054 τὸν
1821 2000 1992 2071 μέγαν

344 2090 626 2158 προφήτην
652 2089 749 2158 τῆς
774 2088 943 2157 καλῆς
968 2088 1169 2157 ταύτης
1189 2088 1534 2151 διδασκαλίας
1555 2086 1796 2158 ἡγεμόνα
1835 2102 1994 2156 ποιη-

345 2176 587 2245 σάμενοι.
621 2174 845 2243 Ἱδωμεν
876 2170 967 2227 οῦν
1012 2176 1135 2227 τίνα
1168 2175 1338 2239 ἐστὶν,
1389 2174 1425 2228 ἃ
1453 2176 1546 2228 καλ⁴
1584 2176 1819 2245 σήμερον
1850 2175 1993 2244 ἡμᾶς

342 2262 550 2328 διδάξαι
587 2260 850 2331 βούλεται,
892 2262 985 2314 καὶ
1033 2260 1384 2332 προσέχωμεν
1431 2261 1673 2332 ἀκριϐῶς
1714 2263 1823 2323 τοῖς
1864 2262 1993 2331 παρ’

349 2348 513 2400 αὐτοῦ
543 2347 877 2417 λεγομένοις.
908 2347 1042 2400 Οὐδὲ
1083 2347 1191 2417 γὰρ
1219 2348 1395 2417 οἰκείᾳ
1422 2347 1643 2417 δυνάμει
1677 2346 1992 2416 φθέγγεται,

348 2435 462 2488 ἀλλ’
504 2435 645 2504 άπερ
686 2434 750 2488 ἂν
781 2437 813 2504 ἡ
850 2433 943 2486 τοῦ
978 2435 1291 2504 Πνεύματος
1322 2435 1479 2504 χάρις
1523 2435 1781 2508 ἐνηχήσῃ,
1830 2433 1997 2487 ταῦτα

348 2520 437 2573 διὰ
467 2521 563 2589 τῆς
596 2520 797 2582 οἰκείας
843 2520 1104 2590 προφέρει
1149 2518 1413 2590 γλώττης,
1455 2519 1715 2573 διδάσκων
1752 2520 1850 2591 τὴν
1889 2520 1997 2572 τῶν

352 2604 655 2676 ἀνθρώπων
717 2605 897 2674 φύσιν.
952 2606 1281 2676 Ἀπαρτίσας
1338 2606 1516 2659 τοίνυν
1570 2608 1659 2659 τὸν
1711 2607 1839 2677 περὶ
1899 2606 1999 2675 τῆς

352 2692 572 2765 πρώτης
602 2691 810 2763 ήμέρας
843 2692 1019 2759 λόγον,
1054 2693 1147 2744 καὶ
1189 2692 1357 2743 εἰπὼν
1392 2693 1526 2763 μετὰ
1562 2694 1658 2762 τῆν
1693 2692 1786 2744 τοῦ
1822 2692 1999 2760 φωτὸς

350 2780 728 2852 δημιουργίαν,
784 2779 1043 2849 Ἐγένετο
1098 2780 1325 2849 ἑσπέρα
1345 2820 1359 2843 ,
1413 2781 1508 2833 καὶ
1558 2780 1793 2850 ἐγένετο
1830 2781 1998 2849 πρωῒ,

351 2867 539 2936 ἡμέρα
562 2868 689 2935 μία,
724 2866 882 2920 πάλιν
907 2867 1070 2936 φησί·
1098 2868 1207 2921 Kal
1235 2864 1402 2920 εἶπεν
1429 2871 1461 2921 ὀ
1488 2868 1657 2933 Θεός·
1686 2869 2001 2935 Γενηθήτω

348 2954 651 3023 στερέωμα
680 2955 749 3007 έν
789 2953 956 3022 μέσῳ
1004 2955 1111 3009 τοῦ
1164 2954 1374 3020 ὕδατος
1400 2994 1415 3019 ,
1460 2954 1556 3008 καὶ
1594 2954 1748 3009 ἔστω
1793 2955 2003 3023 διαχω-

348 3040 509 3107 ρίζον
539 3041 842 3110 ἀναμέσον
882 3042 1098 3107 ὓδατος
1136 3041 1235 3093 καί
1273 3041 1507 3107 ὕδατος.
1544 3041 1740 3094 Σκόπει
1786 3058 1877 3110 μοι
1918 3043 2004 3094 ἐν·

351 3128 549 3191 ταῦθα,
574 3131 839 3200 ἀγαπητὴ
879 3130 1223 3194 διδασκαλίας
1259 3130 1601 3185 ἀκολουθίαν.
1640 3130 1856 3200 Ἐπειδὴ
1896 3129 2002 3201 γὰρ

352 3216 639 3287 προλαϐὼν
670 3220 798 3287 ἡμῖν
822 3214 939 3270 εἷπε
980 3218 1118 3288 μετὰ
1146 3218 1243 3288 τὴν
1278 3217 1372 3271 τοῦ
1397 3215 1626 3286 οὐρανοῦ
1657 3216 1749 3269 καὶ
1774 3216 1875 3285 τῆς
1903 3217 2005 3287 γῆς

352 3303 727 3373 δημιουργίαν,
770 3304 850 3357 ὃτι
908 3306 967 3357 Ἠ
1001 3304 1070 3357 δὲ
1113 3304 1189 3371 γῆ
1240 3300 1316 3374 ἦν
1347 3305 1599 3370 ἀόρατος
1644 3303 1740 3355 καί
1792 3303 2008 3356 ἀκατα-

352 3382 721 3447 σκεύαστος,
767 3383 863 3434 καὶ
922 3382 1038 3448 τὴν
1096 3382 1292 3436 αἰτίαν
1355 3382 1744 3449 προσέθηκεν,
1794 3383 1873 3434 ὅτι
1921 3380 2009 3433 διὰ

352 3460 510 3511 τοῦτο
534 3455 599 3528 ἦν
625 3460 874 3528 ἀόρατος,
899 3460 985 3513 διὰ
1019 3460 1079 3513 τὸ
1108 3460 1472 3513 καλύπτεσθαι
1500 3463 1605 3516 ὑπὸ
1632 3459 1724 3513 τοῦ
1765 3459 2004 3524 σκότους,

356 3541 451 3593 καὶ
475 3540 583 3591 τῶν
619 3540 824 3592 ὑδάτων
844 3558 856 3569 ·
901 3540 1043 3609 ὕδωρ
1071 3540 1177 3610 γὰρ
1215 3536 1284 3610 ἦν
1311 3540 1372 3591 τὸ
1399 3542 1527 3603 πᾶν,
1553 3541 1647 3594 καὶ
1677 3538 1885 3601 σκότος,
1915 3538 2009 3591 καὶ

354 3618 507 3671 οὐδὲν
539 3618 720 3689 ἕτερον
740 3632 753 3647 ’
788 3614 903 3672 εἶτα
943 3620 1035 3671 τοῦ
1069 3619 1337 3671 Δεσπότου
1382 3620 1781 3689 προστάξαντος
1812 3659 1825 3682 ,
1870 3636 2011 3689 παρ-

354 3695 494 3765 ήχθη
535 3696 594 3749 τὸ
632 3676 786 3765 φῶς,
838 3698 930 3751 καὶ
984 3698 1349 3768 διαχωρισμὺς
1397 3676 1667 3765 γέγονεέδ
1706 3676 1877 3765 φωτὸς
1918 3676 2011 3753 καὶ

357 3777 611 3839 σκότους,
661 3777 755 3830 καὶ
809 3778 871 3829 τὸ
930 3777 1027 3847 μὲν
1064 3774 1164 3846 τὴν
1226 3777 1323 3845 τῆς
1376 3777 1588 3847 ἡμέρας
1642 3776 2009 3846 προσηγορίαν

354 3854 534 3917 ἔλαϐε,
561 3855 623 3908 τὸ
668 3856 724 3909 δὲ
751 3857 850 3925 τὴν
897 3857 997 3925 τῆς
1028 3854 1221 3918 νυκτὸς
1248 3854 1495 3921 ἐδέξατο·
1542 3854 1701 3907 πάλιν
1748 3856 1895 3924 ἡμᾶς
1932 3857 2010 3909 δι-

353 3932 509 3996 δάξαι
553 3931 826 4001 βούλεται,
874 3934 955 3984 ὄτι
1004 3932 1193 4001 ῶσπερ
1236 3931 1297 3984 τὸ
1346 3932 1534 3994 σκότος
1568 3932 1728 3984 διεῖλε
1780 3933 1840 3985 τὸ
1897 3934 2011 4002 φῶς

358 4010 713 4080 παραγαγὼν,
753 4013 848 4064 καὶ
895 4012 1108 4079 ἑκάστῳ
1136 4009 1234 4076 τὴν
1264 4008 1606 4077 ἁρμόζουσαν
1642 4009 2010 4080 προσηγορίαν

359 4091 647 4160 ἐπέθηκεν,
672 4089 812 4143 οὓτω
835 4090 928 4143 καὶ
950 4089 1010 4163 τὸ
1038 4088 1238 4159 πλῆθος
1263 4088 1368 4140 τῶν
1397 4087 1602 4141 ὑδάτων
1632 4089 2011 4160 προστάγματι

356 4169 626 4316 magia
656 4247 755 4319 ὅρα
775 4246 1000 4315 δύναμιν
1016 4244 1241 4315 ἄφατον,
1272 4244 1366 4299 καὶ
1391 4244 1565 4298 πάντα
1581 4244 1913 4315 ἀνθρώπινον
1927 4246 2014 4298 λο-

358 4326 553 4397 γισμὸν
587 4325 1036 4394 ὑπερϐαίνουσαν.
1078 4323 1301 4376 Κελεύει
1342 4323 1450 4392 γὰρ
1489 4323 1667 4393 μόνον,
1701 4326 1790 4376 καὶ
1820 4324 1881 4376 τὸ
1914 4324 2025 4393 μὲνι

359 4403 731 4476 παράγεταιά
778 4403 887 4455 τῶν
940 4402 1239 4472 στοιχείων,
1290 4402 1351 4455 τὸ
1403 4402 1460 4455 δὲ
1513 4405 1853 4472 παραχωρεῖ.
1903 4402 2013 4458 Kal

358 4482 508 4549 εἶπε,
548 4484 733 4553 φησὶν,
778 4486 809 4536 ό
852 4481 1011 4548 Θεὸς,
1064 4482 1378 4549 Γενηθήτω
1419 4482 1719 4549 στερέωμα
1745 4481 1813 4533 ἐν
1849 4479 2016 4549 μέσῳ

359 4563 467 4616 τοῦ
503 4562 736 4625 ὕδατος,
770 4560 867 4613 καὶ
905 4560 1058 4614 ἔστω
1086 4560 1430 4627 διαχωρίζον
1464 4558 1770 4628 ἀναμέσον
1800 4558 2015 4624 ὕδατος

362 4640 460 4693 καὶ
494 4640 728 4703 ὕδατος.
775 4639 840 4690 Τί
888 4640 1031 4702 ἐστι,
1075 4638 1392 4705 Γενηθήτω
1440 4638 1781 4705 στερέωμα;
1819 4637 1903 4699 Ὠς
1948 4637 2013 4689 ἂν

362 4721 503 4772 εἰποι
534 4734 618 4780 τις
645 4716 861 4788 γλώττῃ
894 4716 1227 4787 ἀνθρωπίνῃ,
1258 4716 1456 4785 τειχίον
1488 4733 1539 4767 τι
1566 4715 1659 4768 καὶ
1686 4715 2012 4785 διάφραγμα

360 4800 601 4871 διαιροῦν
638 4800 863 4871 μεταξὺ,
905 4802 999 4853 καὶ
1027 4798 1301 4869 χωρισμὸν
1338 4797 1729 4868 ἐργαζόμενον.
1776 4800 1885 4851 Καὶ
1927 4798 2013 4850 ἵνα

365 4881 542 4951 μάθῃς
591 4880 689 4951 τὴν
737 4879 936 4949 πολλὴν
981 4879 1225 4947 ὑπακοὴν
1263 4878 1369 4930 τῶν
1418 4877 1713 4946 στοιχείων,
1768 4876 1861 4928 καὶ
1916 4877 2013 4945 τὴν

364 4960 803 5031 ὑπερϐάλλουσαν
853 4957 1078 5028 δύναμιν
1133 4956 1227 5011 τοῦ
1276 4955 1640 5027 δημιουργοῦ,
1692 4953 1857 5024 φησί·
1905 4954 2012 5006 Kal

363 5038 596 5106 ἐγένετο
626 5039 832 5105 οὕτως.
870 5033 1005 5091 Εἶπε
1042 5037 1221 5107 μόνον,
1258 5035 1350 5089 καὶ
1379 5035 1438 5087 τὸ
1471 5034 1630 5104 ἔργον
1660 5032 2010 5102 ἠκολούθησε.

367 5116 473 5170 Kal
506 5117 773 5184 ἐποίησε,
800 5117 982 5186 φησὶν,
1013 5119 1045 5168 ό
1079 5114 1221 5179 Θεὸς
1255 5114 1317 5166 τὸ
1344 5112 1664 5181 στερέωμα,
1695 5113 1791 5165 καὶ
1819 5110 2016 5179 διεχώ-

361 5208 533 5261 ρισεν
570 5196 602 5247 ὀ
632 5195 774 5259 Θεὸς
810 5194 1116 5263 ἀναμέσον
1145 5191 1250 5245 τοῦ
1288 5190 1524 5256 ὕδατος,
1557 5190 1588 5243 ὃ
1622 5186 1698 5259 ἦν
1739 5190 2016 5246 ὑποκάτω

368 5268 473 5324 τοῦ
520 5273 951 5341 στερεώματος,
998 5274 1094 5328 καί
1128 5270 1434 5339 ἀναμέσον
1486 5270 1587 5323 τοῦ
1644 5270 1859 5336 ὕδατος
1911 5270 2016 5324 τοῦ

342 5348 566 5401 ηέπάνω
597 5350 702 5403 τοῦ
748 5350 1165 5420 στερεώματος.
1212 5349 1523 5417 Γενομένου,
1557 5348 1718 5417 φησι,
1762 5348 1854 5401 τοῦ
1894 5365 2015 5400 στε-

375 5427 672 5496 ρεώματος,
696 5428 765 5481 τὰ
800 5428 899 5496 μὲν
925 5429 1031 5482 τῶν
1061 5429 1265 5481 ὑδάτων
1298 5426 1630 5497 προσέταξεν
1656 5426 1757 5479 ὑπὸ
1786 5425 1898 5497 [εδ]
1923 5425 2017 5478 τοῦ

436 5531 461 5559 ⁸
486 5531 583 5576 Sex
606 5542 721 5577 mss.
747 5535 799 5577 et
822 5529 969 5577 Savil.
994 5536 1077 5587 τῆς
1100 5528 1319 5577 ἐντεῦθεν.
1348 5528 1518 5576 Morel.
1544 5534 1627 5585 τῆς
1652 5528 1839 5576 ἐκεῖθεν.
1866 5526 2019 5576 Paulo

372 5596 483 5652 post
492 5589 687 5641 Coislin.
700 5592 757 5637 τὰ
765 5593 1013 5652 πράγματα
1022 5590 1552 5652 διαχειριᾼζώμεθαεὸανίι
1562 5626 1571 5635 .
1580 5590 1999 5652 μεταχειριζώμεθα

434 5651 462 5691 b
500 5652 566 5699 ιω
588 5657 724 5699 recte
743 5649 967 5712 Sa‘vil’Qet
990 5649 1188 5712 Regini
1211 5650 1510 5712 Morelllmc
1540 5649 1781 5712 ρει-πῆξαι
1801 5649 1953 5700 fuere.

438 5716 462 5772 εξ
485 5713 631 5763 Savil.
659 5712 856 5772 ἐγένετο.
884 5711 1005 5761 Octo
1027 5709 1140 5762 meS.
1164 5712 1339 5771 γέγονε.
1369 5709 1638 5770 Μοῖριζῆν.

441 5770 467 5811 δ
496 5772 628 5824 Unus
645 5770 960 5829 παραγίνεται.

1107 248 1164 305 S.
1206 246 1489 306 JOANNIS
1528 230 2017 302 CIIIKYSOSTOMI
2059 226 2369 293 ARCHIEP.
2411 224 2952 289 CONSTANTINOP.

3679 220 3738 277 4‘1

2080 349 2451 421 στερεῶματος
2481 348 2741 420 φέρεσθαι
2780 357 2826 410 ⁸,
2871 348 2939 399 τὰ
2982 346 3039 398 δὲ
3074 344 3211 414 ὑπὲρ
3242 344 3350 395 τῶν
3379 341 3569 421 νώτων
3604 336 3738 421 εἶναι

2075 414 2188 481 ’ποῦ’
2216 414 2610 497 στερεώματος.
2650 426 2811 478 Ἀλλά
2838 426 2888 477 τί
2930 424 2995 477 ἄν
3029 440 3114 485 τις
3142 423 3283 474 εἴποι
3314 420 3475 475 τοῦτο
3509 414 3656 471 εἶναι
3690 420 3738 469 τέ

2078 514 2391 585 στερέωμα;
2422 515 2603 585 ’Υδωρ
2640 514 2904 584 πεπηγὸς,
2932 512 3046 565 ἀλλ’
3081 511 3218 581 ἀέρα
3253 510 3374 563 τινὰ
3402 526 3727 579 συνεστραμ

2082 593 2258 665 μένον,
2301 593 2413 646 ἀλλ’
2447 593 2636 663 έτέραν
2664 592 2784 645 τινὰ
2810 590 3029 657 οὐσίαν;
3057 586 3270 643 ΟὑκἝν
3307 606 3388 651 τις
3414 588 3608 665 ἁπλῶς
3640 588 3737 637 τῶι

2078 664 2138 726 εὖ
2174 671 2508 743 φρονούντων
2544 669 2951 741 διισχυρισαιτο.
2990 667 3150 720 Ἀλλά
3177 668 3441 737 προσήκει
3473 664 3653 734 πολλῇ
3684 669 3738 731 τῇ

2080 758 2461 831 εὐγνωμοσύνῃ
2507 756 2874 828 κεχρημένους
2906 754 3153 825 δέχεσθαι
3197 753 3267 807 τά
3312 753 3609 823 λεγόμενα,
3655 752 3737 802 κα¹

2084 849 2158 917 μὴ
2197 848 2502 918 περαιτέρω
2536 849 2635 915 τῆς
2674 844 2878 908 οἰκείας
2927 843 3139 912 φύσεως
3194 840 3631 913 ὑπερϐαίνοντας
3674 839 3738 890 διο

2082 925 2400 996 ερευνᾶσθαι
2444 925 2510 979 τὰ
2554 924 2693 993 ὑπὲρ
2736 924 2913 993 ἡμᾶς,
2957 922 3090 975 ἀλλά
3132 921 3289 974 τοῦτο
3335 921 3496 990 μόνον
3547 918 3729 971 είδένα

2082 1006 2175 1059 καὶ
2224 998 2473 1074 κατέχειν
2509 1002 2638 1071 παρ’
2672 1002 2917 1064 ἑαυτοῖς,
2965 1001 3046 1053 ὃτι
3090 999 3167 1069 τῷ
3223 998 3609 1074 προστάγματι
3656 996 3737 1047 τοί

2082 1070 2652 1150 Δεσπότοῶπαρήχθη
2707 1079 2765 1132 τὸ
2813 1078 3099 1148 στερέωμα
3144 1076 3235 1129 τὸν
3297 1070 3579 1146 χωρισμὸν
3642 1074 3737 1125 τῶς

2083 1162 2288 1215 ὑδάτων
2322 1159 2701 1230 ἐργαζόμενον,
2743 1160 2836 1210 καὶ
2866 1157 2933 1210 τὰ
2979 1159 3075 1227 μὲν
3120 1157 3269 1210 κάτω
3298 1155 3551 1223 κατέχον,
3585 1152 3660 1204 τὰ
3696 1154 3737 1203 δὲ

2084 1240 2195 1293 ἄνω
2228 1239 2473 1309 μετέωρα
2503 1238 2641 1307 ὑπὲρ
2672 1236 2779 1289 τῶν
2814 1236 3031 1290 οἰκείων
3072 1235 3254 1290 νώτων
3284 1234 3466 1304 φέρειν
3508 1232 3721 1299 δυνάμε

2084 1335 2191 1370 νον.
2222 1317 2331 1370 Kal
2380 1315 2653 1378 ἐκάλεσε,
2700 1316 2883 1385 φησὶν,
2932 1318 2963 1368 ό
3006 1314 3147 1379 Θεὸς
3189 1313 3255 1366 τὸ
3296 1313 3604 1380 στερέωμα
3654 1313 3737 1362 οὐ

2078 1395 2286 1465 ρανόν.
2312 1394 2449 1465 Ὅρα
2482 1392 2597 1465 ’ττῶρ⁵
2629 1396 2693 1463 τῇ
2721 1394 2854 1464 αὐτῇ
2890 1392 3177 1463 ἀκολουθίᾳ
3215 1392 3308 1443 καί
3340 1390 3435 1443 νῦν
3475 1393 3737 1460 ὲχρήσατι

2086 1476 2120 1543 ἡ
2158 1472 2277 1527 θεία
2318 1466 2834 1544 ΓραφήέρΚαθάπερ
2870 1466 2987 1523 εἶπε
3021 1470 3175 1539 χθὲς,
3222 1468 3547 1535 Γενηθήτω
3602 1466 3737 1535 φῶς

2087 1552 2182 1604 καὶ
2230 1550 2366 1620 μετά
2396 1551 2455 1601 τὸ
2497 1545 2858 1619 παραχθῆναι,
2909 1548 3029 1601 τότε
3068 1549 3368 1617 ἐπήγαγεν,
3397 1548 3596 1598 Ἔστω
3628 1545 3732 1596 δια

2088 1627 2331 1698 χωρίζον
2356 1627 2660 1695 ἀναμέσον
2688 1626 2793 1679 τοῦ
2828 1626 3040 1694 φωτὸς,
3068 1627 3161 1678 καὶ
3189 1624 3456 1694 ἀναμέσον
3491 1623 3590 1674 τοῦ
3633 1623 3737 1675 σκό

2087 1723 2231 1769 τους,
2277 1707 2369 1759 καὶ
2410 1706 2583 1767 οὕτως
2622 1705 2681 1757 τὸ
2720 1704 2835 1773 φῶς
2879 1704 3092 1775 ἡμέραν
3140 1704 3431 1757 ἐκάλεσενο
3465 1702 3619 1755 οῦτω
3664 1718 3737 1753 κα

2090 1785 2326 1853 σήμερον
2384 1781 2537 1835 εἰπε·
2586 1782 2903 1848 Γενηθήτω
2954 1781 3257 1851 στερέωμα
3309 1782 3380 1835 ὲν
3426 1779 3600 1849 μέσῳ
3650 1794 3737 1831 τοι

2090 1862 2324 1928 ὕδατος.
2357 1857 2487 1914 Εἶτα
2535 1860 2786 1929 καθάπερ
2836 1860 2928 1913 ἐπὶ
2976 1860 3068 1913 τοῦ
3109 1860 3302 1929 φωτὸς,
3350 1858 3494 1911 οὕτω
3527 1859 3627 1910 καὶ
3676 1860 3737 1909 ἐν

2090 1949 2263 2002 ταῦθα
2314 1947 2547 2012 ἐδίδαξεν
2591 1948 2738 2017 ἡμᾶς
2783 1946 2881 2016 τὴν
2940 1947 3125 2017 χρείαν
3180 1946 3273 1998 τοῦ
3333 1945 3729 2015 στερεώματος

2094 2027 2275 2081 Ὥστε
2334 2024 2714 2093 διαχωρίζειν,
2756 2026 2939 2094 φησιν,
2997 2022 3299 2092 ἀναμέσον
3366 2024 3591 2087 ὕδατος
3662 2040 3738 2075 κα

2092 2105 2329 2171 ὕδατος.
2364 2108 2472 2160 Καὶ
2501 2108 2589 2159 ὅτε
2629 2104 2791 2158 αὑτοῦ
2834 2106 2932 2176 τὴν
2969 2103 3157 2174 χρείαν
3186 2102 3423 2173 φανερὰν
3450 2102 3591 2172 ἡμῖν
3627 2119 3737 2154 κατ

2094 2184 2307 2255 έστησε,
2332 2185 2451 2236 τότε
2483 2183 2733 2252 καθάπερ
2759 2183 2838 2252 τῷ
2868 2183 3003 2250 φωτὶ
3035 2183 3132 2253 τὴν
3160 2178 3451 2251 ὀνομασίαν
3482 2180 3737 2249 προσέθη

2095 2280 2208 2326 κεν,
2240 2263 2381 2315 οῦτω
2414 2264 2506 2316 καὶ
2534 2261 2613 2333 τῷ
2652 2260 2987 2332 στερεώματι
3018 2260 3115 2331 τὴν
3157 2259 3535 2331 προσηγορίαν
3566 2258 3738 2325 ἐπέϐη

2096 2359 2211 2395 κεν.
2242 2342 2352 2395 Kal
2380 2342 2653 2404 ἐκάλεσε,
2686 2342 2839 2409 φησι,
2866 2339 2934 2393 τὸ
2964 2339 3263 2408 στερέωμα
3291 2336 3576 2405 οὐρανὸν,
3604 2336 3738 2387 τοῦτ

2096 2420 2159 2473 τὸ
2199 2420 2491 2492 ὁρώμενον.
2542 2420 2650 2472 Καὶ
2696 2418 2844 2481 πῶς,
2888 2418 3053 2487 φησὶ,
3088 2420 3229 2478 τινὲς
3264 2415 3546 2485 βούλονται
3579 2414 3737 2481 λέγει

2099 2499 2326 2563 πολλοὺς
2379 2499 2638 2569 οὐρανοὺς
2693 2496 3057 2566 γεγενῆσθαι;
3110 2496 3223 2547 Οὐκ
3279 2494 3386 2547 ἀπὸ
3442 2494 3551 2560 τῆς
3613 2492 3738 2544 θεία

2100 2579 2319 2648 Γραφῆς
2360 2577 2528 2630 ταῦτα
2562 2576 2951 2645 διδασκόμενοι,
2987 2574 3103 2627 ἀλλ’
3136 2572 3193 2636 ἐξ
3222 2573 3437 2626 οἰκείων
3478 2570 3737 2637 λογισμῶ

2099 2656 2426 2726 ὁρμώμενοι.
2480 2657 2538 2706 '0
2590 2655 2695 2725 γὰρ
2741 2654 3008 2724 μακάριος
3056 2651 3295 2720 Μωῦσῆς
3350 2649 3505 2702 οὐδὲν
3558 2649 3738 2701 τούτω

2101 2736 2261 2788 πλέον
2297 2736 2441 2804 ἡμᾶς
2479 2733 2743 2786 διδάσκει·
2779 2730 2949 2783 εἰπὼν
2981 2730 3109 2801 γὰρ,
3146 2731 3241 2782 Ἐν
3270 2727 3426 2796 ἀρχῇ
3465 2729 3737 2793 ἐποίησε

2103 2816 2135 2866 ὀ
2170 2812 2311 2877 Θεὸς
2351 2812 2454 2865 τὸν
2498 2810 2757 2879 οὐρανὸν
2796 2810 2895 2863 καὶ
2939 2809 3054 2877 τὴν
3091 2806 3238 2877 γῆν*
3278 2804 3397 2860 εἶτα
3427 2807 3533 2878 τὴν
3587 2810 3738 2859 αἰτία

2103 2891 2318 2955 διδάξας
2354 2890 2421 2943 δι’
2451 2891 2516 2960 ἣν
2554 2891 2784 2958 ἀόρατος
2824 2887 3117 2958 ἐτύγχανεν
3154 2889 3187 2957 ή
3228 2887 3322 2956 γῆ,
3360 2886 3465 2939 ὑπὸ
3500 2885 3600 2938 τοῦ
3648 2890 3738 2938 σκι

2102 2987 2228 3033 τους
2257 2971 2348 3023 καὶ¹
2378 2969 2486 3022 τῶν
2517 2970 2723 3023 ὑδάτων
2761 2969 2861 3039 τῆς
2899 2968 3134 3021 ἀϐύσσου
3176 2965 3591 3035 καλυπτομένη,
3636 2984 3738 3035 μετ

2101 3051 2200 3121 τὴν
2245 3048 2338 3102 τοῦ
2378 3048 2551 3118 φωτὸς
2590 3049 2951 3119 δημιουργίαν
2996 3048 3145 3113 τάξει
3192 3048 3298 3099 τινὶ
3332 3046 3423 3099 καὶ
3460 3046 3738 3098 ἀκολουθί

2104 3127 2380 3197 χρώμενός
2426 3143 2583 3196 φησι”
2630 3126 2737 3180 Καὶ
2780 3122 2946 3180 εἶπεν
2982 3128 3013 3179 d
3049 3124 3219 3190 Θεὸς,
3262 3122 3587 3191 Γενηθήτω
3642 3139 3736 3175 στι

2097 3206 2313 3275 ρέωμα.
2339 3203 2468 3258 Είτα
2490 3206 2586 3276 τὴν
2617 3205 2801 3276 χρείαν
2831 3205 2993 3258 αὑτοῦ
3025 3204 3211 3257 τούτου
3244 3203 3335 3257 τοῦ
3381 3203 3736 3274 στερεώματι

2110 3286 2245 3354 μετά
2276 3284 2555 3355 ἀκριϐείας
2578 3284 2815 3349 διδάξας,
2844 3285 2935 3337 καὶ
2976 3284 3163 3344 εἰπὼν,
3190 3284 3367 3335 Ὥστε
3394 3282 3735 3350 διαχωρίζει

2107 3362 2411 3431 ἀναμέσον
2466 3364 2683 3427 ὕδατος
2727 3364 2823 3415 καὶ
2878 3363 3125 3427 ὕδατος,
3171 3362 3301 3414 αὐτὸ
3345 3361 3504 3413 τοῦτο
3541 3363 3609 3413 τὺ
3656 3379 3736 3413 σ-τε

2111 3442 2295 3511 ρέωμα
2321 3442 2545 3511 οὐρανὸν
2576 3442 2797 3494 ἐκάλεσε
2829 3441 2889 3493 τὸ
2918 3440 3023 3494 τῶν
3058 3440 3259 3493 ὑδάτων
3296 3438 3577 3508 χωρισμὸν
3611 3440 3736 3509 ἐργι

2110 3524 2360 3592 σάμενον.
2390 3524 2484 3586 Τίς
2510 3523 2574 3576 ἂν
2607 3518 2697 3576 οὖν
2720 3522 2901 3575 λοιπὸν
2940 3521 3074 3592 μετὰ
3104 3521 3201 3591 τὴν
3228 3519 3496 3587 τοσαύτην
3523 3519 3735 3573 διδασκ;

2110 3601 2227 3654 λίαν
2267 3602 2555 3671 ἀνάσχοιτο
2585 3601 2692 3655 τῶν
2746 3600 2930 3663 ἁπλῶς
2962 3601 3021 3663 ἐξ
3060 3598 3265 3661 οἰκείας
3308 3598 3549 3661 διανοίας
3606 3600 3736 3667 φθέγ

2108 3678 2302 3746 γεσθαι
2364 3678 2720 3749 βουλομένων,
2775 3679 2867 3731 καὶ
2900 3676 3227 3739 άπεναντίας
3276 3679 3341 3746 τῇ
3394 3676 3516 3742 θείᾳ
3574 3676 3736 3747 Γρας

2109 3756 2334 3819 πολλοὺς
2384 3758 2640 3827 οὐρανοὺς
2697 3756 2875 3823 λέγειν
2924 3753 3376 3825 ἐπιχειρούντων;
3434 3754 3583 3805 Ἀλλ’
3647 3757 3735 3807 ἰδοέ

2110 3838 2291 3906 φησὶν,
2318 3838 2347 3889 ό
2382 3835 2643 3907 μακάριος
2669 3835 2829 3887 Δαυῒδ
2856 3828 3002 3887 αἶνον
3032 3834 3315 3901 ἀναφέρων
3351 3831 3429 3901 τῷ
3469 3832 3598 3901 Θεῷ
3646 3834 3736 3901 ἓφι

2111 3930 2233 3970 σενα
2282 3914 2506 3968 Αἰνεῖτε
2546 3914 2729 3967 αὐτὸν
2774 3917 2828 3967 οἱ
2872 3913 3113 3981 οὐρανοὶ
3156 3910 3277 3964 τῶν
3328 3910 3633 3977 οὐρανῶν.
3693 3914 3736 3965 Μ

2110 3991 2434 4062 θορυϐηθῇς,
2476 3992 2745 4061 ἀγαπητὲ,
2783 3991 2916 4061 μηδὲ
2958 3991 3184 4061 νομίσῃς
3214 3989 3310 4060 τὴν
3348 3990 3515 4055 ἀγίαν
3547 3991 3736 4060 Γραφὶ

2110 4072 2324 4123 ἐναντία
2355 4072 2519 4140 έαυτῇ
2552 4070 2731 4137 λέγειν
2767 4070 2921 4122 ποτέ·
2953 4069 3088 4122 ἀλλά
3117 4067 3349 4138 μάνθανε
3377 4068 3479 4137 τὴν
3508 4068 3736 4137 ἀλήθεια

2111 4150 2215 4202 τῶν
2255 4149 2578 4219 εἰρημένων,
2609 4149 2700 4201 καὶ
2741 4148 2983 4217 κατέχων
3014 4147 3111 4218 τὴν
3146 4146 3348 4217 ἀκριϐῆ
3388 4146 3604 4216 ταύτης
3638 4148 3736 4199 διὰ

2112 4236 2333 4289 σκαλίαν
2362 4238 2407 4299 ί,
2435 4235 2746 4307 ἀπόφραξω
2774 4235 2873 4299 τὰς
2904 4234 3071 4298 ἀκοὰς
3100 4236 3211 4297 τοῖς
3232 4233 3562 4295 ἀπεναντίας
3604 4234 3734 4287 ταύι

2113 4324 2524 4394 φθεγγομένοις.

2182 4412 2244 4467 δ’.
2266 4413 2331 4464 Τί
2352 4412 2407 4465 δέ
2438 4415 2604 4475 ἐστιν,
2631 4412 2659 4464 ὃ
2692 4410 2949 4480 βούλομαι
2984 4410 3174 4475 εἰπεῖν,
3202 4408 3467 4462 ἀκούσατε
3491 4409 3733 4477 μετὰπο

2112 4495 2208 4565 λῆς
2238 4494 2335 4565 τῆς
2365 4496 2653 4565 προσοχῆς,
2679 4495 2765 4546 ἵνα
2799 4493 2873 4563 μὴ
2914 4492 3145 4555 εὐκόλως
3180 4492 3645 4562 παρασαλεύησθε
3684 4496 3734 4546 in

2111 4584 2218 4635 τῶν
2247 4583 2312 4637 τὰ
2344 4582 2722 4653 παριστάμενα
2754 4582 2929 4649 λέγειν
2955 4580 3307 4651 βουλομένων.
3338 4580 3516 4632 Πᾶσαι
3544 4583 3607 4633 αἱ
3645 4582 3733 4633 θεῖς

2116 4664 2283 4736 βίϐλοι
2327 4664 2422 4732 τῆς
2456 4662 2694 4725 Παλαιᾶς
2720 4662 2988 4731 Διαθήκης
3019 4662 3083 4730 τῇ
3122 4658 3381 4728 Ἐϐραίων
3405 4658 3633 4732 γλώττῃ
3671 4661 3734 4731 [21

2116 4743 2172 4809 ἐξ
2198 4742 2370 4813 ἀρχῆς
2398 4738 2536 4811 ἦσαν
2566 4740 2989 4809 συντεθειμέναι,
3017 4739 3109 4792 καὶ
3134 4738 3291 4790 τοῦτο
3322 4738 3522 4800 πάντες
3546 4739 3625 4791 ἂν
3655 4743 3733 4808 ῆμ

2116 4821 2619 4891 συνομολογήσαιεν.
2646 4820 2719 4871 Οὐ
2757 4819 2861 4889 πρὸ
2894 4816 3097 4871 πολλῶν
3132 4816 3188 4868 δὲ
3226 4816 3361 4868 ἐτῶν
3387 4816 3488 4885 τῆς
3521 4817 3629 4869 τοῦ
3662 4821 3734 4885 Χρ

2117 4900 2239 4953 στοῦ
2301 4898 2598 4969 παρουσίας
2669 4895 2917 4967 βασιλεύς
2965 4912 3047 4957 τις
3111 4893 3440 4963 Πτολεμαῖος
3495 4896 3639 4965 περὶ
3690 4896 3734 4947 τί

2114 4980 2221 5033 τῶν
2263 4978 2479 5047 βιϐλίων
2520 4974 2839 5046 συναγωγὴν
2877 4973 3074 5043 πολλήν
3113 4990 3232 5024 τινα
3274 4972 3509 5041 σπουδὴν
3539 4989 3734 5044 ποιήσι

2120 5074 2297 5129 μενος,
2344 5058 2436 5109 κα)⁹
2471 5056 2638 5109 πολλά
2670 5056 2829 5123 ἕτερα
2869 5050 3184 5119 συναγαγὼν
3215 5050 3309 5103 καὶ
3342 5049 3608 5121 διάφορα,
3647 5052 3734 5119 ἔγν

2114 5140 2222 5192 δεῖν
2254 5136 2347 5189 καὶ
2384 5135 2585 5197 ταύτας
2628 5133 2722 5197 τὰς
2763 5131 2975 5203 βίϐλους
3010 5130 3358 5196 συναγαγεῖν.
3393 5130 3734 5202 Μεταπεμςνέ

2121 5233 2278 5288 μενος
2307 5210 2399 5268 οὖν
2435 5231 2585 5276 τινας
2620 5212 2727 5265 τῶν
2761 5214 2817 5264 ἐν
2858 5208 3246 5279 Ἱεροσολύμοις
3279 5207 3571 5275 Ἰουδαίων,
3620 5229 3731 5281 μετε

2119 5296 2299 5349 ϐαλεῖν
2340 5296 2417 5359 εἰς
2466 5294 2564 5365 τὴν
2600 5292 2823 5346 Ἐλλάδα
2864 5290 3105 5360 γλῶτταν
3148 5288 3447 5359 προσέταξε
3477 5290 3532 5329 ⁸³
3587 5292 3687 5343 καὶ
3720 5294 3732 5342 ἑ

2118 5377 2274 5431 τοῦτο
2322 5378 2399 5439 εἰς
2452 5375 2611 5444 ἔργον
2668 5373 2813 5443 αὐτῷ
2865 5372 3227 5441 ἐξενήνεκται.
3270 5370 3518 5437 Ἐγένετο
3576 5371 3640 5424 δὲ
3694 5389 3731 5422 x1

2119 5457 2272 5512 τοῦτο
2312 5458 2411 5525 τῆς
2451 5454 2543 5507 τοῦ
2572 5452 2705 5506 Θεοῦ
2748 5450 3055 5521 οἰκονομίας
3090 5448 3269 5519 ἔργον,
3298 5446 3438 5500 ὥστε
3492 5448 3573 5519 μὴ
3623 5450 3731 5519 μόνη

2185 5573 2208 5599 ε
2232 5560 2432 5620 Septem
2458 5572 2569 5606 mss.
2598 5565 2647 5605 et
2672 5557 2915 5606 Savim’nb
2936 5557 2992 5620 τὸ
3015 5556 3264 5620 στερέωμα
3287 5556 3528 5620 φέρεσθαι.

2187 5620 2207 5658 ί
2232 5613 2427 5672 Coislin.
2473 5621 2558 5675 τήν
2596 5620 2832 5679 ἀκρίϐειαν
2871 5619 3041 5674 ταύτης
3080 5613 3547 5679 τῆςῇδιγδασκαλίαςα
3572 5613 3732 5679 Infra;

2128 5683 2465 5785 παριστάμενα,
2482 5674 2794 5751 Οιιὶάᾳιὶὶάέἱη
2812 5686 3011 5729 mentem
3030 5674 3223 5727 t‘eneril.
3240 5678 3343 5725 Hoc
3362 5689 3458 5724 non
3472 5676 3732 5749 'eliamalll

2244 5744 2325 5785 Sic
2349 5744 2496 5785 Snvil.
2523 5751 2685 5785 recte:
2730 5756 2775 5785 ιιι
2802 5743 2911 5785 edit.
2944 5741 3107 5785 Monlf.
3138 5740 3305 5785 aberat
3333 5739 3616 5785 προσέταξε.
3648 5739 3731 5785 ΕΜ

2244 5744 2325 5793 Sic
2339 5739 2497 5793 ‘Savil.
2523 5739 2685 5801 recte;
2730 5744 2775 5791 iu
2802 5743 2911 5791 edit.
2944 5741 3107 5790 Monll‘.
3138 5740 3305 5789 aberat
3333 5739 3616 5800 προσέταξε.
3648 5739 3731 5787 Enr
