3752 6244
173 221 231 277 tt
980 230 985 237 ο
1338 216 1400 272 lN
1439 216 1590 271 CAP.
1636 215 1672 269 l.
1706 213 1948 270 manus.
1994 218 2219 277 llthlL.
2266 224 2351 300 iv.
3375 251 3444 305 η

166 340 247 391 sic
296 351 458 405 opera
509 336 897 406 aggrediamur.
970 334 1035 388 Et
1078 334 1202 404 quid
1255 333 1375 388 dico
1429 334 1480 386 in
1534 331 1753 387 forum?

166 428 344 484 Etiam
387 431 441 483 in
488 430 770 485 ecclesiam
813 436 1095 498 pergentes
1138 425 1381 482 instructi
1422 425 1527 481 illis
1569 424 1753 492 simus,

164 537 221 581 et
274 526 495 581 domum
545 525 853 589 redeuntes,
907 535 962 579 et
1005 522 1353 589 dormientes,
1399 530 1453 577 et
1498 519 1753 591 evigilan-

165 626 272 678 tes,
323 632 499 687 neque
543 617 818 687 umquam
851 630 944 684 per
986 623 1151 669 totam
1196 614 1358 668 vitam
1394 622 1626 668 nostram
1666 613 1753 667 illa

162 708 531 778 deponamus;
559 708 911 777 commigrant
936 706 1078 761 enim
1109 704 1405 770 nobiscum,
1433 712 1488 759 ct
1524 704 1589 758 ad
1614 704 1753 758 illam

162 802 328 855 vitam
356 815 606 871 magnum
634 799 841 854 fiducia:
872 798 1024 853 nobis
1052 806 1421 868 argumentum
1448 805 1592 851 sunt.
1640 795 1753 852 Non
1779 810 1786 823 '

160 895 309 948 enim
330 894 466 948 sicut
492 893 762 973 sensibilis
788 909 933 948 arma
955 908 1147 963 corpus
1172 901 1392 963 gravant
1424 910 1436 945 :
1461 892 1556 947 sed
1587 891 1756 947 levius

162 986 399 1040 reddunt
441 993 497 1040 et
542 985 866 1055 expeditius,
915 996 977 1039 ac
1019 984 1321 1048 sublimius,
1367 983 1634 1053 roburque
1656 999 1753 1038 au-

159 1086 292 1145 gent
324 1093 339 1129 :
379 1086 582 1130 tantum
608 1092 751 1131 curze
772 1076 860 1141 sit,
889 1084 944 1128 ut
972 1077 1085 1144 ipsa
1105 1074 1347 1144 quotidie
1365 1074 1752 1144 abstcr‘gamus,

160 1173 233 1223 ita
280 1179 337 1224 ut
368 1169 565 1240 fulgida
595 1170 718 1230 sint,
746 1179 798 1223 et
829 1168 988 1222 radiis
1015 1176 1287 1223 excaecent
1312 1167 1497 1222 oculos
1540 1166 1751 1236 maligni

158 1260 453 1324 daemonis,
496 1259 672 1313 omnia
709 1269 893 1313 contra
934 1258 1155 1312 salutem
1187 1267 1418 1311 nostram
1447 1255 1742 1311 machinan-

162 1352 253 1404 tis.
288 1353 420 1420 Age,
451 1352 698 1420 quoniam
739 1350 867 1405 satis
913 1364 1008 1403 vos
1032 1348 1195 1403 armis
1225 1347 1591 1413 instruximus,
1618 1361 1750 1402 con-

160 1456 376 1499 suetam
420 1458 558 1499 nunc
588 1444 736 1499 vobis
774 1458 1011 1497 mensam
1046 1456 1394 1512 apponamus,
1445 1450 1499 1495 et
1533 1455 1597 1494 ea
1633 1455 1751 1510 quae

160 1536 474 1591 hesternam
525 1536 804 1590 lectionem
860 1544 1187 1605 sequuntur,
1244 1532 1497 1601 deinceps
1543 1530 1750 1587 caritati

157 1638 358 1683 vestra:
388 1640 767 1697 proponamus,
800 1641 1008 1680 rursum
1048 1624 1415 1680 admirabilem
1448 1622 1593 1677 illum
1622 1636 1752 1676 con-

158 1719 292 1773 vivii
324 1717 682 1773 exhibitorem
724 1717 931 1771 beatum
967 1715 1190 1781 Mosem,
1224 1729 1472 1783 magnum
1521 1710 1749 1783 praphe-

159 1821 294 1878 tam,
340 1812 496 1866 bona:
528 1811 683 1880 hujus
720 1810 976 1865 doctrina:
1016 1808 1207 1863 ducem
1255 1805 1525 1861 facientes.
1553 1804 1749 1859 Videa-

160 1918 282 1957 mus
321 1903 480 1973 igitur
524 1917 765 1971 qua-nam
815 1901 921 1954 sint
966 1914 1027 1953 ea
1057 1914 1176 1969 quae
1220 1896 1377 1952 hodie
1408 1911 1507 1952 nos
1553 1894 1748 1951 docere

157 1995 293 2059 vult,
345 2004 398 2049 et
429 1994 712 2065 diligenter
746 1993 898 2047 dictis
924 1992 1041 2061 ejus
1068 1990 1429 2046 attendamus.
1459 1988 1574 2043 Non
1602 1987 1746 2043 enim

154 2100 258 2141 sua
306 2086 502 2141 virtute
549 2085 811 2155 loquitur,
869 2083 962 2139 sed
1004 2097 1351 2153 quaecumque
1394 2080 1470 2137 illi
1520 2080 1747 2152 Spiritus

156 2182 331 2236 sancti
379 2180 549 2251 gratia
605 2180 851 2243 insonat,
889 2192 953 2232 ea
993 2191 1086 2246 per
1122 2190 1272 2231 suam
1317 2174 1585 2244 linguam,
1650 2172 1749 2228 do-

156 2272 331 2327 cendo
361 2272 647 2327 humanum
670 2284 859 2341 genus,
906 2268 1124 2339 profert.
1172 2266 1552 2323 Consummato
1588 2264 1748 2336 igitur

153 2363 224 2417 de
277 2362 368 2418 die
396 2362 568 2431 primo
602 2375 869 2425 sermone,
904 2368 1182 2430 postquam
1202 2357 1426 2413 formata
1456 2357 1743 2424 lucedixit,

155 2455 379 2509 Factum
414 2464 487 2508 est
527 2469 745 2523 vespere,
797 2462 844 2506 et
890 2454 1079 2524 factum
1121 2458 1192 2506 est
1229 2466 1394 2513 mane,
1439 2449 1547 2504 dies
1590 2465 1741 2516 unus,

156 2549 351 2602 iterum
382 2547 510 2601 dicit
543 2563 555 2600 :
590 2547 643 2600 6.
686 2545 922 2616 Dixitque
957 2543 1097 2598 Deus
1145 2558 1165 2599 :
1209 2541 1329 2596 Fiat
1371 2542 1745 2613 ﬁrmamentum

153 2638 207 2690 in
252 2638 418 2691 medio
471 2653 652 2709 aquis,
713 2647 759 2691 et
819 2637 884 2691 sit
942 2636 1253 2705 distinguens
1290 2634 1422 2688 inter
1465 2649 1649 2702 aquam
1697 2640 1744 2685 et

153 2746 359 2799 aquam.
422 2728 653 2785 Attende
703 2728 823 2797 hic,
879 2729 1190 2793 carissime,
1247 2726 1504 2782 doctrina:
1552 2739 1744 2781 conse-

154 2823 450 2890 quentiam.
482 2822 741 2889 Quoniam
791 2821 933 2876 enim
986 2829 1141 2875 antea
1194 2819 1347 2876 nobis
1393 2820 1561 2881 dixit,
1622 2827 1743 2889 post

154 2913 269 2966 ω)ιί
318 2921 375 2967 et
418 2920 576 2966 terrm
626 2913 948 2967 creationem
1000 2930 1014 2966 :
1067 2911 1220 2966 Terra
1248 2920 1414 2965 autem
1439 2921 1549 2966 erat
1577 2911 1741 2965 invisi-

155 3004 269 3058 bilis
306 3014 356 3057 et
401 3005 777 3075 incomposita;
829 3013 884 3059 et
923 3019 1139 3059 causam
1191 3004 1474 3074 apposuit,
1526 3013 1743 3073 propter

156 3096 256 3150 hoc
299 3094 465 3150 fuisse
510 3095 847 3161 invisibilem,
898 3096 1023 3166 quia
1072 3095 1308 3151 tenebris
1343 3104 1397 3150 et
1441 3096 1596 3165 aquis
1644 3097 1744 3151 ob—

154 3188 432 3259 tegebatur
468 3205 484 3243 :
520 3189 697 3244 omnia
731 3189 874 3243 enim
925 3199 1076 3244 erant
1117 3204 1251 3259 aqua
1300 3198 1355 3245 et
1394 3190 1646 3258 tenebras,
1685 3198 1740 3244 et

154 3282 285 3336 nihil
334 3292 629 3352 praetcrea;
689 3291 743 3337 et
794 3290 974 3352 postea
1033 3292 1296 3352 praecepto
1349 3283 1558 3337 Domini
1616 3298 1736 3352 pro-

152 3374 366 3429 duetam
411 3389 532 3429 esse
573 3374 743 3430 lucem
799 3374 1100 3445 factamque
1150 3375 1547 3430 distinctionem
1602 3375 1735 3431 lucis

152 3464 638 3529 et-tenebrarum;
707 3466 777 3519 ita
816 3475 872 3519 ut
911 3465 998 3519 illa
1035 3465 1138 3521 diei
1179 3465 1589 3535 appellationem
1642 3481 1735 3522 ac—

151 3555 378 3624 ceperit,
431 3554 550 3610 hazc
586 3570 715 3611 vero
753 3557 925 3610 noctis
956 3556 1193 3617 :jterum
1237 3572 1335 3611 nos
1369 3557 1564 3611 docere
1602 3557 1734 3625 vult,

151 3662 298 3711 eum,
333 3647 468 3702 sicut
494 3646 740 3702 tenebras
765 3647 1028 3715 separavit
1057 3646 1308 3716 producta
1338 3646 1474 3708 luce,
1498 3655 1553 3701 et
1578 3648 1737 3701 utris-

149 3753 253 3807 que
295 3752 586 3807 congruum
637 3738 950 3792 vocabulum
999 3737 1222 3804 indidit,
1270 3738 1341 3792 ita
1399 3747 1455 3793 et
1498 3738 1736 3797 multitu-

149 3828 333 3883 dinem
367 3842 629 3897 aquarum
674 3839 940 3897 praecepto
989 3841 1291 3897 segregare.

219 3919 277 3973 5.
320 3916 560 3972 Potentia
587 3911 682 3971 Dei
710 3917 903 3972 nullam
928 3934 1121 3971 moram
1163 3918 1421 3985 admittit;
1446 3920 1735 3987 ﬁrmamen-

151 4021 256 4065 tum
280 4013 404 4081 quid
418 4013 505 4076 sit,
538 4012 619 4065 via:
644 4012 762 4065 sciri
788 4018 985 4082 potest;
1010 4011 1193 4065 multos
1218 4012 1366 4065 stelas
1386 4028 1490 4065 esse
1514 4028 1615 4065 non
1644 4029 1737 4079 pu-

151 4112 223 4155 tat
277 4102 343 4156 Β.
395 4101 801 4173 Cltrysostomus.
836 4133 907 4143 -—-
934 4103 998 4157 Et
1039 4102 1161 4157 vide
1199 4102 1519 4158 ineflabilem
1549 4112 1730 4173 poten-

151 4194 302 4260 tiam,
323 4209 445 4263 qua:
470 4209 683 4249 omnem
726 4193 1012 4248 humanam
1050 4194 1260 4249 excedit
1289 4195 1572 4249 rationem.
1603 4194 1736 4249 Nam

149 4286 325 4339 solum
348 4285 522 4354 jubet,
564 4294 619 4338 et
648 4285 856 4339 accedit
892 4284 1036 4339 aliud
1063 4285 1471 4350 elementorum,
1502 4295 1558 4341 et
1594 4285 1736 4340 aliud

148 4377 379 4433 decedit.
406 4376 665 4445 Dixitque,
689 4377 782 4441 ait,
807 4376 942 4429 Deus
966 4390 986 4430 :
1013 4374 1131 4429 Fiat
1153 4375 1527 4446 ﬁrmamentum
1556 4378 1610 4431 in
1634 4393 1740 4431 me-

148 4472 232 4523 dio
256 4485 428 4538 aqua,
458 4479 503 4522 et
524 4469 589 4522 sit
610 4468 919 4538 distinguens
942 4467 1071 4521 inter
1090 4484 1275 4537 aquam
1300 4478 1348 4521 et
1369 4484 1571 4538 aquam.
1597 4468 1737 4535 Quid

147 4572 248 4625 est,
279 4559 402 4614 Fiat
432 4560 846 4629 ﬁrmamentum?
881 4558 1041 4626 Quasi
1062 4558 1180 4628 quis
1206 4558 1349 4614 dicat
1370 4558 1597 4613 humana
1631 4559 1737 4612 lin-

148 4670 245 4725 gua
277 4676 291 4711 :
323 4654 443 4709 Fiat
464 4655 639 4723 paries
663 4652 877 4722 quidam
904 4660 960 4708 et
982 4661 1187 4721 septum
1213 4652 1265 4705 in
1296 4650 1471 4707 medio
1490 4651 1737 4707 dividens

150 4757 204 4801 et
230 4746 629 4814 separationem
655 4736 934 4799 inducens.
974 4743 1041 4797 Et
1066 4751 1123 4798 ut
1144 4743 1320 4798 discas
1347 4758 1590 4814 magnam
1620 4742 1736 4797 ele-

153 4848 453 4892 mentorum
520 4835 914 4902 obedientiam,
977 4835 1436 4905 excellentemque
1485 4835 1735 4890 virtutem

150 4928 387 4999 Opificis,
427 4929 503 4982 ait
528 4944 541 4981 :
565 4926 634 4981 Et
656 4927 847 4998 factum
876 4927 1067 4981 estita.
1099 4926 1240 4982 Dixit
1282 4925 1477 4992 solum,
1523 4934 1574 4981 et
1603 4940 1737 4995 Opus

151 5028 435 5089 sequutum
474 5027 577 5072 est.
611 5018 665 5071 7.
697 5016 773 5071 Et.
791 5018 927 5088 fecit,
958 5017 1052 5080 ait,
1089 5016 1226 5071 Deus
1265 5017 1657 5086 ﬁrmamentum,
1689 5028 1737 5071 et

152 5111 318 5162 diuisit
358 5107 500 5162 Deus
543 5109 673 5161 inter
696 5125 901 5178 aquam,
924 5124 1037 5178 qua:
1061 5118 1171 5161 erat
1198 5107 1289 5162 sub
1318 5108 1659 5174 ﬁrmamento,
1689 5116 1737 5161 et

152 5201 279 5254 inter
300 5215 511 5269 aquam,
551 5212 667 5269 quae
692 5206 797 5251 erat
838 5214 989 5266 super
1021 5198 1414 5266 ﬁrmamentum.
1454 5196 1619 5252 Facto
1648 5197 1737 5252 fir-

156 5298 443 5352 mamento,
475 5288 669 5358 inquit,
693 5287 853 5358 jussit
876 5303 1040 5358 aquas
1063 5287 1195 5343 alias
1222 5287 1323 5343 sub
1342 5287 1735 5344 firmamentum

157 5379 300 5443 ferri,
332 5380 466 5433 alias
482 5390 661 5434 autem
688 5394 847 5448 supra
876 5379 1093 5433 dorsum
1114 5394 1234 5434 esse
1261 5380 1602 5435 firmamenti.
1633 5380 1738 5436 Sed

157 5472 274 5542 quid
292 5471 509 5526 tandem
532 5484 653 5527 esse
670 5470 911 5527 dicemus
931 5474 1030 5526 hoc
1047 5473 1478 5529 ﬁrmamentum?
1501 5474 1736 5546 Aquam-

159 5582 222 5621 ne
261 5566 561 5631 densatam,
592 5564 678 5619 vel
706 5578 884 5619 aerem
924 5564 1207 5635 quemdam
1245 5566 1613 5637 convolutum,
1653 5571 1734 5627 vel

160 5657 305 5713 aliam
328 5657 719 5716 substantiam?
745 5656 911 5714 Nemo
937 5656 1275 5729 prudentium
1298 5658 1402 5719 hoc
1432 5668 1632 5718 temere
1653 5677 1736 5719 as-

1871 341 2215 437 severaverit.
2248 340 2468 411 Oportet
2507 347 2651 402 enim
2693 364 2901 423 magna‘
2924 359 3183 419 modestia
3210 376 3265 423 et
3290 385 3445 441 grato

1867 434 2047 482 animo
2084 446 2149 487 ea
2170 448 2289 503 qua:
2312 434 2561 495 dicuntur
2598 458 2628 497 a
2674 446 2827 502 nobis
2852 451 3041 521 accipi,
3074 466 3128 511 et
3170 476 3275 516 non
3294 434 3442 522 ultra

1865 528 2107 577 naturam
2130 534 2369 621 nostram
2388 534 2655 603 progredi,
2686 546 2741 592 et
2764 543 2989 598 scrutari
3012 561 3131 615 qua:
3154 564 3315 621 supra
3346 573 3446 613 nos

1865 626 2020 721 sunt:
2048 620 2144 721 sed
2171 622 2271 721 hoc
2297 627 2470 721 solum
2502 631 2642 688 scire
2680 645 2736 691 et
2773 645 2956 695 tenere
2980 645 3119 713 apud
3151 620 3267 715 nos,
3301 666 3444 721 prae-

1838 718 2018 812 cepto
2048 711 2255 769 Domini
2282 719 2597 786 productum
2623 740 2744 783 esse
2770 711 3185 805 firmamentum,
3210 711 3263 795 in
3289 711 3445 812 sepa-

1863 801 2126 858 rationem
2166 820 2446 877 aquarum,
2491 816 2633 883 quod
2662 820 2832 876 valeat
2873 824 3004 880 alias
3046 828 3145 885 sub
3172 801 3248 886 ise
3275 801 3440 891 contis

1861 907 2009 984 nere,
2042 897 2173 953 alias
2195 915 2324 955 vero
2360 916 2570 961 sursum
2602 911 2655 963 in
2684 910 2846 968 dorso
2874 929 2971 972 suo
2998 917 3138 976 ferre
3162 925 3439 984 sublimes.

1859 983 1914 1039 8.
1942 984 2028 1039 ‘Et
2070 991 2285 1055 vocavit,
2334 994 2429 1061 ait,
2473 995 2613 1052 Deus
2650 1001 3026 1069 ﬁrmamentum
3061 1013 3259 1071 cwlum.
3305 983 3441 1076 Vide

1859 1078 2126 1167 quomodo
2174 1080 2361 1167 eadem
2418 1094 2797 1159 consequentia
2851 1097 3012 1153 etiam
3064 1117 3206 1158 nunc
3255 1106 3437 1164 divina

1857 1164 2127 1237 Scriptura
2160 1164 2252 1227 usa
2279 1183 2381 1265 est.
2411 1175 2543 1233 Nam
2581 1181 2719 1237 sicut
2743 1184 2878 1239 dixit
2920 1187 3058 1255 beri,
3092 1190 3212 1248 Fiat
3239 1196 3346 1265 tux,
3376 1207 3433 1254 et

1856 1266 2133 1357 postquam
2163 1263 2417 1357 producta
2449 1265 2709 1334 fuit,tunc
2731 1273 2959 1343 subjecit
2984 1299 2996 1334 :
3020 1276 3101 1338 Sit
3116 1263 3439 1357 distinguens

1857 1347 1988 1401 inter
2017 1348 2179 1405 lucem
2204 1364 2250 1407 et
2278 1355 2411 1411 inter
2434 1362 2679 1425 tenebras,
2722 1375 2778 1421 et
2802 1368 2878 1423 sic
2904 1371 3074 1427 lucem
3105 1375 3244 1431 diem
3272 1347 3435 1434 voca-

1855 1440 1971 1495 vit:
2005 1442 2076 1497 ila
2121 1453 2173 1498 et
2206 1447 2366 1504 hodie
2402 1450 2573 1507 dixit:
2605 1453 2723 1509 Fiat
2764 1459 3137 1527 ﬁrmamentum
3179 1470 3232 1522 in
3272 1473 3436 1527 media

1855 1547 2019 1604 aquaz.
2050 1535 2177 1591 Dein
2200 1540 2338 1595 sicut
2363 1541 2432 1598 de
2462 1543 2579 1601 luce
2603 1545 2830 1616 dixerat,
2856 1552 2925 1606 ita
2949 1564 3003 1609 et
3025 1556 3110 1611 hic
3137 1558 3315 1616 docuit
3335 1579 3435 1618 nos

1855 1640 2008 1681 usum
2053 1628 2392 1723 firmamenti,
2450 1636 2518 1692 Ut
2565 1638 2779 1709 dividat,
2842 1646 2935 1711 ait,
2978 1650 3111 1703 inter
3157 1667 3337 1723 aquam
3386 1666 3436 1711 et

1853 1734 2055 1789 aquam.
2091 1720 2158 1776 Et
2183 1734 2461 1795 postquam
2490 1728 2632 1786 hunc
2650 1736 2763 1802 ejus
2787 1750 2939 1791 usum
2966 1720 3272 1810 declaravit,
3309 1754 3433 1802 tunc

1853 1811 1991 1866 sicut
2015 1813 2119 1867 luci
2146 1831 2338 1871 nomen
2370 1818 2538 1883 dedit,
2584 1822 2655 1877 ita
2694 1833 2750 1879 et
2779 1825 3113 1886 firmamento
3150 1849 3303 1890 suum
3332 1852 3434 1891 no-

1853 1917 1975 1998 men
2008 1904 2279 1975 imposuit.
2328 1910 2395 1965 Et
2430 1915 2642 1979 vocavit,
2688 1918 2781 1985 ait,
2814 1920 3188 1990 ﬁrmamentum
3227 1932 3431 1998 aetum,

1853 1994 1954 2092 hoc
1979 2002 2119 2068 quod
2143 2001 2368 2059 videtur.
2389 2004 2753 2078 thuomodo,
2782 2013 3009 2083 inquies,
3038 2020 3221 2075 volunt
3247 1994 3430 2092 aliqui,

1852 2087 2020 2145 factos
2039 2093 2236 2149 multos
2261 2097 2456 2151 caios?
2483 2114 2590 2153 non
2614 2115 2681 2155 ex
2710 2102 2887 2159 divina
2922 2104 3192 2176 Scriptura
3223 2111 3322 2169 hoc
3335 2087 3432 2169 vdi;

1851 2182 2118 2250 dicerunt,
2148 2186 2241 2241 sed
2265 2202 2331 2243 ex
2359 2190 2471 2244 suis
2500 2192 2793 2250 ratiociniis
2821 2196 2923 2253 hoc
2956 2199 3209 2257 inferunt.
3240 2205 3432 2263 Beatus

1849 2285 2027 2369 autem
2056 2277 2231 2334 Moses
2257 2281 2388 2336 nihil
2427 2283 2511 2339 his
2535 2287 2765 2355 amplius
2787 2293 2942 2346 docet
2970 2310 2983 2346 :
3019 2310 3137 2349 nam
3181 2307 3238 2352 ut
3274 2300 3426 2369 dixit,

1848 2365 1919 2421 In
1939 2369 2189 2440 principio
2211 2373 2329 2442 fecit
2362 2373 2498 2429 Deus
2524 2378 2705 2432 curtum
2734 2391 2782 2434 et
2817 2390 3000 2440 terram
3031 2402 3049 2441 :
3074 2396 3127 2442 ot
3147 2388 3268 2445 dein
3297 2365 3429 2447 catt;-

1848 2472 1963 2552 sam
1987 2460 2168 2516 docuit
2192 2478 2357 2532 quare
2387 2474 2524 2521 terra
2553 2481 2694 2524 esset
2726 2471 3025 2541 invisibilis,
3070 2494 3259 2549 nempe
3287 2484 3428 2552 quod

1848 2551 2060 2608 obtecta
2081 2567 2113 2608 a
2133 2557 2369 2613 tenebris
2398 2569 2451 2614 et
2477 2562 2629 2631 aquis
2663 2563 2875 2637 abyssi;
2907 2580 3027 2637 post
3054 2551 3425 2632 formationem

1847 2640 2001 2735 lucis,
2030 2644 2217 2701 ordine
2242 2655 2297 2703 et
2324 2655 2703 2722 consequentia
2738 2657 2967 2726 quadam
3010 2670 3185 2730 utens,
3212 2665 3382 2735 inquit
3410 2685 3425 2722 ε

1848 2733 1917 2827 βε
1959 2735 2089 2827 dixit
2119 2737 2279 2804 Deus,
2327 2738 2451 2795 Fiat
2491 2743 2885 2812 ﬁrmamentum.
2921 2751 3119 2808 Deinde
3149 2733 3426 2827 postquam

1844 2822 2025 2879 docuit
2049 2827 2332 2898 diligenter
2358 2848 2507 2886 usum
2546 2834 2699 2890 istius
2715 2835 3056 2909 firmamenti,
3082 2855 3136 2899 et
3149 2822 3322 2915 dixit,
3356 2849 3427 2905 Ut

1844 2918 2169 2990 distingueret
2207 2923 2335 2977 inter
2353 2941 2538 2991 aquam
2565 2937 2612 2982 et
2639 2944 2842 3000 aquam,
2874 2934 3011 2989 istud
3042 2937 3212 3008 ipsum
3244 2940 3426 2997 firmae

1846 3020 2082 3067 mentum
2108 3014 2248 3083 quod
2275 3018 2530 3086 aquarum
2551 3024 2939 3090 separationem
2964 3027 3208 3098 faciebat,
3236 3035 3426 3091 etclam

1843 3105 2073 3159 vocavit.
2104 3105 2234 3173 Quis
2266 3107 2426 3178 igitur
2462 3119 2581 3179 post
2609 3122 2805 3168 tantam
2842 3115 3140 3175 doctrinam
3165 3120 3301 3178 feret
3331 3140 3427 3182 eos
3493 3176 3500 3183 .

1843 3198 1933 3266 qui
1959 3212 2025 3252 ex
2069 3213 2164 3254 sua
2194 3211 2373 3257 mente
2402 3203 2565 3273 loqui,
2599 3215 2652 3259 et
2689 3217 2877 3263 contra
2918 3209 3152 3267 divinam
3182 3214 3427 3287 Scriptu-

1844 3304 1956 3343 ram
1983 3291 2180 3346 multos
2204 3292 2368 3349 caelos
2387 3294 2566 3351 dicere
2595 3297 2831 3354 audent?
2868 3302 2939 3357 At
2964 3303 3210 3373 inquiunt
3241 3323 3255 3361 :
3286 3309 3425 3365 Ecce

1843 3380 2030 3435 beatus
2080 3383 2241 3437 David
2288 3384 2497 3440 laudem
2542 3388 2651 3443 Deo
2689 3390 2939 3459 offerens,
2976 3393 3110 3450 dixit
3143 3415 3156 3451 :
3195 3397 3427 3455 Laudate

1842 3490 1978 3538 eum,
2007 3476 2118 3529 creti
2144 3477 2383 3531 cartorum
2409 3478 2580 3549 (Psal.
2602 3481 2724 3537 148.
2750 3484 2827 3554 Δ).
2852 3484 2928 3540 Ne
2949 3486 3424 3556 turberis,dilcctc,

1842 3578 2015 3636 neque
2046 3578 2198 3636 putes
2230 3584 2434 3624 sacram
2465 3570 2790 3642 Scripturam
2823 3575 3028 3648 sibiipsi
3070 3579 3261 3636 alicubi
3288 3598 3420 3638 con-

1842 3659 2057 3713 trariam
2095 3677 2107 3713 :
2137 3660 2233 3715 sed
2258 3662 2403 3719 disce
2428 3664 2603 3732 potius
2629 3664 2888 3721 dictorum
2913 3670 3187 3725 veritatem
3207 3714 3221 3739 ,
3263 3684 3318 3729 et
3343 3684 3426 3731 te-

1843 3765 1975 3808 nens
2017 3752 2299 3822 diligenter
2346 3753 2489 3808 illius
2528 3754 2847 3825 doctrinam,
2900 3759 3090 3815 obtura
3128 3777 3286 3820 aures
3342 3766 3418 3821 illi

1842 3847 2109 3900 contraria
2132 3845 2451 3900 dicentibus.
3408 3856 3411 3857 '

1910 3938 1964 3992 4.
2010 3935 2315 3992 Ptolemaeus
2342 3948 2577 3991 convocat
2597 3937 2749 3992 LXX
2771 3937 3094 4011 Interpretes.
3119 3974 3190 3985 —
3207 3944 3271 3999 Et
3291 3947 3417 4017 quid

1843 4027 1945 4083 hoc
1969 4028 2058 4094 sit,
2091 4028 2229 4098 quod
2260 4029 2437 4083 dicere
2481 4030 2624 4095 volo,
2654 4030 2834 4085 audite
2876 4048 3061 4102 magna
3106 4037 3418 4103 attentione,

1841 4132 1898 4177 ut
1926 4138 1993 4177 ne
2016 4122 2172 4176 facile
2192 4122 2506 4176 moveamini
2530 4137 2559 4175 a
2591 4122 2886 4178 volentibus
2908 4126 3160 4195 quidquid
3194 4128 3244 4181 in
3273 4145 3434 4201 men;

1842 4224 1949 4269 tem
1977 4215 2181 4269 venerit
2209 4213 2408 4269 dicere.
2434 4213 2634 4269 Omnes
2658 4213 2824 4269 divini
2853 4215 2972 4269 libri
3002 4216 3211 4273 Veteris
3239 4219 3425 4274 Testa-

1841 4304 2008 4361 menti
2037 4305 2382 4360 Hebraeorum
2409 4304 2585 4374 lingua
2627 4304 2696 4359 ab
2743 4305 2893 4360 initio
2937 4306 3088 4362 fuere
3117 4312 3419 4381 compositi,

1841 4407 1896 4452 et
1923 4397 1976 4452 in
2008 4400 2110 4451 hoc
2135 4395 2410 4450 nobiscum
2453 4396 2824 4450 consenserint
2858 4411 3068 4452 omnes.
3098 4397 3213 4453 Non
3244 4400 3424 4457 multis

1841 4497 2018 4542 autem
2045 4486 2200 4542 annis
2228 4494 2353 4540 ante
2384 4484 2671 4541 adventum
2700 4484 2898 4541 Christi
2927 4502 3024 4542 rex
3050 4488 3264 4559 quidam
3293 4490 3422 4546 Pto-

1841 4580 2058 4635 Iemazus
2087 4578 2186 4653 (a),
2219 4580 2271 4633 in
2293 4579 2607 4650 colligendis
2645 4578 2792 4633 libris
2816 4579 3102 4635 admodum
3127 4582 3420 4649 studiosus,

1840 4672 2023 4727 multis
2047 4672 2167 4726 aliis
2193 4670 2525 4741 diversisque
2557 4671 2779 4735 coactis,
2808 4685 2985 4741 operae
3007 4674 3234 4742 pretiunt
3262 4683 3420 4744 puta-

1839 4765 1917 4818 vit
1945 4764 2043 4831 bos
2068 4765 2227 4819 etiam
2272 4762 2435 4817 libros
2473 4758 2743 4831 colligere.
2779 4762 2854 4817 Ea
2880 4763 2949 4817 de
2976 4779 3133 4818 causa
3160 4764 3418 4835 quosdam

1839 4854 2145 4911 Judaeorum
2191 4853 2758 4925 Jerosolymitanorum
2812 4854 3031 4920 accivit,
3074 4855 3162 4924 qui
3213 4870 3309 4911 eos
3363 4858 3415 4911 in

1841 4945 2079 5001 Griecam
2107 4944 2338 5014 linguam
2359 4950 2631 4999 verterent
2656 4962 2668 4998 :
2699 4944 2838 5014 quod
2865 4945 3024 4999 etiam
3055 4944 3344 5013 perfectum
3371 4958 3424 5001 et

1840 5037 2140 5091 absolutum
2172 5035 2287 5090 fuit.
2321 5034 2537 5089 Factum
2561 5045 2737 5089 autem
2761 5044 2842 5089 est
2865 5034 2964 5089 hoc
2981 5034 3175 5089 divinae
3206 5037 3423 5106 dispen-

1842 5128 2064 5183 sationis
2094 5142 2249 5197 0pus,
2281 5134 2341 5181 ut
2365 5140 2469 5180 non
2510 5126 2683 5181 solum
2726 5125 2998 5178 llebraica:
3029 5124 3220 5195 linguae
3244 5128 3418 5196 periti,

1845 5219 1938 5274 sed
1965 5228 2020 5274 et
2047 5233 2235 5274 omnes
2259 5217 2348 5288 qui
2378 5226 2546 5271 totum
2572 5216 2755 5270 orbem
2784 5214 3100 5280 inhabitant,
3124 5232 3191 5271 ex
3216 5218 3295 5273 cis
3320 5220 3425 5274 uti-

1903 5418 1974 5479 (a)
2008 5413 2397 5479 Ptolemtcus,‘de
2419 5423 2516 5479 quo
2539 5410 2617 5479 hic
2638 5406 3246 5479 loquiturrcbrysostomus,
3271 5415 3426 5466 Phila-

1830 5471 2050 5543 delphus
2071 5479 2219 5543 fuisse
2240 5476 2415 5543 dicitur
2437 5471 2487 5543 in
2520 5471 3126 5543 Historia_t\ris.te:e,icujus
3159 5476 3300 5524 fidem
3336 5492 3425 5527 ca:-

1865 5533 2048 5607 ériique
2069 5542 2226 5607 omnia
2247 5538 2309 5607 ad
2333 5538 2628 5607 versionem
2635 5533 2936 5607 septuaginta
2963 5533 3277 5607 Interpretnm
3314 5553 3424 5607 per.

1842 5596 2046 5667 tineritia
2062 5599 2423 5667 exploravimus
2443 5600 2491 5649 in
2514 5596 2912 5650 Pralimiuaribus
2944 5596 3003 5647 ad
3027 5596 3239 5663 uexapla
3257 5596 3424 5667 Origo-

1848 5660 1926 5716 nis
1946 5674 2050 5721 cap-
2073 5660 2231 5719 3.1m
2254 5660 2363 5713 vide
2384 5664 2470 5713 sis.
3164 5660 3175 5663 ν
3338 5660 3363 5667 ~
3416 5676 3417 5679 η
