3752 6244
308 238 379 297 43
1145 238 1203 293 S.
1232 234 1506 293 JOANNIS
1545 227 2015 289 CHRYSOSTOMI
2055 224 2367 281 ARCHIEP.
2408 221 2937 279 CONS'I'ANTINOP.
3504 221 3571 276 ω

312 356 513 411 litatem
547 355 898 423 perciperent.
938 350 1197 420 Quodque
1234 346 1542 402 admirabile
1566 359 1629 398 ac
1665 352 1874 412 stupen-

310 447 437 501 dum
478 452 577 510 est,
610 445 700 515 qui
746 443 875 498 illud
913 443 1041 514 egit,
1092 455 1194 494 non
1229 438 1530 493 Iudaeorum
1576 434 1883 504 religionem

310 534 633 601 sectabatur,
666 532 759 589 sed
786 532 1046 587 idolorum
1083 529 1243 585 cultui
1269 527 1478 582 deditus
1506 534 1642 590 erat,
1672 534 1725 579 et
1757 524 1886 593 ipsis

310 626 575 681 contraria
603 625 882 680 sentiebat.
915 624 1027 679 Hoc
1044 624 1185 678 enim
1209 621 1369 676 modo
1403 635 1462 674 se
1488 619 1686 674 habent
1710 618 1887 673 omnia

313 733 430 787 qua
451 731 483 770 tt
513 715 736 772 Domino
765 725 949 769 nostro
988 714 1388 784 dispensantur,
1421 720 1480 765 ut
1513 727 1606 781 per
1633 710 1888 765 adversa-

310 815 421 865 rios
449 822 661 878 semper
686 816 931 863 crescant
963 806 1201 862 veritatis
1226 813 1512 875 pracepta.
1554 803 1678 857 llac
1711 812 1887 856 autem

311 916 417 955 non
446 909 648 956 temere
676 910 871 954 vestra
909 898 1117 953 caritati
1147 896 1496 959 narraverim,
1539 894 1632 949 sed
1667 902 1725 947 ut
1752 894 1891 947 scire

312 991 550 1060 possitis,
600 1004 706 1044 non
739 989 839 1043 hac
884 988 1083 1058 lingua,
1130 995 1334 1050 nostra,
1380 985 1612 1054 inquam,
1664 982 1756 1036 sed
1787 982 1890 1035 lie-

311 1081 515 1145 braica,
537 1079 700 1135 fuisse
724 1078 824 1134 hos
844 1080 1006 1133 libros
1029 1078 1374 1147 compositos.
1399 1076 1587 1130 Dicunt
1612 1075 1774 1144 igitur
1802 1073 1892 1142 qui

315 1170 508 1241 lingua
534 1171 652 1239 ejus
689 1170 928 1239 apprime
955 1168 1104 1238 gnari
1135 1176 1278 1231 sunt,
1318 1166 1433 1220 cali
1472 1180 1667 1220 nomen
1700 1163 1891 1232 plurali

317 1277 540 1316 numero
582 1261 648 1314 ab
689 1260 924 1315 llebrais
953 1258 1153 1325 vocari,
1185 1256 1328 1326 quod
1366 1256 1687 1313 conﬁtentur
1728 1255 1891 1309 etiam

314 1353 401 1422 qui
433 1353 689 1424 Syrorum
719 1351 950 1421 linguam
972 1350 1167 1405 sciunt.
1194 1348 1262 1402 Et
1292 1363 1449 1401 nemo
1475 1362 1538 1403 ea
1562 1346 1738 1415 lingua
1763 1344 1895 1399 dicit

313 1442 523 1508 calum,
552 1442 643 1497 sed
666 1443 802 1497 cali.
830 1442 1005 1509 Atque
1032 1440 1229 1493 idcirco
1260 1439 1337 1493 sic
1356 1438 1554 1492 dictum
1586 1445 1669 1492 est
1692 1452 1720 1489 a
1742 1437 1897 1491 beato

318 1535 536 1601 Davide,
578 1532 701 1589 Cati
737 1533 1015 1588 calorum:
1042 1548 1147 1586 non
1194 1530 1336 1599 quod
1380 1529 1525 1583 multi
1579 1529 1689 1582 sint
1730 1527 1893 1583 cali:

318 1642 423 1680 non
450 1626 592 1681 enim
626 1626 727 1679 hoc
757 1636 856 1678 nos
876 1622 1055 1677 docuit
1079 1622 1267 1676 beatus
1284 1619 1491 1679 Moses;
1522 1618 1617 1673 sed
1639 1617 1759 1687 quia
1784 1630 1899 1671 mos

316 1727 398 1773 est
436 1718 629 1787 lingua
658 1714 929 1770 ﬂebraica
957 1728 1115 1768 unam
1146 1727 1261 1767 rem
1289 1712 1565 1765 nominare
1590 1709 1779 1779 plurali
1805 1723 1899 1763 nuo

317 1821 467 1863 mero
491 1806 569 1877 (a)
598 1822 611 1858 :
644 1805 764 1873 quia
795 1803 840 1858 si
879 1803 1032 1857 multi
1057 1810 1257 1868 essent,
1290 1816 1396 1855 non
1426 1799 1696 1854 omisisset
1721 1798 1892 1867 Spiri-

320 1906 408 1953 tus
445 1906 663 1953 sanctns
687 1911 784 1967 per
821 1895 1052 1965 linguam
1093 1893 1230 1947 beati
1281 1891 1505 1960 hujusce
1530 1889 1806 1960 propheta
1843 1897 1902 1945 et

318 1989 541 2043 aliorum
569 1987 938 2043 formationem
976 2000 1075 2039 nos
1104 1984 1317 2038 docere.
1363 1982 1486 2037 Hac
1507 1982 1788 2051 diligenter
1812 1995 1903 2035 re-

322 2081 508 2145 tinete,
539 2078 784 2143 obsecro,
818 2087 877 2130 ut
904 2075 1119 2144 possitis
1163 2074 1443 2127 obstruere
1471 2086 1563 2125 ora
1602 2084 1787 2126 eorum
1811 2069 1904 2141 qui

319 2169 590 2225 contraria
617 2167 994 2224 ecclesiasticis
1031 2164 1289 2219 doctrinis
1328 2163 1579 2227 afferunt,
1611 2170 1665 2215 ct
1703 2160 1756 2215 in
1790 2169 1905 2215 tuto

333 2260 545 2315 rideatis
571 2260 818 2314 virtutem
861 2271 1046 2311 eorum
1073 2270 1191 2325 qua
1239 2254 1293 2309 in
1324 2253 1598 2322 Scriptura
1624 2251 1908 2306 continen-

322 2367 429 2406 tur.
461 2349 591 2406 Nam
634 2350 834 2405 idcirco
875 2349 1190 2417 frequenter
1218 2346 1305 2400 hic
1351 2344 1667 2408 convenitis,
1715 2351 1771 2398 et
1806 2358 1908 2399 nos

324 2442 624 2499 uberiorem
648 2441 949 2496 doctrinam
976 2438 1453 2502 commnnicamus,
1477 2446 1535 2490 ut
1563 2437 1731 2505 parati
1791 2436 1909 2491 sitis

325 2534 469 2589 omni
495 2534 731 2604 poscenti
763 2547 859 2586 vos
886 2532 1150 2586 rationem
1181 2528 1410 2585 reddere
1440 2528 1516 2599 (l.
1550 2526 1668 2582 Pet.
1699 2528 1755 2583 5.
1792 2528 1905 2596 l5).

325 2627 432 2683 Sed
456 2625 521 2681 ad
543 2625 928 2695 consequentia
954 2622 1260 2688 redeamus,
1291 2620 1336 2675 si
1365 2619 1557 2688 placet.
1592 2618 1649 2674 8.
1676 2618 1742 2672 Et
1771 2634 1911 2673 voca-

324 2720 413 2781 vit,
454 2718 566 2781 ait,
614 2714 756 2769 Deus
804 2715 1179 2783 ﬁrmamentum
1225 2710 1428 2764 calum.
1464 2708 1533 2762 Et
1581 2708 1705 2763 vidit
1743 2707 1907 2774 Deus,

323 2808 460 2879 quod
482 2817 606 2862 esset
635 2809 839 2860 bonum.
870 2802 1105 2859 Attende
1123 2811 1380 2872 quantum
1409 2800 1490 2854 his
1515 2800 1695 2855 verbis
1724 2800 1911 2854 huma-

325 2918 410 2957 na
436 2916 496 2955 se
515 2886 833 2967 attemperet
854 2894 1168 2951 inﬁrmitati.
1191 2894 1325 2949 Nam
1354 2896 1492 2947 sicut
1513 2892 1581 2947 de
1607 2894 1727 2946 luce
1745 2892 1907 2947 dixit:

339 2990 476 3046 Vidit
504 2991 639 3061 quod
664 2998 793 3043 esset
816 2986 949 3041 bona
976 3002 996 3041 :
1022 2988 1091 3041 ita
1130 2995 1186 3041 et
1214 3002 1356 3041 nunc
1382 2985 1451 3040 de
1473 2985 1607 3040 calo
1629 2984 1780 3051 dicit,
1808 2983 1911 3042 hoc

328 3092 431 3148 est,
458 3082 527 3137 de
550 3082 882 3135 ﬁrmamento
909 3097 923 3131 :
955 3078 1023 3132 Et
1048 3080 1192 3141 vidit,
1226 3079 1418 3148 inquit,
1449 3077 1605 3143 Deus,
1624 3078 1759 3148 quod
1788 3087 1912 3134 esset

328 3175 511 3228 bonum
532 3191 552 3228 :
573 3173 771 3228 docens
789 3187 889 3226 nos
921 3187 1013 3240 per
1041 3170 1181 3223 istud
1209 3171 1523 3225 immensam
1555 3170 1912 3239 pulchritudi-

330 3260 450 3319 nem
479 3265 614 3333 ejus.
646 3262 777 3330 Quis
804 3263 947 3317 enim
980 3276 1086 3315 non
1114 3261 1518 3329 obstupesceret
1551 3271 1711 3329 atque
1740 3261 1913 3314 adrni-

328 3365 538 3411 raretur
557 3353 699 3425 quod
732 3355 1128 3406 ﬁrmamentum
1173 3359 1322 3404 tanto
1365 3360 1607 3420 tempore
1646 3351 1913 3421 vigentem

330 3454 508 3501 servet
534 3443 1006 3515 pulchritudinem,
1047 3441 1268 3510 etquod
1293 3451 1548 3511 quantum
1577 3442 1917 3512 progreditur

332 3547 564 3609 tempus,
594 3546 798 3591 tantum
824 3544 1082 3605 augeatur
1109 3542 1166 3589 et
1199 3533 1580 3603 pulchritudo?
1609 3534 1747 3601 Quid
1770 3535 1915 3589 enim

332 3629 627 3699 speciosius
648 3643 734 3692 eo,
757 3627 900 3698 quod
926 3626 1132 3681 laudem
1158 3628 1226 3680 ab
1268 3626 1384 3695 ipso
1422 3625 1627 3696 Opiﬁce
1672 3626 1918 3695 accepit?

330 3720 463 3777 Nam
494 3722 537 3777 si
568 3736 670 3776 nos
695 3720 930 3775 hominis
955 3734 1092 3788 opus
1117 3717 1364 3773 videntes
1383 3718 1710 3785 absolutum,
1740 3719 1917 3774 admi-

333 3828 513 3868 ramur
530 3816 771 3883 figuram,
793 3811 976 3874 situm,
1000 3808 1471 3879 pulchritudinem,
1492 3810 1916 3879 proportionem,

334 3906 674 3976 elegantiam,
716 3903 928 3972 aliaque
956 3901 1136 3956 omnia
1165 3917 1179 3955 :
1208 3900 1351 3970 quod
1391 3901 1589 3953 factum
1631 3909 1717 3955 est
1750 3916 1780 3955 a
1808 3902 1920 3956 Deo

334 3997 454 4067 quis
480 3997 639 4065 digne
670 3993 916 4057 laudarit,
950 3992 1250 4061 prasertim
1285 4006 1407 4045 cum
1449 3991 1518 4044 ab
1549 3992 1665 4060 ipso
1692 3992 1920 4046 Domino

337 4087 548 4141 laudem
596 4083 834 4154 accepit?
871 4082 997 4137 Hac
1022 4082 1161 4135 enim
1192 4081 1331 4135 dicta
1375 4080 1447 4135 ita
1477 4092 1622 4147 sunt,
1665 4092 1723 4137 ut
1751 4098 1809 4138 se
1835 4095 1919 4138 at-

340 4183 664 4246 temperaret
715 4170 913 4228 nostra
958 4171 1261 4241 fragilitati,
1317 4171 1630 4242 videbisque
1681 4173 1784 4229 hoc
1829 4192 1923 4247 per

340 4267 575 4337 singulas
617 4273 889 4321 creaturas
912 4262 1039 4329 dici,
1081 4272 1138 4317 et
1181 4263 1251 4316 ita
1293 4262 1475 4317 multis
1513 4273 1667 4318 antea
1708 4268 1923 4322 saculis

340 4358 606 4430 proﬂigari
641 4372 828 4413 ausum
875 4370 1084 4421 eorum,
1128 4354 1215 4425 qui
1247 4354 1477 4424 linguam
1508 4370 1658 4410 suam
1716 4361 1921 4415 acutnri

340 4463 493 4507 erant
519 4461 704 4506 contra
732 4449 999 4519 opiﬁcium
1027 4448 1144 4515 Dei,
1177 4457 1232 4502 et
1254 4448 1449 4503 dicturi
1474 4465 1487 4502 :
1520 4448 1697 4517 Quare
1739 4451 1840 4506 hoc
1868 4461 1922 4506 et

341 4546 443 4602 hoc
467 4544 657 4599 factum
684 4543 802 4598 est?
827 4541 973 4595 Talia
1006 4541 1166 4610 igitur
1185 4541 1420 4595 dicturos
1444 4548 1569 4595 ante
1593 4545 1918 4611 comprimit,

338 4637 561 4693 dicens:
585 4633 651 4689 Et
675 4634 801 4688 vidit
832 4633 973 4687 Deus
995 4631 1129 4703 quod
1152 4640 1279 4685 esset
1319 4632 1523 4685 bonum.
1556 4632 1778 4698 Quando
1822 4652 1920 4689 au—

343 4739 449 4783 tem
486 4726 662 4793 audis,
692 4725 837 4782 Vidit
863 4725 1003 4778 Deus
1040 4730 1095 4777 et
1134 4721 1388 4785 laudavit,
1430 4722 1666 4791 intellige
1693 4725 1917 4788 dictum,

343 4826 501 4889 prout
526 4817 743 4887 dignum
783 4822 867 4870 est
892 4814 961 4869 de
1010 4814 1118 4868 Deo
1152 4812 1317 4881 loqui.
1351 4811 1482 4868 Nam
1525 4815 1616 4883 qui
1653 4810 1920 4883 produxit,

341 4911 502 4964 etiam
528 4908 836 4979 priusquam
866 4904 1142 4968 formarat,
1165 4901 1367 4957 sciebat
1388 4900 1681 4958 formanda
1707 4906 1781 4961 rei
1811 4907 1924 4974 pul-

342 5000 740 5066 chritudinem;
789 4996 884 5052 sed
932 4995 1056 5065 quia
1104 5008 1205 5048 nos
1247 4993 1490 5047 homines
1526 4994 1694 5064 (tanta
1741 5010 1924 5052 sumus

345 5090 709 5146 imbecillitate
740 5085 1079 5156 circumdati)
1127 5085 1284 5138 aliter
1322 5084 1424 5139 hoc
1470 5085 1781 5156 intelligere-
1814 5103 1920 5143 non

346 5183 636 5253 pomimus,
677 5182 799 5237 ideo
844 5181 927 5236 sic
955 5176 1154 5234 direxit
1193 5175 1331 5231 beati
1361 5179 1637 5245 propheta
1664 5178 1921 5249 linguam,

349 5281 405 5325 ut
445 5272 514 5326 ad
541 5271 886 5328 erudiendum
914 5270 1205 5326 humanum
1250 5281 1417 5338 genus
1458 5276 1601 5322 tanta
1640 5272 1927 5328 verborum

350 5373 587 5418 uteretur
612 5362 983 5418 crassitudine.

412 5480 487 5537 (a)
517 5475 748 5525 uitiorum
792 5487 972 5523 nomen
1015 5474 1245 5523 hebraice
1281 5476 1468 5528 εγω.
1515 5477 1709 5525 Unicum
1754 5474 1926 5526 uelum

348 5536 551 5603 admittit
570 5541 946 5603 Cbrysostomus.
974 5544 1026 5585 et
1041 5539 1304 5603 respondet
1326 5548 1619 5603 argumento
1643 5551 1705 5586 ex
1730 5538 1928 5603 Psalmis

348 5598 572 5663 deducto,
594 5597 693 5660 quo
715 5599 882 5661 plures
920 5597 1218 5656 comprobari
1258 5597 1482 5663 videmur
1519 5601 1644 5663 cali;
1668 5600 1759 5649 sed
1796 5608 1927 5650 tacet

342 5659 547 5713 Paulum
564 5659 747 5722 raptum
770 5671 925 5721 usque
950 5662 1009 5708 ad
1029 5668 1227 5709 tertium
1257 5662 1447 5713 calum.

2062 340 2115 395 5.
2156 337 2381 405 Quando
2426 338 2583 406 igitur
2611 336 2859 390 sublevas
2893 333 3101 399 oculos,
3133 343 3188 390 et
3214 344 3428 403 spectas
3456 334 3571 390 cali

1988 428 2461 500 pulchritudinem,
2494 426 2932 497 magnitudinem,
2962 424 3265 488 utilitatem,
3296 436 3422 482 tunc
3449 426 3576 482 inde

1988 525 2054 576 ad
2100 522 2358 592 Opificem
2404 520 2672 586 ascende,
2716 522 2857 575 sicut
2902 528 2957 575 et
2990 519 3203 588 sapiens
3228 518 3445 590 quidam
3494 520 3578 574 di-

1989 612 2145 667 cebat
2194 629 2208 665 :
2256 610 2339 664 Ea:
2398 610 2743 681 magnitudine
2798 618 2867 679 et_
2901 609 3277 681 pulchritudine
3325 621 3579 665 creatura-

1990 718 2106 756 rum
2149 702 2367 756 universi
2408 701 2651 757 Conditor
2687 718 2776 771 per
2813 702 3189 771 proportionem
3225 702 3581 757 considerata

1998 793 2151 865 (Sap.
2185 795 2271 848 15.
2302 795 2379 865 5).
2410 793 2479 848 Et
2517 793 2639 849 vide
2665 794 2823 848 etiam
2852 809 2915 848 ex
2955 792 3143 849 horum
3187 795 3579 850 elementorum

1995 885 2333 950 formatione,
2376 896 2573 956 quanta
2613 886 2684 939 sit
2726 885 2935 940 Domini
2977 886 3051 941 tui
3081 887 3268 941 virtus.
3310 886 3441 941 Nam
3495 890 3581 942 cui

1996 991 2157 1046 Saga:
2180 986 2235 1032 et
2262 976 2461 1046 probus
2505 989 2588 1031 est
2614 977 2844 1044 animus,
2890 976 2939 1031 si
2962 977 3191 1033 voluerit
3218 978 3422 1048 singula
3453 979 3584 1033 visi-

1998 1067 2121 1122 bilia
2149 1064 2372 1122 scrutari
2398 1083 2412 1131 ;
2442 1076 2498 1123 et
2534 1067 2659 1137 quid
2700 1067 2842 1133 dico,
2874 1068 3076 1140 singula
3105 1084 3223 1139 qua
3250 1068 3386 1123 facta
3416 1070 3586 1125 sunt?

1999 1175 2149 1214 suam
2183 1160 2349 1215 solam
2377 1158 2748 1215 formationem
2795 1161 2838 1215 si
2870 1170 3119 1218 accurate
3146 1163 3373 1218 voluerit
3399 1164 3584 1218 consi-

2000 1250 2211 1315 derare,
2242 1250 2440 1305 videbit
2463 1266 2527 1305 ex
2557 1252 2731 1320 parvis
2771 1252 2879 1306 illis
2907 1252 3220 1307 immensam
3252 1263 3307 1308 et
3336 1254 3585 1308 ineffabi-

2000 1340 2103 1395 lem
2138 1341 2230 1395 Dei
2279 1343 2589 1411 potentiam.
2616 1343 2767 1408 Quod
2812 1344 2857 1399 si
2886 1343 3111 1398 visibilia
3155 1345 3267 1399 sola
3312 1344 3591 1400 sufﬁciunt

2001 1432 2155 1487 nobis
2190 1432 2254 1487 ad
2296 1433 2590 1488 docendam
2629 1436 2880 1505 potentia
2919 1434 3222 1492 Conditoris
3264 1436 3593 1507 magnitudi-

2003 1538 2148 1587 nem,
2190 1523 2234 1577 si
2272 1532 2324 1578 et
2352 1523 2417 1577 ad
2445 1524 2737 1580 invisibiles
2766 1526 2974 1580 veneris
3002 1526 3245 1593 virtutes,
3273 1537 3327 1582 et
3353 1538 3591 1582 mentem

2003 1615 2307 1673 extenderis
2336 1615 2403 1670 ad
2445 1616 2753 1688 angelorum
2796 1618 3080 1685 exercitus,
3123 1618 3590 1688 archangelorutn,

2005 1722 2356 1776 supernarum
2407 1707 2684 1772 virtutum,
2747 1708 3084 1775 thronorum,
3142 1710 3590 1777 dominationum,

2004 1798 2416 1867 principatuum,
2436 1807 2774 1866 potestatum,
2801 1799 3111 1864 Cherubim,
3143 1801 3422 1871 Seraphim
3447 1817 3596 1873 :qua

2008 1906 2183 1957 mens,
2205 1891 2292 1961 qui
2314 1906 2493 1945 sermo
2512 1892 2706 1961 poterit
2724 1906 2976 1948 enarrare
3003 1894 3448 1962 magniﬁcentiam
3478 1895 3596 1964 ejus

2008 1980 2367 2036 ineffabilem?
2412 1981 2543 2036 Nam
2590 1983 2634 2036 si
2688 1982 2875 2037 beatus
2927 1984 3185 2052 prOpheta
3232 1984 3417 2052 David,
3472 2000 3596 2042 cum

2007 2072 2410 2143 dispositionem
2453 2074 2740 2129 visibilium
2780 2075 3192 2141 considerasset,
3238 2077 3599 2146 exclamabat,

2008 2164 2233 2219 dicens:
2268 2164 2437 2231 Quam
2476 2165 2804 2234 magniﬁcam
2841 2176 2957 2219 sunt
3006 2182 3157 2236 apera
3199 2178 3308 2231 tua,
3340 2166 3604 2222 Domine!

2012 2257 2181 2309 omnia
2204 2256 2259 2310 in
2284 2257 2533 2326 sapientia
2561 2256 2726 2325 fecisti
2746 2255 2914 2324 (Psal.
2940 2257 3062 2311 103.
3088 2257 3182 2327 Si)
3213 2276 3228 2314 :
3260 2260 3326 2322 si,
3357 2259 3600 2329 inquam,

2012 2347 2095 2400 vir
2122 2353 2269 2400 tanto
2296 2347 2491 2415 Spiritu
2523 2347 2793 2417 praditus,
2822 2357 2875 2402 et
2915 2348 3103 2419 dignus
3133 2348 3365 2415 habitus,
3406 2352 3494 2406 cui
3522 2352 3607 2406 in—

2012 2449 2158 2493 certa
2184 2448 2237 2493 et
2260 2441 2465 2494 occulta
2491 2439 2768 2510 sapientia
2787 2440 2978 2494 divina
3001 2440 3489 2507 manifestarentur,
3521 2445 3605 2499 sic

2014 2529 2346 2584 exclamabat
2376 2547 2391 2585 :
2423 2530 2548 2600 quid
2591 2532 2890 2586 diceremus
2929 2547 3027 2586 nos
3069 2533 3159 2603 qui
3188 2542 3329 2588 terra
3378 2544 3433 2588 et
3466 2536 3609 2589 cinis

2015 2638 2221 2689 sumus,
2266 2633 2322 2679 et
2345 2623 2603 2679 debemus
2631 2626 2887 2681 continuo
2914 2626 3118 2681 vultum
3166 2627 3508 2695 submittere,
3552 2638 3611 2684 et

2014 2717 2396 2787 obstupescere
2423 2717 2801 2771 universorum
2852 2717 3059 2772 Domini
3098 2718 3421 2776 ineffabilem
3450 2720 3611 2775 beni-

2014 2809 2313 2877 gnitatem?
2383 2808 2451 2863 Et
2486 2808 2613 2877 quid
2656 2809 2775 2863 dico
2841 2808 3191 2878 prophetam?
3238 2810 3436 2867 Beatus
3493 2812 3613 2882 ipse

2018 2899 2233 2965 Paulus,
2255 2901 2429 2953 anima
2456 2899 2543 2955 illa
2588 2900 2654 2955 ad
2689 2900 2850 2955 calos
2879 2915 3047 2970 usque
3071 2901 3338 2967 sublimis,
3378 2917 3614 2972 corpore

2016 2995 2397 3062 circumdatus,
2429 3004 2633 3053 etcum
2682 2996 3011 3065 incorporeis
3036 2998 3320 3051 virtutibus
3366 3008 3611 3063 certans,

2018 3088 2072 3142 in
2098 3096 2243 3143 terra
2273 3088 2572 3155 ambulans,
2602 3099 2656 3145 et
2686 3090 2848 3144 animi
2876 3090 3053 3144 studio
3080 3091 3266 3145 calum
3295 3105 3613 3160 peragrans,

2015 3195 2138 3235 enm
2180 3181 2234 3235 in
2281 3197 2440 3236 unam
2468 3190 2672 3251 partem
2702 3182 3156 3252 diSpensationutn
3206 3183 3299 3237 Dei
3345 3183 3618 3239 incideret

2023 3270 2113 3341 (de
2158 3270 2358 3327 Judais
2395 3280 2452 3327 ct
2498 3272 2786 3343 gentilibus
2824 3274 3039 3343 loquor,
3084 3274 3226 3344 quod
3270 3274 3343 3328 illi
3391 3274 3617 3344 quidem

2020 3362 2199 3431 ejecti,
2229 3363 2281 3416 hi
2302 3372 2478 3418 autem
2508 3366 2560 3419 in
2584 3365 2757 3420 locum
2784 3365 2997 3420 illorum
3026 3365 3311 3421 introducti
3330 3367 3617 3437 fuissent),

2020 3465 2073 3507 et
2102 3468 2285 3509 secum
2326 3454 2610 3520 dubitaret,
2656 3464 2712 3511 et
2755 3458 3081 3512 internorum
3125 3458 3401 3512 oculorum
3438 3460 3618 3511 verti-

2019 3547 2144 3613 gine
2174 3544 2458 3615 laboraret,
2506 3549 2841 3613 exclamavit,
2885 3550 3108 3604 dicens:
3145 3548 3192 3604 0
3229 3551 3451 3605 altitudo
3483 3550 3622 3604 divi-

2024 3636 2208 3689 tiarum
2234 3646 2279 3690 et
2304 3638 2586 3706 sapientia,
2614 3648 2660 3691 et
2686 3639 2910 3693 scientia
2939 3638 3055 3704 Dei,
3082 3656 3233 3710 quam
3263 3640 3624 3694 inscrutabilia

2022 3738 2140 3783 sunt
2169 3730 2363 3797 iudicia
2389 3732 2519 3800 ejus,
2550 3740 2598 3783 et
2638 3731 3005 3802 investigabiles
3041 3734 3136 3785 via
3164 3733 3272 3802 ejus
3302 3733 3488 3801 (Rom.
3525 3733 3617 3786 Η.

2023 3820 2152 3886 3'5)!
2185 3820 2290 3875 Sed
2342 3820 2427 3875 hic
2468 3820 2698 3875 libenter
2725 3822 2957 3890 rogarim
3008 3836 3124 3887 eos,
3156 3824 3244 3892 qui
3276 3822 3346 3877 de
3382 3837 3623 3891 genera-

2026 3913 2169 3965 tione
2205 3912 2324 3966 Filii
2353 3911 2444 3966 Dei
2475 3913 2736 3967 curiosius
2764 3913 3069 3983 exquirunt,
3098 3924 3151 3967 et
3178 3913 3348 3967 sancti
3379 3913 3622 3982 Spiritus

2025 4003 2334 4073 dignitatem
2388 4002 2600 4057 auferre
2639 4011 2844 4057 tentant
2886 4021 2901 4058 :
2944 4002 3099 4058 Unde
3137 4003 3307 4067 vobis,
3363 4004 3623 4067 obsecro,

2028 4103 2192 4147 tanta
2221 4094 2460 4149 audacia
2490 4093 2797 4150 temeritas?
2818 4110 2849 4149 a
2874 4109 2977 4163 qua
3004 4093 3300 4148 temeritate
3332 4093 3386 4147 in
3414 4102 3624 4148 tantam

2027 4187 2208 4240 ruistis
2248 4185 2548 4239 insaniam?
2588 4185 2720 4240 Nam
2750 4185 2794 4239 si
2826 4185 3020 4239 Paulus
3066 4184 3154 4239 ille
3204 4194 3385 4239 tantus
3414 4193 3471 4238 et
3497 4186 3629 4242 talis

2022 4276 2221 4343 judicia
2242 4277 2375 4345 ejus,
2409 4276 2511 4332 hoc
2535 4288 2637 4341 est,
2660 4276 3083 4345 dispensationes
3103 4285 3157 4329 et
3175 4276 3624 4347 gubernationes,

2031 4366 2392 4421 inscrutabilia
2419 4381 2540 4422 esse
2563 4365 2692 4421 dicit
2720 4383 2733 4418 :
2764 4375 2819 4419 et
2843 4380 2950 4421 non
2988 4365 3118 4419 dicit
3146 4365 3625 4436 incomprehensi-

2027 4458 2175 4526 bilia,
2212 4458 2307 4513 sed
2338 4458 2719 4522 inscrutabilia,
2764 4458 2833 4512 ita
2863 4466 2920 4512 ut
2957 4457 3183 4512 scrutari
3210 4471 3273 4510 ea
3302 4471 3467 4511 nemo
3497 4471 3631 4525 pos-

2027 4550 2132 4616 sit;
2173 4557 2229 4605 et
2272 4549 2667 4619 investigabiles
2713 4543 2845 4603 dicit
2886 4548 3001 4603 vias
3043 4547 3189 4617 ejus;
3235 4546 3434 4603 iterum
3477 4548 3628 4602 idem

2029 4643 2232 4705 dicens,
2261 4643 2372 4697 vias
2412 4642 2660 4697 mandata
2687 4656 2887 4697 vocans
2914 4650 2969 4696 et
3008 4650 3269 4711 pracepta
3297 4659 3313 4695 :
3343 4642 3629 4710 quomodo

2028 4752 2125 4792 vos
2154 4738 2500 4792 substantiam
2530 4737 2696 4805 ipsam
2722 4734 2991 4806 Unigeniti
3012 4736 3275 4790 curiosius
3308 4734 3628 4803 explorare,

2029 4840 2085 4885 et
2117 4829 2349 4900 Spiritus
2374 4829 2546 4884 sancti
2574 4828 2907 4898 dignitatem,
2954 4836 3212 4897 quantum
3253 4830 3306 4880 in
3333 4828 3490 4881 vobis
3516 4837 3631 4895 est,

2032 4924 2348 4979 imminuere
2372 4921 2576 4975 audetis
2601 4919 2713 4993 (a)?
2741 4920 2940 4985 Videte,
2973 4918 3324 4981 dilectissimi,
3355 4930 3632 4988 quantum

2031 5016 2229 5070 malum
2267 5015 2338 5067 sit
2366 5028 2471 5067 non
2500 5013 2782 5081 diligenter
2810 5010 3088 5066 attendere
3118 5010 3184 5063 ad
3210 5024 3271 5063 ca
3301 5025 3424 5079 qua
3452 5012 3505 5064 in
3538 5011 3632 5066 di-

2031 5108 2170 5160 vinis
2190 5106 2480 5175 Scripturis
2508 5112 2633 5158 sunt
2651 5111 2921 5157 contenta.
2953 5101 3016 5155 Hi
3043 5100 3184 5155 enim
3210 5101 3256 5156 si
3285 5114 3410 5155 cum
3442 5104 3633 5173 sagaci

2030 5210 2086 5257 et
2116 5200 2277 5271 proba
2308 5208 2486 5253 mente
2513 5195 2809 5251 doctrinam
2839 5194 3033 5248 divina
3056 5190 3348 5261 Scriptura
3372 5194 3635 5263 accepis-

2030 5304 2169 5356 sent,
2206 5300 2261 5346 et
2301 5306 2405 5344 non
2434 5303 2528 5343 sua
2560 5304 2625 5343 ex
2654 5286 2869 5357 proprio
2894 5284 3174 5340 ratiocinio
3200 5283 3632 5354 excogitassent,

2093 5469 2167 5532 (a)
2198 5467 2426 5532 Haretici
2453 5465 2539 5530 qui
2565 5465 2881 5532 antistannam
2901 5462 3147 5532 Unigemu
3184 5459 3428 5532 curiosius
3450 5459 3637 5530 expr

2030 5520 2220 5589 ιέὧτιὶιι.
2245 5537 2297 5579 ει
2316 5520 2689 5599 spirist
2715 5520 3347 5599 disnielsmieimtssass

2034 5602 2173 5644 erant
2211 5582 2262 5641 et
2301 5582 2636 5640 Macedoniam.
2659 5582 2832 5636 contra
2856 5586 3118 5635 Anomaos
3161 5584 3359 5651 multas.
3373 5582 3631 5631 orationes

2035 5654 2202 5704 habuit
2221 5652 2580 5704 chrysostomus
2594 5649 2862 5701 Antiochia
2881 5654 2935 5699 et
2954 5649 3379 5704 constantmopou.

2035 5654 2202 5706 habuit
2221 5652 2580 5718 chrysatomus
2594 5649 2862 5701 Antiochia
2881 5654 2935 5699 et
2954 5649 3379 5706 Constantinopoli.
