3752 6290
177 225 243 283 ιτ,
965 221 1022 276 s.
1063 218 1344 276 JOANNIS
1382 217 1867 275 cnmsosmm
1907 217 2226 274 ARCIIIEP.
2270 217 2816 278 CONSTANTINOP.
3543 218 3607 275 ιιι

175 344 272 394 οὐκ
319 339 383 392 ἂν
415 339 494 400 εἰς
541 336 808 405 τοσαύτην
841 337 1026 389 ἄνοιαν
1093 337 1414 408 ἐτράπησαν
1439 379 1454 392 .
1499 336 1638 388 Ἀλλ’
1678 341 1838 406 ἡμεῖς

174 429 292 482 οὐδὲ
321 426 463 478 οὑτω
506 423 839 493 παυσώμεθα
870 423 937 476 τά
968 424 1077 477 ἀπὸ
1109 425 1206 495 τῆς
1235 424 1385 487 θείας
1407 424 1442 474 Γ
1446 425 1626 495 ραφῆς
1657 425 1838 487 αὑτοῖς

175 513 511 586 ἐνηχοῦντες,
545 511 636 566 καὶ
667 512 763 574 τὰς
809 510 1015 563 ἐαυτῶν
1045 512 1213 574 άκοάς
1245 512 1676 583 άποτειχίξοντες
1723 514 1834 576 τοῖς

170 601 431 673 ὀλεθρίοις
458 599 634 653 αὐτῶν
653 598 992 666 διδάγμασιν.

240 697 305 752 ς’.
348 688 487 740 Ἀλλ’
515 687 614 739 οὐκ
633 681 753 738 οἶδα
776 684 891 748 πῶς
917 685 1080 738 πάλιν
1106 684 1212 737 ὐπὸ
1239 686 1337 755 τῆς
1366 685 1548 757 ῥύμης
1568 687 1662 741 τοῦ
1678 687 1837 755 λόγου

171 780 251 840 ε’ίς
291 775 462 830 ταῦτα
511 772 900 843 ἐξενεχθέντες,
941 771 1044 843 τῆς
1098 774 1420 837 ἀκολουθίας
1459 774 1827 846 ἐξεπέσαμεν·

169 873 248 925 διὸ
287 871 445 924 πάλιν
488 870 900 936 ἐπαναγαγεῖνι
937 868 1015 920 δεῖ
1042 868 1132 921 τὸν
1164 868 1322 937 λόγον
1352 870 1443 920 ἐπὶ
1471 869 1540 924 τά
1568 870 1828 942 πρότερα.

169 959 278 1013 Καὶ
303 956 578 1017 ἐκάλεσε,
628 957 814 1026 φησὶν,
854 958 886 1008 ὀ
927 955 1072 1021 Θεὸς
1115 956 1181 1009 τὸ
1219 956 1520 1026 στερέωμα
1552 959 1831 1026 οὐρανὸν,

169 1048 264 1102 καὶ
318 1043 479 1101 εἶδεν
511 1049 543 1100 ὁ
576 1045 723 1111 Θεὸς
760 1043 848 1098 ὅτι
892 1046 1102 1098 καλόν.
1149 1045 1259 1098 Καὶ
1315 1045 1552 1116 ἐγένετο
1586 1046 1834 1116 ἑσπέρα,

169 1135 263 1190 καὶ
298 1133 533 1204 ἐγένετο
567 1133 735 1202 πρωῒ,
763 1131 952 1202 ἡμέρα
982 1131 1248 1201 δευτέρα.
1291 1132 1528 1196 Ἐπιθεῖς
1554 1133 1655 1205 τὴν
1671 1151 1837 1206 προσ-

166 1223 394 1295 ηγορίαν
451 1219 530 1292 τῷ
594 1218 955 1292 στερεώματι,
1006 1221 1102 1275 καὶ
1152 1221 1441 1285 ἐπαινέσας
1487 1222 1548 1275 τὸ
1592 1223 1833 1290 γεγονὸς,

165 1313 318 1375 τέλος
361 1308 598 1380 ἐπέθηκε
646 1309 714 1379 τῇ
749 1306 979 1379 δευτέρα
1013 1307 1217 1380 ἡμέρᾳ,
1255 1310 1349 1364 καί
1376 1327 1544 1380 φησι·
1580 1309 1686 1365 Καὶ
1711 1310 1836 1380 ἐγέ-

167 1416 302 1453 νετο
346 1396 595 1466 ἑσπέρα,
626 1395 726 1449 καὶ
751 1392 990 1464 ἐγένετο
1023 1397 1192 1463 πρωῒ,
1221 1395 1412 1467 ἡμέρα
1443 1397 1711 1466 δευτέρα,
1741 1395 1832 1452 Εἴ-

165 1488 252 1551 δες
281 1486 397 1549 πῶς
430 1483 566 1556 μετὰ
594 1481 880 1554 ἀκριϐείας
907 1484 1058 1553 ἡμᾶς
1082 1483 1323 1537 διδάσκει
1353 1483 1413 1537 τὸ
1440 1484 1538 1555 μὲν
1565 1483 1718 1545 τέλος
1737 1483 1832 1538 τοῦ

165 1576 343 1645 φωτὸς
377 1573 620 1643 ἑσπέραν
652 1570 856 1633 καλῶν,
883 1571 945 1624 τὸ
973 1571 1030 1624 δὲ
1055 1571 1210 1636 τέλος
1233 1572 1333 1642 τῆς
1363 1572 1557 1636 νυκτὸς
1597 1572 1830 1645 πρωίαν,

165 1666 256 1718 καὶ
289 1662 502 1734 ἡμέραν
531 1659 592 1712 τὸ
631 1660 737 1712 πᾶν
767 1657 1206 1730 προσαγορεύων,
1243 1658 1383 1712 ὥστε
1415 1659 1491 1732 μὴ
1527 1659 1829 1714 πλανᾶσθαι

163 1753 330 1823 ἡμᾶς,
361 1748 494 1821 μηδὲ
513 1746 755 1818 νομίζειν
786 1745 883 1816 τὴν
921 1745 1160 1816 ἑσπέραν
1185 1746 1338 1809 τέλος
1384 1742 1521 1800 εἶναι
1555 1747 1655 1818 τῆς
1694 1746 1830 1818 ἡμέ-

168 1855 284 1910 ρας,
314 1837 428 1890 ἀλλ’
459 1835 657 1888 εἰδέναι
698 1832 887 1902 σαφῶς
927 1835 1008 1886 ὅτι
1039 1833 1367 1904 ἀμφοτέρων
1403 1833 1462 1887 τὺ
1495 1835 1667 1905 μῆκος
1701 1835 1829 1905 μίαν

163 1927 376 2000 ἡμέραν
406 1925 633 1996 πληροῖς
668 1923 780 1976 Kal
805 1924 837 1993 ἡ
881 1922 978 1989 μὲν
1008 1921 1218 1993 ἑσπέρα
1251 1922 1400 1986 τέλος
1431 1922 1528 1976 τοῦ
1553 1923 1730 1992 φωτὺς
1764 1925 1829 1978 ἂν

161 2015 383 2078 δικαίως
422 2012 653 2082 λέγοιτο,
695 2013 724 2064 ό
762 2010 820 2064 δέ
871 2009 1087 2082 ὄρθρος,
1124 2009 1269 2064 τοῦτ’
1297 2010 1512 2077 ἐστι,τδ
1545 2012 1698 2075 τέλος
1723 2012 1822 2082 τῆς

161 2103 378 2166 νυκτὸς,
411 2101 685 2171 πλήρωμα
717 2099 814 2168 τῆς
835 2097 1069 2168 ἡμέρας.
1105 2097 1275 2151 Τοῦτο
1311 2099 1419 2171 γὰρ
1454 2098 1704 2169 βούλεται
1733 2099 1828 2169 δη-

163 2190 286 2244 λοῦν
335 2191 368 2260 ἡ
411 2187 530 2241 θεία
577 2185 767 2257 Γραφὴ
821 2187 1126 2253 φάσκουσα,
1171 2183 1279 2240 Καὶ
1317 2186 1551 2255 ἐγένετο
1582 2187 1830 2255 ἑσπέρα,

164 2280 259 2334 καὶ
296 2277 532 2347 ἐγένετο
560 2275 730 2344 πρωῒ,
757 2275 944 2343 ἡμέρα
970 2273 1235 2342 δευτέρα.
1273 2274 1426 2346 Τάχα
1460 2275 1541 2338 είς
1568 2273 1700 2328 πολὺ
1730 2278 1834 2348 μῆ-

163 2383 257 2429 κος
279 2367 370 2418 τὸν
403 2363 560 2432 λόγον
589 2361 957 2431 ἐξετείναμεν,
983 2361 1082 2431 οὐχ
1114 2361 1352 2426 ἑκόντες,
1383 2361 1498 2414 ἀλλ’
1524 2363 1615 2415 ὑπ’
1637 2362 1828 2434 αὐτῆς,

161 2455 236 2518 ὼς
266 2454 331 2507 ἂν
359 2453 501 2506 εῖποι
517 2467 620 2515 τις,
640 2451 737 2520 τῆς
761 2449 868 2502 τῶν
891 2447 1063 2517 λόγων
1080 2448 1419 2512 ἀκολουθίας,
1444 2449 1692 2520 καθάπερ
1727 2451 1834 2504 ὑπὸ

160 2542 464 2616 χειμάρρου
498 2541 642 2601 τινος
665 2537 1024 2607 σφοδροτάτου
1059 2538 1467 2607 παρασυρέντες
1485 2537 1534 2592 ιι.
1576 2539 1685 2591 Kal
1707 2538 1831 2591 τού-

160 2647 254 2683 του
288 2630 344 2683 δέ
376 2629 535 2700 ὑμεῖς
563 2626 749 2681 αἴτιοι.
783 2628 830 2678 οί
864 2625 982 2695 μεθ’
1010 2623 1207 2695 ἡδονῆς
1241 2623 1532 2689 ἀκούοντες
1560 2625 1668 2679 τῶν
1699 2627 1829 2698 παρ’

161 2717 314 2788 ἡμῶν
357 2716 687 2786 λεγομένων.
718 2713 884 2767 Οὐδὲν
928 2712 1037 2783 γάρ
1079 2711 1222 2764 οὑτω
1279 2711 1564 2784 διεγείρειν
1607 2712 1831 2767 δύναται

160 2807 250 2859 τὸν
279 2805 528 2872 λέγοντα,
565 2803 660 2857 καὶ
693 2804 772 2866 είς
817 2800 1038 2854 πλείονα
1068 2800 1326 2870 εὐπορίαν
1358 2803 1588 2869 ἀγαγεῖν
1628 2804 1831 2872 νοημά-

160 2912 292 2956 των,
326 2891 441 2965 [29]
468 2891 544 2954 ώς
572 2893 605 2961 ἡ
637 2889 744 2944 τῶν
773 2887 1061 2960 ἀκροατῶν
1094 2888 1392 2960 προθυμία.
1418 2889 1529 2942 Kal
1558 2888 1750 2962 ῶσπερ
1780 2894 1827 2945 οἱ

161 2979 615 3041 ἀναπεπτωκότες
660 2977 757 3031 καὶ
809 2975 1042 3049 ῥᾴθυμοι
1081 2977 1345 3048 ἀκροαταὶ
1390 2977 1480 3030 καὶ
1521 2977 1612 3030 τὸν
1650 2977 1831 3048 λέγειν

159 3070 458 3140 δυνάμενον
546 3064 907 3135 ὀκνηρότερον
963 3063 1401 3134 ἀπεργάζονταιο
1451 3063 1622 3127 οὑτως
1675 3065 1831 3135 ὑμεῖς

157 3157 246 3213 διά
288 3158 388 3229 τὴν
437 3152 530 3208 τοῦ
581 3152 718 3206 Θεοῦ
766 3151 945 3224 χάριν,
983 3150 1085 3204 κᾶν
1135 3151 1314 3204 αὐτῶν
1343 3151 1451 3203 τῶν
1491 3152 1654 3206 λίθων
1680 3146 1831 3223 ὦμεν

160 3246 491 3316 ἀφωνότεροι
513 3253 560 3306 ο,
589 3241 764 3295 ἱκανοὶ
794 3239 1091 3309 τυγχάνετε
1146 3240 1247 3310 τὴν
1276 3239 1552 3310 ἡμετέραν
1599 3241 1830 3294 νωθείαν

157 3335 440 3404 διεγεῖραι,
459 3327 656 3383 καὶτὸν
672 3325 838 3382 ὑπνον
861 3326 1200 3390 ἀποτινάξαι,
1218 3328 1311 3379 καὶ
1331 3325 1624 3395 βιάσασθαι
1652 3328 1829 3381 εἰπεῖν

159 3441 210 3476 τι
243 3423 351 3476 τῶν
385 3421 514 3492 ὑμῖν
542 3415 828 3489 χρησίμων
876 3417 969 3469 καὶ
997 3418 1076 3478 είς
1105 3417 1202 3485 τὴν
1230 3415 1504 3485 ὑμετέραν
1537 3416 1827 3488 οίκοδομὴν

161 3510 570 3564 συντεινόντων.
625 3505 781 3558 Ἐπεὶ
828 3500 921 3558 οὖν
964 3503 1194 3557 τοιοῦτοι
1231 3503 1529 3574 τυγχάνετε
1585 3504 1828 3559 θεοδίδα-

160 3617 278 3654 κτοι
302 3600 474 3660 ὄντες,
509 3594 819 3665 δυνάμενοι,
867 3592 1007 3647 κατὰ
1033 3593 1125 3645 τὸν
1162 3593 1431 3664 μακάριον
1475 3593 1706 3659 Παῦλον,
1734 3596 1826 3649 καὶ

157 3689 348 3750 ἄλλους
397 3683 684 3748 νουθετεῖν,
723 3683 854 3753 φέρε
908 3681 1390 3753 παρακαλέσωμεν
1441 3683 1606 3752 ὑμᾶς,
1635 3683 1684 3734 εί
1732 3683 1825 3736 καί

159 3792 288 3829 ποτε
325 3771 533 3835 ἄλλοτε,
560 3768 704 3823 κατά
731 3769 822 3821 τὸν
855 3767 954 3839 τῆς
979 3767 1231 3838 νηστείας
1258 3767 1469 3838 καιρὸν,
1492 3768 1691 3840 πολλὴν
1728 3771 1826 3842 τῆς

158 3861 364 3934 ἀρετῆς
407 3858 506 3929 τὴν
558 3855 700 3911 κατὰ
747 3854 880 3908 Θεὸν
927 3855 1188 3925 πρόνοιαν
1246 3854 1595 3925 ποιήσασθαι,
1620 3857 1715 3911 καὶ
1750 3858 1823 3928 μὴ

162 3947 469 4022 προσκορὴς
495 3946 624 4016 ὑμῖν
649 3947 678 3998 ό
709 3943 868 4012 λόγος
899 3943 1149 4012 γένηται,
1174 3943 1223 3995 εί
1257 3942 1378 3996 καθ’
1401 3943 1638 4016 ἑκάστην
1684 3947 1717 4016 ἡ
1728 3945 1827 4016 μέ-

163 4056 261 4110 ραν
291 4038 418 4107 ὑμῖν
473 4031 603 4104 περὶ
640 4033 748 4084 τῶν
787 4029 966 4084 αὐτῶν
999 4028 1396 4100 διαλεγόμεθα·
1448 4031 1519 4084 τά
1552 4032 1688 4100 αὐτά
1717 4033 1823 4105 γὰρ

158 4127 336 4195 λέγειν
368 4121 491 4193 ἐμοὶ
518 4119 616 4192 μὲν
659 4119 760 4171 οὐκ
797 4117 1050 4188 ὀκνηρὸν,
1080 4116 1222 4170 κατὰ
1255 4116 1346 4169 τὸν
1377 4117 1644 4191 μακάριον
1677 4119 1826 4174 Παῦ-

158 4213 268 4276 λον,
301 4212 431 4280 ὑμῖν
473 4206 532 4262 δέ
580 4203 842 4274 ἀσφαλές.
870 4205 1050 4256 Δεῖται
1091 4203 1200 4275 γάρ
1233 4203 1446 4276 ἡμῶνὴ
1481 4204 1626 4277 ψυχὴ
1665 4207 1826 4279 ῥᾴθυο

162 4317 260 4371 μος
277 4296 410 4352 οὖσα
441 4292 699 4365 συνεχοῦς
728 4295 827 4362 τῆς
874 4290 1254 4362 ὑπομνήσεως.
1313 4291 1425 4346 Kal
1470 4293 1722 4367 καθάπερ
1763 4299 1826 4350 τὸ

159 4387 316 4458 σῶμα
347 4383 505 4438 τοῦτο
529 4383 648 4437 καθ’
683 4381 916 4450 ἑκάστην
935 4379 1149 4451 ἡμέραν
1174 4379 1344 4434 δεῖται
1375 4381 1474 4452 τῆς
1508 4385 1826 4455 σωματικῆς

151 4475 384 4546 τροφῆς,
426 4472 566 4538 ὥστε
598 4469 671 4541 μὴ
699 4471 776 4532 είς
801 4467 1000 4539 πολλὴν
1022 4468 1308 4522 ἀσθένειαν
1347 4470 1584 4538 ἐμπεσὸν
1611 4473 1826 4543 ἀνενέρ-

158 4581 321 4635 γτριτον
351 4559 567 4616 κεῖσθαι
598 4575 612 4588 ο
667 4556 809 4609 οὕτω
837 4556 901 4626 δὴ
934 4556 1027 4608 καὶ
1051 4559 1083 4628 ἡ
1109 4555 1257 4626 ψυχὴ
1310 4557 1501 4629 χρῄζει
1531 4558 1630 4629 τῆς
1659 4577 1824 4612 πνευ-

161 4669 266 4724 ματ
277 4649 398 4718 ικῆς
413 4646 617 4718 τροφῆς
641 4645 735 4698 καὶ
763 4643 864 4714 τῆς
883 4643 1114 4714 ἀρίστης
1142 4643 1432 4710 πολιτείας,
1449 4645 1588 4699 ὥστε
1613 4649 1670 4700 ἐν
1694 4665 1822 4700 συν-

159 4739 317 4808 ηθείᾳ
369 4736 476 4788 τινὶ
507 4733 614 4786 τῶν
655 4731 834 4784 καλῶν
860 4731 1156 4802 γινομένην
1173 4731 1363 4801 αὐτὴν,
1388 4733 1685 4804 άχείρωτον
1716 4735 1822 4789 λοι-

158 4827 256 4880 πὸν
293 4822 626 4892 καταστῆναι
663 4822 783 4882 ταῖς
812 4816 1122 4882 ἐπιϐουλαῖς
1145 4818 1239 4871 τοῦ
1264 4819 1522 4891 πονηροῦ.

227 4907 291 4978 ζ’.
319 4911 454 4965 Καθ’
482 4910 720 4979 ἑκάστην
741 4906 919 4963 τοίνυν
947 4905 1045 4976 τὴν
1067 4907 1282 4979 ἡμέραν
1309 4908 1514 4978 ταύτης
1541 4909 1642 4980 τὴν
1673 4913 1823 4981 ἰσχὺν

159 4995 672 5072 περιεργαζώμεθα,
705 4995 801 5049 καὶ
846 4995 1074 5057 ἐαυτοὺς
1100 4994 1513 5066 διερευνώμενοι
1548 4999 1818 5069 μηδέποτε

156 5086 546 5155 διαλείπωμενο
581 5085 675 5138 καὶ
704 5081 1012 5152 λογοθέσιον
1045 5082 1254 5145 ἑαυτοῖς
1279 5083 1543 5154 ποιῶμεν,
1584 5087 1678 5140 καὶ
1710 5088 1819 5142 τῶν

157 5172 544 5243 εἰσαγομένων,
580 5172 676 5225 καὶ
720 5169 826 5224 τῶν
876 5169 1242 5240 ἐξαγομένων,
1279 5169 1332 5223 τί
1384 5171 1481 5242 μὲν
1532 5175 1820 5246 χρησίμως

158 5258 556 5332 ἐφθεγξάμεθα,
588 5259 640 5310 τί
671 5258 727 5311 δέ
752 5258 921 5330 ἀργὸν
944 5259 1094 5329 ῥῆμα
1121 5257 1562 5330 προηνέγκαμεν,
1599 5263 1692 5315 καὶ
1717 5265 1820 5318 πά-

155 5351 261 5412 λιν,
295 5348 348 5401 τί
379 5347 475 5416 μὲν
523 5345 632 5398 τῶν
661 5345 959 5414 ἐπωφελῶν
979 5345 1066 5400 διά
1083 5345 1180 5412 τῆς
1210 5346 1380 5418 ἀκοῆς
1405 5350 1484 5411 είς
1508 5349 1607 5418 τὴν
1644 5349 1820 5422 ψυχὴν

155 5435 546 5507 είσηγάγομεν,
585 5433 637 5486 τί
676 5432 731 5486 δὲ
759 5432 867 5485 τῶν
909 5432 1165 5502 βλάπτειν
1213 5435 1524 5506 δυναμένων
1555 5438 1718 5491 πάλιν
1744 5442 1819 5503 εἰς

154 5524 358 5596 ταύτην
385 5521 808 5592 εἰσηνέγκαμεν.
844 5521 954 5572 Kal
979 5523 1045 5591 τῇ
1089 5522 1186 5592 μέν
1219 5522 1433 5596 γλώττῃ
1478 5526 1705 5590 κανόνας
1741 5545 1821 5580 τι·

154 5615 248 5676 νὰς
285 5599 380 5666 καὶ
431 5612 591 5682 ὅρους
629 5607 933 5679 ἐπιθῶμεν,
960 5607 1101 5660 ὥστε
1159 5610 1426 5682 πρότερον
1475 5613 1820 5684 διαμαρυκᾶ-

215 5715 242 5743 ⁸
264 5712 464 5763 Coislin.
488 5717 541 5760 et
563 5709 700 5763 Colb.
728 5722 856 5774 unus
880 5708 1142 5774 ἐπανάγειν.
1162 5709 1335 5760 Morel.
1360 5712 1566 5774 ἐπάγειν.

213 5776 243 5852 1:
269 5777 495 5852 Quit}.tu
519 5787 634 5852 mss:
660 5773 784 5828 τινὸς
809 5771 991 5852 σφόδρα
1009 5786 1254 5848 παρασυρ.ν

216 5839 240 5869 ο
275 5838 424 5890 Sani].
451 5840 731 5897 elqualuor
772 5846 888 5886 mss.
921 5838 1047 5896 ὦμεν
1065 5838 1402 5898 ταπεινότεροι,
1445 5838 1614 5888 ῖκανοί.

1949 331 2117 389 σθαι(Ι
2155 335 2224 390 τά
2255 338 2498 408 ρὴματα.
2551 339 2644 392 καὶ
2685 341 2827 394 οὑτω
2886 339 3181 412 προφέρειν
3219 339 3343 405 τούς
3382 341 3606 409 λόγουςδ

1943 424 2042 493 τὴν
2089 424 2146 478 δέ
2178 424 2418 478 διάνοιαν
2456 427 2802 497 παιδεύωμεν
2833 428 2999 498 μηδὲν
3027 429 3310 500 προΐεσθαι
3342 429 3448 482 τῶν
3485 427 3610 498 βλα-

1943 509 2139 582 ϐερῶν,
2169 511 2304 565 ἀλλά
2330 512 2432 568 κᾶν
2465 512 2662 578 ἔξωθέν
2690 531 2743 567 τι
2777 515 3170 587 ἐπεισφέρηται
3197 515 3456 580 τοιοῦτον,
3485 512 3612 567 τοῦ·

1942 613 2003 649 το
2036 597 2111 660 ὡς
2151 599 2410 669 περιττὸν
2441 591 2544 653 καὶ
2583 599 2843 670 βλάπτειν
2894 601 3190 674 δυνάμενον
3237 601 3608 664 ἀποσείεσθαι,

1943 685 2048 737 κᾶν
2076 685 2286 738 ἔνδοθεν
2319 685 2594 756 τίκτηται,
2627 688 2839 758 ταχέως
2879 688 3011 741 αὐτὸ
3044 689 3368 757 φυγαδεύειν
3417 686 3498 758 τῷ
3523 688 3607 741 εὐ-

1943 773 2091 825 σεϐεῖ
2129 774 2395 845 λογισμῷ,
2439 776 2534 828 καὶ
2577 775 2652 846 μὴ
2685 775 2999 846 νομίζωμεν
3031 776 3132 847 τὴν
3173 777 3389 831 ἀσιτίαν
3437 776 3605 847 μόνον

1938 860 2037 932 τὴν
2069 862 2231 934 μέχρι
2261 864 2360 933 τῆς
2385 864 2624 935 ἑσπέρας
2668 865 2858 934 ἀρκεῖν
2880 865 3012 935 ἡμῖν
3055 865 3191 936 πρὸς
3223 865 3518 937 σωτηρίαν.
3547 867 3608 919 Et

1939 952 2048 1022 γάρ
2087 951 2364 1017 Ἰουδαίοις
2409 956 2522 1016 τοῖς
2571 954 2885 1024 ἀγνώμοσιν
2922 953 3109 1023 ἔλεγεν
3161 956 3191 1006 ό
3229 953 3608 1028 φιλάνθρωπος

1938 1039 2215 1110 Δεσπότης
2250 1040 2337 1093 διά
2366 1040 2462 1094 τοῦ
2495 1041 2776 1112 προφήτου
2800 1055 2817 1072 ⁶
2860 1040 3004 1096 Ἰδοὺ
3026 1043 3130 1108 ἔτη
3162 1041 3606 1111 ἐϐδομήκονταο

1931 1126 2018 1195 μὴ
2047 1129 2340 1194 νηστείαν
2357 1128 2802 1196 νενηστεύκιιτέ
2830 1146 2957 1199 μοι;
2996 1129 3106 1182 Καὶ
3130 1129 3240 1182 ἐὰν
3263 1129 3490 1199 φάγητε
3509 1132 3608 1184 καί

1936 1215 2169 1283 πίνητε,
2207 1217 2320 1286 οὐχ
2365 1217 2534 1286 ὑμεῖς
2572 1217 2807 1271 ἐσθίετε
2857 1217 2956 1271 καὶ
2998 1218 3238 1282 alr-ate;
3268 1217 3413 1272 Τάδε
3440 1219 3607 1286 λέγει

1934 1306 2151 1372 Κύριος
2188 1305 2644 1376 παντοκράτωρ·
2695 1305 2879 1376 κρῖμα
2927 1306 3160 1360 δίκαιον
3207 1307 3466 1375 κρίνατε,
3506 1306 3608 1360 καί

1933 1393 2116 1447 ἔλεον
2143 1395 2242 1448 καὶ
2278 1395 2579 1464 οίκτιρμὸν
2605 1394 2825 1449 ποιεῖτε
2855 1395 3111 1459 ἕκαστος
3136 1396 3286 1464 μετὰ
3319 1394 3426 1449 τοῦ
3451 1397 3608 1462 πλη-

1934 1483 2074 1536 σίον
2099 1481 2308 1550 αὐτοῦ,
2341 1484 2439 1537 καὶ
2471 1481 2684 1552 χήραν,
2719 1481 2817 1536 καί
2849 1481 3133 1551 ὀρφανὸν,
3162 1481 3260 1536 καί
3290 1481 3607 1550 προσήλυ-

1935 1590 2059 1638 τον,
2089 1573 2187 1627 καί
2225 1572 2458 1643 πένητα
2480 1573 2568 1643 μὴ
2600 1572 3154 1628 καταδυναστεύετε
3173 1582 3219 1632 ε,
3245 1571 3342 1625 καί
3386 1573 3608 1626 κακίω-

1931 1660 2192 1728 ἕκαστος
2215 1661 2366 1731 μετὰ
2395 1661 2502 1716 τοῦ
2530 1660 2800 1732 ἀδελφοῦ
2832 1660 3020 1716 αὐτοῦ
3041 1660 3127 1730 μὴ
3160 1661 3607 1730 μνησικακείτω

1930 1749 2002 1802 ἐν
2037 1749 2166 1816 ταῖς
2193 1747 2465 1818 καρδίαις
2493 1747 2678 1818 ὑμῶν.
2709 1747 2772 1801 Et
2799 1747 2980 1802 τοίνυν
3004 1747 3236 1812 ἐκείνοις
3265 1751 3380 1812 τοῖς
3405 1749 3502 1802 ἐπὶ
3532 1750 3604 1819 τῇ

1933 1839 2061 1910 σκιᾷ
2091 1837 2598 1910 παρακαθημένοις,
2633 1836 2730 1891 καὶ
2751 1835 2829 1908 τῷ
2861 1837 3037 1908 σκότῳ
3063 1837 3162 1908 τῆς
3191 1836 3398 1907 πλάνης
3422 1851 3604 1908 προσ-

1931 1925 2248 1997 ηλωμένοις,
2281 1924 2434 1978 οὐδὲν
2465 1924 2658 1994 ὄφελος
2695 1924 2804 1979 ἀπὸ
2847 1924 2948 1997 τῆς
2997 1924 3249 1995 νηστείας
3286 1925 3455 1996 μόνης
3489 1925 3605 1993 ἐγί-

1930 2030 2072 2077 νετο,
2115 2013 2190 2084 μὴ
2221 2012 2394 2066 ταῦτα
2420 2011 2834 2085 κατωρθωκόσι,
2863 2014 2958 2066 καὶ
2992 2013 3092 2084 τὴν
3116 2013 3311 2066 κακίαν
3329 2012 3427 2083 τὴν
3463 2013 3604 2084 πρὸς

1929 2097 2021 2150 τὸν
2063 2096 2289 2166 πλησίον
2339 2097 2404 2150 ἐκ
2446 2095 2547 2166 τῆς
2601 2096 2828 2168 καρδίας
2859 2094 3156 2166 ἐξορίσασι,
3203 2097 3360 2148 ποίαν
3403 2093 3605 2165 ἕξομεν

1931 2179 2094 2248 ἡμεῖς
2142 2179 2440 2248 ἀπολογίαν
2486 2180 2536 2232 οί
2576 2178 2646 2232 τά
2703 2178 2926 2249 μείζονα
2971 2176 3379 2249 ἀπαιτούμενοι,
3410 2179 3509 2232 καὶ
3537 2179 3603 2231 οὐ

1937 2257 2110 2311 ταῦτα
2151 2258 2313 2329 μόνον
2338 2261 2517 2312 ποιεῖν
2545 2258 2913 2329 κελευόμενοι,
2937 2256 3074 2311 ἀλλὰ
3105 2256 3221 2329 [30]
3245 2257 3339 2310 καὶ
3369 2258 3606 2328 ἐχθροὺς

1932 2336 2178 2408 ἀγαπᾷν,
2223 2338 2320 2391 καὶ
2345 2339 2655 2411 εὐεργετεῖν
2688 2337 3183 2408 προσταττόμενοις
3219 2338 3312 2390 καὶ
3347 2337 3401 2390 τί
3433 2337 3599 2406 λέγω,

1930 2416 2274 2488 εὐεργετεῖν;
2330 2417 2589 2489 εὔχεσθαι
2643 2418 2741 2488 μέν
2778 2413 2873 2470 οὖν
2915 2417 3056 2488 ὑπὲρ
3097 2417 3299 2481 αὑτῶν,
3348 2418 3445 2471 καὶ
3505 2419 3604 2471 τιν

1929 2498 2206 2568 Δεσπότην
2241 2497 2600 2569 παρακαλεῖν,
2633 2497 2728 2551 καὶ
2771 2495 3034 2550 ἱκετεύειν
3063 2497 3142 2559 είς
3171 2497 3271 2568 τὴν
3309 2497 3450 2567 ὑπὲρ
3472 2497 3602 2551 τού-

1928 2593 2037 2630 των
2073 2577 2437 2650 κηδεμονίαν;
2475 2577 2648 2631 Τοῦτο
2693 2577 2802 2647 γάρ
2852 2578 2984 2648 ἡμῖν
3014 2575 3250 2646 μάλιστα
3287 2576 3505 2630 πάντων
3541 2579 3604 2630 ἐν

1931 2659 2115 2730 ἐκείνῃ
2151 2662 2216 2729 τῇ
2243 2658 2448 2729 φοϐερᾷ
2483 2658 2850 2728 προστήσεται
2884 2657 3090 2729 ἡμέρᾳ,
3127 2657 3222 2709 καὶ
3250 2656 3461 2727 δαπάνη
3501 2673 3603 2727 με-

1928 2739 2089 2807 γίστη
2133 2737 2282 2790 ἔσται
2327 2738 2434 2790 τῶν
2477 2735 2608 2808 ἡμῖν
2654 2735 3080 2808 ἡμαρτημένων,
3114 2737 3208 2790 ἐὰν
3258 2732 3400 2789 οὕτω
3458 2738 3604 2808 πρὸς

1928 2827 2053 2890 τοὺς
2090 2826 2375 2897 ἐχθρωδῶς
2411 2827 2546 2897 πρὸς
2589 2829 2736 2898 ἡμᾶς
2764 2825 2985 2897 ἔχοντας
3017 2825 3358 2895 διακείμεθα.
3388 2826 3452 2879 Εί
3485 2827 3602 2896 γάρ

1933 2906 2029 2959 καὶ
2073 2907 2217 2977 μέγα
2258 2906 2378 2959 ἐστὶ
2418 2906 2623 2978 σφόδρα
2663 2906 2722 2959 τὸ
2771 2903 3071 2976 ἐπίταγμα,
3111 2903 3222 2958 ἀλλ’
3257 2904 3349 2957 ἐὰν
3391 2904 3454 2957 τὸ
3494 2905 3602 2956 ἐπ-

1927 2985 2086 3038 αθλον
2104 2986 2361 3057 ἐννοήσῃς
2382 2985 2441 3038 τὸ
2459 2985 2706 3056 κείμενον
2727 2986 2838 3049 τοῖς
2864 2983 3022 3036 τοῦτο
3043 2983 3412 3056 κατορθοῦσιν,
3442 2983 3602 3036 οὐδὲν

1926 3065 2062 3126 ὅλως
2091 3065 2362 3134 φανεῖται,
2401 3063 2500 3117 κάν
2540 3063 2745 3135 σφόδρα
2796 3064 2940 3134 μέγα
3055 3063 3120 3116 Τί
3143 3063 3198 3116 δέ
3222 3061 3379 3116 τοῦτό
3408 3063 3597 3126 ἐστιν;

1941 3143 2080 3197 Ἐὰν
2091 3143 2266 3197 τοῦτο
2282 3141 2596 3208 ποιήσητε,
2613 3160 2685 3214 φη
2693 3144 2795 3203 σῖν,
2813 3141 2998 3212 ὅμοιοι
3015 3142 3232 3196 ἔσεσθε
3248 3141 3352 3197 τοῦ
3366 3143 3602 3212 Πατρός

1927 3218 2111 3290 ὑμῶν,
2135 3221 2241 3274 τοῦ
2273 3221 2344 3275 ὲν
2370 3223 2493 3287 τοῖς
2520 3220 2816 3288 οὐρανοῖς.
2853 3221 2956 3275 Καὶ
2985 3220 3071 3274 ἵνα
3107 3222 3437 3292 σαφέστερον
3462 3225 3604 3292 ἡμῖν

1927 3300 2018 3352 τὸν
2063 3299 2220 3368 λόγον
2254 3302 2479 3372 ποιήσῃ,
2521 3301 2818 3371 ἐπὴγαγεν,
2862 3300 2982 3354 ’Ότι
3025 3300 3134 3354 τὸν
3183 3301 3361 3368 ἣλιον
3405 3301 3601 3355 αὑτοῦ

1928 3380 2248 3435 ἀνατέλλει
2279 3381 2378 3433 ἐπὶ
2425 3380 2729 3449 πονηροὺς
2778 3381 2873 3434 καὶ
2905 3381 3186 3450 ἀγαθοὺς,
3231 3380 3334 3438 καὶ
3377 3381 3600 3449 βρέχει

1926 3470 2024 3522 ἐπὶ
2060 3469 2331 3536 δικαίους
2358 3469 2456 3523 καί
2482 3469 2755 3534 ἀδίκους.
2792 3471 2946 3540 Μιμῇ
2979 3469 3107 3538 γὰρ,
3141 3469 3294 3538 φησὶ,
3327 3469 3469 3522 κατά
3497 3469 3600 3520 δύ-

1926 3566 2090 3620 ναμιν
2124 3548 2476 3622 ἀνθρωπίνην
2502 3549 2594 3602 τὸν
2619 3549 2776 3603 Θεόν.
2817 3549 3084 3620 Καθάπερ
3121 3549 3228 3620 γάρ
3274 3548 3483 3611 ἐκεῖνος
3533 3551 3599 3601 οὐ

1924 3629 2154 3691 δικαίοις
2193 3629 2353 3700 μόνον
2388 3629 2478 3681 τὸν
2518 3628 2668 3700 ἡλιον
2714 3628 3014 3690 ἀνατέλλει,
3067 3628 3204 3681 ἀλλά
3244 3629 3336 3681 καὶ
3368 3631 3483 3691 τοῖς
3525 3629 3602 3680 τά

1925 3708 2140 3780 πονηρά
2169 3707 2582 3780 ἐργαζομένοις,
2608 3709 2703 3762 καὶ
2729 3707 2820 3761 τὸν
2867 3709 3020 3762 ὑετὸν
3070 3709 3162 3762 καὶ
3192 3709 3316 3772 τοὺς
3342 3709 3598 3777 ἐτησίους

1923 3789 2160 3860 δμόρους
2191 3789 2253 3841 οὐ
2285 3791 2398 3852 τοῖς
2450 3789 2672 3856 ἀγαθοῖς
2709 3788 2868 3858 μόνον
2896 3790 3140 3860 χορηγεῖ,
3174 3787 3307 3842 άλλά
3347 3789 3441 3840 καὶ
3476 3791 3599 3852 τοῖς

1927 3881 2215 3949 πονηροῖςο
2249 3876 2390 3930 οὕτω
2419 3878 2511 3930 καὶ
2542 3877 2628 3939 σὺ,
2661 3877 2754 3931 ἐὰν
2794 3875 2868 3948 μὴ
2901 3877 3059 3948 μόνον
3092 3878 3219 3940 τοὺς
3257 3877 3599 3944 ἀγαπῶντας

1923 3957 2165 4027 ἀγαπᾷς,
2188 3955 2325 4009 ἀλλά
2360 3957 2453 4009 καὶ
2471 3957 2597 4021 τούς
2628 3955 2913 4026 ἐχθρωδῶς
2944 3957 3080 4028 πρὸς
3105 3957 3165 4010 σὲ
3188 3955 3597 4025 διακειμένους,

1923 4047 2066 4101 κατὰ
2092 4046 2194 4116 τὴν
2230 4045 2458 4116 δύναμιν
2488 4046 2588 4117 τὴν
2629 4047 2729 4117 σὴν
2755 4045 2846 4100 τὸν
2867 4046 3148 4116 Δεσπότην
3177 4048 3315 4117 μιμῇ
3345 4046 3440 4098 τὸν
3474 4047 3596 4100 σόν.

1924 4123 2076 4190 Εἶδες
2109 4124 2226 4188 πῶς
2255 4126 2336 4189 είς
2369 4127 2467 4196 τὴν
2493 4125 2754 4180 ἀνωτάτω
2795 4125 3038 4196 κορυφὴν
3067 4127 3307 4196 ἀνήγαγε
3337 4125 3431 4178 τὸν
3461 4126 3603 4180 ταύ-

1922 4233 2022 4286 την
2056 4213 2354 4283 κατορθοῦν
2385 4213 2674 4285 δυνάμενον
2704 4214 2803 4286 τὴν
2827 4215 3054 4286 ἀρετὴν;
3092 4213 3251 4268 Ἀλλά
3276 4213 3351 4285 μὴ
3380 4213 3442 4268 τὸ
3461 4213 3599 4267 δυσο

1922 4305 2082 4376 χερές
2150 4303 2311 4373 μόνον
2359 4302 2528 4356 ἐννόει
2576 4303 2671 4356 τοῦ
2717 4304 3036 4375 πράγματος
3064 4303 3108 4369 τ,
3145 4305 3418 4372 ἀγαπητὴ
3452 4305 3598 4360 ἀλλά

1924 4383 2192 4455 πρότερον
2230 4381 2552 4450 ἀναλογίζου
2584 4383 2727 4436 κατά
2759 4383 2975 4446 σαυτὸν,
2995 4383 3126 4453 ὅσης
3161 4381 3373 4454 μέλλεις
3404 4382 3601 4447 ἀξιοῦ-

1926 4462 2050 4516 σθαι
2083 4460 2185 4530 τῆς
2215 4461 2379 4532 τιμῆς
2402 4477 2415 4490 ·
2441 4461 2533 4514 καὶ
2562 4463 2594 4531 ἡ
2631 4461 2730 4531 τῆς
2752 4463 2918 4533 τιμῆς
2944 4462 3196 4526 ὑπόθεσις
3231 4462 3290 4515 τὺ
3320 4462 3460 4533 βαρὺ
3500 4468 3600 4518 καὶ

1924 4542 2182 4612 φορτικὸν
2225 4541 2426 4608 κοῦφόν
2469 4558 2551 4593 σοι
2587 4541 3062 4607 κατασκευαζέτω.
3092 4542 3167 4595 Οὐ
3207 4541 3316 4614 γάρ
3347 4541 3602 4611 ὀφείλεις

1921 4625 2084 4695 χάριν
2115 4620 2337 4685 εἰδέναι,
2379 4621 2462 4674 ὅτι
2511 4621 2768 4692 ἀφορμὴν
2823 4621 3093 4692 εὑρίσκεις
3134 4619 3225 4674 διά
3257 4621 3356 4692 τῆς
3384 4625 3467 4684 εἰς
3501 4624 3602 4677 τὸν

1922 4701 2115 4774 ἐχθρὸν
2154 4700 2477 4770 εὐεργεσίας
2523 4700 2806 4770 ἀνοιγῆναί
2857 4715 2938 4752 σοι
3001 4701 3100 4769 τῆς
3141 4700 3276 4771 πρὸς
3319 4700 3413 4753 τὸν
3454 4702 3602 4754 Θεὸν

1922 4781 2238 4854 παρρησίας
2283 4779 2379 4840 τάς
2425 4779 2616 4851 θύρας,
2657 4781 2752 4832 xal
2797 4778 2905 4831 τῶν
2949 4781 3348 4850 ἡμαρτημένων
3381 4797 3463 4833 σοι
3491 4785 3602 4854 τὴν

1920 4863 2167 4930 δαπάνην
2199 4858 2570 4931 ἐργάσασθαι;
2620 4859 2758 4912 Ἀλλ’
2789 4859 2918 4922 ἴσως
2953 4859 3238 4928 ἐπιθυμεῖς
3273 4859 3602 4930 ἀμύνασθαι

1921 4945 2013 4997 τὸν
2067 4942 2284 5014 ἐχθρὸν,
2335 4943 2430 4995 καὶ
2473 4942 2564 4996 τὸν
2603 4943 2794 5006 κακῶς
2851 4957 2909 4994 σε
2957 4941 3265 4996 διατιθέντα
3293 4945 3408 5007 τοῖς
3450 4945 3602 5012 ῖσοις

1923 5025 2241 5099 περιϐαλεῖν
2279 5024 2314 5096 ἡ
2365 5025 2459 5078 καὶ
2514 5023 2760 5095 μείξοσις
2807 5025 2914 5078 Kal
2973 5024 3026 5077 τί
3067 5025 3227 5079 πλέον
3272 5028 3335 5078 ἐκ
3393 5028 3603 5082 τούτου

1922 5107 2096 5171 ἐσται,
2128 5106 2257 5158 ὅταν
2290 5103 2428 5175 μετὰ
2476 5102 2568 5157 τοῦ
2617 5102 2752 5174 μηδέ
2797 5103 2981 5174 ὄνησίν
3025 5105 3107 5158 σοί
3143 5122 3262 5158 τινα
3314 5105 3599 5172 γίνεσθαι,

1920 5187 2016 5242 καὶ
2048 5185 2277 5246 εὐθύνας
2309 5183 2518 5254 μέλλεις
2536 5183 2676 5254 ὑπὲρ
2703 5182 2892 5236 τούτου
2926 5183 3147 5255 ὑπέχειν
3177 5185 3233 5237 ἐν
3257 5183 3334 5255 τῷ
3369 5186 3602 5259 φοδερῷ

1921 5266 2115 5334 ἐκείνῳ
2144 5263 2500 5333 δικαστηρίῳ,
2536 5262 2611 5325 ὠς
2630 5263 2758 5326 τοὺς
2786 5261 2877 5313 ὑπ’
2907 5263 3070 5316 αὐτοῦ
3104 5261 3359 5328 τεθέντας
3387 5266 3604 5336 νόμους

1921 5348 2350 5422 παραχαράξαςς
2391 5346 2532 5399 Είπέί
2561 5345 2669 5418 γάρ
2716 5363 2828 5415 μοι,
2864 5347 2912 5398 εί
2944 5345 3197 5416 βασιλεύς
3231 5362 3314 5411 τις
3349 5347 3464 5402 τῶν
3503 5353 3605 5405 ἐπὶ

1983 5470 2009 5510 d
2035 5469 2182 5519 Savil.
2212 5465 2828 5533 6c0zpq90gi0§aa£0jslim
2860 5469 3245 5533 _6lap.apux&0'0al
3283 5469 3364 5533 τὸν
3385 5471 3599 5533 λόγον...

1919 5534 2026 5589 τούς
2053 5528 2322 5594 λογισμούς.
2350 5528 2470 5578 Ibid.
2513 5528 2661 5594 Sayil,
2688 5528 2973 5594 leggndum;
2986 5528 3121 5591 pimll
3154 5528 3465 5594 προσίεσθαι(
3501 5538 3601 5584 sed

1923 5589 2370 5644 reclaminfomnia
2395 5592 2713 5654 egemplarig.
2745 5589 2874 5648 Mox,
2894 5589 3037 5639 τοῦτο
3057 5593 3120 5654 ὡς
3131 5589 3481 5654 περιττόν,ειε.
3499 5596 3599 5646 ss.

1925 5655 2091 5724 villula
2118 5652 2580 5724 sggpjgnurdflqrel.
2605 5652 2756 5700 ταῦτα
2791 5655 2857 5724 εἷος
2890 5653 3100 5724 περιττά,
3128 5652 3226 5724 et_c'.

1987 5718 2108 5765 ‘Sic
2150 5713 2323 5764 Biblia.
2371 5713 2622 5764 Edebalur
2661 5714 3103 5772 καταδυναστεύητε
3145 5720 3199 5762 ει
3240 5723 3597 5776 μνηωκακῆτι.

1921 5779 2092 5832 Morel.
2123 5776 2474 5840 pchgxaxehg.

1991 5840 2009 5879 ί
2041 5837 2221 5891 Οῐῐίιιρε
2243 5839 2345 5887 fere
2365 5837 2450 5886 τοῦ
2473 5838 2756 5900 πράγματος.
2782 5839 2879 5888 Alii
2911 5837 2996 5888 τοῦ
3018 5839 3395 5903 προστάγματος.
