3752 6278
298 242 364 299 65
1435 247 1499 303 ΙΝ
1533 248 1688 304 CAP.
1731 247 1772 301 ι.

2103 245 2327 301 HOMIL.
2366 246 2455 307 iV.
3508 250 3574 303 .53

293 356 601 426 neutiquam
652 357 705 412 in
745 364 950 414 tantam
1000 359 1275 414 venissent
1323 362 1631 415 amentiam.
1675 362 1741 413 At
1785 373 1882 415 nos

295 461 471 517 neque
496 449 571 503 sic
599 462 872 505 cessemus
902 451 1093 505 divinae
1113 450 1401 521 Scriptum
1430 451 1729 507 testimonia
1758 451 1886 520 ipsis

290 538 551 610 objicere,
594 550 648 596 et
684 558 842 599 aures
890 557 1101 598 nostras
1128 544 1192 599 ad
1222 546 1537 614 pestilentes
1567 560 1751 599 eorum
1791 544 1889 597 do-

290 638 495 693 ctrinas
522 639 792 710 obsepire.

362 729 421 785 6.
451 729 554 786 Sed
594 733 774 787 nescio
810 732 1080 803 quomodo
1108 733 1304 789 iterum
1329 733 1399 788 ab
1434 732 1638 803 impetu
1686 735 1889 789 oratio—

292 821 379 875 nis
413 822 465 877 in
494 824 609 879 haec
652 826 825 881 evecti
872 841 1057 881 sumus
1079 866 1094 891 ,
1128 836 1181 881 et
1216 841 1245 880 a
1270 834 1524 883 contextu
1548 825 1839 880 excidimus
1870 842 1885 878 :

297 913 425 967 ideo
455 915 645 972 iterum
673 918 739 972 ad
777 919 949 988 priora
976 919 1158 975 redeat
1182 935 1380 974 sermo.
1420 917 1488 973 Et
1516 919 1706 973 vocavit
1725 959 1739 981 ,
1779 920 1886 983 ait,

294 1005 441 1062 Deus
475 1009 849 1077 ﬁrmamentum
908 1013 1123 1075 caelum,
1167 1022 1214 1066 et
1243 1013 1367 1067 vidit
1408 1010 1548 1066 Deus
1593 1012 1729 1082 quod
1763 1022 1889 1065 esset

294 1097 505 1153 borium.
546 1099 615 1154 Et
639 1105 832 1172 factum
853 1115 929 1157 est
959 1119 1177 1173 uespere,
1203 1112 1249 1156 et
1280 1104 1471 1175 factum
1490 1113 1563 1157 est
1587 1119 1760 1167 "tunc,
1785 1102 1891 1157 dies

295 1191 572 1245 secundus.
596 1190 970 1263 Appellatione
997 1195 1162 1249 indita
1203 1194 1539 1251 ﬁrmamento
1560 1237 1574 1259 ,
1606 1203 1657 1249 et
1680 1194 1892 1247 laudato

294 1296 487 1351 opere,
517 1283 676 1339 ﬁnem
709 1285 961 1356 imposuit
1002 1286 1107 1342 diei
1143 1287 1379 1342 secundo
1400 1329 1414 1353 ,
1442 1296 1497 1342 et
1518 1286 1650 1341 dixit
1675 1304 1686 1341 τ
1718 1285 1784 1339 Et
1811 1289 1892 1355 fa-

294 1385 439 1428 ctum
464 1383 536 1429 est
581 1392 786 1445 vespere
805 1420 819 1443 ,
846 1389 889 1432 et
926 1381 1117 1450 fectant
1162 1389 1237 1433 est
1265 1396 1413 1434 mane
1432 1421 1447 1444 ,
1474 1379 1581 1435 dies
1623 1380 1891 1434 secundus.

302 1465 493 1521 Vidisti
516 1479 712 1538 quanta
732 1470 1001 1540 diligentia
1028 1487 1127 1526 nos
1145 1471 1322 1536 docet,
1357 1471 1517 1527 linem
1546 1472 1678 1526 lucis
1704 1466 1893 1539 vespe-

298 1572 419 1612 tam
464 1573 688 1624 vocans,
718 1568 771 1615 et
808 1562 967 1616 linem
1010 1563 1184 1618 noctis
1235 1577 1426 1628 mane,
1468 1573 1524 1618 et
1552 1572 1719 1618 totum
1766 1562 1892 1617 illud

298 1648 447 1704 diem
470 1691 486 1716 ,
520 1660 576 1706 ut
615 1666 684 1707 ne
708 1668 950 1709 erremus
978 1670 1076 1711 nos
1095 1696 1110 1720 ,
1138 1670 1312 1727 neque
1343 1665 1588 1727 putemus
1613 1672 1891 1725 vesperam

303 1739 467 1795 linem
506 1756 628 1797 esse
675 1743 820 1811 diei,
868 1746 963 1800 sed
1010 1747 1291 1803 manifeste
1340 1748 1573 1803 sciamus
1622 1749 1895 1819 utriusque

302 1835 538 1900 spatium
568 1851 733 1892 unum
776 1837 917 1893 diem
950 1838 1209 1910 implere?
1238 1840 1306 1895 Et
1329 1856 1552 1912 vespere
1574 1841 1733 1897 ﬁnem
1764 1841 1895 1896 lucis

300 1930 455 1978 recte
494 1925 614 1995 quis
661 1926 891 1995 dixerit,
956 1944 1114 1984 mane
1156 1938 1375 1997 autem,
1431 1930 1532 1986 hoc
1586 1940 1698 1997 est,
1733 1930 1895 1986 ﬁnem

301 2014 513 2081 noctis,
554 2017 1002 2086 complementum
1052 2020 1181 2076 diei.
1226 2020 1338 2077 Hoc
1381 2022 1524 2077 enim
1567 2023 1680 2076 vult
1716 2020 1895 2077 divina

301 2107 581 2178 Scriptura
614 2109 978 2176 manifestare,
1011 2112 1196 2168 dicens
1222 2132 1235 2167 :
1267 2114 1334 2168 Et
1359 2117 1547 2186 factum
1572 2125 1643 2169 est
1674 2131 1892 2185 vespere,

301 2210 351 2251 et
406 2199 600 2266 factum
625 2209 697 2254 est
741 2219 923 2268 mane,
964 2204 1071 2258 dies
1111 2205 1381 2259 secundus.
1427 2205 1591 2261 Forte
1637 2207 1897 2275 prolixius

302 2304 613 2346 sermonem
636 2294 995 2364 extendimus,
1029 2312 1133 2352 non
1159 2297 1280 2351 data
1305 2312 1469 2368 Opera
1486 2339 1501 2363 ,
1533 2298 1626 2353 sed
1655 2298 1723 2354 ab
1747 2299 1859 2369 ipsa
1879 2343 1893 2363 .

305 2392 366 2435 ut
415 2383 619 2440 dixerit
651 2387 914 2459 quispiam
935 2428 952 2456 ,
981 2389 1263 2445 verborum
1306 2391 1683 2462 consequentia
1709 2433 1723 2457 ,
1749 2392 1896 2461 quasi

304 2475 498 2545 rapido
535 2478 766 2548 quodam
792 2495 952 2537 amne
993 2482 1041 2536 vi
1070 2480 1348 2537 abstracti.
1388 2481 1605 2554 Vosque
1634 2483 1793 2552 hujus
1818 2482 1895 2538 rei

305 2582 471 2623 causa
512 2571 671 2637 estis,
700 2573 790 2643 qui
833 2589 1025 2645 magna
1067 2590 1190 2630 cum
1219 2577 1493 2647 voluptate
1537 2576 1677 2631 dicta
1713 2588 1898 2633 nostra

302 2660 525 2715 auditis.
570 2662 711 2718 Nihil
742 2666 886 2721 enim
923 2672 1002 2722 sic
1044 2668 1280 2724 excitare
1308 2676 1483 2739 potest
1508 2669 1777 2726 dicentem
1800 2711 1817 2735 ,
1845 2679 1899 2725 et

304 2753 695 2810 sententiarum
739 2771 987 2826 magnam
1034 2759 1246 2828 c0piam
1297 2758 1375 2813 illi
1414 2759 1644 2827 afferre,
1695 2770 1753 2815 ut
1798 2776 1899 2815 au-

304 2842 543 2898 ditorum
571 2844 841 2901 alacritas.
867 2848 932 2902 Et
956 2848 1092 2903 sicut
1119 2849 1293 2919 supini
1313 2858 1370 2904 et
1397 2849 1611 2906 desides
1629 2851 1899 2907 auditores

303 2934 473 2989 etiam
498 2936 726 2992 multum
759 2939 972 3010 eloquio
998 2939 1262 2996 valentem
1293 2941 1522 2996 reddunt
1549 2942 1853 3013 segniorem
1880 2959 1896 2999 :

305 3026 383 3080 ita
412 3041 508 3082 vos
533 3042 627 3097 per
669 3028 761 3084 Dei
801 3031 1027 3100 gratiam
1052 3071 1069 3097 ,
1100 3031 1306 3086 etiamsi
1335 3032 1463 3087 muti
1509 3047 1751 3089 essemus
1781 3034 1900 3103 plus

304 3133 468 3186 quam
488 3119 690 3190 lapides
716 3122 754 3189 ί,
779 3123 1007 3191 possetis
1035 3132 1273 3178 nostrum
1293 3131 1566 3193 stuporem
1587 3123 1896 3190 emendare,

303 3223 361 3265 et
386 3214 801 3269 somnolentiam
831 3215 1099 3271 discutere
1118 3256 1133 3280 ,
1166 3231 1463 3288 cogereque
1484 3225 1542 3271 ut
1570 3216 1814 3273 dicamus
1836 3232 1898 3272 ea

303 3320 432 3375 qua
460 3306 614 3362 vobis
653 3308 996 3375 conducunt,
1028 3319 1082 3364 et
1123 3308 1190 3363 ad
1232 3316 1469 3365 vestram
1511 3309 1898 3365 institutionem

303 3399 603 3468 pertinent.
644 3400 905 3470 Quoniam
939 3402 1096 3472 igitur
1126 3400 1259 3455 tales
1302 3401 1466 3469 estis,
1502 3411 1685 3471 utpote
1714 3418 1743 3456 a
1791 3402 1899 3457 Deo

300 3495 497 3559 docti,
523 3508 579 3552 et
620 3496 910 3552 secundum
956 3495 1169 3551 beatum
1216 3496 1471 3563 Paulum,
1502 3497 1727 3568 potestis
1765 3496 1900 3551 alios

302 3594 612 3650 admonere
640 3590 817 3662 (Rom.
843 3592 930 3647 15.
957 3592 1047 3662 14)
1073 3611 1087 3647 :
1108 3607 1231 3665 age,
1248 3595 1606 3654 obsecramus
1626 3614 1743 3667 vos,
1766 3609 1825 3655 ut
1846 3602 1891 3658 si

306 3702 413 3754 per
448 3684 597 3756 quod
636 3684 811 3751 aliud,
853 3684 1090 3740 maxime
1139 3700 1237 3755 per
1265 3685 1461 3756 jejunii
1505 3696 1741 3759 tempus.
1774 3708 1892 3747 ma-

306 3791 479 3848 gnam
506 3775 646 3830 bene
691 3775 907 3830 vivendi
959 3790 1145 3830 curam
1188 3777 1427 3846 geratis,
1484 3793 1585 3833 nec
1620 3779 1711 3834 ﬁat
1737 3782 1891 3838 vobis

306 3883 502 3924 sermo
530 3866 874 3931 fastidiosus,
910 3866 955 3923 si
978 3867 1225 3938 quotidie
1239 3868 1308 3924 de
1328 3868 1533 3925 eisdem
1568 3871 1887 3943 loquamur:

302 3961 500 4015 eadem
527 3962 672 4017 enim
710 3960 890 4016 dicere
933 3959 1061 4015 mihi
1097 3960 1311 4030 quidem
1336 3975 1444 4016 non
1467 3974 1631 4031 grave
1655 4002 1668 4024 ,
1700 3976 1897 4017 secun-

298 4051 437 4106 dum
467 4051 682 4105 beatum
708 4051 951 4116 Paulum,
978 4051 1132 4107 vobis
1160 4059 1339 4108 autem
1362 4061 1533 4107 tutum
1557 4052 1815 4126 (Philipp.
1842 4055 1894 4109 5.

304 4148 388 4213 1).
417 4145 567 4214 Opus
587 4144 730 4200 enim
773 4142 933 4199 habet
972 4144 1146 4199 anima
1172 4154 1353 4199 nostra
1374 4184 1391 4210 ,
1421 4144 1603 4216 segnis
1644 4161 1765 4201 cum
1797 4146 1895 4212 sit,

298 4236 561 4292 mutinua
605 4235 987 4292 admonitione.
1033 4236 1100 4290 Et
1139 4236 1276 4291 sicut
1314 4251 1507 4306 corpus
1537 4237 1641 4293 hoc
1659 4238 1897 4309 quotidie

298 4343 444 4399 opus
471 4326 630 4382 habet
646 4327 909 4397 corporali
932 4328 1206 4393 alimento,
1231 4336 1289 4382 ut
1316 4343 1383 4384 ne
1401 4330 1452 4382 in
1479 4344 1722 4399 magnam
1739 4331 1895 4400 aegri-

298 4419 549 4475 tudinem
570 4418 829 4485 incidens,
848 4419 978 4474 nihil
997 4418 1171 4477 facere
1190 4420 1356 4489 possit
1377 4443 1389 4477 :
1411 4422 1478 4475 ita
1496 4431 1551 4477 et
1568 4424 1742 4477 anima
1764 4437 1898 4493 opus

299 4513 472 4569 habet
508 4513 768 4582 spirituali
799 4513 955 4579 cibo,
983 4522 1037 4568 et
1075 4514 1274 4584 optima
1300 4514 1422 4568 vita:
1462 4516 1666 4571 ratione
1689 4557 1705 4582 ,
1739 4525 1797 4571 ut
1842 4518 1894 4572 in

295 4606 752 4663 consuetudinem
782 4606 1010 4677 aliquam
1032 4606 1291 4661 bonorum
1323 4609 1636 4678 perveniens
1658 4650 1673 4674 ,
1703 4609 1893 4665 invicta

294 4701 374 4754 sit
393 4741 409 4764 ,
436 4707 494 4753 et
518 4698 769 4754 resistere
796 4698 963 4769 possit
987 4698 1202 4769 maligni
1232 4697 1399 4753 hostis
1448 4699 1671 4756 insidiis.

378 4792 431 4844 7.
460 4789 676 4845 Herulis
699 4790 1003 4854 alienatio;
1022 4788 1220 4845 Iudaeis
1232 4791 1489 4861 jejunium
1516 4808 1617 4847 non
1637 4793 1895 4864 proderat;

292 4894 555 4957 quantum
569 4884 753 4940 bonum
768 4885 833 4939 sit
848 4885 1167 4940 inimicorum
1187 4884 1726 4953 dilectio.—Quotidie
1738 4887 1895 4957 igitur

293 4981 421 5048 ejus
441 4980 689 5035 virtutem
707 4993 932 5049 operose
946 4993 1216 5043 curemus,
1238 4987 1294 5033 et
1309 4993 1407 5033 nos
1423 4978 1565 5048 ipsos
1580 4980 1891 5035 examinan-

297 5081 387 5123 ti-s
406 5111 420 5132 ,
455 5054 744 5139 numquam
766 5069 1109 5135 deﬁciamus;
1135 5068 1479 5124 rationarium
1503 5086 1711 5141 quoque
1738 5072 1893 5126 nobis

292 5164 656 5218 mirﬁciatnus
676 5178 859 5218 eorum
882 5177 999 5233 quze
1032 5163 1345 5231 accipimus,
1367 5170 1420 5217 et
1439 5178 1622 5217 eorum
1652 5179 1770 5233 quin
1796 5180 1891 5218 ex-

297 5257 622 5327 pendimus,
647 5254 902 5326 quidnam
933 5254 1135 5310 utiliter
1150 5264 1204 5309 et
1224 5254 1361 5310 bene
1382 5255 1578 5326 loquuti
1610 5256 1805 5320 simus,
1838 5265 1891 5310 et

294 5349 444 5421 quod
468 5350 699 5404 otiosum
726 5346 951 5403 verbum
978 5347 1382 5418 prolulerimus,
1412 5354 1466 5402 et
1496 5347 1715 5412 iterum,
1757 5347 1885 5418 quid

295 5443 434 5498 utile
474 5457 571 5512 per
593 5455 756 5507 aures
786 5441 840 5496 in
884 5440 1117 5495 animam
1144 5438 1589 5495 intromiserimus
1608 5477 1623 5505 ,
1654 5448 1707 5494 et
1732 5438 1889 5510 quid,

294 5536 443 5610 quod
466 5535 850 5592 detrimentum
880 5535 1075 5591 afferre
1105 5532 1290 5605 possit.
1322 5532 1587 5589 Praeterea
1613 5539 1668 5587 et
1696 5516 1889 5603 lingua:

365 5667 383 5689 ι
417 5656 555 5705 savii.
587 5666 639 5706 et
661 5664 867 5717 quatuor
891 5660 994 5704 Mss.
1035 5652 1236 5707 habent.
1274 5650 1460 5703 etiamsi
1497 5648 1750 5714 inferiores
1769 5664 1892 5704 csse-

293 5731 406 5771 mus
422 5717 678 5782 lapidibus.
748 5760 755 5765 .

1997 359 2206 430 regulas
2231 361 2434 432 aliquas
2464 370 2518 417 et
2545 377 2777 418 canones
2802 379 3064 435 ponamus
3087 408 3099 430 ,
3124 365 3196 421 ita
3225 377 3282 421 ut
3313 365 3456 438 prius
3488 386 3572 422 ru-

1995 455 2263 510 mineutur
2289 465 2345 511 et
2374 455 2738 526 ponderentur
2764 458 2923 514 verba
2949 498 2965 524 ,
2994 468 3049 514 et
3088 468 3267 529 postea
3295 462 3569 531 proteron-

1995 554 2078 598 tur
2120 560 2430 613 sermones;
2461 557 2691 604 meutem
2735 563 2866 605 vero
2916 550 2987 605 ita
3015 552 3387 615 instituamus.
3422 563 3572 608 utne

1992 636 2117 709 quid
2144 638 2457 695 damnosum
2490 649 2716 712 promat,
2743 642 2859 698 etsi
2889 642 3025 698 forte
3049 642 3246 715 aliquid
3270 644 3375 699 tale
3403 643 3571 699 forin-

1994 743 2146 784 secus
2176 729 2451 799 inferatur,
2484 732 2535 787 id
2564 735 2741 788 statim
2783 746 2840 790 ut
2879 734 3202 806 superﬂuum
3226 745 3281 792 et
3310 737 3577 807 pernicio-

1994 837 2111 875 sum
2139 837 2479 879 amoveamus
2499 864 2515 891 ,
2544 834 2601 881 et
2640 826 2686 881 si
2729 828 3053 885 intrinsecus
3101 838 3368 895 nascatur,
3396 831 3576 885 statim

1995 912 2078 982 pia
2102 914 2423 984 cogitatione
2449 915 2577 970 illud
2606 917 2869 987 fugemus,
2896 928 2951 974 et
2974 934 3042 976 ne
3070 920 3438 978 existimemus
3469 922 3580 976 ine-

1995 1001 2136 1057 diam
2168 1019 2335 1075 usque
2363 1005 2428 1059 ad
2457 1021 2730 1076 vesperam
2756 1007 2820 1062 ad
2864 1010 3086 1065 salutem
3116 1013 3268 1067 nobis
3309 1012 3578 1071 sufﬁcere.

1995 1093 2126 1148 Nam
2149 1095 2192 1149 si
2235 1098 2501 1166 perversis
2542 1098 2745 1155 Judaeis
2773 1100 2987 1157 dicebat
3022 1102 3283 1173 benignus
3327 1105 3579 1160 Dominus

1998 1201 2092 1254 per
2118 1186 2429 1257 prephetam
2463 1206 2477 1243 :
2510 1189 2639 1243 Ecce
2678 1192 2800 1245 anni
2847 1195 3169 1265 septuaginta
3192 1209 3212 1249 :
3234 1196 3473 1265 numquid
3491 1198 3577 1271 je-

1996 1277 2260 1343 junavistis
2308 1280 2430 1332 mihi
2462 1280 2766 1349 jejunium?
2794 1281 2857 1335 Et
2904 1284 2951 1339 si
2975 1286 3286 1340 cantederitis
3313 1296 3361 1340 et
3398 1287 3579 1340 biberi-

1998 1373 2078 1434 tis,
2110 1388 2274 1426 nonne
2294 1389 2379 1428 vos
2408 1375 2667 1429 comeditis
2694 1386 2739 1429 et
2769 1375 2983 1432 bibitis!
3014 1376 3139 1432 Haec
3181 1379 3304 1433 dicit
3331 1378 3580 1433 Dominus

1998 1467 2312 1535 omnipotens
2335 1482 2353 1517 :
2377 1466 2410 1520 J
2419 1466 2640 1521 udicium
2655 1468 2854 1538 justum
2886 1470 3119 1540 judicate
3140 1511 3155 1535 ,
3186 1471 3581 1526 misericordiam

1999 1567 2043 1611 ct
2072 1558 2439 1612 miserationem
2471 1559 2625 1629 faciat
2666 1561 3007 1629 unusquisque
3043 1578 3155 1616 cum
3189 1562 3418 1632 proximo
3444 1580 3535 1616 suo
3561 1578 3582 1616 :

1998 1658 2044 1701 et
2080 1648 2304 1714 viduam,
2335 1660 2381 1703 et
2407 1650 2693 1721 orphanum
2717 1692 2731 1714 ,
2755 1664 2800 1705 et
2826 1652 3089 1717 advenam,
3117 1664 3162 1709 et
3191 1671 3457 1725 pauperem
3479 1673 3583 1709 non

1999 1741 2298 1809 opprimatis
2329 1756 2348 1795 .'
2376 1750 2423 1795 et
2462 1745 2654 1796 malum
2692 1745 3032 1814 unusquisque
3073 1756 3287 1799 vestrum
3319 1763 3439 1816 erga
3476 1750 3584 1818 [ra-

2001 1842 2124 1885 trem
2148 1848 2297 1886 suum
2335 1849 2434 1887 non
2463 1834 2643 1905 cogitet
2665 1834 2719 1889 in
2757 1835 2991 1890 cordibus
3011 1838 3117 1891 suis
3147 1836 3329 1909 (Zach.
3359 1839 3413 1893 7.
3446 1839 3498 1894 5.
3527 1840 3585 1894 6.

1999 1922 2054 1977 9.
2086 1923 2197 1993 10).
2231 1924 2287 1979 Si
2314 1924 2471 1994 igitur
2500 1926 2603 1981 illis
2629 1927 2717 1997 qui
2747 1926 2800 1981 in
2833 1928 3015 1983 umbra
3056 1929 3312 1985 sedebant
3353 1938 3407 1985 et
3437 1940 3583 1985 tene-

2001 2016 2110 2069 bris
2133 2031 2376 2071 errorum
2418 2016 2561 2073 afﬁxi
2589 2030 2779 2087 erant,
2812 2020 2942 2074 nihil
2967 2021 3219 2090 proderat
3249 2023 3420 2078 solum
3439 2023 3583 2093 jeju-

2001 2110 2167 2174 nium,
2199 2124 2320 2164 cum
2347 2109 2462 2165 hmc
2499 2111 2635 2166 bona
2663 2127 2823 2181 opera
2861 2127 2963 2167 non
2988 2113 3255 2179 facerent,
3284 2123 3339 2170 et
3367 2130 3397 2169 e
3422 2114 3584 2169 corde

2003 2201 2199 2255 malum
2226 2216 2351 2272 erga
2379 2203 2677 2271 proximum
2720 2219 2824 2258 nou
2848 2203 3223 2269 eliminarent,
3255 2206 3462 2274 qualem
3490 2204 3585 2260 ha-

2004 2294 2161 2349 bituri
2187 2309 2283 2348 nos
2309 2309 2494 2349 sumus
2518 2294 2884 2352 defensionem
2914 2338 2930 2363 ,
2960 2312 2988 2350 a
3019 2298 3210 2368 quibus
3238 2297 3440 2368 majora
3468 2300 3585 2354 exi-

2004 2397 2217 2458 guntur,
2247 2399 2300 2444 et
2328 2404 2434 2445 non
2456 2391 2627 2445 solum
2662 2389 2777 2444 haec
2795 2392 2967 2446 facere
2989 2391 3256 2460 iubemur,
3285 2392 3378 2447 sed
3406 2401 3460 2447 et
3489 2393 3589 2448 ini-

2005 2483 2169 2537 iniens
2211 2482 2434 2551 diligere
2459 2524 2473 2548 ,
2504 2493 2556 2538 et
2584 2498 2679 2540 eos
2724 2482 3027 2539 demereri?
3056 2485 3182 2556 quid
3222 2484 3375 2551 dico,
3402 2486 3586 2541 dctum

2004 2576 2105 2629 reri
2138 2573 2286 2645 (Luc.
2309 2574 2361 2630 6.
2396 2572 2530 2647 27)?
2562 2576 2667 2631 imo
2689 2577 2848 2632 etiam
2873 2591 2969 2647 pro
2997 2577 3125 2647 ipsis
3153 2578 3429 2633 Dominum
3462 2594 3587 2648 pre-

2002 2668 2142 2731 cari,
2177 2677 2230 2723 et
2268 2682 2424 2724 orare
2451 2678 2506 2723 ut
2548 2669 2737 2724 salutis
2786 2669 2997 2724 illorum
3042 2684 3224 2725 curam
3259 2670 3449 2740 gerat?
3478 2670 3588 2725 lloc

2003 2759 2147 2814 enim
2179 2759 2334 2814 nobis
2366 2761 2699 2830 potissimum
2733 2760 2784 2813 in
2835 2759 2924 2815 die
2952 2759 3044 2814 illo
3083 2760 3309 2815 terribili
3360 2760 3588 2830 patroci~

2006 2848 2236 2917 nabitnr,
2268 2859 2324 2906 et
2352 2850 2649 2920 redemptio
2689 2851 2917 2905 maxima
2960 2851 3064 2906 erit
3113 2860 3450 2922 peccatorum
3492 2862 3587 2905 no-

2005 2954 2234 2997 strorum
2261 2982 2276 3006 ,
2308 2941 2353 2995 si
2402 2942 2479 2997 sic
2524 2942 2699 2997 affecti
2751 2940 3010 2997 fuerimus
3056 2943 3312 2998 adversus
3342 2943 3587 2997 inimicos

2005 3044 2236 3091 nostros.
2280 3034 2430 3089 Licet
2457 3034 2600 3090 enim
2630 3049 2877 3105 magnum
2938 3034 3010 3089 sit
3048 3041 3103 3089 et
3128 3032 3351 3088 arduum
3389 3048 3587 3103 prrce-

2005 3138 2150 3200 ptum
2176 3171 2191 3192 .
2223 3129 2267 3184 si
2298 3138 2473 3183 tamen
2499 3128 2778 3199 praemium
2808 3128 3009 3198 cogites
3034 3127 3329 3197 repositum
3372 3136 3589 3182 strenue

2007 3224 2055 3275 id
2101 3220 2550 3292 exsequentibus,
2582 3216 2716 3273 nihil
2767 3220 2987 3274 omnino
3030 3218 3328 3283 videbitur,
3373 3219 3582 3273 etiamsi

2006 3315 2159 3370 valde
2175 3314 2395 3369 arduum
2412 3313 2500 3368 sit.
2514 3311 2791 3379 Quodnam
2811 3320 2894 3368 est
2907 3309 3008 3366 hoc
3021 3311 3045 3366 ?
3059 3309 3119 3366 Si
3134 3313 3228 3365 hoc
3239 3311 3474 3380 feceritis,
3494 3310 3559 3362 ait
3570 3349 3587 3372 .

2004 3410 2191 3465 similes
2219 3409 2356 3463 eritis
2385 3407 2533 3462 Patri
2558 3416 2718 3461 uestro
2739 3445 2754 3472 ,
2796 3406 2884 3477 qui
2926 3407 2979 3459 in
3007 3405 3144 3460 uelis
3188 3413 3261 3458 est
3288 3402 3501 3475 (Matth.
3532 3403 3586 3455 5.

2004 3500 2096 3567 45)
2149 3499 2216 3554 Et
2261 3510 2318 3554 ut
2348 3498 2678 3553 manifestius
2718 3495 2860 3551 hunc
2888 3511 3191 3552 sermonem
3225 3495 3377 3550 nobis
3406 3493 3588 3549 decla—

2006 3601 2085 3645 ret
2105 3631 2119 3656 ,
2142 3589 2377 3647 subdidit
2404 3631 2419 3655 ,
2451 3589 2583 3658 Quia
2602 3587 2760 3644 solem
2786 3605 2934 3642 suum
2959 3589 3079 3643 oriri
3105 3588 3228 3659 facit
3257 3604 3409 3659 super
3430 3587 3591 3641 malos

2003 3696 2050 3737 et
2103 3684 2292 3748 bonos,
2336 3690 2382 3736 et
2427 3682 2554 3752 pluit
2601 3698 2752 3751 super
2793 3681 2954 3746 iustos
2996 3689 3043 3733 et
3081 3679 3318 3751 injustas.
3354 3672 3590 3733 lmitaris

2002 3775 2168 3843 enim,
2196 3775 2388 3846 inquit,
2418 3789 2515 3845 pro
2557 3773 2805 3828 humanis
2829 3772 3033 3827 viribus
3076 3772 3263 3826 Deum.
3291 3769 3423 3826 Nam
3452 3771 3589 3824 sicut.

2004 3868 2093 3923 ille
2140 3882 2247 3922 non
2279 3866 2449 3921 solum
2475 3865 2633 3936 justh
2657 3904 2673 3927 ,
2713 3862 2806 3919 sed
2831 3862 2970 3919 etiis
2995 3862 3084 3933 qni
3113 3862 3251 3917 mala
3293 3872 3585 3931 operantur

2002 3962 2169 4017 solent
2200 3959 2331 4015 oriri
2382 3958 2538 4023 facit,
2568 3966 2623 4013 et
2648 3955 2876 4026 pluviam
2916 3966 2970 4011 et
3016 3954 3211 4010 imbres
3249 3967 3458 4008 annuos
3481 3969 3585 4007 non

2005 4055 2158 4110 bonis
2200 4053 2372 4109 solum
2408 4051 2743 4122 suppeditat,
2772 4050 2864 4106 sed
2891 4056 2948 4105 et
2974 4046 3231 4118 improbis
3263 4065 3279 4103 :
3306 4047 3383 4102 sic
3409 4056 3461 4102 et
3492 4056 3545 4100 tu
3570 4086 3587 4110 ,

2002 4149 2044 4203 si
2077 4164 2182 4204 non
2213 4147 2386 4203 solum
2412 4144 2695 4215 diligentes
2723 4143 2982 4213 tediligis,
3005 4141 3097 4198 sed
3125 4141 3284 4196 etiam
3314 4136 3581 4203 inimicos,

2003 4257 2100 4312 pro
2126 4240 2264 4295 virili
2304 4238 2586 4295 Dominum
2620 4247 2765 4293 tuum
2808 4235 3054 4290 imitaris.
3091 4233 3276 4289 Vidisti
3318 4233 3587 4303 quomodo

2004 4336 2054 4389 in
2105 4347 2415 4402 supremum
2449 4330 2659 4385 culmen
2691 4329 2875 4385 eduxit
2898 4342 3020 4384 eum
3065 4327 3154 4397 qui
3196 4326 3332 4381 hanc
3374 4324 3584 4396 operari

2003 4426 2142 4481 valet
2186 4421 2887 4480 virtutem?Verumtamen
2931 4434 3001 4476 ne
3045 4417 3410 4473 difficultatem
3455 4417 3529 4471 rei
3568 4418 3583 4447 ¹

2000 4523 2171 4577 solum
2227 4518 2707 4591 cogites,dilecte,
2741 4516 2835 4570 sed
2890 4515 3034 4586 prius
3088 4522 3314 4584 supputa
3369 4523 3580 4571 tecum.

2000 4623 2199 4688 quanto
2244 4613 2450 4670 honore
2490 4609 2788 4683 dignandus
2830 4609 2906 4665 sis
2934 4626 2948 4663 :
2980 4616 3036 4662 ct
3062 4606 3178 4661 htec
3227 4604 3445 4659 honoris
3488 4620 3582 4658 oc-

2000 4709 2145 4766 casio
2176 4709 2293 4764 leve
2341 4706 2437 4763 tibi
2487 4705 2646 4761 faciat
2670 4701 2924 4775 quidquid
2961 4714 3126 4769 grave
3172 4707 3255 4754 est
3283 4706 3337 4753 et
3383 4710 3581 4751 onero-

1999 4818 2141 4858 sum.
2166 4802 2357 4857 Annon
2404 4811 2502 4868 pro
2527 4795 2786 4852 beneﬁcio
2827 4791 3128 4847 habendum
3150 4830 3166 4854 ,
3192 4786 3334 4860 quod
3373 4785 3584 4842 occasio

2000 4895 2092 4949 tibi
2119 4893 2421 4966 praebeatur
2437 4889 2563 4945 dum
2610 4886 2826 4943 inimico
2855 4883 3124 4940 benefacis
3143 4923 3158 4945 ,
3189 4889 3246 4935 ut
3275 4878 3583 4950 aperiantur

2001 4988 2092 5043 tibi
2116 4987 2294 5057 januan
2333 4982 2542 5039 ﬁduciae
2570 4978 2817 5036 veniendi
2859 4976 2926 5031 ad
2961 4976 3161 5039 Deum,
3193 4980 3246 5027 et
3287 4969 3580 5026 redimendi

2000 5089 2216 5153 peccata
2266 5078 2398 5134 tua?
2430 5078 2501 5133 At
2529 5072 2665 5130 forte
2695 5071 2966 5128 inimicum
3012 5066 3231 5132 ulcisci,
3259 5073 3314 5120 et
3339 5078 3463 5120 eum
3488 5062 3579 5133 qui

1996 5173 2154 5236 malis
2197 5180 2248 5227 te
2272 5168 2439 5225 afﬁcit.
2475 5166 2691 5238 paribus
2717 5163 2801 5220 vel
2842 5160 3134 5230 majoribus
3178 5156 3333 5226 plecti
3365 5155 3483 5211 vis?
3515 5153 3583 5211 Et

1999 5263 2125 5336 quid
2156 5262 2279 5319 inde
2306 5257 2594 5324 commodi,
2623 5270 2745 5312 cum
2775 5259 2947 5324 neque
2980 5259 3033 5306 tu
3054 5249 3252 5320 aliquid
3282 5248 3405 5305 inde
3432 5247 3580 5303 utili-

2000 5358 2126 5413 tatis
2156 5356 2433 5412 habiturus
2474 5352 2551 5406 sis
2574 5392 2588 5415 ,
2611 5348 2703 5405 sed
2734 5357 2948 5419 propter
2970 5346 3071 5401 hoc
3117 5347 3193 5401 sis
3217 5357 3402 5416 poenas
3428 5342 3580 5398 datuo

1999 5466 2092 5510 rus
2144 5448 2286 5522 apud
2337 5444 2666 5503 horrendum
2707 5441 2836 5498 illud
2881 5439 3143 5505 tribunal,
3188 5444 3247 5491 ut
3297 5435 3388 5507 qui
3438 5436 3581 5504 leges

2002 5543 2131 5600 tanti
2163 5540 2354 5613 iudicis
2384 5535 2750 5593 obliteraveris
2776 5543 2829 5589 et
2857 5529 3181 5602 infregeris?
3212 5528 3305 5581 Dic
3326 5568 3339 5593 ,
3368 5539 3467 5579 oro
3489 5564 3503 5590 ,
3538 5528 3582 5581 si

2068 5706 2084 5739 ⁸
2119 5704 2189 5755 sic
2212 5702 2317 5754 fere
2341 5711 2526 5753 omnes.
2560 5692 2653 5756 λιιι,
2680 5690 2909 5753 mmtduti,
2934 5704 3038 5755 pro,
3064 5686 3151 5739 rei.
