3752 6240
179 209 239 266 ω
872 215 935 268 S.
976 215 1255 271 JO.\N.\'IS
1295 213 1770 275 CllllYSOSTOMl
1812 218 2131 277 Alttllll'lil’.
2174 222 2710 282 CONSTAN'l‘lXOI’.
3394 220 3468 281 18

176 362 267 403 ποι
298 348 489 419 aliquis
534 358 776 404 terrenus
825 349 998 421 legem
1038 354 1334 421 posuisset,
1372 364 1427 407 ttt
1452 354 1534 408 vel
1583 354 1760 407 inimi-

177 456 361 495 corum
386 453 692 497 nostrorutn
722 457 907 498 curam
950 460 1195 514 geramus
1222 486 1236 509 ,
1266 447 1343 499 vel
1375 458 1549 501 morte
1574 449 1765 517 punia-

176 549 315 599 mur,
347 549 525 589 annon
577 544 719 590 metu
767 536 953 591 mortis
981 540 1272 606 corporalis
1300 554 1487 594 omnes
1514 555 1761 596 accurre-

173 638 293 681 rcnt
321 628 386 681 ad
417 628 739 697 implendam
771 630 964 699 legem?
988 630 1195 697 Quanta
1219 633 1377 703 igitur
1393 635 1766 691 criminatione

173 719 364 790 dignus
395 720 553 775 fuerit
582 722 627 775 is
648 763 662 785 ,
692 722 782 792 qui
811 722 881 776 ob
927 725 1261 793 corporalem
1311 736 1536 782 mortem
1565 769 1579 791 ,
1606 744 1764 797 quatn

174 813 373 882 alioqui
404 822 607 868 naturae
635 816 927 870 necessitas
953 816 1157 881 all‘eret,
1190 820 1367 872 omnia
1390 820 1639 889 amplecti
1664 835 1763 889 pa-

174 912 341 969 ratus,
362 905 629 973 proposita
660 916 837 961 autem
869 922 1023 977 paena
1049 910 1236 963 mortis
1256 951 1270 972 ,
1305 925 1422 978 qua:
1454 911 1651 963 nullam
1682 912 1765 964 in—

173 995 380 1047 venerit
422 996 881 1059 consolationem,
918 999 1093 1051 minus
1138 1008 1289 1052 curat
1336 1000 1506 1069 legem
1535 1001 1601 1055 ab
1651 1002 1766 1054 uni.

177 1099 453 1139 versorum
484 1086 706 1140 Domino
737 1087 937 1142 latam?

192 1209 196 1212 ~
244 1174 297 1231 8.
326 1176 433 1230 Sed
463 1178 577 1257 mei
606 1178 802 1232 oblitus
840 1194 959 1233 sum
989 1222 1002 1243 ,
1029 1179 1154 1233 dum
1179 1179 1293 1235 haec
1319 1180 1510 1251 loquor
1541 1182 1604 1236 iis
1628 1224 1641 1249 ,
1675 1184 1763 1252 qui

174 1281 273 1320 nec
311 1266 765 1324 benefacientibus
808 1286 988 1340 parem
1022 1273 1246 1341 gratiam
1290 1273 1610 1341 rependunt.
1636 1273 1765 1341 Quis

173 1356 332 1425 igitur
355 1358 577 1427 posthac
600 1376 630 1415 e
651 1360 918 1429 supplicio
939 1362 1030 1416 illo
1056 1378 1152 1417 nos
1184 1363 1395 1433 eripiet,
1420 1366 1634 1434 quando
1658 1383 1762 1420 non

169 1450 343 1503 solum
366 1449 433 1503 ab
455 1450 555 1506 hoc
588 1454 839 1508 mandato
862 1455 1016 1525 longe
1056 1455 1318 1509 distamus
1339 1498 1352 1519 ,
1382 1456 1474 1511 sed
1503 1473 1674 1528 neque
1703 1475 1763 1512 ea

173 1541 394 1595 facimus
445 1559 564 1612 qua:
614 1545 921 1614 publicani?
977 1546 1035 1601 Si
1080 1548 1212 1601 enint
1254 1548 1465 1617 diligitis
1504 1550 1765 1620 diligentes

175 1650 293 1699 vos,
316 1634 389 1687 ait
416 1677 431 1698 ,
464 1636 585 1705 quid
628 1638 800 1708 magni
829 1639 1039 1707 facitis?
1080 1656 1246 1693 nonne
1272 1649 1318 1694 et
1364 1641 1624 1712 publicani
1670 1642 1766 1696 hoc

174 1726 305 1781 idem
335 1730 529 1799 faciunt
561 1730 769 1803 (Matth.
795 1734 847 1786 5.
890 1734 1028 1803 lli)?
1076 1731 1207 1788 Cum
1248 1734 1405 1803 igitur
1448 1750 1620 1805 nequc
1666 1736 1767 1789 hoc

176 1832 204 1870 a
234 1818 388 1873 nobis
420 1820 536 1885 tiat,
568 1838 686 1891 qtne
728 1825 915 1877 salutis
959 1834 1155 1879 nostra:
1196 1825 1360 1895 Spes?
1404 1826 1529 1881 Ideo
1558 1843 1672 1891 oro,
1700 1844 1765 1883 ne

174 1910 340 1963 simus
358 1911 699 1967 immisericot
713 1914 808 1970 des
826 1915 863 1980 ¹,
880 1916 971 1969 sed
997 1926 1207 1970 nostras
1224 1918 1572 1987 cogitationes
1591 1919 1766 1973 dome-

178 2017 296 2056 mus
319 2044 333 2068 ,
363 2015 418 2059 et
438 2006 664 2075 primum
690 2007 901 2072 quidem
928 2007 1056 2063 disc:
1079 2023 1199 2063 mus
1219 2009 1433 2064 vincere
1457 2011 1763 2081 proximum

173 2095 394 2149 caritate
412 2139 425 2161 ,
450 2109 505 2152 et
530 2099 821 2153 secundum
853 2099 1067 2154 beatum
1095 2102 1392 2170 aposmlum
1415 2146 1426 2166 ,
1469 2104 1628 2156 alium
1654 2104 1768 2159 sin-

174 2186 281 2254 guli
311 2202 371 2242 se
411 2188 613 2244 honore
644 2192 1069 2259 przestantiorcm
1112 2193 1433 2248 arbitrantes
1457 2193 1678 2266 (Philip.
1707 2198 1763 2250 9.

177 2278 258 2346 5),
292 2278 343 2332 in
368 2278 470 2334 hoc
499 2281 635 2336 vinci
666 2298 769 2337 non
799 2283 1053 2350 feramus,
1083 2284 1176 2338 sed
1204 2286 1478 2341 vincamus
1518 2294 1569 2341 et
1611 2302 1768 2357 supc-

177 2384 378 2437 remus,
403 2372 497 2427 sed
515 2383 568 2429 et
590 2374 846 2443 majorem
873 2384 926 2430 et
943 2374 1319 2432 lerventiorem
1342 2392 1464 2448 erga
1488 2378 1767 2449 diligentes

173 2464 421 2521 allectum
449 2467 901 2525 demonstremus.
932 2470 1044 2526 Hoc
1092 2472 1234 2526 enim
1268 2471 1499 2527 maxime
1529 2473 1765 2526 omnium

178 2560 337 2611 vitam
372 2570 607 2615 nostram
635 2561 874 2617 continet
898 2572 953 2617 et
975 2571 1292 2629 conservat,
1324 2573 1378 2618 et
1409 2564 1509 2618 hoc
1536 2578 1567 2617 a
1597 2556 1767 2619 brutis

177 2651 410 2723 ferisque
458 2654 717 2709 distamus
741 2698 755 2720 ,
779 2656 919 2726 quod
972 2661 1236 2727 possimus
1256 2698 1272 2725 ,
1322 2659 1367 2713 si
1400 2659 1724 2714 voluerimus
1751 2702 1765 2723 ,

181 2755 562 2814 congruentem
591 2748 746 2802 nobis
773 2763 1095 2803 conservare
1119 2749 1365 2804 ordinem
1388 2790 1403 2816 ,
1432 2759 1485 2805 et
1524 2766 1768 2821 magnam

180 2849 301 2888 cum
337 2836 591 2904 proximis
614 2838 952 2893 concordiam
975 2839 1232 2895 exhibere
1257 2857 1269 2893 :
1302 2840 1495 2895 deinde
1526 2855 1653 2897 vero
1680 2858 1771 2895 co—

179 2928 487 2997 gitationem
531 2938 768 2985 nostram
813 2946 1093 2997 coercere,
1138 2948 1199 2987 ac
1226 2933 1579 2987 truculentam
1627 2933 1767 2987 illam

183 3022 344 3072 ieram
374 3062 387 3080 ,
424 3022 555 3074 iram
583 3021 736 3089 dico,
774 3022 1049 3077 lancinare
1074 3065 1088 3087 ,
1117 3039 1179 3077 ac
1210 3024 1469 3079 tremendi
1500 3025 1641 3080 illius
1673 3028 1765 3079 tri-

181 3109 392 3164 bunalis
420 3110 695 3166 horrorem
723 3113 819 3182 ipsi
846 3124 1253 3184 repraesentare,
1281 3115 1528 3185 illamque
1552 3116 1768 3176 dooere,

185 3203 230 3255 si
260 3201 449 3257 adduci
485 3204 653 3273 possit
679 3214 737 3259 ut
762 3205 990 3261 inimicis
1018 3208 1392 3262 reconcilietur
1411 3249 1424 3272 ,
1456 3206 1568 3262 fore
1586 3217 1651 3261 ut
1679 3208 1776 3262 bo-

184 3293 272 3346 nis
302 3293 606 3363 ingentibus
634 3297 956 3363 cmnuletur;
989 3298 1070 3351 sin
1112 3307 1291 3352 autem
1334 3298 1383 3351 in
1430 3299 1774 3354 contentione

183 3394 492 3451 perseveret
512 3428 524 3446 ,
547 3387 693 3453 gravi
725 3389 986 3459 supplicio
1020 3389 1285 3457 innititur.
1320 3389 1501 3459 Neque
1526 3391 1666 3444 enim
1693 3400 1771 3443 te-

187 3486 335 3530 mere
360 3486 413 3529 et
438 3475 699 3532 inutiliter
726 3488 937 3547 tempus
954 3480 1265 3548 expendere
1293 3496 1390 3535 nos
1419 3491 1648 3550 oportet,
1681 3484 1773 3536 sed

184 3568 405 3636 singulis
431 3569 620 3625 diebus
648 3581 702 3626 et
754 3572 899 3627 horis
932 3583 1057 3628 ante
1100 3574 1287 3628 oculos
1318 3584 1529 3629 nostros
1577 3591 1773 3646 propo-

189 3673 318 3712 nere
351 3651 560 3715 Dtnnini
593 3661 851 3732 judicium
878 3679 893 3728 ;
925 3674 977 3718 et
1000 3681 1116 3736 qu:c
1144 3665 1252 3720 sint
1295 3682 1355 3720 ea
1385 3683 1504 3737 qua:
1530 3684 1774 3738 magnam

188 3753 338 3804 nobis
371 3752 613 3808 lidnriam
636 3755 827 3810 allcrre
851 3767 1064 3826 queant,
1091 3773 1333 3828 quaenam
1362 3759 1488 3813 item
1512 3777 1631 3830 qnte
1660 3776 1775 3829 poe-

189 3856 309 3895 nam
338 3844 588 3899 inferant.
619 3848 791 3916 Atque
813 3848 925 3903 haec
970 3849 1038 3903 ita
1070 3859 1342 3908 versantes
1372 3852 1425 3905 in
1467 3857 1663 3907 nostris
1687 3868 1777 3908 Cu-

187 3934 534 4001 gitationibus
560 3978 575 4004 ,
602 3952 915 4006 superemus
941 3940 1165 3996 allectus
1184 3980 1200 4007 ,
1228 3957 1634 4012 compescamus
1655 3959 1774 3998 car-

192 4024 274 4078 nis
295 4024 561 4094 lascivias,
580 4036 635 4082 et
657 4030 1060 4096 mortilicemus,
1085 4033 1376 4088 secundum
1406 4035 1618 4089 beatum
1644 4035 1775 4090 Pan-

190 4115 322 4182 lum,
353 4116 583 4172 Membra
625 4130 795 4174 nostra
820 4138 932 4192 qua:
959 4134 1075 4176 sunt
1119 4141 1270 4196 super
1298 4136 1521 4193 terram,
1551 4129 1775 4197 fornica-

190 4208 421 4276 tionem,
484 4211 901 4281 immunditiam,
957 4217 1259 4281 mollitiem,
1322 4220 1776 4289 concupiscentiam

190 4302 376 4354 malam
399 4300 578 4370 (Calas
601 4308 805 4361 sens.5.
832 4306 907 4372 ii),
941 4305 1176 4362 furorem
1203 4350 1218 4375 ,
1247 4309 1516 4363 avaritiam
1537 4352 1551 4375 ,
1584 4326 1774 4365 vanam

186 4394 431 4463 gloriam,
444 4396 966 4468 invidentiam.Quod
983 4403 1024 4455 si
1046 4403 1127 4456 his
1141 4403 1507 4458 atlcctionibus
1523 4420 1619 4460 nos
1633 4422 1777 4460 moro

190 4498 309 4541 tuos
341 4489 749 4559 reddideritnus,
787 4494 855 4547 ita
902 4506 957 4549 ut
1004 4498 1053 4548 in
1088 4498 1239 4550 nobis
1279 4500 1407 4553 nihil
1435 4502 1641 4570 operari
1684 4517 1770 4553 va

190 4579 347 4645 leant,
368 4585 658 4651 poterimus
674 4588 915 4656 accipere
931 4588 951 4639 l
952 4599 1129 4645 ructus
1145 4589 1488 4663 Spiritus,qui
1505 4603 1628 4647 sunt
1643 4594 1779 4649 Cari.

189 4683 285 4741 las,
308 4676 570 4743 gaudium,
592 4695 712 4744 pax,
738 4682 1113 4750 longanimitas,
1136 4682 1433 4755 benignitas,
1466 4684 1681 4751 bonitas,
1712 4689 1779 4753 [i-

188 4768 293 4831 ἀρε,
314 4771 664 4829 mansuetudo.
682 4774 983 4827 continentia
1001 4776 1018 4845 (
1029 4774 1143 4829 Gal.
1163 4778 1215 4832 5.
1229 4775 1348 4848 22η).
1366 4778 1479 4834 Hoc
1493 4777 1777 4834 Christiani

187 4857 255 4911 ab
281 4859 482 4916 inﬁdeli
513 4861 797 4919 discrimen
841 4866 909 4919 sit
945 4885 957 4918 :
989 4866 1072 4921 his
1113 4868 1400 4938 signaculis
1442 4869 1773 4926 internosca-
1824 4922 1834 4931 .

189 4963 326 5015 mur,
362 4966 428 5007 ne
448 4954 560 5008 sola
591 4955 947 5026 appellatione
971 4972 1248 5026 ornemur,
1274 4975 1447 5032 neque
1474 4961 1655 5016 habitu
1687 4978 1780 5017 ex-

193 5051 344 5095 terno
383 5043 629 5100 inﬂentur
662 5059 718 5102 et
743 5049 1122 5120 superbiantus
1146 5094 1159 5118 ,
1190 5053 1299 5107 imo
1325 5053 1449 5108 licet
1475 5054 1777 5123 possidere-

193 5146 310 5186 mns
337 5137 511 5189 omnia
538 5178 552 5203 ,
583 5155 701 5207 qua:
746 5156 889 5197 nunc
927 5144 1275 5211 enumeravi,
1309 5159 1377 5199 ne
1406 5145 1778 5215 superbiamus

192 5237 472 5294 mnquam,
510 5228 616 5281 imo
661 5233 828 5302 magis
880 5250 978 5289 nos
1028 5235 1387 5291 humilietnus.
1438 5235 1605 5303 Nam,
1653 5238 1777 5290 Cum

190 5318 360 5372 omnia
390 5321 627 5390 feceritis,
658 5324 752 5389 ait,
783 5326 936 5381 dicite
967 5345 984 5382 :
1011 5328 1159 5385 Servi
1187 5329 1391 5385 inutiles
1416 5346 1593 5386 sumus
1623 5329 1778 5404 (Luc.

191 5411 278 5467 Π.
315 5411 424 5481 10).
456 5411 511 5468 Si
541 5414 611 5469 ita
634 5416 845 5471 solliciti
868 5426 1105 5475 nostram
1131 5423 1356 5479 salutem
1378 5423 1775 5490 curaverimus,

254 5571 267 5600 ¹
299 5568 389 5636 ,Ηίε
406 5567 610 5639 multum
629 5570 818 5641 variant
833 5572 1148 5641 exemplaria.
1168 5577 1317 5639 Savil.
1331 5585 1381 5627 et
1403 5578 1612 5630 Colbert.
1634 5593 1775 5641 unus,

188 5640 246 5675 rte
268 5634 416 5701 simus
439 5634 597 5701 ignari
619 5634 752 5701 circa
774 5634 1144 5701 observationem
1166 5636 1517 5689 trucidatorum.
1564 5641 1735 5689 (:oislin
1760 5634 1773 5701 ξ

189 5702 245 5739 ne
262 5691 528 5754 publicanis
544 5694 693 5746 simus
710 5694 907 5749 sanitas.
927 5697 1107 5760 Morel"
1120 5713 1177 5749 ne
1195 5701 1342 5751 simus
1360 5691 1776 5754 immisericordes'.

1882 338 2176 405 poterimus
2199 349 2253 391 et
2280 339 2432 393 nobis
2459 341 2587 410 ipsis
2622 340 2876 410 prodesse
2908 342 3215 411 plurimum,
3241 352 3295 400 et
3320 360 3349 398 a
3382 344 3462 399 lu-

1879 439 1996 483 tnro
2022 431 2279 501 supplicio
2307 415 2437 501 eripi
2464 474 2478 498 ,
2502 443 2557 487 et
2581 432 2644 487 iis
2680 433 2767 503 qui
2797 448 2896 488 nos
2924 433 3152 490 viderint
3173 477 3189 499 ,
3222 437 3464 506 magistri

1875 537 1994 576 esse
2033 538 2211 577 rerum
2245 526 2453 578 utilium
2487 543 2499 579 :
2529 536 2586 579 ut
2630 525 2916 596 diligenter
2946 538 3131 582 exacta
3184 529 3283 585 hac
3308 530 3417 584 vita
3445 572 3461 595 ,

1874 628 2222 683 assequamur
2249 630 2390 679 eam,
2420 632 2537 685 qum
2569 616 2621 671 in
2647 616 2823 671 futuro
2853 619 3050 672 Siccuio
3074 621 3194 686 erit,
3219 620 3462 691 benigni-

1877 713 2061 771 tatem,
2090 722 2246 776 quam
2264 707 2415 761 nobis
2441 709 2687 764 omnibus
2711 711 2969 766 Concedat
2985 713 3149 780 gratia
3177 721 3233 769 et
3251 715 3464 768 miseri-

1874 797 2057 852 cordia
2083 800 2287 853 Domini
2318 802 2483 855 nostri
2509 802 2631 854 Jesu
2660 801 2879 869 Christi,
2903 819 3154 874 cumquo
3178 805 3323 858 Patri
3341 806 3466 874 gle-

1875 891 1972 954 ria,
2003 891 2306 960 imperium,
2332 892 2574 947 honorin
2606 895 2795 948 sarcula
2814 897 3339 954 szcculorum.Anten
3360 898 3463 967 (α).

2441 1004 2718 1060 HOMILIA
2762 1006 2825 1061 ν.

1878 1130 1941 1183 Et
1975 1130 2268 1186 dixitDeus
2298 1150 2311 1186 :
2341 1131 2707 1203 Congregctur
2744 1149 2877 1204 aqua
2905 1150 3025 1207 qua!
3056 1134 3156 1191 sub
3180 1136 3312 1191 cado
3339 1145 3423 1191 est
3448 1178 3467 1204 ,

1874 1223 1924 1275 in
1951 1224 2412 1293 congregationem
2433 1239 2610 1289 unam,
2633 1235 2685 1279 et
2702 1226 3113 1296 appareatarida
3136 1226 3291 1299 (Cen.
3316 1230 3367 1283 l.
3386 1229 3472 1298 9).

1947 1355 1997 1408 l.
2023 1354 2292 1423 Scriptura
2313 1357 2618 1426 aurifodt'nis
2644 1369 2990 1428 comparatur.
3013 1388 3084 1400 -—-
3103 1361 3213 1429 Age
3235 1370 3287 1413 et
3309 1360 3469 1414 hodie

1873 1436 2108 1502 cx’bcati
2137 1448 2345 1504 Moseos
2378 1451 2557 1504 verbis
2579 1453 2880 1506 convivium
2912 1454 3236 1508 instruamus
3276 1466 3470 1508 vestra:

1873 1542 2076 1594 caritati
2099 1583 2114 1606 ,
2146 1551 2200 1596 et
2224 1558 2343 1611 qua:
2377 1558 2405 1595 a
2436 1542 2667 1597 Domino
2700 1544 2788 1599 die
2821 1546 2977 1599 tertio
3004 1542 3139 1599 facta
3170 1546 3309 1611 sint,
3342 1544 3471 1599 dilid-

1872 1640 2060 1700 genter
2074 1632 2495 1687 consideremus.
2514 1633 2651 1688 Nam
2678 1634 2722 1689 si
2751 1634 2782 1688 ii
2802 1636 2887 1705 qui
2908 1636 2958 1688 in
2978 1634 3293 1690 auril‘odinis
3316 1635 3471 1689 Iaho-

1873 1733 1989 1776 rant
2017 1720 2089 1795 (ὑ)
2111 1766 2125 1788 ,
2155 1724 2240 1779 ubi
2273 1739 2433 1779 venas
2460 1727 2715 1796 quasdam
2747 1738 2987 1782 ramenta
3020 1744 3127 1798 pra:
3158 1744 3215 1783 se
3234 1728 3471 1783 ferentes

1872 1817 2164 1885 conSpicati
2208 1818 2398 1874 iuerint
2424 1861 2437 1884 ,
2471 1836 2499 1873 a
2536 1821 2787 1875 fodiendo
2817 1836 2921 1875 non
2955 1822 3256 1891 desistunt,
3298 1824 3473 1880 donec

1872 1922 1991 1977 quae
2008 1910 2223 1965 obstant
2237 1914 2554 1979 amoverint,
2577 1922 2631 1967 et
2650 1914 2699 1967 in
2722 1913 3041 1982 profundum
3060 1915 3470 1979 descendentes,

1873 2015 2004 2070 opes
2026 2002 2148 2056 inde
2174 2019 2391 2074 magnas
2428 2006 2762 2074 perceperint
2790 2024 2802 2059 :
2830 2006 2999 2060 multo
3039 2008 3205 2077 magis
3240 2021 3338 2061 nos
3362 2024 3471 2062 non

1874 2094 1985 2146 auri
2006 2102 2243 2149 ramenta
2261 2096 2606 2166 inquit-entes,
2626 2098 2718 2151 sed
2740 2098 3142 2153 inenarrabilem
3162 2100 3472 2154 thesaurum

1876 2188 2186 2243 inventuros
2207 2199 2506 2258 sperantes,
2527 2190 2683 2245 decet
2703 2191 2938 2261 quotidie
2964 2190 3110 2245 illum
3129 2192 3471 2264 investigare.

1884 2291 1941 2334 ut
1972 2281 2149 2336 multis
2180 2283 2541 2352 spiritualibns
2566 2283 2764 2337 divitiis
2799 2282 2920 2338 inde
2948 2285 3211 2350 collectis,
3252 2285 3472 2340 domum

1877 2373 2179 2428 redeamus.
2199 2374 2326 2428 Nam
2349 2375 2453 2429 illic
2481 2375 2693 2444 quidem
2711 2375 2909 2430 divitia:
2932 2376 3216 2432 scnsibilcs
3242 2376 3475 2433 dominis

1874 2465 1985 2519 suis
2014 2465 2324 2535 frequenter
2347 2467 2634 2521 multorum
2666 2468 3024 2537 periculorum
3052 2483 3210 2523 causa
3232 2467 3473 2532 fuerunt,

1877 2565 1932 2609 et
1972 2565 2095 2610 ante
2126 2557 2361 2626 pericula
2390 2559 2606 2613 brevem
2641 2558 2966 2627 voluptatem
3002 2558 3305 2629 prmbentes
3332 2559 3436 2613 illis
3456 2599 3472 2623 ,

1877 2647 2060 2701 statim
2105 2648 2423 2715 avolarunt,
2452 2648 2534 2703 vel
2563 2649 2909 2719 schpltantis
2952 2647 3322 2704 insidiantibus
3345 2691 3359 2714 ,
3388 2650 3476 2703 vel

1877 2737 2098 2801 furibus,
2132 2740 2214 2794 vel
2247 2739 2541 2795 latronibus
2567 2740 2797 2811 parietes
2816 2740 3234 2810 rll‘ringentibns,
3265 2743 3349 2797 vel
3379 2758 3476 2795 cn-

1879 2829 2123 2884 stodibns
2151 2829 2358 2885 famulis
2384 2832 2797 2902 surripientibns
2824 2872 2837 2896 ,
2878 2842 2932 2887 et
2961 2832 3081 2903 fuga
3119 2834 3475 2892 elabentihus‘.

1879 2922 1978 2978 llic
2021 2932 2198 2977 autem
2227 2923 2357 2978 nihil
2387 2924 2491 2979 tale
2530 2926 2787 2997 suspicari
2819 2926 2976 2981 licet:
3010 2927 3165 2997 diripi
3194 2929 3335 2982 enim
3362 2928 3479 2998 spi-

1880 3017 2092 3070 ritualis
2119 3017 2216 3071 iste
2245 3016 2524 3071 thesaurus
2569 3018 2778 3087 nequit,
2814 3028 2865 3072 et
2901 3018 2986 3072 ubi
3018 3018 3068 3073 in
3102 3020 3478 3089 promptuariis

1880 3109 2074 3164 mentis
2098 3119 2293 3163 nostrae
2328 3107 2640 3164 reconditus
2681 3109 2838 3164 luerit
2857 3152 2869 3174 ,
2899 3110 2966 3165 ab
2996 3111 3243 3165 omnibus
3272 3111 3479 3166 insidiis

1879 3212 1961 3257 est
1990 3203 2434 3258 securuszmodo
2482 3217 2586 3256 non
2633 3218 2730 3273 per
2758 3202 3022 3273 ignaviam
3065 3204 3239 3259 locum
3288 3204 3479 3259 demus

1881 3294 1930 3348 ci
1961 3294 2050 3364 qui
2096 3294 2247 3347 illum
2278 3294 2433 3348 nobis
2466 3295 2678 3349 auferre
2712 3296 2880 3364 cupit.
2912 3294 3348 3367 Quandoquidem
3376 3297 3481 3350 ini-

1881 3386 2052 3440 micus
2084 3395 2285 3450 noster,
2312 3387 2601 3457 malignus,
2630 3388 2844 3458 inquam
2872 3432 2884 3454 ,
2917 3389 3156 3453 daemon,
3185 3404 3302 3444 cum
3334 3391 3481 3444 videt

1880 3480 2179 3549 quempiam
2229 3480 2533 3548 spirituales
2586 3481 2863 3550 collegisse
2919 3480 3128 3535 divitias
3160 3524 3175 3549 ,
3235 3480 3364 3535 furit
3420 3492 3477 3535 ct

1882 3572 2126 3626 dentibus
2158 3569 2371 3635 fremit,
2400 3572 2729 3642 multumque
2769 3570 2984 3643 vigilat,
3015 3583 3071 3626 ut
3111 3582 3471 3642 opportunum

1884 3674 2091 3735 tempus
2119 3674 2293 3735 captet
2315 3708 2329 3730 ,
2359 3680 2466 3736 quo
2500 3665 2664 3720 iurari
2696 3674 2855 3735 queat
2885 3665 3083 3736 aliquid
3119 3682 3183 3720 ex
3214 3668 3356 3720 intus
3376 3682 3476 3721 re-

1885 3757 2137 3811 conditis.
2167 3756 2381 3810 Nullum
2424 3766 2602 3810 autem
2630 3756 2968 3810 commodum
3001 3756 3076 3810 illi
3106 3766 3310 3826 tempus
3352 3770 3431 3811 est
3458 3800 3474 3821 ,

1884 3859 2239 3920 praeterquam
2268 3849 2393 3902 dum
2423 3847 2594 3919 ignavi
2627 3861 2810 3903 sumus
2843 3865 2856 3901 :
2891 3848 3011 3903 ideo
3039 3858 3291 3919 perpetua
3322 3848 3480 3903 nobis

1882 3942 2149 4013 vigilantia
2180 3956 2313 4010 opus
2348 3948 2429 3995 est
2469 3940 2535 3994 ad
2566 3939 2924 3995 cxcludendas
2949 3939 3087 3995 illius
3110 3939 3475 3995 incursiones.

1884 4033 2013 4089 Nam
2055 4048 2150 4089 eos
2190 4047 2330 4104 quos
2373 4032 2567 4087 viderit
2597 4031 2888 4086 admodum
2931 4031 3139 4086 sobrios
3169 4040 3222 4087 et
3246 4032 3434 4103 vigiles
3459 4076 3475 4097 ,

1883 4142 2002 4179 cum
2031 4124 2198 4179 semel
2225 4132 2385 4193 atque
2412 4123 2603 4178 iterum
2649 4136 2930 4193 aggressus
2955 4163 2969 4187 ,
2993 4122 3197 4177 irritum
3226 4132 3477 4177 conatum

1882 4217 2059 4283 videt,
2102 4216 2357 4286 relinqttit
2402 4215 2613 4268 tandem
2646 4213 2851 4284 pudore
2891 4213 3146 4273 allectus,
3178 4228 3373 4283 gnarus
3417 4228 3479 4269 se

1886 4310 2016 4364 nihil
2047 4309 2308 4378 proﬁcere
2329 4349 2343 4373 ,
2375 4307 2418 4361 si
2450 4307 2503 4360 in
2532 4308 2770 4361 custodia
2801 4306 3208 4375 perstiteritnus.
3248 4305 3477 4360 Proinde

1883 4416 2002 4456 cum
2034 4401 2267 4455 sciamus
2297 4414 2392 4468 per
2424 4407 2587 4452 totam
2620 4398 2757 4452 hanc
2796 4398 2958 4451 vitam
2990 4398 3143 4452 nobis
3163 4398 3475 4452 certandum

1885 4507 2026 4558 esse,
2065 4494 2141 4547 sic
2165 4505 2264 4545 nos
2288 4504 2558 4544 armemus
2579 4529 2592 4555 ,
2623 4490 2772 4560 quasi
2803 4498 3119 4559 pncsentem
3145 4504 3357 4558 semper
3384 4490 3476 4542 ha-

1885 4587 2102 4641 beamus
2130 4586 2422 4647 ioimicnm,
2452 4583 2540 4653 qui
2567 4582 2767 4653 absque
2790 4583 3183 4638 intermissione
3203 4583 3475 4648 observet,

1886 4694 2010 4731 num
2058 4676 2342 4746 aliquando
2386 4675 2467 4729 vel
2515 4690 2698 4744 parum
2752 4674 3139 4739 dormitantes,
3192 4674 3476 4729 insidiandi

1884 4773 2217 4827 occasionem
2242 4772 2291 4825 ei
2323 4770 2680 4840 praebeamus.
2756 4758 2765 4767 ’

1967 4866 2214 4920 Viaticum
2242 4864 2309 4917 ad
2331 4864 2484 4917 vitam
2513 4865 2740 4930 futuram
2768 4862 2909 4915 nobis
2945 4861 3339 4932 comparandum
3364 4871 3435 4915 est
3455 4902 3473 4927 ,

1932 4970 2004 5031 (η)
2038 4969 2286 5020 Conclusio
2308 4968 2517 5035 homilire
2557 4972 2605 5019 in
2639 4978 2744 5035 Mss.
2772 4978 2823 5020 et
2845 4969 2985 5035 Savil.
3012 4972 3165 5021 variat
3186 4985 3274 5035 pro
3295 4986 3453 5023 more

1870 5041 1978 5081 tunc
2000 5040 2166 5081 autem
2190 5046 2246 5095 ap
2271 5034 2409 5082 tositc
2434 5041 2567 5081 uetat
2602 5031 2801 5082 Savilius
2825 5046 2837 5082 :
2882 5050 2904 5078 α
2928 5034 3037 5081 Mira
3078 5041 3157 5084 est
3178 5031 3261 5083 ubi
3296 5048 3363 5083 ue
3400 5036 3452 5085 iu

1870 5093 2097 5142 clausulis
2131 5046 2429 5142 homiiiarum
2468 5094 2783 5142 inconstantia
2825 5096 2871 5142 in
2896 5095 3039 5142 Codd.
3078 5102 3205 5142 Mss-
3241 5050 3452 5142 iiieonne

1868 5093 2097 5145 clausulis
2131 5093 2435 5160 homiliarunt
2461 5094 2783 5160 inconstantia
2825 5096 2871 5143 in
2896 5095 3039 5160 Codd.
3078 5102 3206 5160 Mss,
3241 5093 3455 5160 ideoque

1869 5170 1955 5206 eas
1978 5170 2074 5206 non
2096 5156 2253 5205 semel
2278 5169 2303 5202 a
2328 5156 2500 5206 scribis
2522 5158 2697 5218 potius,
2723 5169 2867 5218 quam
2907 5158 2969 5205 ab
3000 5159 3209 5208 auctoris
3246 5156 3457 5207 cerebro

1871 5228 2039 5270 enatus
2059 5220 2221 5279 putavi
2247 5233 2259 5269 :
2288 5225 2342 5268 ut
2364 5232 2457 5267 non
2484 5216 2653 5268 inscite
2674 5216 2788 5267 mihi
2810 5216 2989 5279 fecisse
3012 5220 3265 5269 vidcantur
3296 5220 3456 5271 Vero-

1869 5295 2009 5330 neus.
2035 5278 2152 5329 ωλι.
2177 5281 2494 5343 Chrysostotni
2521 5280 2568 5327 iu
2594 5278 2969 5342 Epistmaulinas
2981 5289 3222 5342 auctores,
3245 5284 3456 5344 quicum

1870 5356 2071 5418 ventum
2098 5348 2257 5418 estad
2290 5346 2429 5418 illud,
2459 5346 2621 5418 gratia
2650 5356 2704 5418 et
2726 5348 3086 5418 misericordia
3109 5390 3122 5410 ,
3164 5356 3317 5418 χάριτι
3360 5358 3443 5402 καὶ

1870 5410 2206 5474 φιλανθρωπίᾳ,
2232 5409 2422 5470 reliqua
2448 5409 2535 5471 pro
2566 5414 2763 5461 lectoris
2788 5412 2993 5463 arbitrio
3017 5409 3263 5478 explenda
3284 5419 3443 5465 relin-
3467 5426 3473 5433 ‘

1909 5478 2045 5520 nunt.
2087 5487 2130 5521 ι,
2488 5488 2495 5493 '
2546 5522 2547 5525 η

1978 5486 2005 5518 n
2036 5509 2045 5519 .
2126 5515 2130 5521 .
2488 5488 2495 5493 '

1868 5486 2150 5611 qugitfttiitc
2170 5541 2477 5611 desumptum
2502 5522 2575 5593 eSt
2598 5527 2786 5611 initium
2802 5546 3014 5597 ltomilite
3038 5546 3165 5597 illius
3185 5564 3295 5611 quze
3328 5552 3458 5602 inter

1867 5606 2026 5664 spuria
2060 5610 2103 5651 S.
2144 5604 2380 5673 athannsii
2416 5606 2645 5673 opuscula
2667 5610 3021 5673 circumiertur,
3046 5619 3098 5660 et
3132 5604 3277 5673 quam
3298 5614 3455 5664 edidi-

1870 5679 1976 5740 mus
1996 5673 2142 5714 'I'onto
2171 5664 2213 5715 ll
2250 5664 2460 5729 Operuni
2496 5668 2741 5719 Athanasii
2784 5684 2829 5732 p.
2855 5672 2967 5722 408.
2998 5664 3104 5735 Ejus
3130 5664 3316 5725 ihitium
3354 5686 3450 5740 est,

1875 5728 1992 5790 ὁσπιρ
2015 5741 2048 5778 el
2070 5742 2133 5789 τήν
2156 5728 2311 5792 ιμηῑτιὲ
2335 5746 2396 5793 γῆν
2416 5743 2655 5791 perditast»
