3752 6250
196 223 307 279 .39

215 334 591 384 exercitatione
616 339 853 381 virtutum
882 334 928 379 et
953 322 1160 377 assidua
1182 332 1499 393 peccatorum
1528 318 1807 390 confessio-

227 416 507 472 ria—Non
526 416 672 473 vides
699 415 1016 487 pecuniosos
1033 414 1169 479 illos,
1191 428 1311 469 cum
1333 411 1560 466 hostium
1580 416 1821 465 metuunt

230 512 620 576 incursionem,
642 518 839 580 quanta
867 507 1071 564 scilicet
1093 522 1221 561 cura
1249 519 1335 560 res
1357 518 1480 559 suas
1499 499 1821 557 custodiant?

229 600 365 654 Nam
396 600 485 654 alii
512 601 652 655 seris
680 610 732 655 et
760 598 1031 670 repagulis
1054 597 1246 669 januas
1273 595 1537 658 muniunt,
1569 602 1627 647 ut
1650 606 1742 647 eas
1769 590 1820 644 in

230 707 347 747 toto
369 692 637 748 collucent
657 710 671 747 :
695 694 781 748 alii
809 693 862 748 in
884 702 1079 748 terram
1105 688 1457 754 abscondunt,
1487 687 1557 741 ita
1581 695 1636 741 ut
1664 700 1823 740 nemo

228 787 371 840 scire
400 787 567 856 possit
603 786 692 841 ubi
721 787 941 842 lateant.
971 784 1169 840 Eadem
1199 782 1471 853 diligentia
1496 790 1552 837 et
1584 794 1684 836 nos
1709 777 1822 832 col-

232 876 431 931 lectam
460 878 717 933 virtutum
742 892 926 947 gazam
948 875 1220 933 custodire
1246 890 1341 944 par
1359 883 1461 937 est,
1487 882 1542 928 et
1566 886 1671 927 non
1700 879 1824 924 ante

230 969 479 1025 omnium
507 970 693 1024 oculos
742 983 1042 1039 proponere
1065 1010 1081 1033 ,
1110 966 1204 1022 sed
1243 966 1294 1020 in
1324 964 1587 1020 tutissimo
1630 961 1825 1017 mentis

235 1066 606 1134 promptuario
634 1079 891 1134 reponere
915 1103 931 1128 ,
962 1072 1015 1116 et
1038 1076 1226 1116 omnes
1255 1074 1443 1129 rapere
1474 1057 1704 1112 volentis
1741 1056 1823 1108 in-

233 1156 404 1210 sidias
433 1155 749 1219 excludere,
782 1164 839 1209 ut
864 1169 985 1209 cum
1017 1168 1047 1207 a
1078 1152 1328 1223 priedone
1354 1159 1520 1206 tutam
1547 1163 1666 1203 eam
1707 1162 1828 1202 scr-

236 1248 545 1301 vaverimus
567 1287 585 1313 ,
612 1248 681 1301 sit
707 1246 859 1301 nobis
887 1245 1133 1299 viaticum
1163 1243 1230 1298 ad
1260 1241 1487 1297 futuram
1514 1240 1676 1294 vitam
1702 1237 1828 1293 hinc

236 1336 613 1407 migrantibus.
657 1336 868 1391 Etenim
892 1335 1029 1390 sicut
1055 1334 1092 1389 ii
1118 1334 1208 1405 qui
1238 1333 1290 1388 in
1316 1340 1457 1388 terra
1481 1330 1653 1386 aliena
1681 1337 1825 1394 sunt,

235 1428 457 1498 quando
485 1430 538 1484 in
566 1430 795 1501 patriam
823 1443 975 1483 suam
1004 1426 1182 1484 redire
1216 1424 1441 1495 cupiunt
1460 1466 1475 1489 ,
1502 1424 1669 1479 multo
1695 1430 1829 1477 tem-

162 1512 172 1520 ’
239 1536 374 1591 pore
420 1524 672 1593 paulatim
719 1521 936 1577 student
961 1530 1016 1576 et
1058 1529 1248 1575 curant
1293 1528 1499 1573 tantum
1544 1515 1829 1571 corradere

237 1615 418 1670 viatici
444 1657 462 1683 ,
505 1624 760 1686 quantum
805 1613 872 1669 ad
902 1613 1001 1669 via:
1045 1611 1427 1683 longitudinem
1467 1610 1547 1665 eis
1586 1608 1831 1666 sufﬁcere

238 1719 448 1779 queat,
478 1717 536 1762 ut
566 1724 634 1762 ne
665 1706 869 1762 incuria
895 1705 1035 1761 fame
1079 1706 1285 1775 seipsos
1307 1704 1531 1775 perdant
1560 1721 1573 1759 :
1604 1704 1674 1758 ita
1699 1718 1829 1758 sane

241 1805 421 1857 facere
462 1812 517 1857 et
554 1816 653 1856 nos
697 1809 949 1869 oportet,
989 1799 1110 1869 quia
1140 1797 1403 1869 peregrini
1441 1797 1529 1853 hic
1567 1812 1751 1852 sumus
1776 1805 1832 1851 et

235 1894 464 1950 advena:
487 1935 504 1958 ,
550 1902 606 1948 ιιι
631 1891 1001 1964 provideamus
1026 1902 1076 1946 et
1123 1904 1444 1960 reponamus
1482 1888 1636 1944 nobis
1676 1887 1832 1958 spiri-

239 1984 464 2039 tualium
492 1985 745 2039 virtutum
771 1984 957 2038 viatica
985 2001 999 2037 :
1030 1991 1086 2036 ut
1104 1980 1317 2052 quando
1335 1979 1650 2053 prarceperit
1669 1980 1824 2035 nobis

237 2078 503 2133 Dominus
524 2077 575 2132 in
604 2089 839 2131 nostram
866 2074 1047 2131 redire
1076 2075 1320 2145 patriam,
1352 2074 1521 2144 parati
1560 2072 1748 2139 simus,
1776 2079 1833 2127 et

233 2169 345 2224 alia
367 2169 579 2240 quidem
602 2169 875 2224 nobiscum
898 2167 1202 2233 afl'eramns,
1235 2166 1337 2222 alia
1358 2175 1537 2222 autem
1560 2166 1669 2237 jam
1693 2180 1831 2236 prae-

235 2260 408 2315 missa
438 2259 749 2315 habeamus.
784 2258 983 2313 Horum
1005 2257 1147 2312 enim
1168 2257 1480 2312 viaticorum
1506 2257 1627 2311 talis
1647 2265 1832 2311 natura

235 2362 346 2417 est,
374 2362 436 2406 ut
460 2368 522 2408 ea
552 2367 669 2422 quae
699 2368 794 2422 per
822 2352 1083 2406 bonorum
1114 2350 1481 2417 operationem
1502 2348 1831 2405 voluerimus

234 2452 368 2499 ante
410 2457 511 2498 nos
556 2444 880 2513 prtemittcre
906 2483 922 2510 ,
970 2457 1091 2497 cum
1139 2441 1265 2495 illuc
1306 2456 1405 2496 nos
1435 2441 1829 2511 prazvenerint,

233 2536 432 2603 ianuas
457 2534 610 2589 nobis
638 2534 882 2604 aperiant
924 2532 1132 2589 fiducia:
1158 2532 1227 2588 ad
1252 2532 1533 2588 Dominum
1561 2542 1615 2589 et
1645 2533 1836 2587 introi-

237 2636 353 2679 tum
380 2624 612 2692 facilem,
639 2634 694 2680 et
721 2624 921 2695 absque
950 2639 1184 2697 pavore,
1208 2633 1265 2681 et
1293 2639 1537 2696 magnam
1566 2624 1704 2695 apud
1734 2624 1833 2679 Ju-

233 2717 416 2771 dicem
447 2715 863 2772 benevolentiam
892 2716 1193 2771 concilient.

311 2806 366 2862 2.
401 2808 467 2862 Et
510 2816 568 2862 ut
594 2806 771 2862 discas
797 2847 813 2871 ,
840 2805 1037 2862 dilecte
1058 2847 1074 2873 ,
1107 2805 1221 2862 haec
1250 2808 1303 2861 in
1334 2808 1476 2862 hunc
1518 2822 1579 2862 se
1618 2806 1833 2861 modum

236 2898 460 2960 habere,
482 2897 673 2968 collige
699 2897 842 2964 hinc,
860 2896 1001 2968 quod
1024 2897 1110 2967 qui
1128 2897 1420 2953 liberaliter
1439 2897 1832 2969 elcetnosynam

236 2992 516 3059 impertit,
547 2998 601 3043 et
632 2989 716 3043 hic
747 3004 868 3043 cum
900 2989 1039 3043 bona
1082 2988 1409 3044 conscientia
1439 2997 1713 3054 versatur,
1745 2989 1831 3043 ubi

234 3082 363 3137 hinc
391 3081 676 3135 translatus
708 3081 884 3148 fuerit,
918 3096 1162 3150 magnam
1189 3080 1328 3149 apud
1356 3079 1596 3137 Iudicem
1627 3082 1837 3137 miseri-

231 3172 478 3228 cordiam
507 3174 777 3239 inveniat,
807 3182 969 3245 atque
997 3172 1149 3229 beata
1177 3174 1263 3228 illa
1292 3174 1451 3229 verba
1478 3190 1596 3230 cum
1627 3178 1835 3233 ueteris

230 3264 422 3320 audiat
447 3283 461 3319 :
502 3263 698 3332 Venite,
728 3266 972 3320 benedicti
1000 3265 1175 3322 Patris
1213 3266 1310 3321 mei
1329 3310 1343 3334 ,
1372 3268 1584 3339 accipite
1606 3270 1657 3325 in
1678 3274 1835 3325 ntere-

226 3360 448 3413 ditatem
474 3377 709 3431 regnum,
736 3360 873 3431 quod
892 3360 1027 3415 vobis
1052 3372 1397 3431 praeparatum
1426 3372 1498 3416 est
1532 3380 1564 3416 a
1598 3365 1834 3418 constitu-

230 3455 372 3507 tione
400 3452 754 3521 mundi:quia
790 3453 974 3507 esuriui
993 3495 1008 3519 ,
1058 3462 1102 3507 et
1129 3453 1340 3508 dedistis
1374 3454 1497 3508 mihi
1529 3457 1834 3510 manducare

228 3546 255 3616 (
276 3543 465 3597 Matth.
492 3545 584 3599 25.
611 3545 701 3600 δι.
733 3545 860 3615 55).
889 3545 1121 3615 ldipsum
1149 3553 1297 3601 certe
1337 3555 1391 3600 et
1416 3546 1468 3599 in
1511 3545 1630 3601 aliis
1659 3546 1831 3601 virtu-

232 3637 380 3692 tibus
407 3636 722 3707 contingere
750 3636 1009 3690 invenias.
1040 3635 1128 3691 Sic
1156 3646 1211 3691 et
1247 3636 1300 3690 in
1345 3636 1683 3693 confessione
1710 3653 1836 3707 pec-

228 3740 479 3781 catorum
507 3768 524 3793 ,
556 3736 611 3781 et
653 3728 707 3781 in
749 3726 1060 3783 assiduitate
1104 3726 1422 3798 fervoreqne
1468 3731 1832 3798 precationum

235 3830 564 3874 eventurum
612 3827 715 3874 est.
761 3818 985 3887 Quando
1026 3819 1166 3875 enim
1213 3820 1264 3873 in
1315 3821 1561 3889 pnesenti
1591 3821 1694 3874 vita
1743 3837 1837 3890 per

226 3910 633 3967 confessionem
665 3922 877 3981 peccata
905 3912 1152 3978 abluere,
1186 3921 1241 3967 et
1268 3913 1637 3969 remissionem
1667 3930 1698 3968 a
1729 3914 1835 3969 Do-

238 4010 393 4060 mino
422 4005 636 4075 assequi
679 4004 1008 4075 potuerimus
1030 4044 1046 4070 ,
1090 4004 1351 4060 abibimus
1380 4004 1506 4060 illuc
1548 4023 1578 4059 a
1607 4006 1838 4076 peccatis

230 4096 374 4169 puri,
407 4105 463 4152 et
488 4110 757 4166 magnam,
783 4111 900 4167 quae
927 4105 1052 4153 tunc
1075 4096 1231 4151 nobis
1253 4096 1558 4164 donabitur,
1591 4096 1835 4153 fiduciam

231 4188 599 4243 inveniemus.
624 4185 807 4258 Neque
822 4188 963 4242 enim
980 4188 1092 4242 fieri
1121 4196 1295 4257 potest
1315 4195 1373 4243 ut
1401 4187 1483 4253 iis,
1510 4188 1599 4259 qui
1629 4187 1679 4243 in
1702 4204 1837 4259 prte-

227 4282 371 4338 senti
400 4285 506 4335 vita
537 4290 752 4350 peccata
780 4296 883 4335 non
913 4280 1140 4336 abluerit
1160 4324 1173 4345 ,
1208 4289 1387 4349 postea
1417 4282 1835 4343 consolationem

226 4376 465 4445 aliquam
501 4372 609 4428 illic
638 4372 949 4428 inventurus
974 4373 1062 4427 sit.
1094 4372 1160 4426 In
1190 4373 1385 4443 inferno
1412 4374 1575 4439 enim,
1606 4374 1699 4439 ait,
1727 4375 1838 4442 quis

225 4465 556 4535 conﬁtebitur
580 4465 669 4519 tibi
694 4464 712 4537 (
733 4464 881 4520 Psal.
909 4464 961 4521 6.
983 4465 1015 4521 6
1040 4466 1096 4535 )?
1127 4465 1192 4520 Et
1223 4466 1411 4520 merito
1434 4482 1447 4519 :
1476 4464 1578 4521 hoc
1598 4465 1738 4521 enim
1756 4474 1839 4521 est

226 4561 532 4615 stadiorum
560 4567 791 4628 tempus,
825 4567 878 4614 ct
906 4557 1267 4624 conflictuum,
1295 4566 1349 4612 et
1366 4558 1749 4629 certaminum:
1774 4558 1841 4613 il-

228 4655 321 4711 lnd
350 4668 484 4709 vero
506 4667 846 4715 coronarum,
861 4650 1143 4713 mercedis,
1160 4660 1215 4706 et
1231 4652 1591 4721 prtemiorum.
1610 4652 1839 4707 Proinde

226 4753 505 4799 certemus
530 4743 657 4796 dum
688 4742 859 4797 adhuc
884 4743 936 4796 in
957 4741 1128 4796 stadio
1146 4732 1440 4808 versamur,
1470 4758 1537 4797 ne
1562 4752 1829 4813 tempore,

226 4852 339 4909 quo
355 4851 579 4893 coronae
607 4845 661 4890 et
698 4835 938 4890 laborum
969 4836 1184 4905 praemia
1222 4846 1502 4890 sumuntur
1523 4876 1538 4901 ,
1570 4837 1709 4890 inter
1745 4852 1840 4890 eos

228 4931 425 4994 simus,
456 4928 549 4998 qui
584 4927 787 4997 pudore
815 4925 1155 4993 afficientur;
1187 4927 1281 4982 sed
1312 4927 1455 4984 inter
1483 4942 1577 4983 eos
1602 4930 1690 4997 qui
1716 4945 1837 4983 emn

230 5019 426 5075 fiducia
442 5019 710 5089 capitibus
732 5034 960 5075 coronas
979 5020 1264 5090 excipient.
1287 5020 1397 5075 lloc
1416 5022 1675 5091 prooemio
1699 5020 1839 5091 apud

158 5092 163 5105 ’
227 5111 514 5167 caritatem
534 5122 763 5166 vestram
780 5126 887 5167 non
912 5120 1133 5179 temere,
1154 5126 1324 5181 neque
1340 5112 1395 5169 in
1410 5128 1601 5168 vanum
1621 5113 1837 5168 utimur:

227 5202 328 5258 sed
348 5200 598 5274 quotidie
617 5201 686 5258 de
706 5202 859 5258 bonis
880 5203 1128 5273 operibus
1148 5217 1245 5260 vos
1260 5204 1551 5260 admonere
1572 5206 1837 5275 cupimus,

231 5304 291 5349 ut
315 5294 549 5366 perfecti
574 5334 589 5356 ,
618 5294 972 5349 consummati
998 5338 1013 5360 ,
1054 5294 1444 5365 virtutibusque
1474 5294 1696 5367 praedita
1732 5296 1841 5351 vita

230 5388 565 5457 spectabiles
595 5386 879 5454 facti,sitis
898 5385 1391 5459 irrepreltensibiles
1417 5398 1469 5445 et
1500 5390 1715 5457 sinceri,
1736 5391 1839 5445 im-

234 5481 493 5537 tnaculati
527 5479 620 5535 lilii
652 5480 742 5535 Dei
777 5496 793 5535 :
822 5492 875 5535 et
901 5480 1120 5536 luceatis
1141 5482 1279 5537 sicut
1300 5483 1579 5538 luminaria
1609 5482 1661 5537 in
1685 5499 1840 5538 mun-

235 5576 307 5628 do
335 5618 351 5636 .
395 5588 703 5629 sermonem
741 5574 863 5628 vita:
893 5573 1152 5629 habentes
1182 5576 1232 5629 in
1274 5577 1442 5630 nostri
1471 5575 1837 5645 gloriationem

234 5667 292 5721 in
314 5666 403 5725 die
422 5664 643 5731 Christi,
680 5665 838 5720 utch
870 5666 984 5723 solo
1010 5676 1223 5738 aspectu
1254 5668 1315 5722 iis
1348 5666 1599 5738 prodesse
1625 5666 1837 5738 possitis

1383 198 1447 254 IN
1484 195 1637 253 CAP.
1678 195 1721 251 l.
1760 194 2000 252 GENES.
2043 193 2272 251 HOMlL.
2318 192 2381 249 Υ.
3441 204 3507 259 ao

1929 318 2018 388 qui
2041 316 2312 374 vobiscum
2339 330 2636 390 versantur,
2669 330 2724 377 ut
2746 332 2934 378 vestrm
2955 324 3241 394 spiritualis
3272 322 3510 394 fragran-

1928 410 2012 464 tia:
2036 452 2052 475 ,
2086 420 2380 483 vestraeque
2406 412 2620 481 optimae
2646 413 2766 470 vita:
2796 416 3013 471 ration‘s
3036 431 3103 471 ex
3130 416 3320 470 vestris
3346 415 3512 470 collo-

1926 502 2065 571 quiis
2090 502 2219 557 fiant
2246 504 2547 575 participes.
2579 506 2785 562 Etenim
2811 507 2945 563 sicut
2990 506 3353 579 improborum
3385 523 3512 561 con-

1933 596 2160 652 suetudo
2189 596 2539 655 familiaribus
2568 602 2681 656 suis
2711 602 2932 655 multum
2960 612 3135 668 nocet,
3162 600 3513 671 quemadmo-

1928 687 2053 741 dttttt
2095 689 2279 744 beatus
2313 691 2506 747 Paulus
2538 693 2743 765 inquit:
2773 692 3118 763 Corrumpunt
3159 693 3314 749 bonos
3351 708 3514 746 mores
3574 726 3578 730 ι

1927 778 2180 850 colloquia
2207 797 2361 850 prava
2387 783 2405 853 (
2431 785 2478 837 i.
2513 783 2630 838 Cor.
2664 785 2749 841 l5.
2782 786 2852 841 33
2875 790 2893 856 )
2918 803 2931 841 :
2958 785 3036 841 sic
3059 795 3113 841 et
3140 784 3403 841 bonorum
3434 782 3515 837 fa-

1931 872 2209 930 miliaritas
2248 891 2349 931 una
2378 879 2715 933 versantibus
2741 880 2975 934 maxima
3016 878 3295 935 commoda
3336 878 3512 933 affert.

1930 968 2287 1034 Quamobrem
2334 970 2896 1049 benignus‘Dominus
2935 980 3116 1027 noster
3159 971 3297 1027 inter
3345 970 3514 1026 malos

1932 1060 2174 1127 permisit
2217 1061 2386 1117 bonos
2429 1063 2609 1118 vivere
2636 1104 2649 1126 .
2688 1072 2742 1118 ut
2788 1064 3014 1132 improbi
3059 1064 3261 1118 lucrum
3302 1063 3521 1133 aliquod

1933 1148 2163 1205 habeant
2186 1166 2251 1206 ex
2279 1167 2341 1207 ea
2367 1153 2752 1209 consuetudine
2771 1194 2786 1219 ,
2820 1169 2919 1210 nec
2955 1170 3170 1225 semper
3195 1155 3245 1209 in
3274 1169 3368 1210 sua
3396 1170 3516 1225 per-

1933 1252 2181 1297 maneant
2224 1244 2423 1300 malitia
2466 1262 2479 1299 :
2523 1244 2621 1301 sed
2668 1246 2840 1303 bonos
2879 1248 3132 1301 continuo
3168 1258 3291 1303 ante
3331 1248 3519 1302 oculos

1880 1366 1887 1367 κ
1932 1344 2255 1403 spectantes,
2282 1336 2480 1407 aliquid
2510 1338 2748 1394 utilitatis
2768 1354 2834 1395 ex
2853 1354 3038 1394 eorum
3059 1341 3265 1410 capiant
3294 1338 3519 1394 familia-

1934 1424 2109 1479 ritate.
2140 1424 2305 1480 Tanta
2336 1428 2476 1482 enim
2504 1429 2712 1484 virtutis
2739 1430 2972 1499 potentia
2998 1439 3077 1487 est
3099 1472 3113 1493 ,
3147 1440 3201 1485 ut
3236 1446 3519 1486 revereari-

1936 1527 2021 1571 tnr
2060 1528 2113 1571 et
2157 1520 2377 1573 multum
2406 1519 2619 1576 laudent
2660 1538 2779 1578 eam
2804 1564 2819 1588 ,
2869 1522 3028 1578 etiam
3057 1523 3147 1593 qui
3179 1522 3264 1577 illa
3314 1531 3515 1576 carent.

1933 1608 2082 1665 Sicut
2122 1620 2178 1664 et
2204 1611 2384 1665 vitium
2422 1613 2584 1667 etiam
2620 1613 2689 1668 ab
2715 1615 2776 1667 iis
2797 1658 2811 1678 ,
2838 1614 2925 1684 qui
2958 1615 3079 1670 mali
3106 1623 3263 1679 sunt,
3292 1612 3520 1669 subinde

1934 1709 2210 1756 accusatur
2237 1711 2293 1758 et
2320 1702 2556 1773 carpitur
2577 1722 2589 1758 :
2607 1704 2742 1760 adeo
2764 1706 2947 1761 vitium
2969 1706 3217 1761 omnibus
3238 1713 3322 1761 est
3350 1707 3521 1760 mani-

1933 1791 2125 1848 festum
2156 1804 2210 1849 et
2250 1797 2586 1865 perspicuum
2614 1840 2628 1860 .
2658 1813 2828 1869 neque
2858 1799 3021 1854 ullum
3072 1814 3319 1868 umquam
3368 1798 3522 1854 facile

1935 1886 2170 1955 reperias
2212 1886 2301 1956 qui
2342 1886 2506 1943 libere
2550 1891 2743 1944 malum
2790 1905 2848 1945 se
2888 1905 3009 1947 esse
3047 1890 3397 1962 profiteatur:
3427 1892 3518 1944 Sed

1936 1977 2075 2047 quod
2105 1979 2295 2033 mirum
2344 1988 2465 2045 est,
2511 1982 2724 2048 ipsimot
2762 1995 2822 2035 ea
2849 2024 2864 2047 ,
2890 1997 3009 2051 qua:
3050 1983 3301 2052 operibus
3347 1981 3521 2039 facere

1939 2078 2217 2131 attentant.
2251 2072 2430 2126 verbis
2455 2072 2590 2125 mala
2615 2088 2734 2128 esse
2761 2072 3015 2138 fatentur,
3044 2089 3107 2129 ac
3132 2073 3399 2145 plerisque
3424 2088 3512 2128 oc-

1936 2163 2075 2219 culta
2095 2178 2215 2219 esse
2236 2164 2451 2221 vellent.
2481 2165 2629 2232 Quod
2655 2177 2709 2221 et
2734 2167 2904 2237 ipsum
2929 2168 3120 2222 divinm
3142 2169 3523 2223 misericordia:

1936 2265 2037 2319 est,
2067 2271 2186 2326 quae
2216 2256 2489 2311 hominum
2519 2257 2699 2327 generi
2724 2259 3012 2324 CuttCt'SSil,
3046 2268 3101 2312 ιιι
3122 2260 3404 2330 unicuique
3431 2276 3523 2314 ιιο-

1937 2356 2105 2402 strum
2136 2348 2348 2403 insitutn
2377 2350 2445 2403 sit
2467 2349 2828 2421 incorruptum
2852 2348 3110 2419 judicium
3142 2352 3517 2415 conscientim.

1937 2439 2077 2510 quod
2099 2448 2342 2494 accurate
2366 2448 2541 2510 potest
2564 2456 2591 2493 a
2616 2440 2756 2495 malo
2778 2441 2973 2496 bonum
2998 2442 3305 2498 discernere
3329 2460 3343 2509 ;
3368 2443 3526 2514 idque

1939 2530 2273 2599 potissimum
2317 2547 2529 2586 omnem
2572 2532 2725 2588 nobis
2766 2532 3132 2590 defensionem
3162 2534 3337 2603 tollit,
3381 2538 3521 2607 quod

1940 2638 2043 2675 non
2077 2636 2169 2691 per
2198 2622 2547 2692 ignorantiam
2590 2623 2640 2676 in
2674 2633 2885 2693 peccata
2930 2622 3224 2680 incidamus
3247 2666 3263 2691 ,
3310 2626 3404 2682 sed
3431 2641 3525 2696 per

1938 2716 2129 2770 anima:
2154 2714 2411 2772 desidiam
2437 2727 2490 2772 et
2519 2717 2726 2771 virtutis
2750 2725 3131 2789 contemptum.

2007 2809 2062 2864 ὅ.
2104 2808 2230 2865 Ηωο
2258 2809 2479 2881 singulis
2507 2809 2650 2865 horis
2677 2821 2860 2865 nostro
2880 2826 3152 2867 versemus
3177 2812 3375 2878 animo,
3408 2829 3522 2867 tua-

1937 2917 2093 2973 gnam
2143 2902 2328 2959 salutis
2372 2914 2569 2957 nostra:
2620 2903 2874 2958 habentes
2920 2904 3327 2959 sollicitudinem
3354 2947 3369 2972 ,
3418 2923 3521 2972 ne,

1940 3003 2291 3066 praetereunte
2329 3004 2589 3065 tempore,
2636 2995 2961 3067 ignorantes,
3006 2998 3160 3053 nobis
3202 2997 3333 3066 ipsis
3359 3002 3524 3053 maxi-

1939 3102 2083 3139 mum
2128 3084 2418 3142 inferamus
2460 3085 2735 3141 damnum.
2781 3086 2886 3142 Sed
2930 3087 3308 3157 prooemiorum
3353 3090 3521 3143 satis:

1937 3176 2213 3231 audiamus
2238 3184 2414 3232 autem
2436 3218 2451 3241 ,
2484 3177 2527 3231 si
2559 3176 2749 3247 placet,
2780 3193 2900 3247 qua:
2928 3188 2981 3233 et
3005 3178 3165 3234 hodie
3203 3194 3300 3234 nos
3327 3177 3521 3236 docere

1939 3270 2052 3325 vult
2076 3269 2305 3340 Spiritus
2329 3271 2496 3325 sancti
2523 3270 2690 3340 gratia
2720 3286 2814 3341 per
2841 3271 2979 3326 beati
3007 3270 3171 3328 Mosis
3190 3272 3442 3344 linguam.
3465 3274 3519 3330 9.

1940 3362 2008 3417 Et
2037 3362 2184 3426 dixit,
2211 3362 2401 3432 inquit,
2434 3360 2570 3417 Deus
2591 3378 2610 3417 .'
2635 3361 2975 3434 Congregetur
2997 3380 3129 3433 aqua
3153 3380 3265 3434 qua:
3289 3365 3380 3420 sub
3400 3366 3525 3420 ccta

1938 3465 2041 3521 est,
2074 3455 2127 3510 in
2168 3457 2603 3526 congregationem
2649 3473 2823 3523 unam,
2871 3466 2917 3510 et
2958 3469 3203 3527 appareat
3246 3459 3411 3514 arida.
3463 3458 3525 3514 Et

1940 3551 2130 3617 factum
2152 3556 2224 3600 est
2246 3548 2337 3601 ita.
2367 3544 2497 3601 Vide
2522 3545 2638 3612 hic,
2668 3547 2891 3602 obsecro
2909 3588 2923 3610 ,
2949 3547 3143 3604 dilecte
3164 3591 3177 3609 .
3200 3549 3441 3607 ordinem
3470 3562 3523 3606 et

1938 3638 2371 3708 consequentiam
2412 3638 2687 3707 optimam.
2720 3637 2853 3705 Quia
2895 3638 3101 3694 dixerat
3139 3639 3191 3695 in
3230 3641 3521 3711 principio:

1940 3729 2097 3784 Terra
2127 3744 2233 3784 erat
2257 3730 2519 3783 invisibilis
2547 3739 2593 3783 et
2631 3730 2986 3799 incomposita,
3019 3747 3083 3785 eo
3123 3733 3260 3801 quod
3292 3734 3525 3789 tenebris

1940 3830 1994 3875 et
2021 3821 2172 3891 aquis
2190 3820 2534 3891 obtegeretur
2558 3840 2570 3874 :
2598 3829 2652 3876 et
2675 3821 2867 3877 deinde
2891 3823 3145 3893 praecepit
3164 3822 3252 3879 die
3267 3826 3520 3887 secundo.

1942 3925 1999 3966 ιιι
2044 3921 2186 3968 esset
2239 3912 2672 3978 firmamentum,
2729 3920 2784 3966 et
2826 3927 3085 3982 aquarum
3132 3914 3523 3983 separationem

1942 4004 2084 4067 fecit.
2114 4005 2423 4076 vocavitque
2466 4004 2858 4060 firmamentum
2895 4005 3079 4061 caelum
3111 4024 3124 4060 :
3153 4023 3293 4062 nunc
3332 4009 3523 4063 itl-rum

1940 4098 2095 4153 docet
2122 4112 2254 4162 nos,
2294 4110 2352 4151 se
2388 4095 2476 4152 die
2508 4097 2663 4151 tertio
2692 4098 3008 4166 praecepisse
3047 4113 3236 4169 aqua),
3263 4115 3384 4171 quae
3428 4103 3524 4157 sub

1940 4189 2103 4255 caalo,
2132 4187 2234 4244 hoc
2269 4195 2382 4255 est,
2412 4188 2767 4255 firmamento,
2802 4197 2858 4243 ut
2888 4188 2938 4243 in
2964 4204 3117 4243 unam
3159 4194 3526 4263 congregatim

1942 4298 2063 4337 nem
2106 4282 2446 4346 conveniret,
2492 4292 2546 4336 et
2588 4281 2761 4336 locum
2804 4282 2991 4345 daret.
3037 4292 3197 4353 atque
3246 4298 3526 4354 appareret

1942 4374 2126 4429 arida:
2171 4382 2225 4429 et
2265 4372 2463 4429 factum
2491 4382 2573 4428 est
2610 4372 2701 4427 ita.
2729 4372 2862 4441 Quia
2897 4374 3043 4428 enim
3087 4375 3265 4431 omnia
3309 4375 3525 4445 impleta

1942 4472 2097 4521 erant
2127 4464 2281 4535 aquis
2303 4507 2317 4531 ,
2337 4464 2494 4535 jussit
2519 4464 2570 4519 in
2597 4479 2757 4519 unam
2781 4468 3245 4536 congregationem
3267 4481 3523 4537 aquarum

1943 4554 2337 4609 multitudinem
2365 4555 2679 4617 concedere.
2704 4564 2760 4610 ut
2785 4556 2864 4610 sic
2890 4566 3168 4626 appareret
3195 4558 3364 4613 arida.
3394 4557 3527 4614 Vide

1941 4645 2210 4716 quomodo
2260 4646 2513 4718 paulatim
2574 4647 2713 4701 illius
2764 4646 2921 4702 nobis
2974 4647 3417 4718 pulchritudinem
3473 4663 3526 4705 ct

1942 4748 2186 4795 ornatum
2213 4738 2463 4794 ostendit.
2496 4737 2560 4792 Et
2602 4742 2791 4810 factum
2825 4748 2926 4802 est,
2953 4738 3025 4793 ait
3046 4740 3181 4804 ,.ita.
3207 4739 3529 4807 Quomodo?

1942 4832 2088 4889 Sicut
2141 4841 2462 4903 praeceperat
2515 4832 2788 4887 Dominus.
2848 4830 2988 4888 Dixit
3030 4830 3242 4899 solum,
3289 4840 3347 4889 et
3394 4850 3529 4903 opus

1917 4924 2323 4994 ‘subsequutum
2371 4930 2473 4979 est.
2520 4922 2633 4979 lloc
2666 4924 2808 4978 enim
2850 4922 3117 4992 peculiare
3164 4922 3256 4977 Dei
3311 4932 3413 4985 est,
3464 4934 3520 4977 ut

1944 5016 2235 5073 secundum
2266 5016 2591 5071 voluntatem
2621 5028 2769 5069 suam
2804 5024 3075 5069 creaturas
3103 5012 3426 5069 moderetur.
3461 5009 3529 5068 Et

1944 5118 2247 5181 congregata
2284 5116 2354 5162 est
2372 5147 2387 5173 ,
2417 5106 2618 5177 inquit,
2646 5122 2778 5174 aqua
2800 5120 2913 5174 qua!
2936 5104 3031 5158 sub
3050 5105 3174 5158 aeto
3192 5144 3205 5167 ,
3234 5104 3288 5159 in
3312 5120 3527 5177 congre-

1944 5201 2167 5269 qatt'anes
2196 5214 2337 5264 suas,
2383 5207 2430 5252 et
2476 5198 2716 5267 apparuit
2761 5195 2928 5249 arida.
2973 5194 3430 5261 Quemadmodum
3458 5195 3528 5254 de

1940 5292 2062 5347 luce
2088 5291 2286 5347 dictum
2317 5298 2398 5346 est
2420 5330 2436 5355 ,
2466 5287 2605 5358 quod
2635 5303 2755 5343 cum
2796 5296 2977 5341 essent
3012 5286 3211 5358 ubique
3257 5288 3491 5344 tenebrae
3512 5330 3529 5353 ,

1941 5383 2158 5457 jusserit
2186 5382 2402 5454 produci
2432 5382 2601 5436 lucem
2624 5422 2639 5448 ,
2671 5390 2725 5436 et
2752 5381 3141 5452 separationem
3174 5380 3358 5438 fecerit
3397 5382 3529 5439 lucis

1944 5492 2006 5533 ac
2028 5477 2384 5538 tenebrarum,
2408 5484 2462 5529 et
2484 5474 2618 5530 hanc
2645 5474 2889 5531 tribuerit
2908 5473 3034 5541 diei,
3049 5471 3186 5527 istas
3204 5482 3333 5526 vero
3354 5472 3496 5529 nocti
3520 5488 3532 5533 ;

1944 5570 2187 5627 similiter
2216 5570 2412 5623 dictum
2442 5576 2522 5623 est
2544 5613 2557 5633 ,
2586 5568 2724 5640 quod
2769 5584 2887 5623 cum
2931 5566 3182 5639 produxit
3216 5565 3527 5622 firmamen-

1948 5676 2077 5733 tum,
2106 5679 2363 5736 aquarum
2387 5664 2516 5719 alias
2544 5662 2870 5735 superiorem
2893 5662 3067 5718 locum
3088 5676 3374 5729 occupare,
3398 5666 3529 5719 alias
