3784 6240
244 217 304 273 si
424 191 437 201 ’
899 220 953 274 s.
994 220 1270 277 JOANNIS
1307 213 1777 275 Cilltt'SOS‘fmtl
1823 214 2139 271 AttL‘lltiiP.
2181 219 2711 277 coxsraumor.
3436 221 3505 276 sa

245 342 421 387 autem
447 333 546 387 sub
573 333 907 388 firmamento
938 351 1057 390 esse
1083 335 1299 404 jusserit
1322 353 1334 388 :
1360 335 1436 389 sic
1461 343 1514 389 et
1540 349 1678 387 nunc
1708 332 1825 386 illas

250 427 389 492 ipsas
431 439 626 495 aquas,
656 441 771 495 qua:
819 427 919 479 sub
959 426 1294 481 firmamento
1340 436 1489 480 erant
1515 468 1528 488 ,
1584 424 1635 478 in
1665 439 1823 478 unam

249 524 708 587 congregationem
727 519 877 587 jubet
902 520 1063 581 coire,
1091 530 1142 574 ut
1166 528 1416 587 appareat
1437 518 1602 578 arida,
1629 529 1678 573 et
1704 528 1827 572 tunc

253 608 373 661 huic
404 612 561 662 etiam
593 625 744 663 suum
790 626 977 663 nomen
1018 612 1288 679 imponat;
1331 613 1467 666 sicut
1505 610 1572 665 de
1616 611 1731 664 luce
1778 621 1829 664 et

252 699 488 754 tenebris
516 701 711 755 dictum
739 713 837 757 est.
868 703 1193 774 Congregatw
1215 705 1344 758 enim
1369 715 1510 769 sunt,
1540 706 1648 768 ait,
1685 721 1831 775 aqum

252 808 363 859 ante
388 794 479 846 sub
506 796 630 847 uelo
654 807 817 861 erant,
846 798 897 850 in
928 799 1334 868 congregationes
1358 815 1495 862 suas,
1522 809 1566 853 et
1595 800 1833 867 apparuit

253 885 439 939 arida:
494 886 578 940 10.
626 898 672 939 et
716 890 903 941 vocavit
946 888 1083 943 Deus
1124 892 1321 944 aridam
1368 902 1570 945 terram.
1601 891 1830 954 Vidisti,

199 998 223 1044 η
255 975 465 1037 dilecte,
491 979 757 1045 quomodo
790 980 926 1035 Deus
950 992 1161 1046 terram,
1191 998 1310 1053 qum
1342 984 1615 1037 invisibilis
1645 994 1756 1036 erat
1781 994 1835 1038 et

259 1068 622 1137 incomposita,
658 1078 710 1122 et
747 1072 895 1139 aquis
935 1072 1083 1141 quasi
1135 1074 1481 1128 velaminibus
1520 1074 1866 1152 quibusdam.

258 1158 621 1227 obtegebatnr,
648 1159 979 1228 despoliavit,
1006 1170 1061 1215 ut
1085 1163 1161 1217 sic
1185 1164 1379 1228 dicam,
1409 1174 1461 1219 et
1487 1164 1671 1219 faciem
1699 1166 1838 1218 illius

262 1249 414 1305 nobis
446 1253 777 1317 monstravit,
802 1255 1015 1323 proprio
1039 1256 1195 1309 etiam
1228 1256 1439 1309 nomine
1464 1256 1748 1325 imposito?
1772 1255 1840 1311 lt)

260 1345 686 1414 congregationes,
719 1346 824 1410 ait,
870 1362 1113 1416 aquarum
1153 1348 1342 1401 vocavit
1390 1348 1570 1400 maria.
1621 1347 1760 1401 Ecce
1787 1358 1840 1401 rt

261 1452 412 1505 aqua:
443 1453 633 1492 nomen
664 1453 816 1491 suum
846 1439 1044 1493 sortitm
1074 1448 1213 1493 sunt.
1239 1439 1367 1493 Nam
1398 1439 1837 1508 quemadmodum

263 1528 495 1597 optimus
531 1529 715 1585 artifex
754 1540 868 1585 arte
907 1546 999 1584 sua
1041 1546 1134 1585 vas
1176 1532 1385 1601 aliquod
1429 1530 1683 1594 facturus,
1734 1546 1837 1583 non

265 1632 417 1676 antea
442 1622 514 1676 illi
541 1638 729 1676 nomen
763 1624 1004 1693 imponit,
1028 1624 1196 1679 donec
1219 1625 1490 1679 absolvat:
1518 1624 1587 1677 ita
1613 1635 1665 1678 et
1695 1623 1842 1677 beni—

265 1726 399 1779 gnus
442 1713 692 1766 Dominus
720 1714 930 1767 nomina
960 1716 1237 1769 elementis
1275 1729 1379 1767 non
1410 1722 1559 1768 antea
1598 1713 1843 1781 impunit,

266 1805 437 1859 donec
470 1820 531 1858 ea
568 1807 617 1858 in
656 1806 879 1875 propriis
906 1807 1037 1861 locis
1066 1820 1163 1860 suo
1189 1816 1450 1876 prtecepto
1477 1816 1652 1877 ponat.
1687 1806 1843 1875 Igitur

268 1906 542 1966 postquam
570 1907 708 1952 terra
736 1914 927 1954 nomen
967 1916 1117 1954 suum
1145 1900 1365 1969 accepit,
1400 1908 1453 1955 et
1479 1900 1543 1953 ad
1576 1900 1841 1968 propriam

267 1988 489 2041 formam
537 1990 813 2057 pervenit,
851 1992 1009 2043 etiam
1051 2006 1203 2059 aqua:
1246 2000 1577 2060 congregata:
1630 1991 1845 2059 propr'o

266 2078 521 2133 vocabulo
560 2081 841 2133 nominata:
885 2090 1027 2135 sunt.
1073 2080 1271 2134 Vocavit
1300 2080 1471 2146 enim,
1505 2082 1613 2149 ait,
1639 2098 1848 2150 congre-

268 2170 490 2238 gatione:
535 2186 779 2236 aquarum
821 2173 1000 2224 maria.
1047 2172 1293 2227 Subdidit
1345 2174 1573 2227 iterum:
1623 2172 1685 2225 Et
1726 2174 1847 2226 vidit

271 2263 407 2317 Deus
431 2265 562 2331 quod
593 2265 794 2317 bonum.
827 2265 954 2318 Nam
981 2266 1101 2335 quia
1130 2265 1357 2320 humana
1396 2276 1579 2320 natura
1610 2266 1848 2320 imbecil-

272 2354 336 2406 lis
383 2364 483 2418 est,
532 2365 586 2409 et
641 2371 801 2425 opera
858 2358 948 2410 Dei
997 2356 1155 2426 digne
1196 2356 1411 2411 laudare
1459 2374 1562 2411 non
1603 2364 1846 2426 poterat,

274 2462 645 2515 t’trteoccupans
673 2447 845 2500 divina
878 2448 1147 2517 Scriptura
1179 2458 1446 2517 acceptam
1480 2450 1545 2501 ab
1574 2448 1686 2517 ipso
1719 2447 1848 2517 Opi-

273 2540 368 2592 lice
394 2538 598 2593 laudem
623 2554 718 2595 nos
748 2538 919 2594 ducet.

342 2632 394 2685 ι.
436 2630 599 2700 lgitur
633 2631 845 2701 quando
882 2632 1081 2697 discis,
1134 2631 1229 2702 ipsi
1268 2631 1541 2687 Conditori
1583 2642 1852 2686 creaturas

274 2723 438 2778 bonas
467 2725 606 2778 visas
635 2739 785 2789 esse,
838 2724 1092 2794 majorem
1122 2724 1335 2794 quidem
1364 2725 1415 2779 in
1444 2724 1654 2778 modum
1679 2725 1851 2778 admi-

272 2816 407 2871 reris
429 2832 645 2872 necesse
662 2828 743 2872 est
766 2833 779 2881 ;
812 2817 939 2871 nihil
963 2828 1135 2873 tamen
1159 2820 1222 2873 ad
1246 2817 1454 2873 laudem
1476 2827 1528 2872 et
1553 2816 1851 2871 encomium

271 2910 497 2980 amplius
530 2911 719 2966 afferre
749 2913 965 2979 poteris.
998 2911 1177 2965 Talem
1209 2912 1349 2965 enim
1397 2910 1616 2966 sortitus
1654 2923 1713 2964 es
1748 2910 1852 2962 Do-

275 3002 496 3066 minum,
522 3003 611 3071 qui
643 3001 902 3070 ejusmodi
931 3016 1091 3071 opera
1123 3000 1265 3065 facit,
1294 3017 1413 3071 quae
1438 3019 1465 3054 a
1498 3000 1650 3057 nobis
1681 3016 1852 3070 neque

273 3091 477 3152 laudari
516 3093 645 3146 satis
667 3102 910 3162 possunt.
942 3093 1221 3159 Quomodo
1244 3094 1385 3147 enim
1429 3108 1677 3163 umquam
1724 3107 1855 3163 opus

275 3190 367 3243 Dei
416 3204 513 3260 pro
553 3190 810 3260 dignitate
858 3191 1075 3247 laudare
1123 3203 1299 3262 posset
1347 3193 1572 3248 humana
1629 3193 1856 3248 natura?

276 3281 540 3336 Cancrum
569 3297 663 3352 per
682 3296 745 3336 ea
769 3298 887 3352 qua:
923 3282 1329 3352 subjungnntur,
1358 3284 1636 3339 considera
1666 3283 1854 3339 ineffa-

276 3374 436 3427 bilem
460 3373 552 3429 Dei
577 3374 777 3444 egregii
798 3373 1014 3429 artificis
1042 3375 1375 3445 sapientiam.
1406 3376 1690 3444 Postquam
1713 3373 1854 3431 enim

276 3467 429 3520 nobis
454 3478 688 3536 apertam
715 3477 869 3521 terra:
896 3468 1079 3523 faciem
1108 3467 1436 3530 monstravit,
1468 3475 1813 3534 consequentt
1831 3481 1859 3520 r

277 3574 374 3613 suo
404 3568 673 3629 praecepto
692 3559 967 3613 decentem
996 3560 1041 3613 ei
1072 3559 1315 3615 concedit
1335 3559 1589 3628 speciem,
1619 3570 1673 3613 et
1691 3559 1857 3612 semi-

276 3664 402 3711 num
429 3650 686 3705 varietate
709 3650 823 3718 ejus
849 3650 1072 3705 adornat
1103 3650 1309 3705 faciem.
1343 3651 1426 3703 ll.
1457 3648 1522 3702 Et
1550 3650 1708 3713 dixit,
1743 3650 1856 3715 ait,

276 3742 457 3803 Deus:
500 3742 755 3798 Germinet
801 3754 933 3797 terra
985 3742 1187 3797 herbam
1226 3743 1373 3813 freni,
1406 3743 1658 3795 seminans
1692 3758 1857 3796 semen

273 3834 548 3888 secundum
567 3852 724 3905 genus
744 3846 789 3888 et
811 3835 1189 3899 similitudinem
1208 3848 1227 3887 :
1248 3843 1293 3887 et
1323 3835 1511 3903 lignum
1533 3833 1854 3904 frugiferum,

275 3928 465 3998 faciens
504 3928 723 3997 fructum
747 3968 760 3991 ,
789 3930 933 3996 cujus
977 3944 1145 3981 semen
1192 3928 1243 3980 in
1286 3928 1549 3995 semetipso
1584 3925 1859 3979 secundum

275 4018 675 4085 similitudinem,
700 4020 969 4073 secundum
996 4034 1153 4088 genus
1177 4034 1328 4087 super
1347 4027 1550 4071 terram.
1577 4016 1641 4070 Et
1671 4021 1859 4087 factum

275 4113 467 4173 estita.
493 4111 631 4180 Quid
670 4122 752 4166 est
796 4112 923 4165 illud
950 4153 964 4177 ,
998 4111 1067 4164 Et
1096 4113 1285 4181 factum
1314 4120 1383 4163 est
1420 4110 1532 4163 ita?
1559 4108 1818 4177 Praecepit
1841 4151 1855 4173 ,

277 4202 478 4272 inquit,
516 4201 768 4257 Dominus
789 4241 802 4265 ,
834 4210 890 4255 et
923 4200 1101 4255 statim
1139 4210 1276 4254 terra
1312 4214 1438 4254 suos
1466 4211 1649 4270 partus
1686 4208 1860 4252 matu-

278 4308 420 4357 rans,
454 4295 519 4348 ad
548 4295 810 4350 seminum
843 4309 1057 4363 germen
1086 4292 1314 4363 seipsam
1346 4293 1640 4347 adornavit.
1675 4291 1761 4345 12.
1792 4290 1858 4344 Et

277 4384 484 4453 protulit
534 4395 666 4438 terra
713 4385 915 4437 herbam
960 4384 1117 4453 freni,
1170 4383 1359 4454 inquit,
1407 4383 1657 4438 seminans
1695 4398 1860 4436 semen

274 4478 548 4530 secundum
573 4492 747 4547 genus,
777 4486 822 4530 et
851 4477 1124 4530 secundum
1152 4476 1527 4528 similitudinem
1551 4492 1569 4528 :
1599 4483 1642 4527 et
1669 4474 1859 4545 lignum

276 4568 580 4640 frugiferum
607 4568 796 4638 faciens
823 4569 1044 4637 fructum
1066 4608 1080 4629 ,
1109 4568 1255 4638 cujus
1283 4583 1451 4620 semen
1480 4582 1624 4619 suum
1652 4565 1705 4618 in
1751 4565 1860 4633 ipso

273 4660 552 4713 secundant
592 4675 751 4731 genus
776 4675 927 4729 super
956 4669 1159 4715 terram.
1206 4657 1301 4713 llic
1344 4656 1706 4711 animadverte
1730 4696 1742 4717 ,
1777 4654 1859 4708 di-

278 4751 436 4817 lecte,
467 4752 735 4822 quomodo
759 4752 922 4806 verbo
950 4751 1157 4806 Domini
1183 4751 1359 4805 omnia
1393 4749 1525 4803 facta
1554 4756 1676 4801 sunt
1704 4762 1862 4815 super

276 4852 495 4897 terram.
528 4842 642 4897 Non
699 4843 844 4901 enim
885 4853 997 4897 erat
1044 4843 1203 4897 homo
1232 4841 1323 4911 qui
1373 4850 1702 4911 operaretur,
1758 4854 1861 4891 non

276 4944 510 4988 aratrum
537 4976 552 5000 ,
586 4926 690 4988 non
733 4934 890 4989 boum
918 4935 1225 5003 cooperatio
1249 4975 1264 5000 ,
1294 4949 1397 4987 non
1437 4932 1575 4985 aliud
1598 4921 1861 5000 ejusmodi

276 5028 554 5081 studium:
588 5026 681 5081 sed
721 5027 890 5082 solum
941 5027 1140 5081 audivit
1185 5033 1529 5095 praeceptum,
1578 5033 1632 5077 et
1685 5026 1861 5076 statim

278 5116 419 5185 quod
464 5132 616 5171 suum
647 5126 761 5171 erat
804 5118 944 5172 fecit.
989 5118 1061 5171 Ex
1092 5131 1197 5185 quo
1230 5115 1507 5179 discimus,
1534 5115 1690 5168 etiam
1724 5129 1863 5167 nttuc

281 5224 452 5277 neque
496 5224 679 5264 curam
723 5210 1114 5280 agricolarum,
1162 5223 1331 5277 neque
1377 5208 1649 5272 laborem,
1696 5223 1864 5275 neque

278 5302 412 5358 alias
455 5302 507 5357 in
558 5303 801 5358 colendis
848 5305 989 5372 agris
1034 5316 1339 5361 a'rumnas,
1398 5297 1661 5353 fructuum
1714 5299 1865 5353 nobis

280 5404 596 5466 proventum
649 5410 931 5464 promere;
967 5396 1056 5448 sed
1106 5403 1229 5448 ante
1261 5393 1374 5448 ba‘c
1413 5392 1589 5445 omnia
1643 5392 1864 5445 verbum

283 5490 411 5554 Dei,
444 5488 584 5559 quod
623 5488 690 5540 ab
735 5488 884 5542 initio
928 5487 991 5541 ad
1039 5497 1232 5542 terram
1281 5487 1477 5542 factum
1519 5496 1619 5541 est.
1649 5486 1784 5552 Quin
1816 5495 1868 5539 et

284 5585 515 5644 futuram
552 5583 807 5651 ingratam
862 5581 1131 5635 hominum
1188 5592 1419 5636 mentem
1468 5581 1739 5651 corrigens
1786 5579 1866 5631 di-

283 5679 400 5740 vina
461 5675 770 5751 Scriptura,
824 5674 1100 5745 diligenter
1147 5674 1323 5730 omnia
1375 5671 1525 5735 nobis
1576 5670 1864 5731 secundum

1934 332 2174 387 ordinem
2206 335 2459 389 factorum
2493 345 2705 397 narrat,
2735 343 2792 387 ut
2819 342 3115 402 compescat
3156 335 3506 391 temeritatem

1932 434 1984 477 et
2023 424 2363 478 deliramenta
2394 443 2575 480 eorum
2605 427 2690 496 qtti
2735 424 2978 492 figmenta
3015 440 3107 478 sua
3148 424 3418 480 venditant
3455 436 3508 480 et

1934 516 2111 570 dicere
2131 516 2347 582 audent,
2371 517 2497 570 Solis
2518 516 2888 584 coOperatione
2910 516 2974 570 ad
3000 514 3260 570 fructuum
3284 531 3511 586 proven~

1935 616 2045 661 tum
2073 620 2208 674 opus
2237 621 2375 662 esse.
2408 606 2541 661 Sunt
2570 620 2617 662 et
2660 608 2769 672 alii,
2800 609 2886 676 qui
2918 606 3032 662 htec
3068 607 3225 661 astris
3251 608 3512 677 aliquibus

1935 697 2235 754 adscribere
2263 699 2499 752 nituntur
2530 697 2624 770 (α).
2656 699 2940 766 Propterea
2967 697 3125 753 docet
3158 714 3254 753 nos
3281 698 3514 767 Spiritus

1936 800 2172 857 sanctus,
2198 800 2319 846 ante
2358 790 2723 847 formationem
2754 790 2939 843 hin-um
2979 791 3360 845 elementorum
3399 805 3516 843 ser.

1939 884 2081 939 moui
2101 893 2154 938 et
2178 892 2442 953 praecepto
2466 883 2554 939 Dei
2582 884 3036 951 obtemperantem
3062 880 3306 936 tellurem
3336 881 3514 933 omnia

1939 975 2140 1029 semina
2179 974 2427 1039 edidisse,
2473 975 2617 1028 nullo
2662 975 2766 1028 alio
2804 974 2868 1026 ad
2913 974 3337 1042 cooperationem
3383 987 3517 1040 opus

1941 1066 2241 1121 habentem.
2269 1065 2575 1122 Sufficiebat
2612 1067 2750 1120 enim
2786 1069 2833 1120 ei
2882 1080 2972 1132 pro
3015 1063 3261 1118 omnibus
3296 1063 3516 1117 verbum

1942 1159 2109 1213 illud:
2158 1158 2409 1213 Ccrminrt
2449 1169 2581 1213 terra
2625 1158 2827 1211 herbam
2858 1157 2996 1225 fanti.
3039 1155 3294 1221 Quocirca
3322 1154 3518 1208 divina:

1942 1252 2226 1320 Scriptura:
2256 1251 2471 1320 vestigia
2514 1266 2817 1319 sequamur,
2857 1264 3023 1318 neque
3050 1247 3281 1301 feramus
3308 1261 3401 1300 eos
3427 1247 3518 1313 qni

1944 1344 2163 1398 adversa
2204 1344 2308 1397 illis
2339 1354 2537 1397 temere
2567 1343 2843 1398 blaterant.
2874 1342 3003 1396 Nam
3042 1342 3246 1394 etiantsi
3276 1339 3521 1393 homines

1946 1444 2138 1490 terram
2171 1443 2472 1505 operentur,
2503 1435 2927 1503 etjumentorntn
2956 1432 3151 1486 auxilio
3176 1431 3432 1491 fruantur,
3466 1440 3522 1489 et
3557 1484 3562 1487 ,

1946 1544 2187 1599 magnam
2232 1537 2387 1583 terra:
2419 1543 2597 1582 curam
2645 1526 2888 1583 habeant,
2930 1529 3035 1584 etsi
3072 1538 3256 1591 magna
3298 1523 3366 1575 sit
3403 1522 3522 1574 ςαξιί

1948 1621 2254 1690 temperies,
2287 1630 2339 1675 et
2368 1621 2542 1673 omnia
2587 1619 2685 1671 alia
2718 1626 3054 1677 concurrant,
3101 1616 3197 1669 nisi
3231 1624 3381 1667 nutus
3414 1612 3525 1665 Do.

1948 1714 2073 1768 mini
2100 1711 2351 1775 accedat,
2382 1710 2556 1764 omnia
2588 1710 2687 1763 alia
2720 1708 2907 1766 frustra
2936 1718 2987 1762 et
3014 1706 3067 1760 in
3095 1722 3285 1759 vanum
3310 1702 3525 1769 cedent,

1947 1815 1997 1861 et
2028 1805 2157 1859 nihil
2205 1804 2442 1874 proficiet
2480 1803 2650 1872 quivis
2699 1801 2845 1855 labor
2882 1809 2932 1854 et
2976 1800 3159 1861 sudor,
3193 1798 3293 1853 nisi
3336 1811 3530 1850 manus

1950 1897 2155 1952 Domini
2186 1912 2416 1966 superne
2456 1895 2686 1963 adjuvet,
2735 1902 2787 1949 et
2824 1892 3200 1962 perfectionem
3247 1890 3328 1943 his
3369 1890 3531 1943 rebus

1951 1990 2163 2045 tribuat.
2190 1990 2319 2056 Quis
2349 2004 2455 2043 non
2480 1988 2875 2056 ob-tupesceret
2898 1994 2951 2039 et
2974 1984 3355 2044 admiraretur,
3379 1980 3526 2051 rogi.

1952 2089 2066 2135 tam
2096 2080 2360 2150 quomodo
2392 2080 2609 2135 verbum
2652 2078 2857 2133 Domini
2904 2077 3065 2145 illud,
3111 2072 3360 2129 Germinet
3398 2083 3535 2131 terra

1951 2173 2153 2226 herbam
2183 2175 2322 2243 freni,
2353 2173 2403 2226 in
2431 2174 2538 2241 ipsa
2570 2173 2767 2225 viscera
2792 2179 2947 2224 terra:
2968 2167 3273 2231 descendat,
3298 2176 3350 2220 et
3378 2166 3532 2234 quasi

1952 2268 2245 2323 admirabili
2274 2267 2498 2337 quodam
2530 2266 2703 2336 peplo,
2728 2276 2882 2322 terrm
2913 2265 3097 2321 faciem
3127 2263 3285 2319 variis
3313 2262 3537 2316 floribus

1953 2359 2214 2413 adornet?
2239 2359 2530 2428 Videreque
2554 2368 2667 2413 erat
2693 2358 2864 2413 subito
2893 2365 3104 2421 terram,
3134 2370 3252 2426 qua:
3277 2363 3428 2408 antea
3453 2355 3537 2407 in.

1957 2451 2136 2505 formis
2167 2462 2218 2503 et
2257 2450 2447 2503 inrnlta
2478 2461 2589 2503 erat
2615 2492 2629 2516 ,
2659 2461 2857 2504 tantam
2895 2449 3162 2517 accepisse
3190 2445 3538 2515 pulchritudi-

1954 2556 2098 2603 nem,
2133 2550 2188 2593 ut
2225 2540 2373 2609 quasi
2409 2556 2527 2594 cum
2569 2542 2699 2594 caslo
2739 2549 2987 2594 certaret.
3024 2537 3153 2592 Nam
3181 2538 3315 2591 sicut
3341 2535 3538 2588 cadunt

1956 2631 2110 2700 paulo
2138 2641 2258 2701 post
2299 2632 2591 2685 ornanlutn
2622 2642 2732 2685 erat
2771 2644 3032 2684 astrorum
3059 2628 3339 2692 varietate,
3367 2626 3442 2679 sic
3480 2633 3540 2678 et

1956 2724 2110 2778 tellus
2135 2724 2321 2778 ﬂorum
2357 2724 2628 2792 multijuga
2661 2724 2914 2776 varietate
2941 2722 3257 2779 ornabatur,
3287 2719 3352 2772 ita
3387 2726 3441 2771 nt
3482 2725 3539 2772 et

1956 2814 2141 2885 Opifex
2190 2816 2238 2869 in
2285 2815 2490 2869 laudem
2529 2816 2642 2885 ejus
2689 2822 3093 2885 prorumperet:
3139 2810 3331 2867 etenim
3374 2808 3534 2872 Vidit,

1958 2909 2060 2973 ait,
2093 2907 2244 2973 Deus.
2273 2907 2408 2976 quod
2434 2916 2557 2960 esset
2587 2907 2789 2968 bonum,

2030 3004 2084 3057 5.
2128 3000 2311 3055 Vidisti
2356 3000 2621 3071 quomodo
2662 3015 2752 3067 per
2798 2998 3001 3067 singula
3054 3012 3169 3066 qnzn
3215 2997 3348 3050 facta
3377 3003 3539 3058 sunt,

1960 3094 2202 3149 ostendat
2227 3092 2524 3147 laudantem
2547 3091 2817 3158 ()pitieem,
2845 3100 2899 3143 ut
2921 3089 3163 3142 homines
3189 3096 3388 3156 postea,
3421 3086 3542 3141 lucc

1959 3187 2152 3248 edocti,
2179 3200 2243 3239 ex
2270 3183 2525 3238 creaturis
2552 3182 2615 3235 ad
2654 3182 2957 3235 Creatorem
3001 3178 3377 3235 recurrerent?
3403 3177 3540 3232 Nam

1961 3279 2004 3332 si
2031 3286 2289 3333 creatura:
2329 3273 2629 3345 bujusmodi
2662 3275 2765 3327 sint
2788 3317 2801 3334 ,
2833 3281 2889 3327 ut
2913 3273 2977 3325 ab
3004 3271 3216 3327 homine
3247 3285 3344 3339 pro
3368 3270 3544 3337 digni-

1963 3379 2068 3424 tate
2108 3368 2306 3423 laudari
2347 3376 2647 3436 nequeant:
2693 3365 2816 3418 ruid
2860 3364 2925 3419 de
2965 3363 3154 3431 upifice
3204 3363 3318 3432 ipso
3361 3361 3546 3416 dicere

1959 3463 2079 3531 quis
2102 3460 2331 3531 poterit?
2359 3459 2421 3512 Et
2447 3457 2597 3521 vidit,
2629 3459 2729 3518 ait,
2759 3456 2896 3511 Deus
2921 3455 3054 3524 quod
3076 3464 3200 3509 esset
3221 3454 3420 3509 bonum.
3450 3453 3541 3507 13.

1964 3556 2030 3609 Et
2060 3560 2246 3625 factum
2275 3564 2345 3607 est
2371 3569 2568 3623 vespere
2590 3593 2603 3614 ,
2636 3562 2683 3605 et
2713 3554 2899 3622 faction
2931 3559 3000 3603 est
3022 3564 3187 3610 mane,
3213 3546 3318 3601 dies
3345 3548 3541 3600 tertius.

1960 3647 2121 3703 Vides
2142 3647 2409 3718 quomodo
2441 3644 2680 3699 iterando
2710 3640 3347 3712 frequenterdoctrinam,
3376 3639 3542 3691 menti

1964 3750 2156 3795 nostrie
2196 3739 2461 3794 dictm-utn
2493 3738 2594 3791 vim
2632 3736 2849 3805 infigere
2880 3732 3026 3788 vult?
3069 3729 3359 3800 Oportebat
3396 3729 3542 3782 enim

1962 3833 2139 3888 dicere
2164 3850 2175 3884 :
2213 3832 2275 3885 Et
2304 3832 2470 3884 factus
2496 3837 2577 3883 est
2609 3826 2723 3881 dies
2755 3826 2963 3879 tertius.
2993 3823 3096 3876 Sed
3123 3819 3243 3875 vide
3275 3816 3545 3889 quomodo

1963 3926 2029 3981 de
2056 3926 2273 3994 singulis
2301 3923 2489 3978 diebus
2516 3922 2591 3975 sic
2618 3920 2758 3974 dicat
2784 3937 2794 3971 :
2826 3917 2893 3971 Et
2922 3917 3111 3985 {actum
3138 3921 3208 3967 est
3234 3927 3432 3981 vespere
3450 3951 3464 3973 ,
3498 3922 3545 3963 et

1964 4024 2152 4091 factum
2191 4028 2262 4072 est
2300 4032 2464 4078 mane,
2513 4015 2617 4068 dies
2665 4012 2877 4068 tertius:
2920 4025 3027 4065 non
3072 4007 3401 4077 simpliciter,
3445 4019 3546 4059 nec

1964 4113 2163 4182 absque
2192 4125 2383 4165 causa:
2418 4107 2510 4162 sed
2545 4122 2609 4161 ne
2639 4106 2878 4160 ordinem
2915 4100 3300 4158 confundamus
3324 4140 3339 4165 ,
3372 4112 3547 4168 neque

1966 4215 2208 4274 putemus
2254 4217 2472 4272 vespera
2521 4202 2797 4270 ingruente
2851 4199 3005 4251 linem
3046 4193 3313 4263 accepisse
3362 4190 3544 4257 diem;

1963 4298 2056 4354 sed
2101 4299 2331 4353 sciamus
2371 4309 2646 4361 vesperam
2688 4292 2843 4345 finem
2889 4305 3007 4344 esse
3052 4287 3202 4351 lucis,
3250 4295 3302 4340 et
3352 4286 3551 4354 princi-

1963 4392 2107 4465 pium
2135 4390 2305 4444 noctis
2331 4404 2347 4441 ξ
2378 4402 2533 4440 mane
2571 4394 2746 4438 autem
2792 4382 2948 4435 finem
2991 4379 3194 4444 noctis,
3230 4386 3284 4431 et
3310 4376 3551 4444 corripie-

1967 4493 2201 4539 mentum
2227 4480 2353 4535 diei.
2380 4479 2490 4533 Iloc
2510 4478 2647 4532 enim
2671 4477 2863 4529 docere
2886 4487 2983 4526 nos
3006 4471 3116 4525 vult
3143 4470 3330 4524 beatus
3353 4467 3546 4531 Moses,

1966 4578 2146 4631 dicens
2171 4592 2184 4629 :
2218 4573 2285 4626 Et
2311 4572 2498 4641 factum
2520 4578 2591 4623 est
2619 4584 2837 4639 vespere,
2871 4576 2915 4618 et
2947 4567 3133 4635 factum
3161 4571 3230 4615 est
3258 4575 3421 4621 mane,
3442 4558 3552 4612 dies

1967 4670 2155 4723 tertius.
2191 4667 2252 4719 Et
2273 4681 2337 4719 ne
2364 4664 2593 4726 mireris,
2622 4660 2833 4721 diiCCle,
2861 4657 2903 4712 si
2928 4656 3039 4710 huic
3066 4669 3205 4724 smpe
3228 4663 3277 4705 et
3298 4651 3553 4709 continuo

1967 4762 2107 4815 dicat
2155 4758 2329 4812 divina
2380 4754 2671 4823 Scriptura.
2719 4750 2774 4805 Si
2824 4749 2962 4804 enim
3011 4756 3130 4815 post
3178 4754 3371 4799 tantam
3422 4742 3553 4795 dicti

1970 4854 2318 4923 frequentiam
2346 4848 2512 4904 Judaei
2552 4845 2725 4901 adlnte
2751 4856 2937 4897 errore
2965 4836 3315 4909 prtcoccnpati
3337 4877 3349 4898 ,
3380 4849 3552 4888 exem-

1969 4960 2090 5003 eato
2109 4945 2271 5002 corde
2292 4941 2642 5001 contendunt,
2667 4947 2720 4992 et
2742 4950 3013 5004 vesperam
3045 4931 3249 4985 initium
3281 4926 3556 4995 sequentis

1970 5041 2073 5095 diei
2119 5054 2237 5095 esse
2283 5037 2567 5106 opinantur
2594 5031 2701 5101 (ὁ),
2742 5028 3069 5096 decipieutes
3116 5020 3453 5088 semetipsos,
3502 5028 3557 5071 et

1970 5134 2145 5186 adbnc
2176 5131 2226 5184 in
2260 5128 2445 5182 umbra
2475 5124 2663 5181 sedent
2686 5164 2699 5186 ,
2734 5120 2955 5175 veritate
2981 5116 3226 5169 omnibus
3255 5111 3512 5181 patefacta
3541 5152 3554 5169 ,

1972 5236 2021 5279 et
2053 5224 2115 5277 ad
2146 5224 2416 5276 lucernam
2458 5215 2726 5276 assident,
2754 5212 2866 5264 sole
2901 5208 3117 5279 justitim
3160 5215 3326 5259 totum
3370 5201 3556 5253 m‘ilt‘m

1972 5316 2204 5385 undique
2226 5314 2541 5371 illustrante,
2566 5305 2666 5360 nisi
2690 5312 2829 5359 tanta
2858 5301 3125 5371 diligentia
3147 5306 3200 5353 et
3221 5293 3559 5349 accuratiqu

1973 5381 2264 5471 docuisset,
2297 5402 2455 5473 aliqui
2504 5411 2608 5453 tam
2654 5394 2959 5451 indocilium
3008 5388 3407 5445 contentionem
3456 5381 3558 5437 fere

1974 5511 2109 5559 rent.

2038 5613 2108 5669 (ιι)
2142 5617 2283 5660 Erant
2303 5622 2384 5660 om
2411 5608 2554 5656 astris
2577 5602 2721 5655 terrm
2747 5605 2971 5669 regimen
2996 5597 3348 5669 adscriberent.
3375 5652 3404 5669 Α

2040 5617 2086 5669 (τι
2142 5617 2283 5660 Erant
2303 5622 2384 5660 om
2411 5613 2554 5656 astris
2577 5614 2721 5655 terrze
2747 5613 2971 5659 regimen
2996 5613 3348 5648 atlscrlDCI'Ulll.
3394 5652 3404 5661 ι

2040 5613 2115 5738 (ei
2136 5674 2284 5725 Judzni
2307 5671 2531 5721 dicebant
2558 5680 2808 5731 vesperam
2836 5664 3018 5713 initium
3046 5672 3157 5710 esse
3180 5649 3558 5720 sequentudlel.
