3784 6240
236 170 305 224 53
1014 175 1071 223 δ.
1114 170 1395 224 1οᾹΝΝ15
1427 167 1883 226 CBRYSOSTOM

2059 168 2265 225 SHIEP.
2303 165 2847 224 CONSTANTINOP.
3573 171 3639 223 Μ

314 283 450 335 Ἀλλ’
477 284 670 337 ἐκεῖνοι
697 284 793 354 μὲν
813 282 909 353 τῆς
926 283 1129 345 οίκείας
1160 284 1346 347 ἀνοίας
1370 284 1788 355 ἀναμενέτωσαν
1814 282 1883 336 τά

234 356 518 441 ἐπίχειραο
548 372 707 440 ἡμεῖς
745 368 802 423 δὲ
842 370 890 422 οί
915 367 1337 433 καταξιωθέντες
1366 368 1464 432 τάς
1517 368 1885 441 μαρμαρυγὰς

232 456 485 522 δέξασθαι
515 457 605 509 τοῦ
628 457 780 527 ἡλίου
815 460 910 527 τῆς
938 455 1300 525 δικαιοσύνης,
1332 455 1646 526 πειθώμεθα
1684 460 1751 526 τῇ
1785 456 1884 525 τῆς

235 544 384 606 θείας
407 543 626 615 Γραφῆς
653 542 986 613 διδασκαλίᾳ,
1011 544 1103 594 καὶ
1135 541 1212 612 τῷ
1240 542 1423 595 κανόνι
1451 543 1653 613 ταύτης
1700 542 1884 608 ἐξακο-

232 629 564 694 λουθοῦντες,
603 629 744 682 οὓτω
789 628 857 682 τὰ
894 628 1019 699 ὐγιῆ
1052 629 1298 697 δόγματα
1351 628 1737 700 ἐναποθώμεθα
1774 633 1886 693 τοῖς

230 716 473 786 ταμείοις
497 716 595 785 τῆς
620 715 856 777 διανοίας
880 716 978 785 τῆς
1003 714 1293 785 ἡμετέρας,
1323 717 1417 769 καὶ
1453 716 1590 786 μετά
1618 718 1715 787 τῆς
1759 716 1883 770 τού-

231 819 339 854 των
391 803 638 873 φυλακῆς
698 801 899 874 πολλὴν
954 802 1209 874 πρόνοιαν
1238 803 1336 872 τῆς
1373 803 1579 856 ἑαυτῶν
1614 804 1886 875 σωτηρίας

230 887 530 958 ποιώμεθα,
565 890 659 942 καὶ
704 889 772 942 τὰ
812 888 1180 960 λυμαινόμενα
1226 889 1382 961 ήμῶν
1411 890 1510 960 τὴν
1544 891 1681 944 κατά
1708 890 1883 962 ψυχὴν

232 976 437 1042 ὐγίειαν
489 977 778 1047 φεύγωμεν
805 1016 821 1039 ,
869 977 1118 1047 καθάπερ
1164 977 1508 1048 δηλητηρίων
1554 979 1881 1049 φαρμάκων,

194 1064 447 1117 ’πάντων
500 1063 606 1118 τῶν
658 1063 911 1116 τοιούτων
969 1065 1318 1133 ἀπεχόμενοι.
1356 1065 1496 1118 Πολύ
1543 1067 1652 1136 γὰρ
1685 1063 1886 1136 μείζων

231 1151 423 1223 αὐτηή
460 1150 653 1222 βλάϐη,
683 1152 777 1205 καὶ
797 1150 1033 1221 τοσούτῳ
1066 1151 1283 1221 μείζων,
1310 1152 1418 1222 ὅσῳ
1449 1152 1595 1223 ψυχὴ
1637 1152 1886 1223 σώματος

233 1239 473 1309 βελτίων.
523 1240 737 1293 Ἐκεῖνα
768 1240 865 1309 μὲν
893 1241 999 1308 γὰρ
1030 1239 1099 1291 τά
1131 1238 1394 1309 φάρμακα
1443 1240 1533 1291 τὸν
1582 1241 1887 1310 σωματικὸν

231 1328 415 1381 τοῦτον
440 1327 665 1380 θάνατον
689 1328 883 1396 ἐπάγει.
903 1344 918 1358 ο
949 1328 1017 1379 τά
1043 1327 1100 1379 δὲ
1120 1326 1216 1397 τὴν
1254 1328 1465 1395 ὑγίειαν
1494 1339 1519 1367 ι
1568 1328 1665 1397 τῆς
1710 1327 1886 1399 ψυχῆς

231 1415 618 1486 λυμαινόμενα,
643 1415 732 1469 τὸν
758 1413 972 1467 αίώνιον
1014 1416 1147 1483 ἡμῖν
1187 1413 1411 1466 θάνατον
1450 1410 1719 1484 προξενεῖ.
1754 1414 1887 1470 Τίνα

232 1503 288 1556 δέ
318 1506 431 1555 ἐστι
464 1502 531 1555 τὰ
561 1502 929 1572 λυμαινόμενα
954 1502 1137 1571 ήμᾶς;
1169 1499 1341 1553 [Ιολλά
1378 1499 1476 1570 μὲν
1504 1501 1594 1554 καὶ
1634 1500 1884 1572 διάφορα,

235 1590 469 1661 μάλιστα
502 1588 558 1643 δὲ
600 1589 659 1642 τὸ
687 1590 819 1660 πρὸς
860 1588 959 1659 τὴν
1008 1586 1162 1651 δόξαν
1190 1587 1482 1657 ἐπτοῆσθαι
1513 1586 1626 1662 [58]
1661 1587 1759 1659 τὴν
1790 1590 1887 1641 ἀν·-

234 1678 529 1747 θρωπίνην,
564 1678 656 1730 καὶ⁵
683 1675 756 1747 μή
785 1675 977 1728 είδέναι
999 1674 1200 1746 ταύτης
1231 1675 1525 1746 ὐπερορᾷν.
1572 1674 1741 1729 Τοῦτο
1780 1676 1888 1747 γὰρ

236 1767 364 1836 ἡμῖν
391 1765 559 1818 αἴτιον
598 1763 805 1817 πολλῶν
828 1763 1036 1831 γίνεται
1085 1760 1292 1825 κακῶν,
1347 1764 1438 1815 καὶ
1466 1764 1516 1816 εί
1546 1780 1665 1816 τινα
1692 1763 1886 1834 ἔχομεν

234 1852 460 1906 πλοῦτον
489 1851 872 1921 πνευματικὸν,
914 1847 1099 1902 τοῦτον
1125 1852 1288 1910 κενοῖ,
1322 1850 1414 1902 καὶ
1460 1851 1697 1920 ἐρήμους
1745 1851 1892 1921 ἡμᾶς

234 1940 524 2011 καθίστησι
576 1939 676 2008 τῆς
709 1936 954 1991 ἐντεῦθεν
984 1936 1266 2006 ὠφελείας.
1321 1935 1384 1989 Τί
1435 1934 1527 1989 οὖν
1565 1936 1631 1990 ἂν
1681 1938 1890 2005 γένοιτο

234 2027 436 2098 ταύτης
466 2027 564 2096 τῆς
596 2025 773 2097 λύμης
826 2024 1230 2097 ὀλεθριώτερον,
1261 2025 1388 2077 ὅταν
1429 2026 1522 2077 καὶ
1546 2023 1582 2079 ἀ
1628 2025 1891 2095 δοκοῦμεν

235 2116 399 2184 ἔχειν,
433 2114 768 2183 ἀφίπτασθαι
789 2112 943 2184 ήμῶν
981 2111 1425 2181 παρασκευάζει;
1457 2111 1643 2175 Οῦτως
1670 2115 1698 2166 ὁ
1724 2114 1890 2185 Φαρι-

238 2204 385 2265 σαίος
412 2203 614 2263 ἐκεῖνος
640 2198 731 2254 τοῦ
758 2200 987 2253 τελώνου
1016 2200 1234 2269 γέγονεν
1261 2198 1516 2263 ἐλάττων,
1546 2200 1606 2252 οὐ
1640 2198 1891 2272 δυνηθεὶς

236 2286 504 2359 κρατῆσαι
531 2286 631 2356 τῆς
658 2286 862 2349 οἰκείας
891 2286 1158 2357 γλώττης,
1202 2285 1337 2338 ἀλλά
1364 2285 1429 2338 δι’
1457 2285 1689 2357 ἐκείνης.
1720 2286 1891 2341 καθά-

237 2392 343 2445 περ
375 2374 462 2428 διὰ
491 2374 702 2444 θυρίδος
729 2373 871 2437 τινὸς
899 2374 1092 2444 ἐκχέας
1116 2373 1290 2427 πάντα
1310 2373 1475 2425 αὐτοῦ
1516 2375 1607 2427 τὸν
1642 2374 1890 2429 πλοῦτον.

237 2461 499 2515 Τοσοῦτόν
525 2463 641 2513 ἐστι
674 2459 946 2528 κενοδοξία
984 2459 1185 2515 κακόν.¹

308 2555 381 2612 ς’.
406 2547 539 2600 Είπέ
560 2549 667 2619 γάρ
690 2563 800 2618 μοι,
822 2547 966 2608 τίνος
984 2547 1168 2603 ἕνεκεν
1191 2549 1284 2601 καὶ
1302 2548 1391 2603 διά
1413 2547 1466 2601 τί
1487 2548 1747 2619 ἐπτόησαι
1766 2548 1892 2619 περὶ

236 2638 325 2689 τὸν
366 2636 472 2689 τῶν
504 2635 807 2707 ἀνθρώπων
854 2634 1104 2701 ἐπαινονς
1142 2636 1253 2689 Οὐκ
1299 2632 1474 2701 οἶσθα,
1521 2638 1603 2689 ὅτι
1641 2635 1892 2707 καθάπερ

238 2723 387 2786 σκιά,
417 2725 511 2776 καὶ
532 2724 583 2776 εἴ
610 2740 661 2775 τι
688 2721 891 2793 ταύτης
920 2722 1313 2794 εὐτελέστερον,
1339 2724 1510 2786 οὔτως
1532 2725 1560 2775 ὁ
1593 2724 1739 2795 παρὰ
1768 2726 1894 2777 τού-

236 2828 344 2864 των
386 2812 412 2850 b
446 2811 663 2874 ἔπαινος
693 2811 771 2873 είς
811 2809 901 2864 τὸν
924 2809 1059 2881 ἀέρα
1078 2809 1349 2881 διαχυθεὶς
1378 2809 1729 2878 ἀφανίζεται;
1765 2810 1893 2862 Ἀλ-

237 2900 344 2965 λως
386 2917 443 2953 τε
475 2901 568 2951 καὶ
604 2898 1028 2971 εὐπερίτρεπτος
1076 2900 1170 2952 καὶ
1216 2897 1612 2968 εὐμετάϐλητός
1660 2898 1804 2950 ἐστιν
1860 2901 1891 2969 ή

238 2989 345 3039 τῶν
373 2984 670 3056 ἀνθρώπων
703 2984 884 3053 φύσις,
914 2985 1008 3036 καὶ
1038 2984 1088 3036 οἱ
1130 2985 1283 3037 αὐτοὶ
1317 2983 1410 3037 νῦν
1457 2985 1554 3053 μὲν
1588 2982 1888 3049 ἐπαινοῦσι,

239 3072 333 3126 νῦν
366 3072 421 3125 δὲ
450 3070 732 3135 κακίζουσι
754 3072 843 3123 τὸν
873 3071 1034 3124 αὐτόν
1059 3087 1072 3101 ·
1101 3072 1192 3125 ἐπὶ
1220 3071 1275 3125 δὲ
1302 3072 1401 3141 τῆς
1430 3070 1522 3125 τοῦ
1547 3070 1681 3124 Θεοῦ
1712 3072 1891 3141 ψήφου

239 3163 337 3214 οὐκ
363 3160 428 3213 ἀν
456 3176 583 3212 ποτε
632 3157 789 3211 τοῦτο
835 3157 1063 3226 γένοιτο.
1108 3158 1199 3228 Μὴ
1231 3157 1406 3211 τοίνυν
1458 3157 1673 3229 ἀνόητοι
1722 3153 1891 3229 ὦμεν,

242 3249 374 3320 μηδὲ
402 3246 524 3318 εἰκῆ
549 3246 642 3300 καλ.
673 3247 846 3317 μάτην
881 3247 1103 3310 ἐαυτούς
1123 3246 1435 3316 ἀπατῶμεν.
1453 3247 1567 3300 Κᾶν
1598 3248 1706 3315 γὰρ
1730 3246 1896 3298 ποιῶ-

243 3338 344 3407 μέν
380 3352 433 3389 τι
476 3333 700 3404 ἀγαθὸν,
734 3334 808 3406 μὴ
862 3334 950 3388 διὰ
978 3332 1137 3387 τοῦτο
1166 3333 1222 3387 δὲ
1263 3334 1420 3403 μόνον
1464 3334 1595 3387 αὐτὸ
1622 3334 1899 3405 μετερχώ·⁸

243 3424 403 3495 μεΟα,
447 3423 532 3476 ίνα
562 3422 661 3492 τὴν
690 3420 905 3491 ἐντολὴν
935 3418 1310 3491 πληρώσωμεν
1347 3419 1440 3474 τοῦ
1490 3421 1757 3492 ἡμετέρου
1804 3425 1900 3474 Δε-

244 3513 460 3575 σπότου,
480 3510 717 3579 κάκείνῳ
747 3509 893 3580 μόνῳ
912 3508 1175 3580 γνώριμοι
1201 3508 1508 3579 γενώμεθα,
1539 3510 1660 3581 είκῆ
1686 3508 1776 3562 τὸν
1801 3508 1898 3562 πό-

241 3617 329 3651 νον
363 3598 725 3669 ὐπομένομεν.
754 3596 847 3649 τοῦ
874 3595 1121 3649 ἐντεῦθεν
1157 3596 1367 3666 καρποῦ
1401 3598 1625 3659 ἑαυτοὺς
1662 3597 1895 3649 ἀποστε-

243 3685 480 3755 ροῦντες.
520 3685 577 3737 Ὁ
608 3684 716 3755 γάρ
750 3683 836 3737 διά
865 3684 925 3736 τὸ
958 3683 1225 3753 Θηρᾶσθαι
1248 3683 1343 3754 τὴν
1380 3683 1527 3755 παρὰ
1554 3682 1661 3735 τῶν
1690 3681 1897 3754 ἀνθρώ-

243 3791 359 3825 πων
391 3772 547 3836 δόξαν
577 3789 629 3825 τι
666 3771 774 3824 τῶν
802 3770 1018 3836 ἀγαθῶν
1063 3770 1446 3841 ἐργαζόμενος,
1478 3771 1579 3824 κάν
1611 3787 1670 3823 τε
1696 3769 1897 3840 ταύτης

240 3860 543 3930 ἀπολαῦσαι
581 3858 802 3929 δυνηθῇ,
852 3858 954 3911 κάν
981 3874 1039 3909 τε
1072 3858 1144 3928 μή
1172 3875 1185 3888 θ
1225 3857 1479 3921 πολλάκις
1528 3858 1636 3929 γὰρ
1685 3859 1777 3911 καὶ
1808 3859 1899 3912 διά

245 3948 399 4000 τοῦτο
421 3946 595 3999 πάντα
630 3949 883 4015 πράττων
911 3943 1030 3996 οὐδέ
1063 3945 1339 4013 ἐπιτυχεῖν
1365 3944 1565 4013 ταύτης
1590 3944 1894 4016 δυνήσεται·

244 4035 344 4088 κάν
369 4050 429 4085 τε
449 4029 540 4085 οὐν
576 4030 824 4099 ἐπιτύχῃ,
849 4030 949 4083 κᾶν
976 4046 1036 4082 τε
1074 4030 1342 4103 ἀποτύχῃ,
1376 4031 1646 4101 ἀρκοῦσαν
1677 4032 1897 4103 εἴληφεν

244 4118 477 4173 ἐνταῦθα
506 4116 603 4187 τὴν
630 4116 883 4186 ἀμοιϐήν,
910 4117 1004 4169 καὶ
1034 4115 1288 4185 οὐδεμίαν
1328 4116 1554 4187 λήψεται
1609 4119 1723 4170 ἐκεῖ
1757 4119 1898 4190 ὑπὲρ

242 4207 433 4260 τούτου
464 4203 813 4257 ἀνταπόδοσιν
846 4213 893 4258 θ.
930 4202 1027 4255 Διά
1051 4203 1131 4269 τί;
1166 4203 1378 4274 Ἐπειδὴ
1396 4203 1677 4276 προλαϐὼν
1704 4206 1895 4259 ἑαυτὸν

244 4295 581 4364 ἀπεστέρησε
601 4293 697 4360 τῆς
722 4292 869 4362 παρά
892 4292 985 4345 τοῦ
1003 4291 1189 4365 κριτοῦ
1207 4292 1791 4364 φιλοτιμίας,προτιμή
1802 4312 1899 4358 σας

244 4385 313 4437 τά
338 4383 575 4454 παρόντα
589 4382 694 4435 τῶν
719 4382 1017 4453 μελλόντων
1039 4422 1052 4445 ,
1078 4383 1171 4435 καὶ
1186 4383 1282 4452 τήν
1305 4382 1453 4455 παρά
1467 4384 1572 4436 τῶν
1597 4383 1897 4452 ἀνθρώπων

244 4472 401 4536 δόξαν
424 4471 520 4541 τῆς
551 4470 728 4540 ψήφου
766 4470 859 4522 τοῦ
888 4470 1094 4523 δικαίου
1125 4469 1331 4540 κριτοῦ.
1367 4470 1533 4525 Πάλιν
1560 4470 1626 4524 ἂν
1666 4472 1733 4525 δι’
1768 4472 1898 4525 αὐτὸ

246 4558 404 4610 τοῦτο
436 4557 591 4628 μόνον
634 4556 994 4628 ἐργαζώμεθά
1042 4575 1092 4609 τι
1141 4558 1247 4610 τῶν
1296 4559 1701 4629 πνευματικῶν,
1754 4557 1895 4612 ὥστε

248 4645 439 4714 ἐκείνῳ
476 4643 632 4714 μόνον
658 4644 849 4715 ἀρέσαι
882 4643 957 4713 τῷ
988 4644 1269 4717 ἀκοιμήτῳ
1298 4644 1580 4716 ὀφθαλμῷ,
1632 4639 1676 4713 ᾧ
1723 4646 1898 4699 πάντα

247 4732 430 4804 γυμνά
455 4734 569 4785 ἐστι
611 4734 704 4785 καὶΙ
738 4731 1220 4803 τετραχηλισμένα,
1263 4734 1356 4786 καὶ
1401 4735 1430 4787 ό
1458 4731 1724 4805 θησαυρὸς
1766 4736 1900 4803 ήμῖν

248 4821 518 4884 ἀνάλωτος
559 4819 742 4891 μένει,
779 4820 875 4873 καλ⁸
918 4820 987 4872 τά
1024 4820 1121 4889 τῆς
1166 4820 1396 4891 ἀμοιϐῆς
1432 4820 1687 4891 ἀκέραια,
1723 4822 1818 4874 καὶ
1865 4823 1896 4889 ή

250 4911 459 4984 χρηστὴ
517 4908 808 4981 προσδοκία
863 4909 1106 4963 ἐντεῦθεν
1157 4912 1287 4980 ήμῖν
1316 4910 1416 4979 ήδη
1446 4910 1643 4980 πολλὴν
1674 4910 1901 4980 παρέχει

248 5001 346 5073 τὴν
379 4998 750 5070 παραμυθίαν,
780 4998 872 5050 καὶ
898 4997 1033 5066 μετά
1060 4996 1152 5049 τοῦ
1188 5000 1245 5049 ἐν
1273 4995 1455 5067 ἀσύλῳ
1490 4997 1720 5068 ταμιείῳ
1758 4998 1901 5050 ἐκεί-

249 5106 349 5157 νην
372 5088 501 5157 ήμῐν
527 5082 975 5153 διαφυλάττεσθαι
1000 5083 1098 5153 τήν
1123 5082 1378 5154 ἀμοιϐήν,
1414 5084 1508 5137 καὶ
1536 5086 1572 5154 ὴ
1619 5084 1770 5155 παρά
1794 5083 1901 5138 τῶν

252 5172 550 5244 ἀνθρώπων
571 5172 951 5242 ἀκολουθήσειε
982 5170 1128 5238 δόξα.
1179 5171 1310 5223 Τότε
1336 5170 1444 5240 γάρ
1481 5170 1654 5240 αὐτῆς
1703 5171 1901 5240 μᾶλλον

256 5260 393 5333 μετὰ
418 5258 694 5327 δαψιλείας
740 5257 1105 5329 ἀπολαύομεν,
1138 5258 1266 5312 ὅταν
1298 5258 1467 5329 αὐτῆς
1520 5258 1900 5328 ὐπερορῶμεν,

250 5352 378 5401 ὅταν
407 5345 574 5415 αὐτὴν
611 5345 685 5415 μὴ
713 5343 984 5414 ζητῶμεν,
1012 5345 1138 5397 ὅταν
1164 5343 1332 5415 αὐτὴν
1360 5344 1433 5415 μή
1464 5343 1766 5414 διώκωμεν.
1796 5347 1905 5398 Καὶ

252 5440 303 5491 τί
338 5434 653 5505 Θαυμάζεις,
686 5435 733 5485 εί
790 5432 881 5484 ἐπὶ
910 5431 1016 5486 τῶν
1046 5433 1144 5504 τὴν
1175 5433 1548 5504 πνευματικὴν
1580 5433 1900 5503 φιλοσοφίαν

313 5560 339 5588 ⁸
375 5556 576 5617 Quidam
602 5568 718 5603 mss.
741 5558 794 5602 el
818 5552 963 5617 Savil.
988 5557 1045 5614 τῇ
1079 5552 1253 5617 ὐγιείᾳ.
1289 5553 1463 5603 Morel.
1489 5556 1574 5611 τήν
1610 5555 1804 5615 ὑγιείαν,
1850 5562 1901 5604 cl

252 5620 369 5673 infra
394 5614 480 5666 ille
504 5619 630 5677 ὑμῖν,
651 5617 729 5664 hic
748 5617 873 5675 ἡμᾶς
894 5614 1224 5677 λυμαινόμεναζ

311 5682 338 5720 b
373 5683 450 5727 διε
471 5675 616 5727 βαίη.
648 5685 697 5723 οι
718 5690 816 5723 mss
849 5692 863 5731 ς
894 5675 1059 5723 Morel.
1088 5678 1113 5722 ὁ
1135 5678 1296 5737 παρὼν
1316 5676 1509 5724 τούτων.

316 5751 341 5780 ο
366 5742 562 5790 l’nmml
593 5742 672 5796 τήν
697 5740 944 5787 ἀντίδοσιν.
979 5737 1081 5787 Nux
1114 5735 1282 5786 Μυιίιί.
1314 5739 1404 5786 ἀπὸ
1438 5736 1519 5785 τοῦ
1543 5735 1719 5802 κριτοῦ.

1987 284 2279 353 μετιόντων
2329 284 2487 337 τοῦτο
2513 282 2740 352 γίνεται,
2770 283 2901 336 ὅπου
2932 299 2995 350 γε
3051 282 3147 336 καὶ
3164 282 3255 336 ἐπὶ
3277 283 3383 336 τῶν
3414 285 3539 355 περὶ
3572 285 3641 337 τά

1982 361 2075 414 τοῦ
2104 362 2306 431 κόσμου
2341 363 2634 433 πράγματα
2660 361 3043 429 ἐπτοημένων,
3088 360 3293 414 τούτων
3326 362 3558 431 μάλιστα
3586 366 3637 416 οί

1985 438 2203 502 πλείους
2249 439 2668 511 καταφρονοῦσι,
2702 440 2796 492 καλ⁸
2842 437 3147 509 ὑπερορῶσι
3204 438 3312 491 τῶν
3364 440 3637 509 ἐπιζητεῖν

1986 515 2325 585 βουλομένων
2342 521 2441 587 τήν
2470 517 2620 589 παρὰ
2653 517 2760 570 τῶν
2790 515 3089 587 ἀνθρώπων
3112 518 3405 589 εὐφημίαν,
3432 520 3526 573 καὶ
3549 520 3640 572 εὐ·

1987 598 2175 666 ρήσεις
2205 600 2352 669 παρὰ
2378 601 2591 653 πάντων
2629 600 2824 660 αὐτοὺς
2856 600 3271 669 σκωπτομένους
3303 600 3395 653 ἐπὶ
3433 601 3512 672 τῷ
3536 602 3643 670 τῆς

1986 676 2289 741 κενοδοξίας
2315 677 2692 746 ἐφίεσθαι;Τί
2736 673 2827 730 οὖν
2873 676 3197 745 ἀθλιώτερον
3248 678 3463 745 γένοιτο.
3482 679 3645 750 ήμῶν

1984 754 2093 807 τῶν
2142 756 2209 809 τὰ
2258 755 2602 822 πνευματικά
2652 755 2962 825 μετιόντων,
3009 756 3057 807 εί
3104 755 3392 827 μέλλοιμεν
3438 759 3642 828 ὁμοίως

1987 835 2212 897 ἐκείνοις
2248 834 2371 905 περὶ
2402 834 2500 898 τάς
2532 834 2638 887 τῶν
2676 833 2973 902 ἀνθρώπων
3022 835 3304 904 κεχηνέναι
3344 836 3646 906 εὐφημίας,

1988 916 2080 967 καὶ
2115 914 2187 985 μὴ
2211 913 2496 985 ἀρκεῖσθαι
2537 913 2614 984 τῷ
2638 913 2840 983 ἐπαίνῳ
2872 912 3123 987 τῷγπαρά
3144 913 3235 967 τοῦ
3269 915 3437 980 Θεοῦ;
3469 917 3645 987 καθά-

1990 1010 2092 1064 περ
2116 995 2260 1046 καὶὸ
2293 992 2498 1057 Παῦλός
2542 1009 2728 1063 φησιν.
2774 989 2858 1049 Οὗ
2907 997 2939 1047 ό
2980 991 3092 1065 [39]
3124 995 3366 1059 ἔπαινος
3401 997 3511 1048 οὐκ
3572 986 3645 1059 ἐξ

1987 1071 2327 1139 ἀνθρώπων,
2350 1072 2486 1126 ἀλλ’
2517 1073 2585 1126 ἐκ
2606 1070 2711 1125 τοῦ
2740 1071 2905 1125 Θεοῦ.
2932 1074 3042 1141 Οὐχ
3068 1074 3221 1142 ὁρᾷς,
3252 1073 3525 1141 ἀγαπητὲ,
3546 1075 3645 1125 καὶ

1989 1154 2044 1202 ἐν
2081 1153 2196 1212 ταῖς
2228 1150 2606 1220 ίπποδρομίαις
2631 1193 2645 1215 ,
2677 1152 2821 1211 ὅπως
2854 1151 2903 1201 οί
2922 1150 3045 1212 τούς
3080 1152 3279 1211 ἵππους
3306 1149 3645 1213 ἐλαύνοντες,

1989 1230 2187 1291 παντὸς
2216 1227 2308 1282 τοῦ
2334 1228 2507 1298 δήμου
2535 1229 2864 1300 καθημένου,
2896 1230 2987 1281 καὶ
3021 1229 3218 1300 μυρίας
3245 1229 3514 1299 εὐφημίας
3543 1247 3647 1282 xa-

1986 1307 2271 1378 ταχέοντος
2296 1309 2397 1362 οὐκ
2422 1309 2861 1381 ἐπιστρέφονται.
2893 1308 3013 1361 οὐδὲ
3066 1308 3256 1379 ήδονὴν
3290 1310 3389 1378 τὴν
3430 1311 3495 1362 ἐκ
3541 1310 3646 1378 τῆς

1989 1387 2210 1439 ἐκείνων
2264 1386 2539 1457 εὐφημίας
2587 1387 2943 1457 καρποῦνται,
2996 1385 3130 1439 ἀλλά
3186 1386 3317 1457 πρὸς
3353 1388 3446 1438 ἕνα
3484 1387 3645 1457 μόνον

1989 1466 2152 1537 ὁρῶσι
2187 1466 2277 1518 τὸν
2307 1465 2528 1535 βασιλέα
2552 1464 2640 1518 τὸν
2672 1469 2729 1519 ἐν
2755 1466 2905 1536 μέσῳ
2946 1464 3269 1534 καθήμενον,
3298 1466 3390 1517 καὶ
3414 1466 3491 1535 τῷ
3516 1465 3643 1519 νεύ-

1993 1563 2121 1615 ματι
2153 1548 2359 1601 ἐκείνου
2394 1548 2754 1621 προσέχοντες
2780 1547 2981 1611 παντὸς
3020 1545 3326 1620 ὑπερορῶσι
3372 1547 3466 1601 τοῦ
3502 1550 3643 1620 πλή-

1990 1625 2135 1689 θους,
2184 1628 2279 1680 καὶ
2326 1628 2445 1681 τότε
2479 1627 2637 1698 μόνον
2670 1628 2807 1697 μέγα
2834 1625 3141 1698 φρονοῦσιν,
3188 1627 3404 1681 ἐπειδὰν
3437 1630 3646 1694 ἐκεῖνος

1988 1706 2184 1769 αὐτοὺς
2208 1706 2235 1745 ἀ
2268 1706 2619 1779 στεφανώσῃς
2645 1706 2878 1770 Τούτους
2929 1706 2994 1776 δή
3043 1706 3135 1761 καὶ
3168 1705 3233 1758 σὺ
3287 1706 3643 1778 μιμούμενος,

1992 1785 2066 1855 μὴ
2124 1785 2289 1840 πολὺν
2327 1786 2482 1854 λόγον
2533 1785 2685 1839 ποιοῦ
2725 1787 2821 1857 τῆς
2851 1784 2959 1839 τῶν
3005 1783 3303 1856 ἀνθρώπων
3349 1785 3644 1856 εὐφημίας.

1992 1866 2125 1935 μηδέ
2153 1864 2243 1918 διὰ
2268 1864 2423 1918 τοῦτο
2446 1864 2544 1934 τὴν
2564 1863 2762 1935 ἀρετὴν
2792 1864 3076 1935 μετέρχου,
3097 1863 3233 1916 ἀλλά
3253 1865 3351 1935 τὴν
3373 1866 3524 1935 παρά
3546 1866 3645 1919 τοῦ

1988 1946 2196 1999 δικαίου
2230 1944 2417 2017 κριτοῦ
2449 1944 2627 2014 ψῆφον
2656 1943 2911 2013 ἀνάμενε,
2943 1944 3039 1997 καὶ
3069 1942 3146 2013 τῷ
3179 1943 3387 1997 ἐκείνου
3414 1943 3646 2014 νεύματι

1990 2026 2293 2096 προσέχων,
2326 2024 2495 2086 οὕτως
2546 2040 2639 2076 σου
2673 2023 2764 2075 τὸν
2795 2021 2905 2092 βίον
2947 2022 3157 2075 ἅπαντα
3204 2022 3497 2091 οίκονόμει,
3557 2024 3649 2078 ἴνα

1989 2109 2081 2159 καὶ
2104 2105 2336 2159 ἐνταῦθα
2359 2102 2620 2171 διηνεκῶς
2641 2100 2708 2176 ᾖς
2734 2104 2853 2163 ταῖς
2872 2103 3132 2171 χρησταῖς
3154 2101 3332 2154 ἐλπίσι
3348 2102 3646 2176 ῌτρεφόμε-

1988 2201 2096 2247 νος,
2127 2185 2287 2237 κάκεῖ
2312 2182 2419 2235 τῶν
2445 2172 2676 2236 αἰωνίων
2702 2180 3013 2250 ἀπολαύσῃς
3062 2179 3300 2248 ἀγαθῶν,
3336 2172 3416 2234 ὧν
3435 2180 3647 2249 γένοιτο

1990 2264 2198 2326 πάντας
2228 2264 2373 2334 ἡμᾶς
2407 2264 2702 2331 ἐπιτυχεῖν,
2753 2261 2933 2330 χάριτι
2977 2259 3086 2334 καλἈ
3121 2259 3502 2332 φιλανθρωπίᾳ
3550 2262 3647 2315 τοῦ

1990 2342 2192 2413 Κυρίου
2223 2332 2377 2411 ήμῶν
2413 2340 2587 2410 Ἰησοῦ
2615 2337 2873 2409 Χριστοῦ,
2897 2337 3012 2407 μεθ’
3032 2332 3091 2391 οὗ
3112 2338 3190 2409 τῷ
3214 2339 3410 2412 Πατρὶ,
3432 2340 3549 2411 ἅμα
3569 2341 3646 2411 τῷ

1990 2423 2129 2492 ἁγίῳ
2155 2421 2450 2489 Πνεύματι,
2480 2418 2626 2484 δόξα,
2651 2419 2868 2490 κράτος,
2896 2416 3050 2488 τιμὴ,
3082 2418 3175 2471 νῦν
3196 2422 3288 2473 καὶ
3310 2420 3419 2486 ἀεὶ,
3449 2424 3545 2475 καὶ
3565 2424 3651 2488 είς

1992 2503 2121 2565 τοὺς
2150 2499 2350 2562 αἰῶνας
2378 2498 2484 2552 τῶν
2507 2497 2737 2554 αίώνων.
2773 2499 2966 2569 Ἀμήν.

2657 2620 2899 2675 οΜιΑιΑ
2926 2624 3013 2688 ς’.

1993 2728 2097 2783 Καὶ
2142 2722 2310 2809 εἶπεν
2364 2729 2397 2780 ό
2431 2725 2573 2805 Θαίς
2597 2742 2610 2756 ·
2639 2724 3108 2809 ,Γενηθήτωσανη
3128 2726 3449 2809 φωστῆρες
3469 2728 3540 2781 ἐν
3556 2727 3657 2809 ξῷ

2060 2797 2413 2877 στερεώματι
2450 2795 2553 2848 τοῦ
2589 2794 2847 2862 οὐρανοῦ
2882 2798 2977 2875 είς
2991 2794 3217 2864 ψαῦσιν
3241 2796 3338 2848 ἐπί
3375 2794 3481 2862 τῆς
3508 2795 3584 2867 γῆ
3630 2839 3649 2861 ,

2060 2885 2164 2920 του
2186 2863 2548 2936 διαχωρίζὲιν
2577 2863 2883 2936 άναμέσρν
2907 2882 3015 2932 της
3043 2864 3260 2934 ἡμέρας
3292 2866 3387 2919 καί
3427 2819 3649 2936 dra};—

2059 2863 2547 2933 τοῦδιάχωρίζὲιν
2577 2863 2883 2934 ἀναμέσων
2907 2864 3015 2932 τῆς
3043 2864 3260 2934 ἡμέρας
3292 2866 3387 2919 καί
3427 2863 3650 2936 ἀνὰμέ.

2061 2954 2175 2990 σον
2221 2936 2331 3002 τῆς
2377 2934 2626 3001 νυκτὸς,
2673 2933 2770 2987 καὶ
2800 2933 3083 3004 ἔστωσαν
3127 2938 3211 3002 εὶς
3250 2935 3489 3004 σημεῖα,
3546 2938 3657 2993 καί

2059 3011 2146 3074 εἰς
2184 3005 2426 3075 καιροὺς
2459 3004 2556 3058 καί
2583 3006 2669 3069 εις
2696 3003 2936 3073 ἡμέρας,
2965 3004 3062 3057 καὶ
3094 3007 3179 3072 εις
3208 3003 3536 3073 ἐνιαυτούς.

2060 3129 2132 3183 α’,
2168 3128 2433 3198 Βούλομαι
2463 3126 2558 3195 τῆς
2594 3124 2854 3196 συνήθους
2888 3125 3122 3195 ἅψασθαι
3153 3126 3517 3193 διδασκαλίας,
3551 3132 3652 3185 καὶ

1992 3208 2154 3271 ὀκνῶ,
2188 3208 2282 3260 καὶ
2307 3204 2631 3274 ἀναδύομαι·
2671 3206 2831 3274 νέφος
2867 3204 2975 3277 γάρ
3008 3206 3243 3274 ἀθυμίας
3276 3206 3497 3261 ἐπελθὸν
3528 3224 3661 3261 συν-

1996 3292 2114 3358 έχεε
2136 3287 2227 3339 καὶ
2260 3283 2585 3353 συνετάραξέ
2619 3301 2718 3354 μου
2764 3285 2855 3338 τὸν
2898 3286 3183 3356 λογισμόν·
3218 3287 3412 3355 μᾶλλον
3442 3286 3501 3340 δέ
3549 3288 3656 3343 οὐκ

1994 3366 2231 3436 ἀθυμίας
2260 3364 2439 3435 μόνον,
2460 3363 2592 3416 ἀλλά
2624 3366 2718 3418 καὶ
2747 3364 2939 3435 θυμοῦ,
2964 3367 3058 3419 καὶ
3074 3368 3172 3419 οὐκ
3191 3363 3287 3420 οἷδ’
3310 3368 3338 3420 ὅ
3360 3385 3412 3420 τι
3436 3368 3652 3439 πράξων

1994 3444 2196 3515 ἀπορία
2222 3442 2329 3513 γὰρ
2358 3442 2577 3511 κατέχει
2618 3442 2715 3513 τὴν
2751 3443 3004 3497 διάνοιαν.
3042 3445 3206 3497 Ὅταν
3240 3445 3349 3515 γάρ
3388 3448 3653 3516 ἐννοήσω,

1994 3525 2076 3578 ὃτι
2111 3523 2306 3595 μικρὸν
2339 3522 2667 3586 πνεύσαντος
2704 3524 2800 3576 τοῦ
2828 3522 3093 3583 διαϐόλου,
3124 3526 3300 3578 πᾶσαν
3324 3524 3476 3593 ήμῶν
3506 3527 3656 3580 ἐκεί-

1996 3622 2092 3675 νην
2109 3604 2203 3674 τὴν
2227 3602 2420 3673 συνεχῆ
2443 3602 2812 3667 διδασκαλίαν,
2836 3602 3037 3672 καὶτήν
3060 3597 3433 3675 καθημερινὴν
3459 3608 3656 3676 παραί-

1994 3700 2140 3736 νεσιν
2169 3681 2303 3753 λήθῃ
2338 3681 2687 3752 παραδόντες,
2717 3684 2796 3744 είς
2821 3681 2919 3752 τὴν
2942 3681 3231 3752 σατανικὴν
3255 3684 3476 3753 πομπὴν
3509 3685 3655 3737 ἐκεί-

1995 3780 2091 3834 νην
2124 3762 2360 3824 ἅπαντες
2387 3760 2545 3832 δεδρα
2556 3761 2785 3831 μήκατε,
2818 3761 2914 3829 τήν
2941 3761 3297 3832 ἱπποδρομίαν
3325 3761 3657 3816 καταλαϐόν·

1994 3859 2108 3905 τες,
2138 3840 2264 3911 ποίᾳ
2323 3838 2602 3910 προθυμία
2646 3837 2938 3909 δυνήσομαι
2981 3839 3140 3893 πάλιν
3172 3838 3268 3909 τὴν
3323 3838 3458 3909 πρὸς
3507 3840 3655 3909 ὑμᾶς

1999 3920 2327 3991 ποιήσασθαι
2357 3916 2721 3980 διδασκαλίαν,
2758 3917 2865 3970 τῶν
2910 3918 3191 3988 προτέρων
3243 3915 3414 3980 οὕτως
3457 3916 3656 3988 ἀθρόον

1994 3997 2354 4069 διαρρυέντων
2375 4014 2389 4061 ;
2409 3996 2481 4048 Τὸ
2496 3996 2605 4067 γὰρ
2624 3995 2854 4065 μάλιστα
2876 3995 3138 4048 ἐπιτείνόν
3162 4013 3250 4066 μοι
3270 3994 3367 4067 τήν
3384 3995 3622 4066 ἀθυμίαν
3638 4035 3653 4056 ,

1997 4078 2090 4130 καὶ
2121 4074 2478 4147 σφοδρότερόν
2502 4091 2590 4144 μοι
2606 4074 2697 4128 τὸν
2725 4074 2892 4145 θυμὸν
2911 4072 3273 4146 ἐργαζόμενον
3305 4073 3460 4128 τοῦτό
3482 4076 3654 4135 ἐστιν,

1995 4156 2077 4208 ὅτι
2112 4154 2249 4224 μετά
2282 4153 2383 4223 τῆς
2418 4154 2790 4223 παραινέσεως
2819 4151 2918 4222 τῆς
2946 4154 3238 4225 ἡμετέρας,
3264 4153 3357 4206 καὶ
3393 4153 3491 4224 τὴν
3519 4153 3659 4207 αἰδῶ

1996 4238 2095 4305 τῆς
2121 4233 2279 4301 ἀγίας
2307 4231 2749 4301 τεσσαρακοστῆς
2777 4230 3056 4294 ἐξεϐάλετε
3085 4232 3184 4300 τῆς
3218 4230 3423 4285 ἑαυτῶν
3452 4230 3653 4303 ψυχῆς,

1999 4318 2091 4369 καὶ
2113 4314 2252 4367 οὕτω
2275 4314 2388 4374 τοῖς
2408 4312 2501 4364 τοῦ
2525 4310 2769 4364 διαϐόλου
2800 4310 3034 4373 δικτύοις
3052 4312 3277 4373 ἑαυτοὺς
3297 4308 3626 4363 ἐκδεδώκατε
3640 4352 3653 4364 .

1998 4393 2120 4457 Πῶς
2153 4392 2216 4446 ἄν
2258 4408 2341 4454 τις
2373 4390 2646 4460 δυνηθείη,
2694 4388 2796 4443 κᾶν
2845 4389 3048 4460 λιθίνην
3090 4389 3188 4462 ἔχῃ
3223 4390 3417 4461 ψυχὴν,
3465 4392 3658 4461 πράως

1997 4473 2238 4540 ἐνεγκεῖν
2258 4468 2357 4540 τὴν
2372 4467 2636 4535 τοσαύτην
2667 4467 2820 4538 ὐμῶν
2842 4468 3160 4539 όλιγωρίαν;
3190 4468 3540 4538 Αἰσχύνομαι,
3566 4485 3656 4519 m-

1998 4553 2122 4607 στεύ
2132 4567 2278 4615 σατε,
2293 4550 2387 4603 καὶ
2399 4547 2652 4619 ἐρυθριῶ,
2664 4548 2791 4600 ὅταν
2809 4548 2900 4601 ίδω
2919 4548 3093 4617 μάτην
3108 4549 3140 4618 ή
3149 4548 3255 4618 μᾶς
3272 4546 3655 4617 πονουμένους,

1998 4633 2092 4685 καὶ
2131 4633 2209 4691 είς
2251 4628 2454 4698 πέτρας
2488 4626 2580 4679 τὸν
2627 4626 2826 4697 σπόρον
2870 4625 3320 4689 καταϐάλλοντας.
3359 4624 3493 4678 Ἀλλ’
3529 4628 3658 4695 ἐμοὶ

2002 4714 2101 4779 μὲν
2158 4712 2258 4765 κᾶν
2316 4727 2375 4763 τε
2437 4709 2672 4777 ἀκούητε
2723 4709 2831 4762 τῶν
2885 4709 3227 4778 λεγομένων.
3260 4708 3360 4761 κάν
3389 4724 3442 4760 τε
3475 4725 3655 4779 παρα.

1999 4798 2215 4869 κούητε,
2248 4795 2317 4847 τά
2353 4794 2460 4847 τῶν
2490 4793 2693 4863 μισθῶν
2718 4791 3101 4863 ἀπηρτισμένα
3121 4789 3397 4860 τυγχάνει.
3445 4790 3516 4841 Τὸ
3548 4790 3659 4861 γάρ

2001 4878 2234 4951 ἐμαυτοῦ
2266 4879 2372 4931 πᾶν
2401 4875 2569 4929 ποιῶν
2593 4875 2863 4928 διετέλεσα
2883 4913 2897 4936 ,
2925 4876 3019 4927 καὶ
3048 4872 3109 4926 τὸ
3134 4872 3393 4943 ἀργύριον
3422 4871 3657 4924 κατέϐας

2000 4961 2110 5027 λον,
2162 4962 2252 5015 καὶ
2306 4960 2407 5029 τὴν
2462 4958 2739 5011 νουθεσίαν
2785 4956 3165 5026 ἐποιησάμην·
3200 4954 3410 5009 δέδοικα
3458 4954 3514 5007 δὲ
3554 4956 3653 5007 καὶ

2002 5043 2216 5113 ἀγωνιῶ
2245 5043 2319 5113 μὴ
2346 5041 2519 5111 τούτῳ
2544 5039 2690 5111 αὐτῷ
2725 5050 2751 5079 ο
2791 5040 3029 5101 πλείονος
3065 5040 3194 5108 ἡμῖν
3241 5035 3354 5109 [40]
3412 5052 3653 5105 κατηγο⁹

2006 5131 2213 5198 ρήσεως
2241 5128 2411 5187 αίτιος
2441 5125 2707 5195 γένωμαι.
2724 5124 2784 5175 '0
2807 5122 2915 5193 γὰρ
2941 5120 3180 5187 δοῦλος,
3211 5120 3395 5190 φησὶν,
3421 5119 3658 5198 ἐκεῖνος

2004 5197 2219 5274 όεὶδὼς
2230 5207 2292 5261 τὸ
2311 5205 2536 5274 θέλημα
2554 5205 2658 5259 τοῦ
2687 5206 2895 5271 κυρίου
2920 5201 3126 5266 αὐτοῦ,
3143 5201 3241 5256 καὶ
3258 5200 3343 5269 μὴ
3375 5197 3663 5265 ποιήσας,

2003 5291 2325 5360 δαρήσεται
2347 5288 2601 5355 πολλάς.
2628 5288 2760 5341 Οὐδὲ
2779 5285 2885 5357 γὰρ
2904 5288 2981 5350 είς
3007 5284 3226 5353 ἄγνοιαν
3254 5284 3404 5355 ὐμῶν
3431 5299 3514 5346 τις
3546 5284 3662 5355 ἔχει

2004 5373 2359 5441 καταφυγεῖν,
2386 5368 2556 5433 οὕτως
2583 5369 2736 5438 ήμῶν
2764 5368 2886 5421 καθ’
2920 5369 3157 5439 ἑκάστην
3184 5367 3398 5438 ἡμέραν
3425 5366 3493 5420 τά
3522 5365 3663 5418 αὐτά

2004 5452 2336 5525 ἐνηχούντων
2349 5453 2444 5506 καί
2465 5450 2890 5506 ὐποδεικνύντων
2906 5451 2998 5504 καὶ
3013 5449 3112 5514 τάς
3128 5448 3433 5512 διαϐολικάς
3455 5448 3662 5516 πάγας,

2068 5609 2094 5649 ά
2119 5611 2237 5672 Reg.
2279 5622 2403 5656 unus
2438 5614 2489 5656 et
2520 5608 2598 5657 Coi
2629 5607 2714 5656 lin.
2759 5610 2913 5657 αὐτόν.
2956 5610 3077 5658 Infra
3117 5609 3284 5658 Morel.
3320 5609 3401 5663 τήν
3432 5606 3558 5670 παρὰ.
3578 5605 3667 5656 mil

1998 5673 2240 5725 Δεσπότου
2265 5674 2434 5731 ψῆφον.

2078 5739 2098 5765 ε
2131 5729 2284 5782 δανίι.
2307 5729 2359 5781 el
2384 5732 2503 5796 Reg.
2531 5744 2652 5785 unus
2678 5734 2737 5793 μὴ
2762 5729 2901 5782 τοῦτο
2921 5733 3051 5782 αὐτό.
