3784 6244
132 200 195 254 53
1298 200 1358 257 IN
1397 200 1546 256 CAP.
1591 197 1628 252 Ι.
1671 194 1911 254 CENES.
1956 196 2180 257 liOMlL.
2223 199 2308 258 Vl.
3360 208 3425 265 Si

199 316 512 369 Adhortatio
539 317 604 367 ad
629 315 1074 384 obtemperantium
1097 312 1396 381 Scripturis,
1427 322 1473 366 et
1511 311 1578 364 ad
1609 313 1719 379 glo-

131 411 260 460 riam
287 409 712 462 contemnendam
739 424 758 471 ,°
787 406 952 476 gloria
977 408 1199 460 humana
1227 408 1454 460 virtutem
1480 406 1726 474 sequitur-

127 529 191 540 -—
219 507 291 554 At
329 501 406 554 illi
449 500 662 570 quidem
699 501 947 555 amentiae
983 516 1094 555 suae
1130 501 1344 570 praemia
1381 507 1726 568 exspectent:

127 606 222 644 nos
252 599 465 653 autem,
509 592 702 660 quibus
745 591 996 644 donatum
1038 600 1120 645 est
1152 591 1282 644 solis
1311 590 1530 659 justitiae
1569 588 1733 642 radiis

127 685 412 749 illustrari,
443 683 742 738 divinarum
765 683 1155 752 Scripturarum
1181 683 1439 738 doctrinae
1458 682 1730 750 obtempe-

126 794 309 832 rrmus
334 796 347 830 :
380 788 440 833 et
468 779 606 831 hunc
632 793 889 832 canonem
917 788 1220 846 sequentes,
1243 791 1370 831 sana
1400 775 1645 846 dogmata
1678 775 1728 829 in

127 870 324 923 mentis
352 878 556 923 nostra:
585 869 948 938 promptuario
979 883 1317 936 reponamus,
1341 877 1395 921 et
1418 882 1520 920 una
1545 881 1727 919 eorum

127 977 313 1013 curam
336 1001 350 1023 ,
383 969 443 1015 et
481 969 678 1015 nostrae
705 960 891 1014 salutis
920 974 1163 1029 magnam
1195 958 1602 1013 sollicitudinem
1641 972 1732 1026 ge—

127 1064 314 1107 rentes
337 1094 351 1116 ,
385 1067 453 1108 ea
479 1069 599 1122 quae
623 1053 816 1106 animae
853 1061 1047 1106 nostrae
1083 1053 1363 1105 sanitatem
1405 1050 1617 1112 laedunt,
1654 1049 1732 1101 fu-

127 1145 360 1211 giamus,
406 1142 476 1197 ab
519 1142 821 1211 bujusmodi
861 1143 1110 1196 omnibus
1160 1143 1308 1211 quasi
1354 1158 1384 1196 a
1421 1141 1730 1211 perniciosis

128 1233 413 1288 veneficiis
432 1234 780 1288 abstinentes.
809 1232 968 1287 Multo
990 1233 1159 1302 majus
1188 1233 1328 1286 enim
1352 1231 1454 1286 hoc
1475 1232 1727 1286 damnum

126 1338 227 1387 csa,
277 1334 336 1380 et
383 1334 534 1378 tanto
572 1323 765 1394 majus,
798 1336 996 1394 quanto
1028 1324 1202 1378 anima
1251 1338 1477 1392 corpore
1518 1323 1726 1377 melior.

129 1417 217 1471 llla
251 1419 401 1473 enim
435 1432 638 1472 venena
663 1418 992 1487 corporalem
1026 1418 1162 1470 hanc
1190 1427 1414 1470 mortem
1439 1415 1726 1469 inducunt:

129 1515 242 1566 haec
287 1522 475 1566 autem
523 1513 804 1566 sanitatem
847 1513 1038 1566 animae
1083 1511 1422 1573 oll'endcntia,
1471 1518 1727 1564 aeternam

127 1603 285 1656 nobis
342 1610 574 1656 mortem
631 1602 876 1656 afferunt.
929 1601 1182 1669 Quaenam
1238 1611 1415 1656 autem
1463 1610 1588 1654 sunt
1640 1599 1728 1654 illa

128 1693 286 1747 nobis
313 1695 329 1725 ⁸
362 1692 704 1763 perniciosa?
730 1693 886 1747 Multa
925 1704 977 1748 et
1009 1694 1173 1757 varia,
1205 1693 1433 1747 maxime
1457 1700 1634 1746 autem
1661 1691 1727 1746 ad

130 1790 426 1842 humanam
483 1787 708 1856 gloriam
767 1796 1008 1856 spectare
1059 1796 1113 1841 et
1164 1787 1374 1842 nescire
1429 1801 1550 1841 eam
1601 1801 1730 1839 con-

129 1890 394 1934 temnere.
430 1878 541 1933 Hoc
565 1880 708 1934 enim
749 1879 1034 1933 multorum
1071 1876 1226 1932 nobis
1267 1876 1524 1932 malorum
1567 1890 1726 1932 causa

126 1983 205 2026 est
235 1991 250 2025 :
283 1981 339 2026 et
362 1972 410 2025 si
438 1987 572 2041 quas
601 1972 906 2041 spirituales
936 1970 1196 2025 habemus
1221 1969 1452 2037 divitias,
1483 1985 1575 2025 eas
1598 1984 1726 2024 eva-

127 2073 272 2128 cuat,
300 2073 357 2118 et
387 2063 620 2117 utilitate
643 2105 658 2125 ,
691 2078 810 2132 quae
835 2079 898 2116 ex
925 2063 1006 2117 eis
1041 2062 1156 2132 capi
1189 2069 1396 2132 potest,
1426 2075 1523 2115 nos
1557 2060 1725 2114 desti-

131 2158 245 2210 tuit.
302 2156 446 2224 Quid
503 2157 663 2226 igitur
709 2155 869 2210 fuerit
922 2155 1117 2210 damno
1175 2154 1279 2209 hoc
1333 2152 1726 2224 perniciosius?

128 2248 572 2318 Quandoquidem
620 2248 670 2302 id
700 2257 942 2318 praestat,
987 2257 1044 2302 ut
1083 2262 1113 2302 a
1147 2247 1302 2302 nobis
1330 2247 1542 2300 avolent
1565 2246 1724 2300 etiam

129 2357 190 2394 ea
218 2356 338 2410 quae
386 2355 489 2394 nos
533 2339 727 2394 habere
753 2348 1017 2409 putamus.
1050 2337 1140 2394 Sic
1183 2337 1484 2393 Pharisaeus
1511 2338 1597 2393 ille
1627 2354 1725 2408 pu-

133 2432 340 2485 blicano
368 2432 552 2484 minor
585 2429 755 2484 factus
783 2439 894 2495 est,
927 2445 990 2485 eo
1015 2430 1154 2500 quod
1185 2429 1379 2500 linguae
1413 2445 1525 2482 suae
1559 2428 1727 2497 impe-

131 2539 245 2579 rare
280 2538 391 2577 non
435 2524 607 2593 potuit
635 2521 784 2592 (Luc.
827 2523 955 2594 £8):
1005 2522 1096 2577 sed
1140 2537 1235 2592 per
1274 2522 1417 2576 illam
1457 2521 1594 2575 sicut
1634 2535 1727 2590 per

133 2616 420 2671 fenestram
452 2616 686 2684 aliquam
715 2631 902 2669 omnes
935 2614 1146 2668 divitias
1188 2630 1312 2670 suas
1345 2613 1549 2667 effudit.
1581 2612 1724 2666 Tan-

132 2721 234 2762 tum
264 2720 351 2764 est
385 2709 564 2763 inanis
585 2709 768 2778 gloriae
796 2709 1014 2764 malum.

192 2803 244 2854 6.
292 2800 390 2854 Die
417 2841 431 2861 .
464 2799 732 2865 obsecro,
775 2799 943 2864 mihi,
973 2813 1069 2852 cur
1109 2807 1164 2854 et
1205 2813 1306 2868 qua
1349 2799 1418 2852 de
1461 2812 1616 2852 causa
1655 2798 1722 2850 ita

130 2892 407 2944 hominum
443 2890 602 2944 laude
645 2889 879 2944 teneris?
903 2888 1088 2944 Nescis
1111 2931 1127 2955 ,
1167 2888 1306 2958 quod
1336 2888 1470 2942 sicut
1499 2888 1680 2941 umbra
1707 2929 1720 2952 ,

127 2996 176 3038 cl
201 2986 243 3038 si
270 2983 405 3054 quid
437 2985 528 3037 illa
561 2983 738 3046 vilius,
770 2982 837 3035 ita
863 2981 1074 3036 illorum
1102 2980 1215 3034 laus
1246 2980 1298 3034 in
1327 2996 1503 3035 aerem
1535 2979 1722 3034 diffusa

125 3075 454 3131 evanescat?
489 3073 735 3140 Alioquin
764 3072 1068 3127 inconstans
1093 3081 1147 3126 et
1172 3071 1426 3126 mutabile
1449 3081 1528 3126 est
1553 3070 1724 3124 homi-

126 3182 246 3218 num
274 3181 478 3235 genns,
529 3175 582 3218 et
614 3163 686 3218 illi
719 3164 814 3233 ipsi
842 3163 1109 3230 eumdem,
1137 3179 1293 3233 quem
1322 3179 1462 3218 nunc
1489 3163 1722 3226 laudant,

125 3276 227 3312 non
271 3258 454 3312 multo
497 3268 615 3324 post
657 3257 1004 3324 vituperant:
1044 3256 1185 3325 quod
1228 3256 1278 3308 in
1324 3257 1588 3311 sententia
1634 3255 1725 3309 Dei

126 3367 429 3421 numquam
478 3351 750 3404 usuvenit.
786 3349 861 3403 Ne
889 3350 1046 3418 igitur
1076 3350 1145 3403 ita
1175 3347 1517 3417 desipiamus,
1549 3363 1618 3402 ne
1642 3357 1723 3402 te-

125 3461 270 3500 mere
310 3453 372 3500 et
413 3444 621 3511 absque
661 3441 831 3496 fructu
859 3441 1102 3496 fallamus
1130 3456 1228 3496 nos
1257 3441 1420 3508 ipsos.
1465 3439 1595 3495 Nam
1625 3441 1725 3496 etsi

125 3537 322 3589 lmnum
353 3533 616 3604 quiddam
649 3534 893 3598 facimus,
922 3548 1027 3586 non
1053 3541 1230 3586 autem
1261 3541 1478 3601 propter
1505 3532 1605 3586 hoc
1633 3548 1723 3586 so~

127 3629 230 3680 lum
257 3627 500 3696 agimus,
532 3634 588 3678 ut
615 3623 917 3678 mandatum
951 3624 1157 3678 Domini
1188 3625 1354 3678 nostri
1385 3625 1722 3692 impleamus,

127 3722 278 3789 eique
319 3719 427 3773 soli
473 3719 669 3788 cogniti
702 3719 866 3771 simus
891 3759 905 3784 ,
934 3718 1166 3772 laborem
1207 3718 1347 3773 hunc
1376 3718 1568 3774 frustra
1600 3736 1723 3775 sus-

126 3815 356 3881 cipimus
380 3854 395 3875 ,
434 3827 639 3880 nosque
670 3811 938 3880 privamus
993 3809 1162 3864 fructu
1187 3852 1202 3877 ,
1231 3826 1386 3880 quem
1424 3811 1548 3866 inde
1573 3827 1722 3866 asse-

129 3907 214 3973 qui
259 3906 479 3960 liceret.
533 3905 662 3958 Nam
713 3904 758 3959 is
805 3905 892 3973 qui
940 3914 999 3958 ut
1039 3904 1108 3957 ab
1151 3903 1452 3960 hominibus
1498 3904 1722 3974 gloriam

131 4010 378 4062 tenetur,
403 3998 532 4069 quid
563 3998 684 4052 boni
714 4007 982 4065 operatur,
1011 3998 1124 4052 sive
1150 4013 1210 4052 ea
1243 3997 1342 4050 frui
1372 3997 1586 4066 poterit,
1612 3997 1724 4053 sive

131 4108 268 4155 non;
301 4105 451 4157 saepe
479 4090 619 4143 enim
643 4097 697 4143 et
716 4089 804 4158 qui
831 4097 1044 4158 propter
1067 4088 1275 4143 inanem
1301 4089 1522 4159 gloriam
1545 4090 1721 4144 omnia

131 4183 253 4236 facit
278 4225 292 4243 .
323 4182 490 4236 etiam
532 4182 643 4249 ipsa
673 4179 990 4244 frustratur;
1036 4181 1149 4235 sive
1177 4181 1333 4251 igitur
1359 4197 1419 4236 ea
1453 4183 1683 4252 potiatur
1702 4225 1716 4246 ,

129 4275 240 4326 sive
271 4288 381 4326 non
403 4311 420 4336 ,
447 4273 580 4324 satis
626 4271 712 4324 hic
741 4271 1106 4326 retributionis
1142 4273 1377 4342 accepit,
1406 4283 1461 4328 et
1497 4274 1564 4328 ibi
1593 4275 1722 4330 nihil

131 4364 361 4432 accipiet
390 4364 752 4432 praemiorum.
784 4362 958 4430 Quare
989 4361 1129 4418 hoc?
1155 4363 1286 4431 Quia
1321 4365 1607 4433 praeferens
1635 4364 1722 4418 fu-

131 4456 263 4507 turis
315 4453 640 4522 pr.esentia,
683 4461 737 4506 ct
771 4453 898 4520 justi
943 4452 1142 4507 Iudicis
1187 4455 1393 4508 calculo
1436 4455 1718 4510 humanam

127 4545 380 4613 gloriam,
410 4542 681 4612 indignum
715 4558 773 4596 se
813 4543 984 4598 reddit
1019 4545 1161 4614 quia
1187 4545 1371 4602 ludice
1408 4546 1712 4602 lionoretur.

126 4635 324 4687 Centra
356 4633 402 4688 si
435 4642 648 4702 propter
677 4632 777 4687 hoc
803 4635 975 4687 solum
1005 4649 1288 4703 operemur
1317 4637 1590 4705 spirituale
1619 4639 1718 4691 ali-

125 4725 264 4794 quod
300 4725 504 4780 bonum
530 4764 545 4787 ,
576 4735 632 4778 ut
669 4725 967 4793 placeamus
995 4727 1146 4780 oculo
1173 4728 1246 4782 illi
1274 4730 1371 4782 soli
1397 4772 1412 4793 ,
1440 4732 1527 4799 qui
1557 4732 1718 4800 sopiri

127 4822 320 4881 nescit,
352 4825 407 4870 et
433 4815 520 4870 cui
551 4815 688 4869 nuda
718 4825 772 4870 et
799 4826 978 4884 aperta
1006 4827 1128 4872 sunt
1153 4820 1329 4875 omnia
1375 4838 1389 4875 a
1420 4830 1473 4875 et
1504 4822 1716 4876 thesau-

125 4925 213 4961 rus
246 4917 438 4962 noster
463 4908 517 4961 in
545 4916 658 4961 tuto
683 4908 802 4969 erit,
825 4918 878 4962 et
905 4909 1224 4980 incorrupta:
1254 4927 1351 4966 nos
1379 4929 1585 4970 merces
1607 4931 1718 4968 ma-

126 5003 361 5062 nebunt,
393 5008 449 5053 et
487 5015 553 5052 ex
598 4999 710 5067 ipsa
751 5014 934 5053 earum
968 5002 1114 5055 suavi
1143 5004 1537 5073 exspectatione
1565 5007 1718 5062 nobis

125 5095 286 5145 nmlta
313 5091 618 5146 consolatio
638 5092 760 5152 erit.
778 5091 903 5145 dum
929 5091 978 5144 in
1002 5096 1385 5162 promptuario,
1403 5098 1542 5166 quod
1561 5115 1717 5154 nemo

123 5186 355 5253 diripere
384 5184 617 5253 poterit,
653 5183 742 5236 illa
771 5183 926 5236 nobis
960 5186 1103 5238 salva
1139 5187 1434 5242 custoditur
1458 5205 1667 5246 merces
1699 5212 1711 5247 :

124 5277 229 5329 uno
275 5275 522 5342 sequitur
565 5273 727 5327 etiam
770 5274 935 5343 gloria
977 5275 1227 5331 humana.
1275 5278 1427 5334 Tunc
1454 5282 1595 5337 enim
1628 5285 1714 5339 illa

123 5367 290 5419 lltllllo
313 5365 533 5420 uberius
558 5364 799 5427 fruimur,
823 5364 1036 5434 quando
1055 5381 1170 5421 eam
1190 5367 1531 5438 despicimus,
1549 5389 1716 5445 quan-

122 5462 190 5520 do
233 5476 353 5518 eam
396 5474 505 5514 non
536 5459 824 5529 quaerimus
848 5499 862 5520 ,
895 5459 1108 5528 quando
1137 5477 1253 5518 eam
1291 5479 1395 5520 non
1427 5476 1710 5524 sectamur.

191 5647 206 5674 '
240 5644 383 5693 savii.
412 5650 465 5692 ct
487 5641 680 5706 quidam
701 5645 790 5690 Mss
814 5679 827 5696 .
854 5638 996 5692 vobis.

1842 306 1909 362 Et
1951 311 2075 381 quid
2117 313 2365 378 miraris,
2395 315 2440 369 si
2484 313 2585 372 hoc
2624 315 2839 373 eveniat
2886 317 2950 374 iis
2993 319 3085 390 qui
3124 322 3423 390 Spirituales

1838 401 2185 472 nhilosophos
2227 416 2424 475 agunt,
2455 423 2575 461 cum
2616 417 2670 462 et
2713 409 2864 463 multi
2907 424 3092 464 eorum
3135 413 3223 481 qui
3269 412 3424 481 hujus

1839 492 2020 548 mundi
2061 494 2235 549 studia
2273 508 2559 561 sectantur,
2591 513 2686 553 eos
2725 499 2954 555 maxime
2993 511 3337 558 contemnant
3366 517 3419 559 et

1837 584 2151 654 despiciant,
2181 590 2268 657 qui
2299 589 2365 642 ab
2390 589 2691 644 hominibus
2715 591 2936 661 gloriam
2959 604 3202 663 quaerunt
3226 636 3238 658 ,
3271 597 3421 649 inve-

1839 682 2057 746 niesque
2083 679 2148 733 ab
2175 682 2419 735 omnibus
2441 682 2678 738 dicteriis
2709 684 2900 740 incessi
2937 700 3030 740 eos
3057 687 3148 756 qui
3177 686 3422 741 humanae

1836 772 2018 842 gloriae
2049 772 2292 828 inhiant?
2318 776 2454 842 Quid
2484 777 2641 846 igitur
2669 778 2914 832 miserius
2939 778 3112 846 nobis,
3141 781 3228 850 qui
3259 780 3420 848 spiri-

1839 864 1994 918 tualia
2024 874 2290 920 sectamur
2309 908 2324 933 ,
2351 867 2393 920 si
2422 868 2624 922 similes
2655 869 2756 922 illis
2777 911 2790 932 ,
2817 870 3072 926 celebrari
3099 872 3168 927 ab
3195 871 3422 926 homini-

1837 953 1935 1008 bus
1955 955 2252 1024 cupiamus.
2275 967 2327 1012 et
2351 958 2394 1010 si
2421 974 2525 1012 nun
2550 967 2630 1012 sat
2652 957 2804 1014 fuerit
2827 961 2980 1016 nobis
2997 977 3026 1015 a
3053 963 3160 1016 Deo
3181 963 3420 1018 laudari?

1836 1045 1974 1100 sicut
1994 1055 2048 1100 et
2076 1047 2269 1102 Paulus
2295 1047 2422 1103 dicit
2456 1067 2468 1102 :
2500 1049 2654 1119 Cujus
2688 1051 2849 1121 gloria
2879 1068 2978 1106 non
3007 1069 3069 1108 ea:
3095 1054 3376 1107 hominibus
3399 1097 3422 1121 ,

1836 1138 1923 1190 sed
1965 1155 2027 1192 ea:
2070 1138 2177 1193 Deo
2208 1141 2400 1210 (Rom.
2438 1141 2492 1194 2.
2532 1141 2667 1212 29).
2709 1141 2824 1197 Non
2866 1143 3014 1199 vides
3041 1186 3056 1210 ,
3094 1143 3320 1209 dilecte,
3365 1147 3422 1199 in

1835 1228 2176 1286 Circensibus
2200 1231 2357 1300 ludis,
2388 1231 2656 1303 quomodo
2687 1232 2720 1287 ii
2749 1235 2837 1303 qui
2863 1249 3030 1303 equos
3059 1236 3278 1304 agitant,
3311 1251 3422 1290 non

1835 1320 2121 1377 advertunt
2171 1324 2410 1394 plausum
2455 1334 2508 1379 et
2555 1324 2791 1380 favorem
2833 1327 3011 1396 populi
3054 1327 3336 1384 assidentis
3364 1340 3420 1384 et

1835 1415 2198 1483 acclamantis,
2225 1433 2396 1488 neque
2419 1433 2487 1473 ex
2510 1433 2576 1473 eo
2602 1419 2786 1489 plausu
2816 1419 3136 1488 voluptatem
3162 1421 3375 1491 capiunt
3399 1441 3415 1476 ε

1835 1507 1927 1561 sed
1956 1507 2022 1562 ad
2055 1523 2216 1562 unum
2258 1509 2427 1563 solum
2456 1519 2697 1578 spectant
2735 1509 3111 1580 Imperatorem
3143 1513 3196 1566 in
3240 1511 3418 1566 medio

1833 1597 2130 1664 sedentem,
2155 1607 2210 1654 et
2233 1599 2299 1654 ad
2327 1609 2513 1655 nutum
2543 1602 2687 1656 illius
2711 1603 3065 1669 attendentes,
3090 1611 3253 1658 totam
3279 1603 3417 1658 mul-

1835 1689 2110 1747 titudinem
2141 1691 2437 1762 despiciunt
2461 1735 2476 1762 ,
2512 1703 2566 1748 et
2595 1703 2718 1749 tunc
2743 1695 2915 1749 solum
2942 1696 3121 1749 animo
3147 1696 3416 1751 extollun-

1835 1791 1937 1844 tur,
1959 1798 2076 1838 cum
2094 1783 2184 1839 ille
2201 1798 2294 1839 eos
2313 1786 2683 1841 coronaverit?
2707 1785 2815 1840 llos
2837 1788 2994 1857 igitur
3013 1797 3066 1842 et
3087 1797 3140 1842 tu
3159 1787 3414 1854 imitatus,

1833 1891 1936 1930 non
1979 1877 2150 1948 magni
2180 1878 2434 1933 momenti
2479 1877 2640 1934 facito
2670 1879 2942 1934 hominum
2983 1878 3174 1935 famam
3198 1922 3212 1944 ,
3243 1896 3414 1951 neque

1837 1977 2052 2038 propter
2094 1984 2211 2023 eam
2253 1971 2499 2025 virtutem
2540 1985 2793 2026 exerceas
2818 2013 2832 2037 ,
2866 1971 2958 2026 sed
2987 1987 3017 2025 a
3053 1972 3198 2041 justo
3229 1972 3414 2028 Judice

1830 2059 2146 2117 sententiam
2172 2070 2439 2130 exspecta,
2465 2070 2519 2117 et
2543 2062 2607 2116 ad
2637 2063 2778 2116 illius
2803 2072 2986 2117 nutum
3017 2064 3249 2118 intentus
3273 2075 3409 2118 esto.

1829 2151 1920 2207 Sic
1945 2168 2156 2208 omnem
2191 2154 2350 2207 vitam
2383 2162 2525 2208 tuam
2553 2153 2833 2224 dispensa,
2861 2164 2917 2208 ut
2939 2166 2993 2209 et
3018 2154 3104 2210 hic
3131 2155 3413 2209 continen-

1833 2253 1914 2300 ter
1941 2245 2078 2300 boua
2119 2260 2215 2314 spe
2255 2245 2486 2315 pascaris
2511 2287 2526 2313 ,
2559 2255 2612 2300 et
2651 2246 2755 2300 illic
2782 2245 2996 2302 aeternis
3025 2246 3199 2302 fruare
3226 2247 3376 2302 bonis
3396 2287 3411 2311 .

1829 2350 1949 2406 quae
1989 2343 2044 2389 ut
2073 2350 2169 2390 nos
2199 2349 2387 2390 omnes
2411 2350 2792 2405 assequamur,
2821 2335 2950 2391 faxit
2979 2338 3143 2408 gratia
3169 2347 3224 2392 et
3251 2339 3411 2392 mise-

1829 2427 2057 2482 ricordia
2100 2428 2306 2482 Domini
2347 2429 2513 2482 nostri
2554 2427 2677 2484 Jesu
2707 2426 2944 2496 Christi,
2975 2445 3098 2484 cum
3129 2445 3235 2500 quo
3269 2430 3410 2484 Patri

1828 2531 1882 2575 et
1912 2520 2130 2590 Spiritui
2165 2528 2353 2576 sancto
2377 2521 2446 2576 sit
2470 2522 2636 2592 gloria
2663 2563 2677 2584 ,
2707 2531 2760 2577 et
2791 2521 3072 2592 imperium
3108 2530 3163 2578 et
3203 2522 3370 2576 honor
3394 2564 3410 2588 ,

1829 2625 1970 2666 nunc
1991 2621 2045 2666 et
2072 2626 2314 2683 semper,
2344 2620 2397 2668 et
2423 2612 2476 2667 in
2507 2613 2700 2667 saecula
2729 2613 3066 2668 saeculorum.
3099 2616 3289 2668 Amen.

2411 2727 2694 2783 HOMILIA
2733 2728 2822 2784 VI.

1831 2842 1894 2896 Et
1919 2841 2051 2895 dixit
2079 2841 2220 2895 Deus
2250 2859 2264 2895 :
2297 2839 2450 2894 Fiant
2476 2840 2751 2894 luminaria
2780 2842 2832 2894 in
2861 2841 3175 2909 ﬁrmamento
3207 2840 3317 2895 ccli
3341 2842 3408 2892 ad

1897 2933 2318 2987 illuminatiouem
2344 2947 2494 3001 super
2519 2943 2703 2986 terram
2747 2973 2763 2999 ,
2788 2942 2842 2985 ut
2871 2932 3097 2985 diuidunt
3122 2933 3250 2985 inter
3277 2931 3409 2986 diem

1899 3038 1944 3080 et
1973 3029 2102 3080 inter
2125 3035 2340 3091 noctem,
2367 3034 2413 3078 et
2441 3025 2538 3078 sint
2565 3025 2616 3078 in
2639 3025 2784 3092 signa
2809 3067 2823 3092 ,
2851 3035 2897 3078 et
2923 3024 2976 3078 in
3005 3033 3229 3094 tempora
3250 3065 3266 3091 ,
3290 3025 3409 3078 etin

1901 3120 2025 3186 dies,
2057 3127 2103 3172 et
2129 3119 2180 3172 in
2209 3134 2367 3172 annos
2388 3115 2540 3190 (Gen.
2575 3117 2625 3170 l.
2662 3117 2770 3186 14).

1902 3255 1953 3308 l.
1998 3253 2130 3308 Volo
2169 3253 2376 3308 solitam
2418 3260 2645 3306 tractare
2683 3251 2976 3306 doctrinam
3002 3291 3016 3314 ,
3044 3259 3100 3306 et
3139 3260 3323 3321 torpeo
3350 3267 3409 3308 ac

1829 3347 2110 3400 detrecto:
2142 3352 2373 3398 mentem
2419 3344 2559 3398 enim
2604 3357 2774 3397 meam
2819 3340 3057 3397 confudit
3097 3351 3153 3397 et
3193 3351 3409 3397 contur-

1830 3439 1975 3492 bavit
2014 3436 2394 3506 superveniens
2438 3435 2667 3488 tristitiae
2707 3433 2876 3489 nubes
2910 3452 2923 3488 :
2955 3434 3062 3488 imo
3101 3449 3205 3487 non
3241 3433 3408 3488 solum

1829 3528 2086 3593 tristitiae,
2119 3525 2212 3581 sed
2239 3536 2291 3580 et
2318 3526 2408 3580 irae
2429 3567 2443 3588 ,
2472 3525 2540 3579 ita
2571 3532 2628 3578 ut
2657 3524 2886 3578 nesciam
2915 3522 3040 3593 quid
3068 3522 3361 3577 faciendum
3394 3539 3406 3576 :

1829 3629 2060 3677 mentem
2104 3620 2244 3675 enim
2275 3627 2498 3687 occupat
2528 3617 2812 3670 hmsitatio.
2865 3616 2996 3670 Cum
3023 3615 3164 3670 enim
3195 3615 3370 3684 cogito
3391 3655 3409 3680 ,

1829 3727 1924 3766 vos
1951 3726 2163 3765 onmem
2196 3710 2340 3763 illam
2369 3718 2603 3763 nostram
2633 3706 2949 3770 doctrinam,
2973 3715 3026 3760 et
3050 3704 3407 3774 quotidianam

1827 3803 2242 3858 admonitionem
2283 3800 2350 3855 ad
2393 3799 2659 3854 modicum
2705 3797 2898 3852 diaboli
2942 3796 3122 3850 ﬂatum
3153 3796 3406 3854 oblivioni

1830 3896 2108 3952 tradidisse
2132 3938 2147 3963 ,
2173 3904 2228 3948 et
2273 3894 2339 3948 ad
2370 3892 2660 3946 satanicum
2703 3891 2850 3944 illum
2890 3898 3190 3960 equestrem
3225 3888 3404 3943 ludum

1828 4002 2015 4042 omnes
2041 3986 2401 4052 concurrisse,
2434 3999 2534 4054 qua
2566 3983 2837 4036 alacritate
2877 3991 3063 4051 potero
3092 3980 3279 4035 iterum
3307 3979 3406 4034 do-

1827 4082 2049 4134 ctrinam
2082 4077 2290 4134 tradere
2316 4118 2330 4141 ,
2357 4092 2475 4131 cum
2514 4075 2688 4144 priora
2720 4083 2823 4127 tam
2855 4075 2961 4127 cito
2989 4072 3169 4126 animo
3193 4071 3406 4127 erat-ide-

1827 4171 1968 4226 rint?
2012 4171 2120 4224 lloc
2148 4170 2288 4224 enim
2316 4176 2398 4222 est
2426 4165 2565 4237 quod
2597 4164 2926 4235 potissimum
2966 4179 3050 4217 me
3078 4171 3288 4232 torquet
3311 4202 3326 4225 ,
3355 4172 3406 4216 et

1825 4263 1890 4317 ad
1934 4263 2064 4317 iram
2109 4270 2448 4323 commovet,
2491 4257 2631 4328 quod
2661 4272 2782 4312 cum
2825 4265 3005 4310 nostra
3049 4253 3406 4308 admonitione

1826 4355 2175 4410 reverentiam
2205 4353 2361 4407 etiam
2381 4394 2395 4416 ,
2419 4366 2575 4420 quam
2598 4364 2762 4403 sacrae
2788 4345 3215 4415 Quadragesimae
3241 4344 3406 4399 debe-

1826 4447 1910 4510 tis,
1944 4461 2008 4498 ex
2038 4445 2216 4498 animo
2239 4451 2418 4497 vestro
2446 4440 2601 4496 simul
2631 4439 2894 4507 ejeceritis
2915 4477 2932 4503 ,
2962 4452 3160 4506 vosque
3188 4436 3264 4490 sic
3289 4435 3404 4490 dia-

1825 4535 1929 4590 boli
1963 4535 2160 4589 retibus
2188 4532 2531 4588 involvcritis.
2563 4530 2837 4598 Quomodo
2859 4529 2975 4599 quis
3005 4528 3216 4599 poterit,
3245 4525 3402 4580 etiam

1823 4627 1906 4682 cui
1935 4642 2126 4682 saxeus
2145 4626 2351 4681 animus
2369 4668 2381 4688 ,
2411 4633 2613 4679 tantum
2640 4630 2998 4691 contemptum
3024 4637 3126 4674 non
3147 4621 3402 4692 gravatim

1825 4719 2000 4774 ferre?
2030 4719 2236 4774 Pudore
2263 4719 2489 4785 afticior,
2517 4719 2752 4782 credite;
2781 4727 2836 4772 et
2860 4717 3138 4781 erubesco,
3171 4729 3290 4768 cum
3322 4715 3401 4768 vi-

1821 4811 1922 4866 deo
1947 4827 2043 4865 nos
2067 4814 2255 4864 frustra
2281 4811 2542 4874 laborare,
2566 4811 2690 4864 etin
2719 4822 2863 4877 petra
2885 4816 3178 4862 sementem
3196 4804 3401 4875 jacere.

1822 4905 2047 4986 Al.mllll
2077 4905 2289 4976 quidem
2321 4905 2432 4959 sive
2459 4904 2594 4958 dicta
2642 4918 2758 4956 mea
2785 4901 3009 4956 audiatis
3035 4941 3049 4964 ,
3079 4899 3190 4953 sive
3218 4896 3402 4952 audire

1821 5000 2213 5064 contemnatis,
2257 5013 2465 5053 merces
2512 5011 2624 5051 mea
2668 4997 2868 5065 integra
2913 4995 3033 5049 erit.
3077 4993 3207 5047 Nam
3244 5006 3402 5046 omne

1820 5090 1960 5161 quod
1987 5106 2162 5146 meum
2189 5100 2324 5156 erat,
2357 5091 2455 5145 feci
2486 5108 2498 5143 :
2527 5089 2802 5159 pecuniam
2832 5083 3183 5146 dinumeravi,
3212 5081 3400 5137 admo-

1822 5185 2054 5239 nitiones
2078 5183 2292 5238 adhibui
2321 5203 2332 5238 a
2356 5184 2518 5238 timeo
2541 5191 2736 5245 autem,
2761 5189 2814 5234 et
2834 5178 3022 5232 anxius
3047 5190 3189 5241 sum,
3213 5191 3279 5230 ne
3301 5174 3403 5231 hoc

1822 5277 1974 5330 vobis
2010 5275 2076 5329 ad
2113 5276 2368 5343 majorem
2411 5272 2798 5328 accusationem
2840 5267 3014 5324 cedat.
3050 5266 3239 5324 Servus
3269 5268 3401 5321 enim

1819 5369 1936 5432 ille,
1964 5369 2058 5432 ait,
2089 5369 2173 5435 qui
2201 5368 2294 5421 scit
2337 5366 2638 5420 voluntatem
2677 5362 2865 5416 domini
2904 5362 3006 5427 sui,
3039 5371 3085 5417 et
3111 5378 3211 5415 non
3241 5363 3398 5432 facit,

1819 5458 2072 5528 vapulabit
2101 5459 2268 5512 multis
2303 5456 2449 5526 (Luc.
2483 5455 2568 5510 l2.
2600 5455 2712 5527 47).
2746 5454 2956 5509 Nullum
2982 5454 3122 5509 enim
3151 5453 3396 5520 cuiquam

1820 5563 2050 5607 vestrum
2082 5551 2144 5605 ad
2191 5551 2537 5620 ignorantiam
2565 5550 2664 5604 erit
2695 5548 2953 5619 refugium
2982 5589 2996 5613 ,
3027 5562 3148 5602 eum
3181 5560 3279 5600 nos
3305 5561 3397 5600 ca-

1824 5647 1940 5702 Jem
1982 5642 2214 5716 quotidie
2259 5644 2594 5711 insoncmus,
2637 5652 2687 5700 et
2727 5642 3067 5699 ostendamus
3108 5636 3397 5693 diabolicos
