3752 6244
344 200 411 255 εδ
1107 197 1162 253 S.
1204 194 1491 255 JOANNIS.
1517 193 1994 252 CHRYSOSTOMI
2033 194 2355 252 ARCHIEP.
2395 194 2933 253 CONSTANTINOP.
3195 196 3258 214 "
3564 192 3630 248 56

347 318 586 386 laqueos,
616 325 669 371 et
695 330 935 383 magnam
966 314 1174 369 virtutis
1204 312 1533 379 facilitatem,
1565 313 1609 366 si
1640 322 1814 365 tamen
1845 311 1927 363 vi-

346 410 477 477 giles
514 422 635 464 esse
670 408 1010 461 voluerinms.
1060 408 1139 460 An
1185 405 1399 459 nescitis
1422 417 1517 458 eos
1556 404 1644 472 qui
1674 402 1754 457 sie
1780 416 1939 456 suam-

350 507 572 553 salutem
604 500 893 569 negligant,
927 506 979 551 et
999 495 1281 566 aliquando
1313 496 1414 550 huc
1440 494 1677 560 veniunt,
1701 493 1935 564 aliquan-

356 594 426 645 do
453 602 629 647 autem
662 592 713 645 in
742 592 1041 646 dmmonum
1068 589 1198 644 retia
1227 603 1283 643 se
1314 587 1574 658 injiciunt,
1603 603 1633 643 a
1660 587 1935 658 Scriptum

349 687 522 738 divina
556 684 777 739 canibus
818 681 1153 752 comparari?
1197 680 1367 735 Homo
1400 681 1541 736 enim
1566 720 1585 744 ,
1613 680 1818 750 inquit,
1852 679 1936 747 qui

347 777 649 828 convertitur
673 792 706 827 a
735 784 939 845 peccato
964 790 1054 828 suo
1071 816 1085 839 ,
1112 784 1159 827 et
1199 775 1379 827 iterum
1406 774 1457 826 in
1500 773 1719 842 idipsum
1763 772 1892 826 redit
1920 812 1933 836 ,

349 867 528 920 similis
566 874 639 920 est
670 866 790 919 caui
833 865 899 918 ad
939 866 1179 919 vomitum
1212 881 1359 919 suum
1394 862 1822 935 redeunti(Prov.
1844 861 1937 916 26.

351 958 462 1028 ll).
491 956 655 1011 Vides
680 958 764 1010 cui
791 957 993 1011 similes
1023 956 1145 1011 facti
1185 963 1310 1010 sunt
1333 956 1421 1026 qui
1461 955 1525 1009 ad
1568 955 1807 1009 illicitum
1840 954 1941 1010 hoc

352 1049 713 1122 spectaculum
762 1048 1150 1104 accurreruut?
1195 1048 1305 1101 Non
1355 1047 1579 1101 audistis
1625 1046 1894 1101 Christum
1922 1087 1937 1109 ,

354 1143 622 1197 dicentem
655 1159 667 1195 :
700 1141 877 1195 Omnis
908 1141 992 1213 qui
1016 1140 1157 1193 audit
1187 1141 1278 1193 lies
1307 1156 1559 1193 sermones
1586 1155 1741 1203 meos,
1766 1149 1812 1190 et
1841 1154 1940 1191 non

356 1234 480 1302 facit
507 1249 591 1287 eos
610 1274 624 1297 ,
652 1234 830 1286 similis
864 1234 957 1285 erit
984 1234 1087 1286 uiro
1113 1231 1267 1285 stulto
1286 1272 1301 1296 ,
1332 1231 1416 1299 qui
1440 1231 1707 1300 wdi/icavit
1734 1230 1942 1283 domum

356 1343 505 1381 suam
527 1341 679 1395 super
706 1340 951 1389 arenam;
993 1340 1038 1378 et
1077 1333 1315 1378 venerunt
1342 1324 1557 1394 ﬂumina
1580 1363 1594 1387 ,
1624 1333 1671 1376 et
1698 1324 1944 1391 [laverunt

356 1422 489 1475 renti
512 1461 527 1485 ,
566 1430 612 1472 et
641 1421 894 1473 irruerunt
930 1420 981 1472 in
1016 1419 1219 1472 domum
1247 1418 1420 1481 illam,
1454 1427 1501 1471 et
1538 1415 1748 1483 cecidit,
1777 1426 1823 1470 et
1849 1416 1945 1487 fuit

358 1516 508 1567 ruina
545 1513 682 1567 illius
711 1529 893 1582 magna
922 1511 1131 1582 (Matth.
1162 1512 1214 1565 7.
1241 1510 1332 1566 '26.
1361 1510 1502 1581 27)?
1530 1511 1600 1565 At
1623 1510 1712 1580 qui
1745 1509 1809 1562 ad
1837 1510 1945 1562 cir-

359 1618 549 1658 censes
588 1603 742 1659 ludos
771 1604 977 1665 ierunt,
1009 1603 1098 1657 illo
1138 1603 1294 1673 longe
1317 1601 1611 1657 deteriores
1637 1602 1758 1656 facti
1799 1612 1940 1657 sunt.

364 1696 505 1750 lllius
546 1697 687 1750 enim
714 1696 903 1750 domus
930 1695 1133 1765 dejecta
1159 1703 1241 1749 est
1263 1736 1277 1761 ,
1309 1694 1405 1750 sed
1436 1704 1556 1764 post
1585 1693 1812 1748 validam
1845 1693 1947 1746 im-

364 1790 705 1857 pulsionem:
752 1789 967 1843 (lumina
1009 1789 1149 1843 enim
1198 1798 1253 1843 et
1298 1798 1484 1842 ventos
1524 1787 1694 1853 dixit,
1741 1801 1846 1841 non
1894 1793 1950 1840 ut

366 1892 641 1936 ventorum
683 1882 912 1951 impetus
939 1891 992 1935 et
1019 1896 1275 1951 aquarum
1308 1879 1673 1936 multitudines
1709 1879 1937 1946 indicet,

362 1974 455 2030 sed
502 1986 557 2029 ut
601 1975 955 2029 tentationum-
990 1974 1298 2029 violentiam
1340 1975 1605 2037 insinuet;
1646 1982 1699 2027 et
1740 1974 1949 2027 ruinam

362 2068 553 2121 domus
579 2109 592 2129 ,
625 2080 732 2121 non
775 2076 831 2121 ut
864 2067 1165 2121 sensibiletn
1206 2065 1421 2120 domum
1453 2065 1806 2136 imaginentur
1834 2082 1847 2117 :
1885 2064 1952 2119 de

362 2158 539 2212 anima
570 2159 714 2213 enim
759 2173 936 2213 sermo
976 2167 1057 2212 est
1081 2199 1095 2224 ,
1129 2173 1245 2228 qua:
1290 2157 1539 2226 gravibus
1577 2155 1952 2211 afﬂictionibus

366 2256 614 2325 dejieitur
638 2296 653 2321 ,
686 2272 855 2326 neque
880 2256 983 2310 illis
1021 2255 1271 2310 resistere
1306 2261 1518 2324 potest;
1566 2253 1619 2308 in
1648 2268 1744 2307 vos
1774 2263 1953 2307 autem

370 2361 542 2418 neque
590 2356 777 2402 ventus
818 2347 1056 2414 afﬂavit,
1099 2330 1272 2416 neque
1310 2346 1456 2401 ﬂuvii
1500 2346 1809 2408 irruerunt;
1859 2344 1952 2399 sed

370 2441 645 2496 dumtaxat
685 2442 857 2495 tenuis
896 2426 1138 2511 qumdam
1166 2455 1295 2495 aura
1326 2439 1587 2495 diabolica
1619 2440 1873 2508 spiravit,
1901 2447 1956 2494 et

368 2550 557 2590 omnes
593 2550 689 2590 vos
727 2534 1005 2590 subvertit.
1054 2532 1190 2602 Quid
1234 2534 1334 2589 hac
1377 2533 1679 2605 insipientia
1721 2533 1956 2587 deterius

369 2625 562 2681 fuerit?
590 2641 706 2695 quae
728 2625 914 2696 jejunii
945 2624 1181 2680 utilitas?
1203 2625 1308 2691 die,
1336 2639 1462 2690 oro;
1496 2623 1636 2695 quod
1664 2623 1866 2678 lucrum
1889 2638 1957 2677 ex

371 2720 469 2772 hac
512 2718 960 2788 congregatione?
1003 2718 1132 2785 Quis
1161 2733 1267 2773 non
1310 2725 1366 2773 et
1402 2731 1498 2772 vos
1522 2716 1861 2787 deploraret,
1902 2725 1957 2770 et

370 2825 468 2863 nos
497 2809 722 2864 miseros
747 2809 989 2865 diceret?
1018 2808 1128 2865 Vos
1150 2849 1167 2876 ,
1202 2810 1414 2879 inquam
1440 2849 1456 2874 ,
1489 2808 1609 2878 quia
1634 2808 1811 2862 omnia
1836 2822 1955 2876 quae

367 2901 656 2971 collegistis
674 2942 690 2969 ,
718 2903 877 2957 simul
902 2902 1161 2958 effudistis
1183 2944 1197 2969 ,
1226 2912 1280 2958 et
1301 2902 1494 2973 januas
1529 2901 1725 2956 mentis
1762 2910 1955 2956 vestra:

368 3010 533 3065 pravo
557 2994 786 3051 diemeni
811 2997 1094 3065 aperuistis
1114 3038 1130 3063 ,
1162 3007 1215 3052 ut
1246 2997 1413 3052 facilis
1439 2997 1488 3052 ei
1518 2995 1693 3051 aditus
1718 3003 1862 3051 esset
1889 2994 1956 3049 ad

372 3085 667 3141 offerendas
695 3102 883 3142 omnes
914 3099 1118 3144 vestras
1143 3090 1446 3159 spirituales
1469 3088 1715 3154 divitias;
1746 3103 1843 3144 nos
1864 3104 1958 3142 ve-

374 3194 433 3231 ro
459 3178 683 3232 miseros
708 3180 827 3248 quis
849 3180 971 3249 jure
996 3179 1208 3247 dixerit,
1236 3180 1376 3252 quod
1402 3182 1469 3235 ita
1496 3180 1718 3237 mortuis
1740 3180 1955 3235 auribus

371 3272 753 3326 roncionemur
775 3314 789 3340 ,
822 3288 884 3328 ac
911 3283 1108 3328 tantam
1134 3273 1393 3344 iacturam
1423 3273 1678 3329 faciamus
1698 3316 1710 3335 .
1741 3285 1794 3328 et
1823 3290 1956 3344 quo-

372 3362 497 3416 tidie
517 3362 859 3425 seminantes.
885 3364 1086 3417 nullum
1115 3366 1389 3434 percipere
1416 3363 1640 3418 fructum
1669 3363 1953 3433 possimus.

370 3453 505 3508 Num
525 3453 625 3509 hac
647 3455 755 3509 sola
779 3456 844 3511 de
865 3467 1019 3511 causa
1048 3466 1153 3510 tam
1180 3456 1399 3511 studiosi
1426 3457 1475 3511 in
1499 3454 1726 3512 dicendo
1748 3472 1952 3524 sumus,

370 3558 424 3598 ut
455 3562 611 3602 aures
642 3557 847 3602 vestras
874 3548 1226 3616 oblectemus,
1254 3551 1334 3603 vel
1360 3549 1501 3620 quod
1526 3550 1725 3604 laudari
1751 3566 1779 3605 a
1809 3550 1955 3605 vobis

366 3640 680 3709 cupiamus?
707 3639 814 3693 Nisi
858 3640 1060 3695 lucrum
1093 3641 1243 3695 vobis
1280 3642 1349 3695 sit
1382 3655 1445 3695 ex
1485 3642 1820 3697 sermonibus
1861 3656 1958 3695 no-

369 3732 494 3786 stris
519 3772 535 3796 ,
566 3731 733 3785 satius
760 3732 914 3786 fuerit
953 3747 1050 3786 nos
1090 3730 1310 3802 posthac
1340 3729 1515 3787 silere.
1566 3731 1769 3787 Nollem
1811 3733 1954 3787 enim

370 3816 518 3877 vobis
542 3824 757 3893 majoris
782 3822 1137 3878 damnationis
1157 3838 1315 3879 causa
1344 3823 1476 3879 fieri.
1504 3824 1790 3880 Enimvero
1818 3826 1957 3880 sicut

367 3916 667 3985 negotiator
687 3957 700 3979 ,
732 3916 819 3985 qui
861 3931 981 3970 eum
1009 3916 1188 3970 multis
1222 3916 1491 3971 mercibus
1528 3924 1583 3971 et
1608 3917 1796 3986 Opibus
1821 3932 1952 3972 cono

368 4007 599 4076 gregalis
631 4022 818 4060 navem
848 4008 1167 4077 impleverit,
1202 4009 1377 4063 subito
1399 4018 1515 4063 orta
1542 4018 1877 4079 tempestate,
1902 4019 1957 4064 et

370 4097 689 4166 prtevalente
714 4106 987 4151 ventorum
1009 4099 1258 4153 violentia
1276 4140 1291 4162 ,
1317 4115 1491 4154 mersa
1514 4106 1637 4155 cum
1656 4102 1955 4156 vectoribus

368 4204 523 4253 nave,
554 4190 608 4243 ﬁt
638 4189 885 4244 omnibus
912 4190 1214 4246 miserabile
1250 4191 1639 4260 spectaculum,
1667 4193 1838 4247 nudus
1864 4209 1953 4250 re-

370 4289 527 4350 pente
556 4295 818 4350 apparens
842 4324 857 4347 ,
888 4292 940 4337 et
968 4292 1088 4353 post
1117 4284 1371 4353 plurimas
1398 4284 1787 4355 immensasque
1814 4286 1953 4341 divi-

368 4372 470 4426 tias
493 4372 544 4426 in
570 4382 861 4428 extremam
888 4375 1133 4430 redactus
1161 4386 1470 4446 egestatem,
1502 4378 1569 4432 ita
1599 4388 1652 4433 et
1680 4379 1952 4434 vobiscum

365 4466 607 4522 diabolus
639 4482 777 4523 nunc
802 4469 930 4539 egit.
960 4468 1092 4523 Nam
1120 4470 1241 4539 quia
1276 4472 1478 4526 invenit
1502 4486 1688 4527 navem
1718 4481 1949 4528 vestram

366 4557 695 4625 spiritualem
724 4560 904 4614 multis
928 4560 1127 4615 divitiis
1154 4556 1446 4628 oneratam,
1474 4572 1527 4618 et
1546 4564 1674 4618 vidit
1698 4564 1951 4634 grandem

373 4651 702 4716 thesaurum,
732 4668 889 4722 quem
933 4669 999 4708 ex
1038 4654 1256 4723 jejuniis
1293 4664 1347 4710 et
1390 4657 1658 4711 continuis
1696 4658 1953 4714 doctrinis

364 4741 614 4813 colligere
642 4744 887 4812 potuistis
916 4762 928 4797 :
956 4746 1104 4814 quasi
1135 4754 1448 4815 tempeatate
1477 4749 1721 4819 quapiam
1753 4750 1953 4803 immis-

369 4849 425 4891 sa
456 4876 471 4902 ,
504 4835 688 4890 inutile
731 4847 785 4891 et
832 4837 1188 4906 perniciosum
1234 4839 1361 4893 illud
1408 4850 1653 4910 equestre
1680 4851 1949 4897 certamen

367 4927 487 4983 dico
511 4970 525 4996 ,
562 4945 657 5000 per
696 4930 822 4986 ξηυά
869 4932 1039 5002 ipsum
1083 4933 1329 4989 omnibus
1356 4948 1450 4988 vos
1489 4933 1684 4990 divitiis
1713 4935 1953 4991 destituit

367 5032 414 5079 tt
441 5024 706 5092 Spoliavit.

434 5116 489 5168 9..
548 5115 672 5171 Scio
719 5133 805 5173 me
854 5116 1250 5173 vehementiore
1290 5119 1652 5191 increpatione
1692 5122 1804 5189 uti,
1855 5124 1947 5177 sed

364 5213 672 5280 ignoscatis,
698 5228 794 5267 oro
818 5231 830 5267 :
858 5214 928 5269 ita
955 5215 1152 5285 quippe
1172 5213 1357 5269 dolens
1388 5217 1562 5270 anima
1589 5217 1742 5272 solet.
1768 5217 1948 5289 Neque

371 5303 505 5356 enim
535 5318 602 5358 es
631 5306 841 5360 inimico
873 5317 1086 5375 pectore
1115 5308 1228 5363 hinc
1257 5308 1446 5378 loquor
1466 5351 1479 5375 ,
1512 5308 1604 5363 sed
1634 5327 1697 5364 ex
1726 5310 1947 5367 sollicita

369 5394 634 5465 vestrique
655 5398 1009 5451 amantissima
1032 5399 1204 5451 anima
1232 5416 1244 5451 ε
1272 5410 1554 5468 propterea
1578 5417 1641 5454 ex
1668 5405 1949 5459 severitate

368 5487 561 5559 aliquid
592 5487 806 5542 remitto
827 5530 841 5553 ,
869 5497 923 5543 et
948 5491 1069 5559 quia
1095 5491 1244 5545 ulcus
1274 5508 1496 5561 serpens
1522 5492 1735 5549 cobibui
1761 5536 1774 5559 ,
1807 5498 1947 5549 cari-

368 5590 524 5635 tatem
550 5592 778 5634 vestram
807 5582 995 5634 iterum
1020 5582 1155 5636 bona
1182 5598 1277 5652 spe
1305 5585 1544 5640 animare
1569 5586 1692 5641 volo
1712 5628 1727 5652 ,
1758 5601 1825 5642 ne
1848 5587 1945 5641 de-

384 5667 633 5733 speretis,
669 5680 767 5722 nec
794 5668 1033 5725 animum
1067 5670 1463 5743 despondeatis.
1498 5676 1612 5734 Non
1645 5680 1782 5736 enim
1812 5678 1949 5735 sicut

2040 310 2092 365 in
2119 311 2464 367 sensibilibus
2494 313 2670 375 rebus,
2702 313 2772 366 ita
2800 322 2854 366 et
2878 312 2965 366 hic
2990 326 3093 366 usu-
3113 309 3457 374 evenit;illic
3481 325 3634 364 nam-

2038 418 2144 472 que
2185 404 2230 459 is
2274 403 2367 475 qui
2414 419 2479 459 es
2524 403 2725 459 divitiis
2760 404 2811 458 in
2843 416 3138 458 extremam
3177 402 3427 458 redactus
3472 400 3636 456 fuerit

2040 493 2273 565 inepiam
2298 537 2313 560 ,
2342 496 2487 551 brevi
2529 510 2621 550 eas
2652 511 2901 566 reparare
2933 496 3153 564 nequit;
3204 494 3289 548 hic
3325 502 3505 548 autem
3538 508 3634 563 per

2044 588 2461 643 misericordiam
2491 589 2609 654 Dei,
2637 590 2679 643 si
2708 588 2866 643 modo
2883 587 3237 643 condemnare
3262 587 3399 641 facta
3423 595 3631 649 nostra,

2045 689 2096 734 et
2122 680 2231 749 jam
2260 681 2450 735 sistere
2473 680 2734 749 ignaviam
2761 680 3106 739 voluerimus.
3132 678 3425 748 poterimus
3451 678 3635 732 statim

2043 771 2108 826 ad
2137 772 2414 844 pristinam
2442 773 2821 827 abundantiam
2850 773 3045 829 redire.
3074 772 3219 827 Talis
3246 772 3389 826 enim
3420 780 3502 825 est
3531 769 3637 823 Do-

2045 864 2222 918 minus
2263 873 2448 919 noster
2471 905 2487 931 ,
2520 874 2737 934 tamque
2764 864 3072 935 magnificus
3101 873 3155 918 et
3186 863 3420 918 liberalis
3452 880 3465 915 :
3495 860 3639 915 uide

2045 964 2100 1008 et
2144 956 2338 1010 clamat
2377 971 2475 1026 per
2520 956 2871 1026 prephetam,
2918 954 3100 1010 dicens
3143 970 3159 1009 :
3209 952 3479 1007 Voluntate
3521 952 3641 1005 nolo

2046 1056 2257 1101 mortem
2284 1048 2560 1116 peccatoris
2579 1087 2596 1114 ,
2622 1046 2711 1101 sed
2738 1056 2793 1099 ut
2820 1054 3155 1108 concedatur.
3185 1056 3231 1101 et
3258 1046 3390 1099 vivat
3423 1043 3635 1115 (Em/1.

2050 1139 2136 1192 l8.
2178 1138 2249 1193 25
2270 1138 2308 1207 ).
2338 1139 2460 1195 Scio
2488 1154 2582 1195 vos
2607 1140 2743 1210 frugi
2772 1138 3017 1194 homines
3039 1153 3160 1193 esse
3182 1179 3197 1204 ,
3229 1148 3281 1192 et
3307 1138 3516 1207 lapsum
3546 1151 3639 1189 ve-

2048 1241 2217 1284 strum
2245 1230 2658 1301 persentiscere.
2686 1229 2804 1285 Non
2831 1239 3009 1284 autem
3037 1244 3198 1299 parva
3220 1228 3287 1282 ad
3319 1229 3532 1282 virtutis
3559 1244 3641 1281 re.

2048 1320 2217 1376 ditum
2257 1322 2342 1376 via
2368 1331 2479 1387 est,
2512 1323 2654 1377 scire
2682 1331 3022 1392 peccatorum
3047 1320 3485 1390 magnitudinem.
3520 1317 3639 1373 1am

2051 1431 2121 1471 ne
2144 1417 2264 1486 quis
2304 1415 2433 1471 mihi
2475 1416 2664 1471 iterum
2692 1414 2939 1471 diabolici
2971 1415 3113 1470 illius
3141 1414 3341 1470 erroris
3370 1412 3531 1467 verba
3559 1412 3639 1465 af—

2052 1506 2223 1574 ferat,
2248 1506 2430 1563 dicens
2470 1527 2483 1562 :
2513 1508 2679 1575 Quale
2707 1518 2980 1578 peceatum
3005 1519 3123 1571 est,
3154 1505 3334 1562 videre
3361 1512 3644 1560 currentes

2051 1602 2258 1669 equos?
2283 1601 2339 1655 Si
2368 1599 2603 1656 volueris
2642 1600 2932 1671 prudenter
2968 1600 3146 1655 omnia
3178 1599 3385 1656 discere
3417 1614 3541 1669 qua:
3571 1597 3643 1651 ibi

2054 1690 2208 1757 fiunt,
2248 1691 2487 1747 invenies
2523 1692 2704 1746 omnia
2737 1706 2804 1747 ex
2842 1691 3075 1746 satanica
3115 1690 3427 1761 operatione
3458 1688 3643 1759 prodi—

2053 1796 2113 1837 re
2139 1782 2235 1852 (a).
2266 1780 2382 1837 Non
2413 1783 2554 1837 enim
2578 1782 2825 1837 videntur
2849 1783 2948 1838 soli
2976 1781 3101 1853 equi
3127 1791 3403 1838 currentes
3421 1822 3438 1847 ,
3463 1780 3564 1836 sed
3592 1790 3648 1835 et

2053 1875 2319 1931 clamores
2341 1918 2355 1941 ,
2386 1884 2439 1931 et
2469 1875 2811 1947 blasphemia:
2836 1918 2851 1943 ,
2879 1884 2934 1932 et
2958 1876 3108 1930 multi
3149 1873 3503 1944 intempeStivi
3532 1888 3647 1927 ser-

2056 1982 2243 2021 mones
2268 1967 2553 2022 audiuntur
2577 2009 2592 2033 ,
2623 1978 2678 2023 et
2706 1968 2958 2023 mulieres
2983 1968 3283 2037 prestituta:
3324 1967 3375 2019 in
3408 1964 3646 2021 medium

2055 2060 2355 2130 prodeunt,
2386 2070 2440 2115 et
2480 2070 2787 2130 spectantur
2825 2059 3015 2115 molles
3051 2069 3104 2115 et
3142 2057 3429 2115 effeminati
3471 2059 3646 2128 pueri.

2056 2151 2190 2205 Num
2220 2166 2379 2221 parva
2412 2152 2504 2207 tibi
2537 2152 2649 2207 lucc
2680 2151 2946 2219 videntur,
2974 2161 3028 2206 et
3051 2166 3173 2221 qua:
3202 2150 3266 2205 ad
3293 2151 3533 2219 captivas
3556 2152 3649 2203 ab.

2057 2242 2329 2298 ducendas
2352 2245 2558 2299 animas
2585 2259 2772 2315 parum
2802 2243 3036 2298 faciant?
3061 2242 3191 2297 Nam
3215 2244 3257 2298 si
3286 2242 3487 2297 fortuiti
3516 2258 3649 2297 con-

2058 2345 2248 2388 ventus
2275 2334 2517 2390 incautos
2543 2350 2687 2405 sa-pe
2715 2335 3142 2405 supplantarnnt,
3169 2344 3223 2389 et
3253 2334 3302 2387 iu
3333 2333 3650 2403 perditionis

2059 2426 2375 2497 profundum
2394 2443 2536 2499 saepe
2557 2437 2856 2495 traxerunt,
2872 2428 2996 2498 quid
3018 2427 3388 2483 verisimileest
3401 2427 3650 2483 accidere

2061 2518 2187 2585 illis,
2218 2520 2306 2590 qui
2337 2520 2464 2577 illuc
2484 2535 2547 2576 ea
2576 2520 2645 2576 de
2673 2535 2833 2575 causa
2863 2519 3101 2585 veniunt,
3129 2529 3183 2573 et
3209 2520 3391 2573 oculos
3424 2530 3653 2587 pascunt

2059 2609 2253 2666 illicitis
2280 2612 2427 2667 hisce
2450 2611 2857 2681 spectaculis,et
2880 2611 3004 2667 inde
3030 2610 3245 2679 perfecti
3273 2610 3496 2664 adulteri
3527 2609 3650 2663 dis-

2058 2705 2295 2760 cedunt?
2338 2705 2609 2775 Benignus
2646 2706 2792 2760 enim
2840 2705 3092 2759 Dominus
3142 2712 3322 2758 noster
3344 2703 3525 2757 sciens
3551 2718 3648 2756 na-

2059 2811 2232 2855 turam
2262 2806 2498 2853 nostram
2516 2797 2789 2852 tentationi
2821 2798 3137 2866 expositam,
3158 2804 3212 2849 ct
3238 2794 3500 2849 da-monis
3523 2808 3646 2845 ητ-

2059 2900 2232 2945 sutam
2280 2898 2334 2944 et
2378 2888 2576 2942 variam
2627 2888 2920 2951 malitiam,
2973 2886 3109 2941 bene
3158 2900 3256 2940 nos
3307 2885 3556 2939 muniens
3596 2893 3650 2937 et

2061 2980 2498 3052 inexpugnabiles
2534 2980 2759 3035 reddere
2796 2978 2983 3034 volens
3005 3018 3022 3045 ,
3056 2977 3226 3048 legem
3267 2980 3403 3031 hanc
3432 2978 3611 3047 posuit
3634 3018 3649 3037 .

2058 3076 2241 3130 dicens
2275 3092 2288 3129 :
2324 3074 2424 3141 Qui
2451 3074 2651 3143 inspicit
2678 3074 2935 3127 mulierem
2962 3081 3015 3125 ut
3035 3071 3352 3142 concupiscat
3380 3087 3518 3138 eam,
3534 3071 3650 3140 jam

2058 3169 2376 3221 adulteratus
2400 3176 2471 3222 est
2497 3183 2607 3220 eam
2632 3168 2683 3220 in
2714 3166 2865 3220 corde
2890 3181 2984 3221 suo
3004 3164 3219 3235 (.lfattli.
3245 3164 3301 3219 5.
3327 3163 3421 3235 28)
3440 3206 3457 3231 ,
3489 3164 3648 3217 adul-

2061 3262 2251 3315 terium
2282 3269 2710 3315 consummatum
2741 3257 2981 3314 vocando
3010 3265 3284 3327 aspectum
3313 3271 3436 3312 eum
3462 3257 3649 3312 curio.-

2059 3354 2216 3407 sitate
2260 3352 2479 3407 factum.
2526 3351 2603 3406 Ne
2634 3351 2792 3422 igitur
2818 3350 2903 3405 die
2933 3350 3067 3404 ultra
3098 3367 3112 3403 :
3141 3349 3276 3417 Quid
3304 3349 3427 3403 mali
3454 3364 3527 3405 ex
3556 3350 3647 3403 illa

2061 3442 2523 3512 frequentatione?
2570 3442 2711 3497 Istud
2756 3442 2927 3511 ipsum
2974 3441 3116 3496 enim
3160 3441 3342 3496 videre
3383 3454 3649 3511 equorum

2059 3543 2334 3588 certamen
2358 3574 2373 3598 ,
2401 3531 2603 3601 sufficit
2620 3532 2685 3586 ad
2714 3531 2935 3587 multam
2962 3530 3252 3600 perniciem
3276 3531 3469 3586 animt'e
3510 3531 3651 3585 infe-

2060 3623 2302 3681 rendam.
2328 3624 2460 3680 Nam
2490 3639 2610 3680 cum
2643 3626 2695 3679 in
2724 3622 2924 3678 inutilia
2943 3664 2957 3690 ,
2987 3631 3041 3678 et
3064 3638 3126 3678 ea
3152 3638 3271 3692 qua:
3296 3622 3491 3677 animae
3517 3622 3652 3678 nihil

2059 3718 2383 3784 conducunt,
2407 3719 2500 3774 sed
2527 3726 2581 3772 et
2607 3717 2861 3772 damnosa
2890 3728 3040 3783 sunt,
3066 3728 3273 3788 tempus
3296 3718 3651 3782 insumimus,

2058 3816 2414 3879 altercamur,
2446 3822 2500 3868 et
2543 3814 2820 3867 innumera
2866 3811 3024 3866 verba
3049 3852 3064 3879 ,
3096 3821 3151 3867 et
3191 3827 3310 3881 qua:
3352 3811 3497 3882 loqui
3542 3827 3650 3867 non

2058 3914 2273 3976 Oportet
2293 3946 2308 3971 ,
2340 3904 2609 3975 loquimur
2637 3922 2648 3958 :
2679 3918 2838 3974 quam
2867 3902 3181 3958 habebimus
3208 3901 3461 3958 veniam?
3486 3917 3649 3973 quam

2059 3995 2501 4052 excusationem?
2552 3996 2620 4050 Et
2648 3994 2735 4049 hic
2757 3994 2970 4064 quidem
3000 3995 3045 4047 si
3080 3993 3235 4062 paulo
3266 3992 3524 4063 prolixius
3548 3993 3650 4047 do-

2058 4106 2266 4158 cemus,
2294 4090 2447 4145 multi
2477 4096 2791 4145 succensent
2816 4097 2871 4143 et
2899 4101 3040 4157 :egre
3066 4086 3260 4150 ferunt,
3288 4096 3342 4142 et
3370 4086 3653 4143 infirmita-

2060 4195 2165 4240 tem
2204 4185 2447 4254 eorporis
2482 4192 2537 4239 et
2566 4183 2774 4238 labores
2805 4188 3141 4251 praetexunt,
3176 4180 3299 4234 licet
3334 4178 3652 4235 admirabile

2060 4276 2218 4345 hujus
2243 4276 2423 4346 templi
2456 4284 2652 4331 tectum
2684 4274 2904 4328 multum
2935 4272 3173 4338 soletur;
3204 4271 3332 4326 nihil
3362 4272 3504 4326 enim
3532 4288 3652 4326 mo-

2060 4372 2225 4426 lestiae
2245 4370 2385 4440 parit
2404 4367 2595 4439 frigus,
2615 4367 2699 4422 vel
2720 4367 2916 4437 pluvia,
2939 4375 3032 4421 aut
3053 4355 3331 4419 veniorum
3350 4365 3648 4434 asperitas;

2059 4464 2165 4517 illic
2194 4478 2343 4527 vero,
2373 4462 2495 4517 licet
2522 4460 2744 4515 multum
2774 4459 3166 4529 compleantur,
3198 4471 3229 4512 a
3256 4457 3430 4512 ventis
3452 4457 3652 4519 validis

2058 4563 2335 4618 vexentur,
2355 4562 2411 4610 et
2429 4554 2609 4608 calore
2626 4552 2754 4606 solis
2770 4551 3050 4621 aliquando
3066 4556 3311 4614 aestuent,
3332 4563 3438 4603 non
3458 4564 3650 4614 unam,

2059 4662 2232 4717 neque
2270 4647 2404 4702 duas
2446 4654 2649 4699 tantum
2692 4645 2850 4698 horas
2874 4684 2888 4707 ,
2923 4642 3014 4697 sed
3062 4642 3253 4695 bonam
3292 4641 3395 4696 diei
3440 4652 3649 4711 partem

2059 4749 2354 4804 νει-διιιιιυτ,
2374 4748 2427 4792 ει
2449 4753 2620 4808 neque
2641 4750 2802 4791 senex
2825 4749 2988 4790 canos
3012 4748 3137 4788 SUOS
3157 4744 3449 4796 τενθτειυτ.
3471 4749 3651 4803 neque

2053 4834 2304 4901 juvenem
2336 4832 2494 4901 pudet
2519 4831 2585 4885 ad
2610 4845 2862 4885 canorum
2891 4828 3216 4882 irritamenta
3245 4828 3358 4882 ire:
3383 4825 3477 4881 sed
3503 4837 3646 4881 tanta

2056 4936 2139 4981 est
2173 4926 2285 4979 haec
2314 4924 2556 4993 deceptio
2580 4965 2595 4991 ,
2627 4932 2685 4976 ut
2709 4937 2827 4976 eum
2858 4921 3126 4990 voluptate
3155 4918 3270 4974 hare
3294 4934 3414 4975 esca
3441 4921 3647 4973 anima-

2060 5031 2175 5071 rum
2204 5015 2531 5080 admittatur,
2560 5028 2658 5068 nec
2682 5013 2967 5082 cogitetur,
2990 5011 3301 5067 damnosam
3332 5012 3467 5065 hanc
3496 5010 3647 5064 volu-

2060 5120 2255 5180 ptatem
2296 5110 2511 5162 brevem
2549 5121 2671 5161 esse
2705 5114 2759 5160 et
2797 5102 3212 5174 temporariam,
3243 5101 3483 5157 dolorem
3516 5118 3646 5156 vero

2060 5212 2370 5273 perpetuum
2394 5242 2409 5265 ,
2459 5208 2514 5255 et
2553 5198 2787 5269 graviter
2826 5202 3192 5251 accusaturum
3234 5194 3644 5249 conscientiam.

2060 5293 2226 5349 Video
2254 5293 2395 5348 enim
2422 5305 2563 5346 nunc
2589 5289 2887 5359 aliquorum
2918 5286 3100 5351 facies,
3126 5294 3181 5341 et
3206 5285 3451 5353 conjecto
3469 5285 3647 5355 qualis

2056 5389 2247 5443 animm
2275 5401 2459 5442 eorum
2488 5393 2655 5439 status
2674 5424 2689 5448 ,
2721 5389 3024 5452 quantaque
3052 5391 3192 5434 nunc
3217 5377 3528 5451 pmiitentia
3558 5386 3644 5431 te-

2058 5490 2301 5536 neantur.
2336 5479 2534 5534 Verum
2566 5492 2632 5532 ne
2663 5477 2851 5530 iterum
2880 5475 2932 5529 in
2960 5472 3146 5529 cadent
3171 5472 3444 5538 recidatis,
3470 5487 3645 5543 neque

2086 5674 2093 5679 ’
2118 5687 2191 5741 (α)
2225 5685 2278 5735 ln
2301 5686 2432 5734 circo
2458 5682 2611 5744 turpia
2635 5676 2909 5745 spectacula
2932 5674 3282 5726 offerebantur.
