3752 6280
50 224 110 281 55
1243 220 1308 276 IN
1343 217 1498 274 CAP.

1980 219 2116 276 )lIL.
2162 219 2249 275 V1.
3394 215 3461 273 56

48 357 124 394 και
145 339 239 408 τῆς
262 337 455 408 ἀρετῆς
483 337 580 408 τῆν
612 335 810 408 πολλὴν
837 335 1108 400 εὐκολίαν,
1135 335 1230 390 ἐὰν
1254 338 1444 408 νήφειν
1478 335 1683 407 βουλοί-

47 428 186 496 μεθα.
219 425 286 477 Ἦ
313 425 410 477 οὑκ
441 425 553 476 ἴστε
584 423 666 477 ὅτι
693 425 822 487 τούς
852 424 992 477 οὑτω
1028 423 1127 494 τῆς
1159 423 1367 478 ἑαυτῶν
1411 424 1684 493 σωτηρίας

45 512 357 585 ἀμελοῦντας
382 553 395 575 ,
442 511 535 566 καί
575 528 705 564 ποτε
759 512 858 581 μὲν
903 510 1137 564 ἐνταῦθα
1177 511 1681 582 παραγινομένους,

46 599 208 656 ἄλλοτε
239 599 295 650 δέ
320 599 398 660 εἰς
427 597 492 650 τά
523 596 615 649 τοῦ
641 597 886 651 διαϐόλου
908 596 1096 650 δίκτυα
1129 598 1354 660 ἐαυτοὺς
1379 595 1684 658 ἐκδιδόντας

47 690 138 745 τοῖς
166 685 286 738 κυσὶ
320 684 652 755 παραϐάλλει
685 687 718 755 ἡ
755 683 872 736 θεία
910 685 1100 755 Γραφή
1129 700 1144 748 ;
1173 685 1519 752 Ἀνθρωπος
1553 682 1682 753 7&9,

48 773 206 844 φησιν,
220 769 614 841 ἀποστρέφων
627 772 739 824 ἀπὸ
760 763 868 838 τῆς
879 771 1167 840 ἁμαρτίας
1184 771 1369 826 αὐτοῦ
1384 771 1483 825 καὶ
1498 769 1688 824 πάλιν

44 861 115 921 εἰς
132 855 318 923 αὐτὴν
340 854 617 917 ἐπανιὼν,
637 853 838 922 ὅμοιός
858 854 985 906 ἐστι
1001 852 1566 922 κυνίὲπιστρέφοντι
1588 853 1683 905 ἐπὶ

47 941 294 996 tia-er
311 941 543 1012 ἔμετον.
583 941 744 1012 Ὁρᾷς
767 939 872 993 τίνι
896 939 1135 993 ἐοίκασιν
1177 941 1224 993 οἱ
1273 941 1408 1010 πρὸς
1437 939 1532 1010 τὴν
1563 938 1687 993 θέαν

43 1032 232 1100 ἐκείνην
257 1031 355 1101 τὴν
390 1030 702 1101 παράνομον
729 1027 1130 1100 δεδραμηκότες
1157 1040 1181 1068 ⁸
1206 1045 1220 1093 ;
1264 1029 1379 1082 Οὐκ
1419 1028 1687 1098 ἠκούσατε

47 1121 120 1173 τοῦ
141 1117 370 1189 Χριστοῦ
387 1117 656 1187 λέγοντος,
674 1115 794 1183 Πᾶς
825 1119 859 1170 ό
892 1117 1129 1170 ἀκούων
1150 1135 1269 1185 μου
1303 1117 1444 1183 τοὺς
1467 1117 1690 1186 λόγους

46 1209 286 1272 τούτους,
326 1205 430 1259 καὶ
449 1205 535 1274 μὴ
558 1202 741 1258 ποιῶν
761 1203 1010 1268 αὐτοὺς,
1048 1203 1474 1273 ὁμοιωθήσεται
1517 1203 1689 1272 ἀνδρί

41 1295 210 1366 μωρῷ,
226 1295 400 1360 ὅστις
421 1291 764 1364 ᾠκοδόμησε
773 1292 889 1361 τὴν
905 1293 1102 1347 οὶκίαν
1114 1293 1302 1348 αὐτοῦ
1330 1293 1427 1346 ἐπὶ
1452 1293 1568 1362 τὴν
1583 1294 1689 1361 ἆμ-

43 1401 159 1453 μεν,
171 1383 264 1436 καί
279 1378 535 1452 ἦλθονοί
546 1380 818 1450 ποταμοί,
838 1378 937 1434 καί
951 1378 1264 1434 ἔπνευσαν
1278 1384 1331 1435 οἱ
1347 1381 1574 1451 ἄνεμοι,
1591 1381 1690 1434 καί

47 1470 443 1540 αροσέρῤηεαγ
452 1467 523 1537 τῇ
533 1470 694 1535 οἰκίᾳ
711 1469 936 1538 ἐκείνῃ,
951 1469 1051 1522 καί
1063 1468 1269 1534 ἔπεσε,
1291 1469 1385 1522 καί
1407 1463 1483 1539 ἦν
1493 1470 1530 1536 ὴ
1549 1467 1692 1521 πτῶο

46 1575 127 1625 σις
139 1557 321 1625 αὐτῆς
331 1557 591 1627 μεγάλης
613 1559 674 1610 Oi
701 1555 759 1609 δὲ
772 1559 852 1620 εἰς
875 1558 974 1627 τὴν
990 1555 1349 1628 ἱπποδρομίαν
1365 1556 1695 1628 δεδραμηκό-

43 1664 120 1709 τες
133 1646 219 1699 καὶ
237 1645 435 1698 τούτου
452 1645 666 1716 χείρους
680 1645 985 1712 γεγόνασιν.
999 1641 1241 1698 Ἐκείνου
1257 1643 1365 1715 γάρ
1380 1645 1413 1714 ’ή
1430 1644 1573 1696 οἰκία
1593 1642 1694 1696 κάν

49 1734 166 1804 μετά
198 1733 292 1803 τὴν
318 1730 630 1803 προσϐολὴν
650 1730 749 1802 τὴν
780 1731 1131 1785 κατάπτωσιν
1169 1731 1429 1802 ὑπέμεινε
1469 1749 1480 1760 ·
1524 1748 1692 1783 ποτα-

51 1822 163 1892 μοὺς
203 1819 310 1892 γάρ
365 1820 464 1872 καὶ
505 1819 742 1889 ἀνέμους
785 1815 974 1884 εἶπεν,
1007 1819 1105 1889 οὐχ
1147 1819 1232 1870 ἵνα
1258 1817 1466 1871 ὑδάτων
1493 1817 1696 1889 πλῆθος

52 1871 520 1978 ίιίνίῇταίξδήμῖν
576 1871 670 1959 καί
722 1871 939 1977 ἀνέμων
961 1871 1325 1977 ’σφόδρότητα
1345 1944 1360 1968 ,
1404 1904 1540 1959 ἀλλά

50 1975 342 2068 πιρασμῶν
371 1975 473 2066 τῆν
497 1993 790 2065 ἐπαγωγὴν
811 1975 911 2064 τὴν
939 1975 1174 2064 σφοδράν
1213 1975 1251 2024 ’⁷
1275 1995 1370 2050 καὶ
1401 1993 1499 2064 τὴν
1525 1993 1696 2047 κατά-

51 2101 229 2137 πτωσιν
263 2081 362 2154 τῆς
395 2081 593 2146 οἰκίας,
623 2083 720 2152 οὐχ
749 2082 835 2134 ίνα
867 2082 996 2153 περὶ
1018 2081 1285 2152 αἰσθητῆς
1327 2081 1504 2145 οἰκίας
1549 2081 1700 2150 νομί-

51 2190 208 2242 σωμεν
251 2189 265 2202 ·
320 2171 454 2242 περὶ
507 2170 614 2242 γὰρ
668 2169 846 2242 ψυχῆς
892 2169 922 2221 ό
977 2169 1134 2239 λόγος
1179 2171 1278 2240 τῆς
1305 2166 1414 2224 ἀπὸ
1456 2169 1557 2240 τῆς
1589 2167 1699 2221 τῶν

51 2258 214 2310 δεινῶν
257 2256 570 2328 προσϐολῆς
617 2256 1077 2326 καταπιπτοὺσης
1096 2298 1112 2322 ,
1143 2258 1240 2311 καὶ
1267 2256 1342 2327 μὴ
1375 2254 1699 2327 δυνηθείσης

52 2347 298 2414 ἀντισχεῖν
326 2360 342 2374 ο
375 2343 465 2413 ἐφ’
521 2342 675 2410 ὑμῶν
724 2343 782 2397 δὲ
824 2342 950 2396 οὔτε
1009 2343 1210 2414 ἄνεμος
1257 2343 1520 2415 ἐκινήθη,
1576 2340 1699 2395 οὐτε

55 2432 261 2501 ποταμοὶ
313 2429 720 2502 προσέρρηξαν,
779 2431 893 2484 ἀλλ’
952 2430 1139 2492 ἁπλῶς
1189 2429 1330 2501 αὖρα
1376 2447 1462 2493 τις
1527 2431 1702 2500 μικρά

54 2519 303 2589 διαϐολικῆ
347 2519 602 2586 ἔπνευσε,
655 2519 751 2572 καὶ
800 2517 1010 2581 πάντας
1055 2519 1200 2589 ὑμᾶς
1250 2516 1591 2590 ἀνερρίπισε.
1635 2515 1700 2569 Τί

55 2610 230 2678 $1311};
270 2608 374 2678 τῆς
413 2607 600 2670 ἀνοίας
638 2609 823 2679 χεῖρον
866 2606 1065 2676 γένοιτ’
1096 2607 1195 2673 ἄνς
1237 2606 1290 2660 τί
1320 2606 1420 2675 τῆς
1450 2606 1704 2676 νηστείας

57 2695 236 2762 δσελος,
269 2694 394 2748 εἰπέ
425 2711 543 2766 μοις
571 2695 623 2748 τί
641 2696 740 2765 τῆς
763 2693 997 2748 ἐνταῦθα
1024 2689 1385 2758 συνελεύσεως
1411 2692 1470 2746 τό
1495 2693 1702 2765 κέρδος

57 2783 134 2847 Τίς
158 2784 250 2836 οὐκ
273 2782 338 2835 ἂν
367 2784 465 2836 καὶ
490 2782 632 2854 ὑπὲρ
661 2781 814 2853 ὑμῶν
845 2783 1116 2848 στενάξειε
1139 2824 1154 2849 ,
1185 2782 1280 2836 καὶ
1315 2783 1459 2854 ἡμᾶς
1490 2781 1706 2836 ταλανί-

63 2886 211 2934 cum;
245 2869 423 2940 ’Υπὲρ
451 2869 606 2940 ὑμῶν
635 2870 732 2940 μὲν
752 2911 768 2937 ,
797 2871 879 2923 ὅτι
908 2870 1124 2924 ἅπαντα
1143 2909 1158 2932 ,
1202 2870 1303 2922 ὅσα
1331 2869 1665 2940 συνηγάγετέ
1691 2907 1703 2932 ,

61 2958 131 3025 ὑφ’
157 2957 210 3009 ἐν
242 2956 498 3027 ἐξεχέατε
524 2997 536 3018 ,
573 2958 667 3010 καὶ
699 2958 798 3020 τάς
827 2956 999 3030 θύρας
1025 2956 1128 3027 τῆς
1149 2957 1390 3021 διανοίας
1428 2957 1582 3028 ὑμῶν
1609 2958 1706 3010 άν-

62 3044 332 3096 επετάσατε
365 3043 446 3113 τῷ
471 3043 696 3114 πονηρῷ
719 3043 934 3114 δαίμονι
951 3084 966 3107 ,
993 3043 1134 3097 ὥστε
1160 3043 1258 3098 καὶ
1285 3043 1544 3098 εἰσελθεῖν
1562 3085 1577 3110 ,
1613 3046 1708 3098 καὶ

62 3134 176 3202 μετά
214 3131 422 3202 πολλῆς
448 3132 550 3202 τῆς
569 3132 820 3198 εὐκολίας
859 3133 1040 3186 πάντα
1078 3132 1233 3203 ὑμῶν
1277 3133 1580 3204 ἐκφορῆσαι
1616 3132 1708 3186 τὸν

61 3219 258 3272 πλοῦτον
294 3219 390 3273 τὸν
421 3220 808 3290 πνευματικόν⁸
839 3222 872 3291 ή
883 3222 990 3291 μᾶς
1010 3219 1066 3274 δὲ
1095 3219 1430 3274 ταλανίσειεν
1463 3219 1707 3284 εἰκότως,

59 3308 125 3360 ὁτι
159 3307 235 3384 εἰς
279 3307 488 3379 νεκράς
529 3308 704 3372 οὑτως
750 3308 1049 3380 ἐνηχοῦμεν
1085 3308 1254 3372 ἀκοὰς
1277 3346 1291 3371 ,
1321 3310 1414 3361 καὶ
1441 3306 1710 3378 τοσαύτην

60 3389 237 3460 ζημίαν
280 3390 632 3462 ὑπομένομεν
682 3390 802 3444 καθ’
854 3391 1092 3462 ἑκάστην
1142 3391 1355 3463 ἡμέραν
1399 3390 1712 3462 σπείροντες

63 3478 178 3544 μὲν,
233 3477 408 3548 μηδὲν
451 3477 510 3531 δὲ
568 3477 914 3550 καρποῦσθαι
975 3479 1288 3550 δυνάμενοι.
1343 3479 1436 3550 Μὴ
1478 3479 1587 3548 γὰρ
1625 3477 1713 3530 διά

57 3566 190 3619 τοῦτο
217 3567 401 3634 λέγειν
432 3566 846 3638 σπουδάζομεν,
893 3567 1034 3622 ὥστε
1084 3567 1272 3631 ἁπλῶς
1319 3566 1515 3637 τέρψαι
1558 3565 1711 3636 ὑμῶν

62 3655 139 3722 τήν
165 3654 349 3726 ἀκοὴν,
384 3655 420 3726 ἦ
457 3654 533 3716 ὠς
563 3655 656 3708 τοῦ
691 3657 824 3726 παρ’
853 3655 1009 3727 ὑμῶν
1045 3655 1267 3709 ἐπαίνου
1311 3653 1619 3725 ἐφιέμενοι;
1652 3654 1713 3708 Εἰ
1774 3699 1778 3702 .

65 3744 122 3811 μὴ
143 3741 384 3810 μέλλοιτέ
406 3759 460 3795 τι
480 3743 786 3814 κερδαίνειν
817 3745 882 3796 ἐκ
903 3743 1010 3796 τῶν
1037 3744 1168 3816 παρ’
1198 3742 1352 3815 ήμῶν
1381 3743 1711 3814 λεγομένων,
1776 3789 1782 3796 .

64 3826 241 3894 βέλτιον
269 3831 423 3901 ημᾶς
456 3831 681 3901 σιγῆσαι
711 3831 914 3885 λοιπόν.
960 3831 1092 3885 Οὑδέ
1133 3831 1240 3904 7&9
1283 3830 1542 3903 βούλομαι
1587 3831 1714 3902 ὑμῖν

61 3914 255 3969 πλείονα
307 3916 414 3988 τὴν
461 3917 786 3988 κατάκρισιν
843 3919 1191 3988 ἐργάζεσθαι.
1269 3917 1536 3990 Καθάπερ
1605 3917 1714 3989 7&9

62 3996 291 4071 ἰμπορος,
349 4002 572 4056 ἐπειδάν
618 4004 784 4058 πολὺν
819 3998 927 4059 ’τὸν
970 4005 1165 4078 φόρτον
1215 4005 1493 4076 συναγάγῃ
1521 4015 1569 4069 ο,
1623 4004 1716 4057 καὶ

63 4089 480 4162 πεπληρωμένην
525 4092 623 4162 τὴν
670 4093 870 4146 ὁλκάδα
904 4093 1042 4165 έχων
1077 4091 1273 4146 πολλοῦ
1311 4091 1405 4146 τοῦ
1442 4091 1674 4146 πλούτου
1699 4133 1713 4157 ,

65 4174 237 4246 ἁθρόας
261 4179 579 4249 καταιγίδος
615 4181 1050 4254 προσπεσούσης,
1084 4181 1179 4236 καὶ
1208 4181 1306 4253 τῆς
1333 4181 1441 4234 τῶν
1473 4180 1717 4252 πνευμά-

65 4278 150 4315 των
178 4265 293 4336 βίας
336 4270 774 4340 περιγενομένης
799 4268 1091 4342 αὑτανδρον
1118 4269 1394 4342 καταδύσῃ
1411 4270 1471 4324 τὸ
1488 4270 1714 4338 σκάφος,

66 4351 266 4406 ἐλεεινὸν
296 4354 478 4408 ἅπασι
514 4355 691 4428 θέαμα
716 4356 949 4426 γίνεται,
979 4358 1184 4429 γυμνὸς
1210 4357 1468 4430 ἐξαίφνης
1503 4359 1714 4428 φανεὶς.

69 4439 142 4491 καὶ
174 4441 306 4512 μετά
353 4443 527 4497 πολὺν
569 4446 662 4499 καὶ
704 4446 910 4514 ἄφατον
952 4445 1182 4500 πλοῦτον
1224 4447 1283 4500 ἐν
1321 4447 1526 4518 ἐσχάτη
1555 4446 1718 4516 πενίᾳ

69 4529 311 4594 καταστάς
342 4529 493 4604 [ll],
520 4531 611 4586 τὸν
640 4533 802 4587 αὑτὸν
851 4533 916 4604 δὴ
958 4534 1158 4605 τρόπον
1204 4535 1298 4588 καὶ
1350 4535 1493 4606 ὑμᾶς
1540 4533 1635 4587 νῦν
1686 4535 1714 4586 ό

67 4613 275 4680 διάϐολος
302 4621 582 4693 διέθηκεν.
615 4623 802 4695 Εὑρὼν
829 4626 936 4695 γάρ
964 4624 1116 4695 ὑμῶν
1147 4625 1584 4696 πεπληρωμένην
1613 4625 1715 4695 τὴν

67 4703 234 4760 ἁλιάδα
270 4709 377 4780 τὴν
423 4710 800 4782 πνευματικὴν
852 4711 1048 4764 πολλοῦ
1096 4710 1328 4766 πλούτου
1347 4752 1362 4776 ,
1394 4711 1486 4764 καὶ
1509 4710 1716 4781 ἄφατον

73 4791 171 4843 ἰδὼν
191 4795 279 4848 τὸν
306 4796 612 4867 θησαυρὸν,
635 4798 694 4852 δν
720 4799 828 4852 ἀπό
859 4817 919 4853 τε
951 4801 1049 4871 τῆς
1079 4800 1365 4870 νηστείας,
1391 4801 1500 4854 ἀπό
1522 4816 1581 4852 τε
1615 4798 1717 4869 τῆς

71 4882 294 4952 συνεχοῦς
327 4884 683 4950 διδασκαλίας
719 4890 1044 4956 συναγαγεῖν
1085 4887 1421 4959 ἠδυνήθητε,
1465 4887 1716 4959 καθάπερ

72 4971 331 5039 καταιγίδα
359 4974 488 5026 τινὰ
514 4975 744 5044 ἐπαφεὶς
781 4974 884 5046 τὴν
915 4975 1174 5046 ἀνόνητον
1213 4975 1428 5046 ἐκείνην
1467 4976 1560 5030 καὶ
1590 4976 1714 5030 ἐπι⁶

69 5054 216 5130 ίλαδῆ
261 5059 378 5114 τῶν
419 5061 606 5116 ἵππων
647 5062 904 5135 ἀμιλλαν,
953 5063 1024 5119 δι’
1072 5064 1288 5136 ἐκείνης
1337 5066 1574 5135 ἐρήμους
1624 5066 1719 5119 καὶ

72 5149 282 5214 Τδμνοὺς
311 5149 503 5220 πάσης
535 5151 634 5222 τῆς
659 5151 921 5224 εὐπορίας
947 5153 1305 5225 κατέστησεν.

128 5237 185 5304 β’.
232 5234 370 5295 υἷδα
410 5241 498 5294 ὅτι
542 5241 749 5314 σφοδρᾷ
788 5245 852 5314 τῇ
899 5243 1216 5317 ἐπιτιμήσει
1253 5245 1552 5317 κέχρημαι,
1584 5245 1722 5300 ἀλλά

72 5323 344 5393 (σύγγνωτε,
367 5329 700 5400 παρακαλῶο
728 5330 968 5386 τοιοῦτον
1005 5333 1114 5406 γάρ
1139 5335 1176 5406 ἡ
1213 5333 1520 5406 όδυνωμένη
1553 5334 1718 5407 ψυχή.

75 5413 183 5466 οια
208 5415 319 5486 γάρ
341 5417 406 5484 ἐξ
435 5418 734 5489 ἀπεχθείας
761 5420 935 5475 ταῦτα
965 5420 1293 5496 φθέγγομαι,
1327 5422 1446 5478 ἀλλ’
1481 5424 1589 5478 ἀπὸ
1623 5441 1723 5495 κη-

73 5499 293 5566 iszm'a;
325 5505 424 5558 καὶ
458 5505 816 5580 φιλοστόργου
854 5509 1038 5580 ψυχῆς
1062 5526 1076 5541 ο
1129 5509 1208 5564 διδ
1231 5511 1326 5582 τῆς
1361 5510 1722 5584 σφοδρότητος

79 5589 242 5656 μικρὸν
281 5591 580 5662 καθυφεὶς,
631 5597 817 5666 ἐπειδὴ
850 5598 1019 5672 αὐτῆς
1059 5597 1160 5673 τῆς
1193 5599 1362 5671 νομῆς
1400 5599 1490 5654 τοῦ
1531 5600 1724 5686 Euri”;

39 5757 50 5764 '
165 5719 597 5790 5'Yi!:et-C°islin-
623 5727 1074 5790 συνδεδραμηκότες.
1111 5730 1116 5736 ’
1153 5765 1190 5774 ..
1331 5719 1355 5774 .’

123 5777 148 5849 ξ
170 5779 365 5849 ςοιςίῖιι.
395 5777 565 5845 πλῆθος
581 5789 696 5849 ἡμῖν
716 5777 985 5847 ἐνδὲίξῖηται.
1041 5777 1072 5815 ’ἶ

124 5843 144 5868 ⁶
164 5842 359 5897 Εοίςίἰιι.
389 5842 528 5900 πολὺν
551 5842 758 5898 πλοῦτον
781 5842 1036 5912 συναγάγῃ.

1788 336 2136 406 περιγέγονα,
2185 336 2443 407 βούλομαι
2478 335 2570 389 καὶ
2601 335 2678 399 είς
2709 335 2934 398 ἐλπίδας
2963 335 3204 408 χρηστὰς
3233 336 3461 404 ἀγαγείν

1787 419 1884 490 τὴν
1917 421 2186 492 ὑμετέραν
2201 419 2440 492 ἀγάπην,
2458 420 2598 473 ὣστε
2629 419 2702 491 μὴ
2727 419 3059 487 ἀπογνῶναι,
3090 420 3223 490 μηδέ
3253 419 3462 487 ἀπαγο-

1791 501 2000 572 ρεῦσαι.
2055 503 2190 556 Οὑδέ
2233 502 2344 575 7&9
2386 503 2637 574 καθάπερ
2672 502 2900 556 ἐπὶτῶν
2942 501 3214 569 αἰσθητῶν
3257 503 3465 572 γίνεται

1787 583 2154 656 πραγμάτων,
2180 583 2325 639 οὑτω
2356 585 2450 638 καὶ
2483 584 2717 638 ἐνταῦθα
2741 583 3061 654 συμϐαίνει·
3093 585 3210 638 ἐκεῖ
3238 583 3462 655 μὲνγὰρ

1788 667 1887 718 οὐκ
1917 665 1994 718 ἔνι
2033 665 2124 719 τὸν
2169 665 2278 720 ἀπὸ
2311 665 2406 719 τοῦ
2455 666 2688 720 πλούτου
2732 666 2941 719 ἐκείνου
2984 665 3065 728 εἰς
3091 665 3190 735 τὴν
3229 664 3464 735 ἐσχάτην

1792 749 1981 802 πενίαν
2011 748 2404 818 κατενεχθέντα
2422 749 2625 812 εὐθέως
2653 750 2966 818 ἀνενεγκεῖν
2989 765 3004 780 ο
3033 748 3265 802 ἐνταῦθα
3293 749 3349 802 δέ
3376 748 3467 801 διὰ

1789 829 1887 902 τὴν
1909 831 2004 884 τοῦ
2038 831 2174 884 Θεοῦ
2203 831 2632 901 φιλανθρωπίαν,
2670 833 2764 885 ἐὰν
2809 831 3124 902 βουλώμεθα
3178 832 3338 904 μόνον
3369 848 3465 885 κα·
3539 851 3547 858 ·

1791 913 2061 983 ταγνῶναι
2091 913 2198 967 τῶν
2225 914 2324 985 ήδη
2365 913 2740 985 εἰργασμένων
2771 916 2922 985 ἡμῖν,
2952 917 3046 968 καὶ
3077 916 3239 987 μέχρι
3270 915 3464 968 τούτου

1795 997 1986 1067 στῆσαι
2015 997 2081 1050 τά
2103 998 2202 1068 τῆς
2231 997 2522 1068 ῥᾳθυμίας,
2558 997 2833 1068 δυνάμεθα
2861 999 3067 1068 ταχέως
3099 1001 3189 1052 ἐπὶ
3209 999 3306 1070 τὴν
3334 1015 3466 1070 προ-

1793 1081 1956 1152 τέραν
1988 1079 2249 1151 εὐπορίαν
2278 1081 2613 1134 ἐπανελθεῖν.
2649 1080 2902 1145 Τοιοῦτος
2929 1083 3036 1152 γάρ
3068 1083 3097 1128 ὁ
3129 1083 3403 1152 Δεσπότης
3439 1085 3468 1135 ὁ

1793 1163 2080 1235 ἡμέτερος,
2125 1163 2268 1217 οῦτω
2305 1164 2586 1234 φιλότιμος
2632 1166 2725 1216 καὶ
2767 1165 3144 1236 μεγαλόδωρος
3170 1177 3182 1194 ⁸
3237 1165 3332 1219 καί⁵
3368 1165 3468 1236 βοᾷ.

1792 1246 1878 1300 διὰ
1901 1247 1992 1300 τοῦ
2029 1249 2335 1318 προφήτου,
2385 1248 2560 1316 λέγων
2587 1263 2601 1278 °
2653 1249 2735 1302 Οὐ
2769 1247 3016 1316 θελήσει
3045 1249 3198 1303 θέλω
3229 1249 3337 1302 τὸν
3363 1248 3468 1302 θά-

1793 1348 1978 1386 νατον
2024 1329 2130 1384 τοῦ
2170 1331 2546 1400 ἁμαρτωλοῦ,
2593 1332 2673 1398 ὡς
2712 1331 2780 1400 τὸ
2823 1331 3183 1400 ἐπιστρέψαι
3224 1331 3322 1387 καί
3362 1329 3471 1400 ζῇν

1793 1416 1998 1470 αὐτόν.
2081 1411 2212 1470 Οἶδα
2278 1417 2360 1469 ὅτι
2405 1414 2754 1484 εὐγνώμονες
2789 1415 2941 1480 ὄντες
2989 1414 3311 1470 αἰσθάνεσθε
3360 1415 3470 1469 τῶν

1795 1498 2170 1570 ἐπταισμένων
2201 1499 2350 1569 ὑμῖν.
2382 1500 2456 1552 Οὐ
2489 1499 2662 1571 μικρά
2691 1499 2748 1552 δὲ
2776 1500 2892 1563 ὁδὸς
2915 1501 3051 1572 πρὸς
3082 1501 3180 1571 τὴν
3209 1499 3470 1556 ἐπάνοδον

1796 1581 1894 1651 τῆς
1930 1581 2131 1652 ἀρετῆς
2173 1579 2234 1634 τὸ
2277 1581 2475 1634 εἰδέναι
2519 1581 2627 1634 τῶν
2671 1583 3074 1655 ἡμαρτημένων
3123 1583 3184 1636 τὸ
3219 1581 3472 1654 μέγεθος.

1810 1664 1971 1718 Ἀλλὰ
2003 1668 2075 1736 μή
2107 1683 2197 1736 μοι
2220 1665 2382 1718 πάλιν
2414 1664 2514 1732 τῆς
2542 1665 2854 1736 διαϐολικῆς
2890 1665 3105 1736 ἐκείνης
3133 1667 3349 1740 ἀπάτης
3373 1669 3470 1737 ῥή-

1803 1751 1949 1821 ματά
1977 1768 2058 1814 τις
2085 1749 2400 1821 παραγέτω,
2423 1749 2595 1818 λέγων
2617 1764 2630 1778 ·
2674 1753 2824 1803 ποῖον
2849 1750 2958 1822 γάρ
2985 1751 3204 1824 ἀμάρτη
3215 1769 3309 1822 μα,
3345 1752 3472 1805 ἰδεῖν

1801 1833 1998 1895 ἵππους
2030 1833 2355 1905 τρέχονταςς
2398 1832 2523 1885 Ἐἀν
2545 1831 2655 1902 γάρ
2684 1831 2951 1904 βουληθῇς
2979 1834 3340 1905 εὐγνωμόνως
3373 1851 3474 1888 κα·

1799 1915 2066 1985 ταμαθεῖν
2118 1915 2330 1970 ἅπαντα
2379 1915 2448 1969 τὰ
2490 1917 2606 1968 ἐκεῖ
2645 1916 2930 1986 γινόμενα,
2989 1916 3245 1987 εὑρήσεις
3297 1917 3474 1972 πάντα

1806 1997 1978 2069 μεστά
2017 1998 2314 2069 σατανικῆς
2343 1998 2645 2069 ἐνεργείας.
2689 1999 2763 2052 Οὑ
2799 1999 2960 2067 μόνον
2985 1997 3094 2069 γὰρ
3128 1999 3326 2062 ἵππους
3359 1999 3477 2068 τρέ-

1801 2098 1997 2154 χοντας
2029 2081 2176 2135 ἐστιν
2197 2081 2344 2144 ἰδεῖν,
2367 2081 2501 2136 ἀλλὰ
2531 2082 2627 2135 καὶ
2654 2083 2932 2152 κραυγῶν,
2964 2083 3059 2137 καὶ
3093 2083 3473 2155 βλασφημιῶν,

1804 2167 1897 2219 καὶ
1935 2165 2145 2236 μυρίων
2176 2164 2422 2235 ἀκαίρων
2451 2163 2599 2216 ἐστιν
2621 2165 2852 2218 ἀκοῦσαι
2874 2165 3069 2234 λόγων,
3093 2167 3188 2219 καὶ
3213 2169 3476 2234 γυναῖκας

1804 2246 2168 2318 ἡταιρηκυίας
2216 2247 2294 2308 εἰς
2327 2245 2388 2298 τὸ
2433 2246 2597 2316 μέσον
2645 2245 2949 2316 παριούσας
2999 2247 3148 2310 ἰδεῖν,
3202 2247 3296 2300 καὶ
3324 2247 3478 2311 νέους

1803 2330 1942 2402 πρὸς
1968 2329 2068 2400 τὴν
2091 2329 2200 2382 τῶν
2229 2327 2504 2397 γυναικῶν
2537 2328 2854 2400 ἁπαλότητα
2899 2329 3124 2393 ἐαυτοὺς
3151 2329 3478 2392 ἐκδιδόντας.

1808 2415 1877 2467 Ἢ
1921 2415 2093 2484 μικρά
2144 2428 2225 2464 σοι
2278 2411 2452 2465 ταῦτα
2495 2411 2644 2465 δοκεῖ
2689 2409 2825 2465 εἶναι
2874 2412 3012 2484 πρὸς
3061 2412 3120 2466 τὸ
3173 2414 3272 2484 τὴν
3302 2411 3482 2484 ψυχὴν

1807 2497 2150 2568 αἰχμάλωτον
2181 2495 2513 2568 ἐργάσασθαι
2537 2513 2550 2562 ;
2589 2496 2650 2549 Εἰ
2676 2495 2783 2568 7&9
2812 2497 2906 2549 καὶ
2928 2497 2984 2551 αἰ
3008 2497 3114 2550 ἀπὸ
3142 2498 3481 2568 ταύτομάτου

1810 2579 2096 2650 συντυχίαι
2125 2577 2384 2641 πολλάκις
2410 2578 2774 2632 ὑπεσκέλισαν
2803 2579 2896 2632 καί
2926 2579 3240 2645 κατέϐαλον,
3279 2580 3372 2633 καὶ
3405 2582 3483 2644 είς

1811 2663 1940 2717 αὐτὸ
1988 2660 2088 2732 τῆς
2137 2659 2412 2724 ἀπωλείας
2467 2660 2529 2713 τὸ
2578 2659 2853 2732 βάραθρον
2893 2664 3236 2732 κατήνεγκαν
3274 2662 3365 2714 τὸν
3408 2662 3483 2732 μὴ

1811 2744 2164 2817 προσέχοντα,
2196 2741 2249 2794 τί
2286 2742 2432 2806 εἰκὸς
2473 2741 2663 2796 παθεῖν
2707 2742 2834 2805 τοὺς
2881 2741 2968 2794 ἐπ’
2998 2741 3129 2794 αὐτὸ
3173 2741 3330 2795 τοῦτο
3371 2744 3482 2794 ἐκεῖ

1813 2825 2304 2897 παραγινομένους,
2355 2825 2611 2888 καὶτοὺς
2661 2824 2974 2895 ὀφθαλμοὺς
3026 2824 3320 2890 ἑστιῶντας
3364 2829 3484 2890 ταῖς

1813 2908 2151 2982 παρανόμοις
2179 2907 2416 2972 ἐκείναις
2447 2907 2618 2973 θέαις,
2655 2909 2748 2962 καὶ
2785 2907 3230 2981 ἀπηρτισμένους
3265 2911 3484 2981 μοιχοὺς

1813 2990 2022 3045 ἐκεῖθεν
2069 2991 2392 3055 κατιόντας;
2453 2989 2622 3054 Εἰδὼς
2670 2991 2778 3062 γὰρ
2828 2992 2856 3042 ὁ
2903 2990 3284 3063 φιλάνθρωπος
3329 2992 3484 3065 ἡμῶν

1815 3073 2092 3143 Δεσπότης
2137 3071 2237 3142 τῆς
2277 3069 2489 3140 φύσεως
2525 3071 2623 3140 τῆς
2655 3069 2930 3141 ἡμετέρας
2958 3070 3018 3124 τὸ
3057 3071 3483 3144 εὐεπηρέαστον,

1817 3151 2040 3222 καὶτῆς
2072 3149 2167 3205 τοῦ
2201 3150 2445 3203 διαϐόλου
2479 3149 2815 3220 κακουργίας
2847 3149 2907 3202 τὸ
2937 3149 3240 3221 πανοῦργον
3262 3152 3355 3204 καὶ
3389 3168 3486 3205 πο-

1815 3231 2103 3296 λύπλοκον,
2137 3234 2202 3285 ἐκ
2241 3228 2435 3283 πολλοῦ
2469 3229 2562 3284 τοῦ
2595 3229 2879 3302 περιόντος
2908 3230 3158 3301 τειχίζων
3190 3232 3357 3302 ἡμᾶς,
3397 3233 3486 3287 καὶ

1817 3311 2144 3384 βουλόμενος
2185 3307 2494 3373 ἀναλώτους
2529 3308 2866 3380 ἐργάσασθαι
2903 3311 3023 3373 ταῖς
3050 3309 3241 3363 τούτου
3273 3313 3488 3380 παγίσι,

1817 3391 1907 3444 τὸν
1965 3391 2126 3462 νόμον
2196 3389 2387 3443 τοῦτον
2447 3388 2722 3455 τέθεικεν,
2794 3387 2986 3457 λέγων’
3063 3389 3115 3441 Ὁ
3183 3388 3485 3461 ἐμϐλέψας

1818 3469 2061 3540 γυναικὶ
2093 3467 2244 3537 πρὸς
2287 3469 2353 3522 τὸ
2386 3467 2755 3537 ἐπιθυμῆσαι
2788 3467 3014 3536 αὐτῆς,
3059 3466 3174 3536 ἤδη
3215 3470 3487 3541 ἐμοίχευ-

1815 3568 1933 3606 cer
1961 3549 2158 3617 αὐτὴν
2188 3548 2258 3602 ἑν
2284 3547 2360 3617 τῇ
2379 3548 2590 3617 καρδίᾳ
2621 3549 2829 3612 αὑτοῦ,
2863 3547 3112 3620 μοιχείαν
3136 3551 3488 3622 ἀπηρτισμέ-

1819 3648 1916 3700 νην
1947 3628 2128 3682 καλῶν
2161 3627 2255 3698 τῆν
2294 3627 2432 3698 μετὰ
2469 3627 2789 3698 περιεργίας
2823 3627 3058 3698 θεωρίαν
3088 3629 3488 3702 γεγενημένην.

1821 3709 1912 3782 Μὴ
1948 3709 2127 3762 τοίνυν
2169 3725 2258 3778 μοι
2297 3708 2423 3776 λέγε
2462 3707 2646 3766 λοιπόν
2674 3726 2688 3738 ο
2741 3708 2793 3761 τὶ
2830 3711 2941 3781 γάρ
2967 3707 3080 3782 [4‘2]
3134 3709 3330 3780 βλάϐος
3382 3712 3490 3765 ἀπὸ

1820 3789 1918 3859 τῆς
1963 3790 2141 3842 ἐκεῖσε
2170 3788 2489 3858 διατριϐῆς;
2530 3789 2638 3841 Καὶ
2675 3789 2806 3843 αὐτὸ
2847 3791 2956 3860 γὰρ
2991 3791 3150 3860 μόνον
3172 3792 3232 3845 τὸ
3255 3793 3353 3864 τῆς
3381 3793 3490 3846 τῶν

1823 3868 2005 3922 ἵππων
2048 3868 2283 3940 ἀμίλλης
2311 3867 2494 3922 ἰκανὸν
2529 3867 2695 3921 πολὺν
2745 3871 2808 3940 τῇ
2841 3867 2985 3941 ψυχῇ
3015 3870 3106 3925 τὸν
3143 3871 3361 3944 ὀλεθρον
3390 3875 3490 3926 ἐπ-

1822 3951 2068 4017 αγαγεῖν.
2097 3948 2266 4000 Ὅταν
2287 3948 2396 4018 7&9
2413 3948 2552 4018 ὑπὲρ
2581 3948 2876 4020 ἀνονήτων,
2907 3951 3003 4004 καὶ
3027 3951 3102 4022 μὴ
3130 3951 3286 4022 μόνον
3322 3952 3490 4024 μηδὲν

1821 4031 1886 4099 τῇ
1919 4026 2082 4106 ψυχῇῗ
2111 4025 2591 4106 συμϐαλλομένων,
2623 4026 2760 4081 ἀλλὰ
2788 4030 2883 4106 καὶ
2904 4028 3314 4100 λυμαινομένων
3353 4032 3490 4106 αὐτῇ

1821 4107 1913 4159 τὸν
1941 4105 2130 4177 καιρὸν
2163 4104 2671 4174 καταναλίσκωμεν,
2713 4106 2806 4158 καὶ
2838 4105 3376 4180 διαπληκτιζώμεθα,
3401 4104 3494 4168 καί

1825 4185 1994 4256 μυρία
2031 4183 2170 4255 ῥητά
2228 4183 2319 4237 καὶ
2347 4183 2562 4256 ἄρρητα
2595 4182 2990 4256 φθεγγώμεθα,
3038 4187 3118 4252 τίς
3162 4189 3291 4258 ἡμῖν
3339 4190 3492 4246 ἐσται

1775 4329 1778 4333 ι
1825 4260 2155 4334 συγγνώμης
2221 4263 2351 4318 ποία
2389 4263 2444 4317 δὲ
2478 4263 2781 4333 ἀπολογία;
2827 4265 2936 4319 Καὶ
2980 4265 3214 4320 ἐνταῦθα
3264 4267 3363 4338 μὲν
3395 4269 3493 4326 ἐὰν

1825 4342 2020 4414 μικρὸν
2045 4342 2461 4413 παρατείνωμεν
2485 4343 2581 4414 τὴν
2611 4342 2978 4409 διδασκαλίαν,
3009 4345 3192 4400 πολλοί
3211 4345 3494 4420 δυσχεραί-

1821 4438 1971 4474 νουσι
2000 4421 2094 4475 καὶ
2118 4419 2400 4487 ἀλύουσιά,
2427 4424 2520 4475 καὶ
2551 4423 2709 4476 πόνον
2737 4424 2830 4477 τοῦ
2863 4423 3114 4496 σώματος
3134 4428 3228 4480 καὶ
3249 4419 3494 4499 κάματον

1823 4499 2247 4582 προδάλλονται,
2273 4501 2365 4554 καὶ
2395 4502 2566 4582 ταῦτα
2608 4501 2701 4582 τοῦ
2735 4503 3047 4574 θαυμαστοῦ
3073 4506 3262 4560 τούτου
3293 4509 3491 4581 ὀρόφου

1825 4578 2008 4660 ἱκανοῦ
2056 4580 2207 4660 ὄντος
2225 4578 2734 4660 παραμυθήσασθαι
2761 4600 2775 4615 ·
2831 4581 2955 4636 οὔτε
2994 4585 3102 4658 γὰρ
3145 4587 3251 4640 ὑπὸ
3278 4578 3492 4660 κρυμοῦ

1822 4659 1968 4740 ἔστιν
1993 4657 2370 4740 ἐνοχληθῆναι,
2415 4659 2537 4740 οὐτε
2574 4661 2680 4716 ὑπὸ
2722 4663 2899 4726 ὑετοῦ,
2928 4663 2962 4734 ἢ
2994 4657 3093 4735 τῆς
3120 4665 3229 4719 τῶν
3275 4657 3494 4740 ἀνέμων

1825 4737 2184 4809 σφοδρότητος
2229 4755 2242 4768 ο
2279 4740 2394 4792 ἐκεῖ
2423 4738 2480 4793 δέ
2505 4743 2598 4795 καὶ
2631 4742 2786 4797 ὑετοῦ
2809 4741 3014 4814 λάϐρου
3037 4737 3494 4818 καταρρηγνυμέ-

1823 4835 1935 4883 νου,
1955 4818 2049 4873 καὶ
2070 4819 2287 4891 ἀνέμων
2311 4819 2552 4894 σφοδρῶν
2582 4823 2876 4888 πνεόντων,
2890 4825 2986 4880 καὶ
3008 4825 3192 4881 ἄλλοτε
3223 4826 3317 4880 τοῦ
3339 4828 3492 4899 ἡλίου

1824 4899 2042 4980 θερμὴν
2075 4900 2188 4980 τὴν
2210 4903 2399 4957 ἀκτῖνα
2439 4903 2721 4974 ἀφιέντος,
2769 4906 2830 4960 οὑ
2883 4907 3012 4978 μίαν
3043 4907 3164 4961 οὐδὲ
3198 4908 3290 4962 δύο
3321 4908 3491 4980 ῶρας,

1824 4979 1959 5034 ἀλλὰ
2000 4979 2060 5032 τὸ
2094 4979 2254 5035 πλέον
2299 4980 2398 5052 τῆς
2451 4983 2661 5054 ἡμέρας
2712 4985 3118 5058 διημερεύουσι,
3167 4988 3262 5044 καὶ
3307 4979 3430 5043 οὔτε
3465 4992 3494 5043 ὁ

1824 5063 2001 5133 γέρων
2034 5061 2259 5142 αἰδεῖται
2289 5064 2387 5135 τὴν
2419 5065 2629 5128 πολιὰν,
2655 5064 2776 5120 οὔτε
2803 5067 2831 5119 ό
2865 5066 2982 5130 νέος
3009 5065 3322 5137 αἰσχύνεται
3358 5069 3494 5142 πρὸς

1824 5144 1892 5196 τά
1920 5142 2019 5222 τῆς
2050 5141 2242 5222 πολιᾶς
2267 5143 2673 5215 ὑπεκκαύματα
2703 5144 2935 5214 βαδίζων
2960 5162 2972 5176 ’
3024 5145 3160 5199 ἀλλά
3196 5141 3433 5221 τοσαύτη
3460 5153 3493 5222 ἡ

1827 5221 2032 5294 ἀπάτη,
2063 5221 2138 5284 ὡς
2167 5223 2262 5275 καὶ
2292 5222 2414 5292 μεθ’
2438 5223 2634 5294 ήδονῆς
2665 5223 2726 5277 τὸ
2757 5223 2948 5295 δέλεαρ
2973 5223 3151 5279 ἐκεῖνο
3178 5225 3286 5282 τῶν
3309 5221 3497 5300 ψυχῶν

1828 5300 2172 5374 προσίεσθαι,
2209 5303 2304 5356 καὶ
2359 5302 2434 5374 μὴ
2474 5303 2673 5358 ἐννοεῖν
2712 5306 2808 5375 τῆς
2841 5303 3045 5375 ἡδονῆς
3083 5305 3183 5377 μὲν
3233 5306 3330 5378 τῆς
3379 5310 3499 5360 ἐπι-

1827 5381 2061 5447 ϐλαϐοῦς
2103 5382 2163 5436 τὸ
2212 5381 2388 5454 βραχὺ
2437 5383 2530 5436 καὶ
2571 5383 2940 5456 πρόσκαιρον,
2983 5385 3082 5457 τῆς
3126 5386 3181 5439 δὲ
3215 5387 3405 5457 ὀδύνης
3438 5389 3499 5441 τὸ

1827 5462 2095 5534 διηνεκὲς,
2121 5463 2216 5516 καὶ
2245 5461 2340 5515 τοῦ
2374 5462 2671 5529 συνειδότος
2691 5465 2801 5535 τὴν
2829 5466 3184 5537 κατηγορίαν.
3227 5463 3370 5539 ὀρῶ
3391 5466 3499 5536 γάρ

1828 5542 1986 5596 ἐνίων
2012 5543 2106 5597 καὶ
2133 5541 2230 5596 νῦν
2266 5541 2336 5596 τὰ
2365 5543 2655 5614 πρόσωπα,
2693 5547 2786 5598 καὶ
2838 5543 3169 5616 στοχάζομαι
3198 5549 3294 5616 τῆς
3319 5545 3501 5616 ψυχῆς

1825 5623 1928 5694 τὴν
1961 5623 2318 5686 κατάστασιν,
2357 5623 2452 5678 καὶ
2504 5626 2604 5696 ὂση
2648 5625 2744 5679 νῦν
2782 5627 2963 5690 αὐτοῖς
2997 5628 3030 5698 ἡ
3086 5627 3339 5696 μετάνοια
3387 5629 3502 5680 εἰσ-

1795 5703 2070 5774 ..ἐρχεταα
2119 5704 2260 5757 um?
2293 5706 2441 5788 6x0);
2475 5707 2578 5778 μὴ·
2613 5706 2774 5788 πάλιν
2799 5710 2912 5769 τοῖς
2927 5707 3117 5770 αὐτοῖς
3147 5705 3501 5778 περιπέσητε,

1894 5857 1918 5896 ά
1945 5853 1998 5908 In
2022 5855 2219 5912 Coislin.
2253 5865 2330 5912 καὶ
2352 5865 2548 5915 ἀλύουσι
2577 5865 2737 5916 deest.
