3752 6238
309 181 381 238 ετ
1047 180 1104 236 S.
1145 179 1426 273 JQANNIS
1462 178 1791 236 CIIRYSOS'

2263 178 2321 232 P.
2367 177 2914 237 CONSTANTINOP.
3688 185 3745 241 Βῆ

309 299 448 374 μηδὶ
477 298 614 370 μετά
641 299 737 369 τήν
766 295 1032 367 τοσαύτην
1056 296 1214 366 ήμῶν
1247 297 1567 369 παραίνεσιν
1592 294 1760 374 πάλιν
1780 294 1873 347 ἐπὶ
1901 292 1970 344 τὰ

311 373 576 434 σατανικά
614 375 866 448 συνέδρια
906 377 1091 430 ἐκεῖνα
1121 376 1389 447 δράμητε,
1417 375 1717 443 ἀναγκαῖον
1742 373 1977 442 διαμαρ-

308 459 596 530 τύρασθαι.
640 455 773 511 υῦδέ
824 456 933 526 γὰρ
964 456 1192 510 πάντοτε
1243 453 1405 509 καλὸν
1436 453 1685 525 προσηνῆ
1713 452 1980 523 φάρμακα

310 538 632 600 ἐπιτιθέναι,
659 536 774 591 ἀλλ’
811 537 940 590 ὅταν
1034 534 1095 588 τὸ
1132 535 1291 598 ἐλκος
1319 534 1651 594 δυσένδοτον,
1678 534 1760 587 δεῖ
1789 533 1884 586 καὶ
1915 531 1983 584 τὰ

283 677 286 682 ,
312 619 580 688 στύφοντα
598 617 690 670 καὶ
705 616 772 670 τά
786 615 1002 669 δάκνειν
1026 615 1301 685 δυνάμενα
1332 615 1652 686 προσάγειν,
1677 614 1764 668 ἵνα
1794 613 1984 683 ταχεῖα

312 699 535 769 γένηται
556 698 589 765 ή
612 695 918 767 διόρθωσις.

383 783 452 845 γ’.
479 774 814 830 Μαθέτωσαν
831 773 1010 828 τοίνυν
1031 773 1269 837 ἅπαντες
1281 772 1330 825 οί
1343 775 1454 837 τοῖς
1474 771 1812 842 ἐγκλήμασιν
1825 769 1984 823 ὑπεύ-

313 856 481 918 θυνοι,
509 855 590 908 δτι
611 856 658 907 εί
683 853 778 907 καὶ
806 852 944 925 μετά
961 852 1165 926 ταύτην
1187 853 1342 924 ήμῶν
1362 854 1462 924 τὴν
1488 851 1805 923 παραίνεσιν
1825 850 1984 904 πάλιν

311 937 376 1005 τῇ
430 935 566 1005 αύτῇ
611 933 856 1006 ῥᾳθυμίᾳ
903 931 1234 1002 ἐπιμένωσιν
1272 973 1288 997 ,
1319 933 1433 985 -ούκ
1473 928 1806 1001 ἀνεξόμεθα,
1847 927 1984 982 ἀλλά

310 1016 422 1077 τοῖς
444 1011 628 1082 νόμοις
649 1011 746 1080 τῆς
760 1009 1088 1081 Ἐκκλησίας
1114 1011 1448 1082 χρησάμενοι
1483 1011 1622 1080 μετὰ
1654 1009 1853 1080 πολλῆς
1880 1008 1982 1062 αὐ-

311 1095 438 1156 τοὺς
461 1095 556 1164 τῆς
577 1091 934 1162 σφοδρότητος
950 1089 1253 1159 διδάξομεν,
1273 1090 1346 1160 μὴ
1369 1087 1592 1143 τοιαῦτα
1617 1089 1724 1160 πλη
1733 1089 1980 1160 μμελεῖν,

316 1175 448 1246 μηδὲ
487 1173 623 1244 μετά
655 1170 918 1242 τοσαύτης
945 1172 1399 1242 καταφρονήσεως
1437 1171 1544 1223 τῶν
1574 1170 1734 1223 θείων
1764 1169 1982 1224 ἀκούειν

313 1253 528 1320 λογίων.
583 1249 691 1304 Καὶ
719 1248 890 1302 ταῦτα
917 1249 976 1301 ού
1015 1250 1142 1320 περί
1170 1249 1387 1301 πάντων
1433 1248 1577 1318 λέγω
1609 1247 1717 1301 τῶν
1749 1247 1982 1301 ἐνταῦθα

314 1329 765 1401 συνειλεγμένων,
811 1326 946 1382 ἀλλά
979 1328 1106 1399 περὶ
1128 1329 1236 1381 τῶν
1267 1327 1583 1382 ὑπευθύνων
1615 1330 1728 1390 τοῖς
1754 1327 1984 1398 λεγομέ-

313 1427 445 1475 νοις.
493 1410 552 1462 '0
587 1408 684 1479 μὲν
722 1407 831 1478 γὰρ
863 1407 1020 1475 λόγος
1049 1407 1184 1480 πρὸς
1210 1406 1458 1471 ἅπαντας
1478 1406 1788 1474 διαλέγεται
1814 1423 1828 1436 ο
1854 1407 1984 1459 ἐκα-

315 1508 438 1555 στος
473 1489 532 1544 δέ
578 1488 686 1542 τῶν
727 1487 1030 1541 ἀκουόντων
1076 1487 1314 1558 δεχέσθω
1353 1489 1414 1540 16
1461 1487 1797 1556 κατάλληλον
1839 1485 1983 1556 φάρ-

319 1585 492 1639 μακον
517 1585 530 1599 ’
587 1569 616 1621 6
647 1567 745 1638 μέν
789 1566 866 1638 τῷ
899 1567 1254 1637 ἁμαρτήματι
1296 1565 1616 1630 ὑπεύθυνος,
1648 1564 1788 1618 ὥστε
1819 1565 1983 1635 μέχρι

314 1649 504 1702 τούτου
529 1649 723 1718 στῆσαι
751 1647 818 1700 τά
840 1646 941 1715 τῆς
963 1645 1255 1716 ῥᾳθυμίας,
1281 1647 1376 1699 καὶ
1403 1646 1478 1718 μὴ
1508 1645 1822 1717 περαιτέρω
1849 1661 1988 1715 προ-

316 1730 510 1793 ελθεῖν,
536 1727 673 1782 ἀλλά
699 1725 788 1780 διά
813 1726 907 1796 τῆς
935 1725 1072 1796 μετά
1101 1724 1266 1778 ταῦτα
1295 1725 1530 1796 σπουδῆς
1545 1723 1986 1778 ἀνακαλέσασθαι

315 1809 526 1871 ἐαυτὸν,
569 1806 662 1861 καὶ
693 1805 802 1858 τῶν
829 1803 1204 1872 ἐπταισμένων
1258 1803 1586 1875 ποιήσασθαι
1625 1803 1724 1871 τὴν
1756 1802 1985 1869 διόρθω-

317 1907 429 1942 σιν·
451 1889 481 1941 ὁ
514 1887 572 1940 δὲ
597 1884 887 1947 ἀνεύθυνος
917 1882 1320 1952 ἀσφαλέστερος
1361 1883 1602 1952 γενέσθω
1646 1882 1784 1952 πρὸς
1815 1883 1876 1935 τὸ
1910 1883 1984 1953 μὴ

313 1967 538 2027 ἁλῶναι,
592 1964 727 2036 μηδὲ
772 1961 1070 2025 ὑπεύθυνος
1098 1961 1350 2030 γενέσθαι
1384 1963 1534 2017 ποτέ.
1602 1962 1740 2014 Ἀλλ’
1779 1962 1868 2016 ἵνα
1917 1961 1985 2015 δι’

313 2047 495 2100 αὐτῶν
519 2043 630 2098 τῶν
654 2041 995 2113 πραγμάτων
1019 2039 1295 2110 πείσωμεν
1316 2041 1413 2113 τὴν
1437 2040 1712 2111 ὑμετέραν
1737 2041 1984 2112 ἀγάπην,

313 2129 398 2180 ὅτι
419 2123 528 2179 ἀπὸ
546 2121 926 2194 φιλοστοργίας
959 2119 1052 2174 καὶ
1080 2120 1282 2190 πολλῆς
1310 2121 1633 2192 κηδεμονίας
1662 2121 1983 2192 δακνόμενοι

313 2205 413 2276 τήν
440 2204 639 2274 ψυχὴν,
670 2203 763 2255 καὶ
800 2199 1002 2271 σφόδρα
1033 2200 1174 2271 ὑπὲρ
1211 2201 1309 2270 τῆς
1351 2199 1624 2272 σωτηρίας
1657 2202 1756 2271 τῆς
1791 2200 1989 2272 ὑμετέ-

320 2300 414 2353 ρας
454 2281 781 2345 δεδοικότες,
813 2277 987 2333 ταῦτα
1029 2280 1202 2332 εἰπεῖν
1245 2278 1627 2350 προήχθημεν,
1663 2281 1798 2352 φέρε
1828 2280 1990 2333 πάλιν

317 2363 543 2425 ἑαυτοὺς
563 2363 681 2423 ταῖς
701 2360 964 2432 χρησταῖς
993 2357 1172 2412 ἐλπίσι
1191 2360 1482 2430 τρέφοντες
1513 2361 1614 2431 τὴν
1642 2359 1849 2432 συνήθη
1871 2359 1986 2434 [45]

317 2439 653 2513 παραθῶμεν
693 2439 820 2509 ὑμῖν
854 2436 1221 2501 διδασκαλίαν,
1252 2439 1560 2503 δεικνύντες
1585 2440 1715 2510 ύμῖν
1750 2440 1846 2511 τὴν
1880 2459 1987 2495 πα-

315 2520 509 2591 τρικὴν
539 2516 771 2580 εὔνοιαν,
791 2515 859 2586 ἢν
890 2518 1018 2587 περὶ
1044 2516 1189 2588 ὑμᾶς
1210 2517 1405 2588 ἔχομεν
1427 2534 1440 2546 ’
1470 2518 1628 2582 ἀλλά,
1659 2519 1987 2590 παρακαλῶ,

320 2601 436 2670 μετ’
469 2597 754 2668 ἀκριϐείας
800 2596 1096 2668 προσέχετε
1131 2598 1243 2659 τοῖς
1278 2595 1611 2668 λεγομένοις,
1642 2597 1732 2652 ίνα
1765 2597 1992 2669 καρπώ-

318 2677 486 2750 σησθέ
515 2694 566 2730 τι
601 2675 781 2740 πλέον,
829 2675 924 2729 καὶ
969 2674 1142 2738 οὕτως
1177 2675 1360 2729 οἴκαδε
1398 2675 1750 2748 ἐπανέλθητε.
1795 2677 1993 2747 Ἀναγ-

318 2761 469 2810 καῖον
493 2755 550 2809 δέ
569 2753 739 2808 ταῦτα
759 2754 826 2829 τὰ
847 2754 1266 2822 ἀναγνωσθέντα
1289 2757 1462 2808 εἰπεῖν
1484 2757 1576 2810 ἐπὶ
1597 2756 1695 2827 τῆς
1719 2757 1993 2829 ὑμετέρας

318 2837 559 2905 ἀγάπης.
602 2833 710 2887 Καί
739 2828 890 2896 εἷπε,
921 2833 1106 2904 φησὶν,
1132 2836 1165 2887 ὀ
1201 2834 1346 2900 Θεός
1369 2851 1382 2864 ·
1407 2835 1853 2902 Γενηθιῆτωσαν
1877 2828 1996 2905 φωρ

316 2913 539 2983 ιντῆρες
565 2913 633 2967 ἐν
673 2911 752 2980 τῷ
789 2911 1146 2982 στερεώματι
1187 2913 1294 2967 τοῦ
1335 2914 1596 2983 οὐρανοῦ
1627 2916 1715 2980 εὶς
1763 2914 1995 2984 φαῦσιν

318 2997 414 3049 ἐπὶ
448 2994 560 3063 τῆς
588 2993 724 3064 τῆς,
754 2992 861 3048 τοῦ
889 2992 1252 3062 διαχωρίζειν
1275 2993 1583 3064 ἀναμέσον
1612 2992 1721 3062 τῆς
1745 2994 1990 3064 ἡμέρας,

320 3076 419 3129 καί
442 3073 750 3145 ἀναμέσον
778 3072 891 3142 τῆς
913 3071 1153 3140 νυκτός.
1201 3073 1311 3128 Kal
1334 3073 1614 3128 ἔστωσαν
1636 3076 1724 3142 είς
1751 3073 1990 3141 σημεῖα,

321 3155 420 3208 καί
451 3155 539 3220 είς
571 3151 836 3220 καιροὺς,
874 3151 973 3206 καὶ
1002 3154 1090 3219 είς
1127 3151 1373 3221 ἡμέρας,
1405 3153 1504 3207 καί
1535 3155 1622 3220 είς
1653 3153 1990 3222 ἐνιαυτούς.

323 3233 432 3288 Καὶ
469 3233 750 3287 ἔστωσαν
774 3233 861 3297 είς
885 3230 1113 3300 ψαῦσιν
1140 3231 1211 3285 έν
1235 3231 1315 3296 τῷ
1354 3231 1714 3302 στερεώματι
1741 3234 1845 3288 τοῦ
1888 3236 1994 3288 οὐ-

313 3313 538 3383 ρανοῦ,
601 3310 758 3366 ὥστε
807 3311 1047 3381 φαίνειν
1095 3309 1193 3364 ἐπὶ
1231 3310 1343 3380 τῆς
1405 3309 1535 3382 γῆς.
1602 3312 1712 3367 Kal
1756 3312 1992 3383 ἐγένετο

320 3393 528 3458 οὕτως.
575 3391 793 3462 Ἐπειδὴ
847 3391 954 3462 γὰρ
1001 3390 1125 3462 χθὲς
1184 3390 1418 3456 ἐδίδαξεν
1470 3392 1671 3462 ήμᾶςό
1726 3393 1996 3465 μακάριος

321 3471 581 3542 Μωῦσῆς,
629 3471 778 3533 ὅπως
813 3471 912 3541 τὴν
940 3470 1214 3542 ἀμορφίαν
1257 3471 1355 3542 τῆς
1396 3470 1499 3541 γῆς
1545 3470 1918 3526 ἐκαλλώπισεν
1964 3477 1992 3528 6

320 3543 430 3606 τῶν
456 3550 593 3604 ὅλων
629 3549 962 3621 δημιουργὸς
1002 3552 1120 3612 ταῖς
1153 3549 1421 3620 βοτάναις,
1459 3549 1553 3602 καὶ
1574 3551 1641 3621 τῇ
1681 3550 1791 3604 τῶν
1815 3549 1994 3604 ἀνθῶν

325 3631 584 3704 ποικιλίᾳ,
619 3631 714 3684 καὶ
741 3632 808 3700 τῇ
846 3627 1048 3700 βλάστη
1073 3629 1184 3682 τῶν
1225 3630 1573 3701 σπερμάτων,
1612 3631 1852 3702 σήμερον
1885 3630 1995 3685 πά-

322 3710 404 3764 λιν
441 3712 720 3782 μετήγαγε
767 3709 859 3763 τὺν
892 3708 1049 3778 λόγον
1082 3709 1175 3763 ἐπὶ
1222 3709 1315 3763 τὸν
1354 3709 1447 3764 τοῦ
1481 3710 1710 3781 ούρανοῦ
1765 3713 1992 3782 κόσμον.

322 3790 588 3862 Καθάπερ
610 3789 719 3860 γάρ
741 3791 774 3860 ή
799 3791 871 3859 γῆ
890 3788 1286 3855 καλλωπίζεται
1312 3789 1399 3844 διὰ
1422 3791 1532 3844 τῶν
1557 3792 1616 3858 ἐξ
1652 3791 1824 3863 αὐτῆς
1857 3793 1961 3846 ἀνα

321 3869 630 3940 διδομένων,
662 3867 804 3921 οὕτω
829 3867 917 3922 τδν
959 3868 1190 3939 οὐρανὸν
1209 3868 1396 3922 τοῦτον
1435 3869 1526 3922 τὸν
1558 3869 1835 3944 ὁρώμενον
1866 3889 1994 3940 φαι-

321 3947 575 4016 δρότερον
603 3945 695 4000 καὶ
719 3945 1104 4018 λαμπρότερον
1129 3945 1440 4017 είργάσατο,
1464 3950 1531 4020 τῇ
1555 3966 1614 4001 τε
1641 3949 1749 4003 τῶν
1777 3949 1994 4022 ἄστρων

324 4024 570 4096 ποικιλίᾳ
619 4024 950 4090 καταστίξας
994 4025 1189 4088 αὑτὸν,
1253 4027 1346 4079 καὶ¹
1384 4028 1449 4096 τῇ
1499 4026 1831 4100 δημιουργίᾳ
1883 4030 1993 4083 τῶν

322 4104 417 4157 δύο
455 4105 760 4174 φωστήρων
797 4103 906 4157 τῶν
949 4103 1230 4174 μεγάλων,
1257 4104 1400 4172 λέγω
1436 4107 1531 4160 τοῦ
1576 4107 1727 4178 ήλίου
1767 4109 1860 4162 καὶ
1891 4109 1994 4181 τῆς

325 4184 573 4255 σελήνης.
614 4183 722 4237 Kal
771 4183 1042 4251 ἐποίησε,
1088 4185 1273 4254 φησὶν,
1315 4189 1348 4238 ό
1388 4185 1531 4252 Θεὸς
1564 4187 1706 4254 τοὺς
1739 4187 1849 4243 δύο
1883 4208 1995 4259 φω-

323 4260 557 4332 στῆρας
594 4263 737 4329 τοὺς
768 4261 1107 4333 μεγάλους,
1153 4263 1261 4316 τὸν
1307 4264 1596 4334 φωστῆρα
1645 4266 1754 4322 τὸν
1797 4270 1994 4340 μέγαν

323 4345 411 4410 είς
441 4343 632 4412 ἀρχὰς
658 4342 768 4411 τῆς
791 4341 1033 4412 ἡμέρας,
1053 4342 1278 4397 καὶτὸν
1297 4343 1585 4414 φωστῆρα
1610 4347 1717 4402 τὸν
1738 4347 1988 4404 ἐλάσσω

324 4427 410 4491 είς
449 4423 640 4494 ἀρχὰς
679 4423 921 4500 νυκτὸς,
971 4422 1068 4477 καὶ
1103 4423 1244 4489 τοὺς
1279 4422 1556 4494 ἀστέρας.
1613 4422 1766 4493 Εῑδες
1799 4429 1991 4500 σοφίαν

323 4501 418 4554 τοῦ
447 4501 510 4572 δη
519 4500 817 4573 μιουργοῦς
851 4498 986 4555 Είπε
1019 4502 1200 4573 μόνον,
1228 4503 1336 4556 καὶ.
1356 4506 1612 4578 παρήχθη
1641 4507 1703 4561 :6
1729 4498 1992 4580 στοιχεῖον

323 4581 480 4634 τοῦτο
517 4581 576 4633 :6
612 4581 942 4661 θαυμαστὸν,
981 4584 1009 4636 6
1045 4581 1195 4653 ἥλιος
1241 4581 1400 4652 λέγω.
1451 4585 1652 4640 Τοῦτον
1688 4589 1794 4661 γάρ
1841 4592 1995 4647 καλεῖ

324 4661 588 4732 φωστῆρα
641 4660 837 4744 μέγαν,
869 4662 963 4744 καί
1009 4679 1173 4744 φησιν
1205 4662 1365 4744 αὐτὸν
1403 4665 1484 4730 είς
1521 4665 1694 4738 ἀρχὰς
1725 4660 1825 4741 τῆς
1853 4673 1992 4744 ήμέ-

326 4757 424 4823 ρας
475 4739 819 4823 γεγενῆσθαι.
846 4735 1028 4823 Δ(λ’ὗτος
1070 4741 1180 4816 γάρ
1228 4735 1729 4820 φαιδροτέρανητὴν
1780 4735 1992 4823 ήμέραν

322 4811 714 4892 ἀπεργάζεται,
764 4819 1015 4893 καθάπερ
1067 4811 1437 4897 μαρμαρυγὰς
1472 4811 1624 4890 τινας
1663 4811 1760 4893 τ’ἀς
1784 4811 1992 4896 όίκέίας

321 4902 546 4964 ἀκτῖνας
575 4901 774 4970 ἀφιεὶς,
804 4900 901 4954 καὶ
931 4902 1053 4956 καθ’
1101 4904 1340 4976 ἑκάστην
1389 4907 1604 4978 ἡμέραν
1651 4909 1885 4979 ἀκμαῖον
1931 4912 1993 4966 :6

321 4987 520 5040 οἰκεῖον
541 4984 738 5050 κάλλος
763 4985 1229 5058 ἐπιδεικνύμενος,
1250 4989 1343 5043 καὶ
1363 4988 1477 5062 ἅμα
1502 4991 1578 5062 τῷ
1601 4990 1782 5064 ὄρθρῳ
1805 4998 1992 5064 φαινόα

325 5085 504 5138 μενος,
549 5069 644 5124 καὶ
690 5070 871 5124 πᾶσαν
902 5068 1002 5141 τὴν
1032 5069 1139 5124 τῶν
1168 5069 1468 5143 ἀνθρώπων
1515 5073 1676 5143 φύσιν
1707 5076 1992 5152 διεγείρων

324 5151 458 5220 πρὸς
507 5153 604 5223 τήν
639 5153 748 5208 τῶν
794 5155 1010 5208 οίκείων
1063 5154 1241 5228 ἔργων
1273 5157 1637 5229 ἐπιτήδευσιν.
1684 5151 1889 5216 Τούτου
1929 5167 1991 5220 16

323 5234 518 5299 κάλλος
563 5237 842 5308 ἐμφαίνων
868 5241 897 5293 6
921 5240 1192 5313 μακάριος
1231 5243 1516 5315 προφήτης
1557 5248 1710 5318 φησί’
1747 5251 1857 5304 Kal
1891 5254 1992 5306 αὺ-

323 5319 536 5387 τὸςλώς
576 5324 834 5392 νυμφίος
874 5325 1346 5399 ἐκπορευόμενος
1375 5329 1445 5384 ἐκ
1483 5331 1718 5387 παστοῦ
1763 5337 1988 5401 αὑτοῦ,

320 5405 753 5474 ἀγαλλιάσεται
794 5411 875 5477 ὡς
926 5411 1094 5482 γίγας
1142 5413 1388 5484 δραμεῖν
1438 5415 1584 5471 ὁδὸν
1629 5421 1836 5476 αὐτοῦ·
1888 5423 1990 5477 ἀπ’

319 5488 506 5557 ἄκρου
551 5490 656 5546 τοῦ
692 5490 952 5562 οὐρανοῦ
982 5493 1022 5562 ἠ
1050 5494 1260 5563 ἔξοδος
1288 5498 1498 5565 αὑτοῦ,
1539 5500 1639 5554 καὶ
1663 5502 1731 5556 τὸ
1767 5505 1988 5561 κατάν-

319 5587 474 5656 τῃμα
499 5573 686 5629 αὑτοῦ
713 5573 826 5642 ἕως
853 5575 1041 5646 ἄκρου
1072 5579 1180 5634 τοῦ
1211 5579 1491 5649 οὐρανοῦ.
1532 5583 1698 5656 Ὁρᾷς
1719 5587 1865 5654 ὃπως
1890 5591 1986 5646 καὶ

318 5654 380 5708 16
393 5656 616 5751 ,κάλλος
651 5660 784 5751 ήμῖν
815 5661 1169 5751 παρεδήλωοε
1192 5702 1208 5728 ,
1270 5666 1368 5720 καὶ
1380 5665 1466 5751 Ατὸ
1509 5654 1674 5740 τάχος
1703 5672 1802 5745 τῆς
1829 5675 1986 5751 ὲνερ-

319 5739 511 5810 γείαςί
555 5743 738 5802 Εἰπὼν
771 5745 901 5814 γὰρ,
936 5746 1065 5806 Ἀπ’
1083 5745 1272 5818 ἄκρου
1301 5747 1408 5806 τοῦ
1433 5739 1695 5822 οὐρανοῦ
1713 5739 1990 5832 ἠέξοδοξ

2079 291 2288 370 αὑτοῦ,
2311 293 2408 346 καί
2434 294 2496 346 τὸ
2522 295 2867 365 κατάντημα
2889 297 3078 352 αὐτοῦ
3101 298 3212 364 ἕως
3225 296 3413 367 ἄκρου
3443 301 3550 354 τοῦ
3579 304 3746 370 οὑν-ιε

2079 369 2214 433 νοῦ,
2249 372 2525 442 ἐσήμανεν
2562 375 2719 445 ήμῖν,
2749 376 2896 439 ὅπως
2924 377 2982 430 ἐν
3022 379 3120 447 μιᾷ
3167 380 3357 451 καιροῦ
3399 383 3541 452 ῥοπῇ
3580 369 3746 434 πᾶσαι

2081 449 2355 532 δι-ατρέχει
2387 452 2485 522 τὴν
2517 455 2861 524 οἰκουμένην,
2889 455 2984 510 καὶ
3019 457 3127 510 ἀπὸ
3157 449 3410 530 περάτων
3430 449 3746 532 εἰςηπέρατ]

2082 527 2180 590 τὰς
2213 531 2416 610 οἰκείας
2446 533 2671 610 ἀκτῖνας
2708 535 2918 603 ἀφίησι,
2960 536 3158 608 πολλὴν
3197 527 3295 607 τὴν
3324 539 3520 593 ἐαυτοῦ
3565 527 3746 610 χρείαν

2083 607 2480 688 παρεχόμενος.
2511 608 2647 664 Οὔτε
2670 613 2780 683 γὰρ
2812 613 3093 686 θερμαίνει
3117 607 3315 686 μόνον,
3344 617 3485 672 ἀλλά
3525 607 3624 672 κᾶι
3670 619 3746 688 ξη⁴

2085 687 2281 756 ραίνειο
2309 690 2404 743 καὶ
2432 690 2493 742 ού
2532 691 2777 762 ξηραίνει
2809 694 2990 763 μόνον,
3020 695 3158 750 ἀλλά
3190 697 3282 750 καὶ
3311 695 3476 754 καίει.
3498 699 3601 752 καὶ
3631 687 3746 751 πολε

2081 763 2180 847 λάς
2213 767 2305 819 καὶ⁵
2333 767 2621 847 διαφόρους
2643 771 2773 841 ἡμῖν
2806 771 2904 835 τὰς
2936 775 3124 843 χρείας
3149 775 3464 847 παρέχεται,
3496 779 3595 831 καὶ

2083 844 2175 898 τοῦ
2211 846 2476 916 στοιχείου
2511 849 2699 902 τούτου
2740 850 2798 903 16
2851 850 3070 923 θαῦμα,
3111 853 3208 906 καὶ
3234 844 3348 908 οὐκ
3397 857 3465 911 ἄν
3516 874 3609 919 τις
3640 859 3745 909 κατ

2083 924 2241 991 ἀξίαν
2279 925 2490 980 ἅπαντα
2540 930 2716 982 εἰπεῖν
2769 929 3039 1003 δυνηθείη.
3097 931 3281 986 Ταῦτα
3332 933 3388 987 δὲ
3451 935 3620 1004 λέγω,
3669 935 3746 987 nl

2085 1004 2299 1075 ἐπαίρω
2334 1005 2410 1076 τῷ
2442 1005 2584 1078 λόγῳ
2625 1008 2686 1061 16
2741 1015 3021 1082 στοιχεῖον,
3072 1011 3160 1066 ἵνα
3216 1013 3291 1084 μὴ
3345 1013 3507 1085 μέχρι
3563 1015 3746 1068 τούτου

2084 1086 2234 1153 στῇς,
2270 1086 2542 1158 ἀγαπητὲ,
2571 1087 2688 1141 ἀλλ’
2723 1089 2971 1144 ἐντεῦθεν
2999 1091 3341 1164 ἀναδράμῃς,
3387 1094 3482 1146 καὶ
3531 1093 3628 1147 ἐπὶ
3666 1098 3746 1150 :61

2080 1164 2175 1245 τοῦ
2211 1167 2472 1237 στοιχείου
2515 1168 2842 1239 δημιουργὸν
2891 1170 2954 1224 :6
3003 1170 3186 1242 θαῦμα
3233 1173 3570 1245 μεταγάγῃς.
3608 1173 3746 1242 Ὅτῳ

2082 1244 2192 1316 γὰρ
2245 1246 2312 1300 ἀν
2353 1246 2494 1316 μέγα
2538 1248 2721 1318 δειχθῇ
2770 1248 2832 1302 16
2871 1255 3149 1320 στοιχεῖον,
3193 1251 3431 1322 τοσούτῳ
3472 1244 3611 1305 πολὺ
3665 1253 3746 1306 τοῖ

2080 1324 2416 1398 δημιουργοῦ
2448 1325 2509 1380 :6
2547 1326 2730 1398 θαῦμα
2752 1327 3044 1384 δείκνυται.

2151 1421 2214 1474 δ’.
2249 1420 2388 1476 Ἀλλ’
2419 1424 2467 1475 οί
2505 1422 2772 1495 Ἐλλήνων
2807 1425 2995 1487 παῖδες
3027 1424 3407 1496 θαυμάσαντες
3433 1430 3530 1482 καὶ
3564 1429 3746 1481 ἐκπλας

2081 1501 2269 1582 γέντες
2299 1501 2361 1554 16
2399 1504 2678 1573 στοιχεῖον,
2699 1503 2800 1557 ούκ
2819 1503 3165 1576 ἠδυνήθησαν
3187 1505 3339 1559 διαϐλ
3349 1507 3498 1576 ἐψαι,
3525 1507 3646 1582 [ﬂ]
3671 1508 3746 1561 ml

2083 1581 2176 1634 τὸν
2229 1582 2624 1652 παραγαγόντα
2681 1584 2783 1636 άνυ
2791 1585 2992 1655 μνῆσαι
3014 1625 3032 1648 ,
3080 1585 3194 1639 ἀλλ’
3250 1587 3624 1659 ἐναπέμειναν
3682 1587 3746 1657 τῷ

2087 1660 2352 1730 στοιχείῳ.
2390 1661 2486 1714 καὶ¹
2521 1661 2681 1716 τοῦτο
2711 1663 3070 1735 ἐθεοποίησαν
3096 1682 3109 1696 ·
3144 1665 3234 1722 διά
3261 1667 3423 1720 τοῦτο
3455 1667 3554 1720 καὶ
3582 1670 3611 1720 6
3658 1686 3746 1735 μα-

2084 1737 2273 1810 κάριος
2305 1738 2515 1802 Παῦλός
2547 1757 2701 1810 φησι,
2733 1741 2842 1794 Kal
2874 1741 3322 1812 ἐσεϐάσθησαν,
3357 1747 3455 1799 καί
3479 1746 3739 1812 ὲλὰτρευ

2084 1833 2206 1871 σαν
2234 1817 2309 1886 τῇ
2341 1820 2530 1874 κτίσει
2561 1821 2720 1888 παρὰ
2755 1821 2862 1874 τὸν
2895 1818 3308 1876 κτίσαντα.’Τί
3343 1824 3453 1895 γάρ
3477 1823 3548 1879 ἂν
3580 1820 3746 1877 αὐτῶ.

2084 1895 2438 1968 ἀνοητότερον
2464 1897 2659 1966 γένοιτ’
2683 1899 2770 1962 ἂν,
2802 1900 2876 1971 μὴ
2905 1899 3241 1974 δυνηθέντων
3271 1903 3336 1957 ἐκ
3377 1903 3469 1956 τοῦ
3498 1904 3738 1975 δημιουρ

2084 1976 2155 2046 γή
2166 1993 2332 2045 ματος
2384 1976 2475 2032 16v
2525 1978 2855 2051 δημιουργὸν
2901 1980 3237 2051 καταμαθεῖν
3256 2023 3269 2045 ,
3310 1983 3448 2036 ἀλλά
3487 1984 3746 2051 τοσαύτη

2085 2057 2295 2126 πλάνην
2324 2057 2724 2129 πλανηθέντων,
2778 2062 2854 2121 ὼς
2880 2059 2940 2113 :6
2967 2061 3172 2131 κτίσμα
3205 2063 3302 2116 καὶ
3331 2063 3390 2116 1.6
3420 2063 3641 2132 ποίημα
3690 2062 3745 2116 εἰς

2085 2134 2184 2206 τὴν
2213 2137 2384 2207 αὐτὴν
2411 2136 2564 2204 τάξιν
2585 2137 2664 2208 τῷ
2688 2138 3006 2209 δημιουργῷ
3029 2141 3355 2208 ἀναγαγεῖν;
3380 2141 3480 2195 Διά
3502 2155 3589 2194 τοι
3609 2141 3746 2194 τοῦτι

2087 2217 2180 2269 καί
2210 2216 2244 2286 ή
2271 2214 2389 2270 θεία
2423 2217 2615 2289 Γραφή
2643 2217 2920 2289 προειδυῖα
2950 2220 3012 2272 16
3048 2220 3186 2290 πρὸς
3215 2221 3422 2291 πλάνην
3454 2222 3571 2274 τῶν
3604 2222 3745 2294 ρᾳθύ

2092 2311 2210 2364 μων
2244 2296 2563 2367 ἐπιρῤεπές,
2603 2296 2744 2367 μετὰ
2765 2299 2912 2367 τρεῖς
2937 2299 3150 2372 ἡμέρας
3189 2299 3431 2353 διδάσκει
3456 2302 3616 2371 ἡμᾶς
3649 2302 3745 2355 τού

2088 2391 2182 2427 του
2205 2373 2298 2428 τοῦ
2323 2374 2589 2446 στοιχείου
2619 2374 2717 2446 τὴν
2741 2375 3103 2448 δημιουργίαν
3131 2379 3484 2446 γεγενῆσθαι,
3534 2381 3680 2451 μετά
3713 2400 3745 2434 τ

2091 2455 2267 2509 πάντα
2295 2455 2361 2508 τά
2393 2455 2686 2526 σπέρματα
2717 2456 2825 2510 ἀπὸ
2853 2457 2952 2526 τῆς
2986 2456 3091 2527 γῆς
3120 2457 3464 2528 ἀναδοθῆναι,
3517 2459 3666 2528 μετά
3712 2462 3746 2510 τά

2091 2534 2381 2589 ἀπολαϐεῖν
2415 2535 2512 2605 τήν
2545 2535 2649 2605 γῆν
2688 2536 2780 2589 τὸν
2807 2537 3004 2590 οἰκεῖον
3048 2537 3272 2608 κόσμον·
3310 2538 3395 2592 ἵνα
3444 2540 3642 2610 μηδενὶ
3674 2541 3746 2607 ἐξῆ

2089 2613 2197 2666 τῶν
2227 2613 2363 2683 μετά
2386 2613 2558 2668 ταῦτα
2579 2614 2777 2682 λέγειν,
2811 2615 2892 2668 ὃτι
2917 2611 3047 2668 ἄνευ
3077 2614 3178 2684 τῆς
3213 2615 3403 2669 τούτου
3439 2618 3735 2687 ἐνεργείας

2091 2693 2190 2746 ούκ
2224 2693 2288 2746 ἂν
2317 2693 2718 2764 ἐτελεσφορήθη
2744 2693 2811 2748 τά
2826 2692 2934 2747 ἀπὸ
2962 2695 3059 2763 τῆς
3083 2695 3208 2765 γῆς.
3231 2695 3329 2748 Διά
3344 2695 3504 2749 τοῦτο
3527 2697 3746 2750 δείκνυε

2094 2791 2175 2826 σοι
2211 2774 2316 2843 πρὸ
2344 2773 2441 2843 τῆς
2469 2771 2658 2825 τούτου
2687 2773 3045 2844 δημιουργίας
3077 2773 3294 2828 ἅπαντα
3329 2774 3746 2846 πεπληρωμένα

2093 2851 2179 2905 ῖνα
2204 2853 2279 2922 μή
2300 2851 2474 2922 τούτῳ
2489 2850 2801 2922 ἐπιγράφῃς
2830 2850 2938 2903 τῶν
2967 2850 3195 2921 καρπῶν
3224 2851 3322 2921 τὴν
3353 2853 3746 2923 τελεσφόρησιν

2094 2931 2232 2985 ἀλλά
2261 2930 2337 3002 τῷ
2361 2929 2469 2983 τῶν
2497 2930 2753 2983 ἀπάντων
2776 2929 3115 3000 δημιουργῷ,
3145 2930 3225 3001 τῷ
3250 2933 3307 2997 ἐξ
3334 2932 3510 3003 ἀρχῆς
3539 2934 3746 2986 εἰπόντι

2092 3009 2506 3077 Βλαστησάτω
2547 3011 2586 3078 ἡ
2629 3009 2706 3080 γῆ
2733 3009 3008 3077 ,βοτάνην
3036 3013 3276 3080 χόρτου.
3318 3013 3380 3066 El
3433 3013 3493 3065 δὲ
3535 3013 3746 3082 λέγοιεν

2091 3096 2172 3148 ὅτι
2201 3094 2442 3148 συντελεῖ
2461 3111 2512 3148 τι
2539 3096 2634 3146 καὶ
2658 3092 2753 3146 τοῦ
2781 3094 2934 3164 ἡλίου
2971 3096 3003 3164 ή
3041 3096 3196 3166 χρεία
3232 3096 3368 3166 πρὸς
3394 3096 3459 3150 :6
3484 3099 3619 3161 τοὺς
3645 3116 3746 3169 καρ

2094 3179 2228 3240 ποὺς
2257 3175 2638 3240 πεπαίνεσθαι,
2666 3176 2786 3230 ούδέ
2823 3175 2933 3246 ἐγὼ
2960 3178 3245 3247 ἀντιλέγω.
3281 3181 3498 3252 ’Ὠσπερ
3537 3182 3655 3253 γὰρ
3689 3201 3746 3235 κο

2093 3260 2183 3314 τὸν
2210 3260 2447 3332 γηπόνον
2478 3259 2652 3329 λέγων
2681 3263 2962 3332 συνεργεῖν
3004 3264 3141 3334 πρὸς
3184 3263 3283 3335 τὴν
3317 3264 3420 3335 τῆς
3462 3265 3576 3336 γῆς
3611 3267 3746 3337 ἐργα

2095 3342 2238 3406 σίαν,
2269 3344 2329 3397 οὑ
2361 3341 2439 3413 τῷ
2484 3343 2708 3414 γηπόνῳ
2742 3343 2802 3398 τὸ
2840 3346 2948 3399 πᾶν
2978 3344 3296 3417 λογίζομαι,
3331 3346 3467 3402 ἀλλά
3518 3348 3630 3401 κάν
3684 3367 3746 3418 με

2095 3428 2277 3498 ριάκις
2299 3428 2329 3480 6
2357 3427 2592 3498 γηπόνος
2629 3427 2698 3481 τά
2730 3430 2861 3499 παρ’
2895 3428 3084 3483 ἐαυτοῦ
3125 3429 3483 3502 ἐπιδείξηται,
3538 3434 3589 3485 εί
3644 3435 3722 3504 μή

2093 3510 2170 3582 τῷ
2207 3511 2392 3582 οἰκείῳ
2425 3510 2807 3582 προστάγματι
2840 3512 2900 3576 ἐξ
2922 3513 3099 3585 ἀρχῆς
3124 3512 3293 3585 αὐτὴν
3321 3513 3609 3585 διεγείρας
3642 3518 3746 3586 προ

2091 3596 2190 3668 τήν
2220 3594 2329 3648 τῶν
2359 3594 2587 3668 καρπῶν
2621 3595 2792 3666 αὐτὴν
2819 3597 3031 3665 γένεσιν
3066 3599 3285 3668 κινῆσαι
3315 3597 3582 3670 βουληθῇ.
3619 3602 3745 3655 οὐδὲ

2092 3678 2283 3748 ὄφελος
2312 3678 2420 3731 τῶν
2455 3677 2663 3732 πολλῶν
2690 3679 2972 3750 καμάτωνο
2998 3680 3090 3736 τὸν
3111 3682 3273 3737 αὐτὸν
3295 3682 3358 3753 δὴ
3380 3684 3585 3757 τρόπον
3611 3685 3746 3755 φημῖ

2092 3763 2174 3817 δτι
2208 3760 2313 3816 κᾶν
2352 3760 2488 3834 μετά
2535 3761 2630 3816 τοῦ
2661 3763 2898 3832 γηπόνου
2935 3765 3030 3819 καὶ
3071 3768 3106 3837 ή
3146 3765 3238 3819 τοῦ
3279 3765 3434 3838 ἡλίου
3473 3768 3745 3838 συνέργει

2095 3845 2456 3917 συμϐάληται,
2489 3846 2583 3899 καὶ
2609 3846 2643 3918 ή
2671 3847 2768 3917 τῆς
2816 3847 3068 3919 σελήνης,
3113 3853 3208 3902 καὶ
3237 3851 3270 3921 ή
3305 3849 3414 3904 τῶν
3457 3851 3651 3922 ἀέρων
3699 3851 3746 3903 εἰ

2093 3926 2313 3999 κρασία,
2332 3927 2452 3982 ούδέ
2476 3927 2647 3992 οὕτως
2667 3927 2816 3983 ἔσται
2850 3948 2901 3985 τι
2922 3931 3101 3994 πλέον,
3130 3933 3205 4005 μὴ
3224 3933 3326 4004 τῆς
3352 3932 3568 3987 ἄνωθεν
3594 3935 3746 4000 δεξιᾶ

2096 4012 2607 4083 συνεφαπτομένης·
2643 4013 2856 4084 ἐκείνης
2895 4013 2952 4068 δὲ
2985 4016 3084 4086 τῆς
3129 4021 3397 4090 κραταιᾶς
3426 4020 3619 4090 χειρὸς
3666 4021 3746 4090 βοι

2093 4095 2342 4168 λομένης,
2378 4098 2532 4168 καὶή
2568 4097 2716 4169 παρά
2763 4099 2871 4152 τῶν
2923 4101 3202 4171 στοιχείων
3235 4102 3486 4171 ἐνέργεια
3537 4106 3745 4174 μέγιστ

2095 4179 2468 4249 συμϐαλεῖται.
2503 4180 2688 4234 Ταῦτα
2722 4183 2859 4252 μετά
2891 4183 3177 4255 ἀκριϐείας
3201 4186 3529 4257 κατέχοντες
3551 4189 3746 4242 ἐπιστι

2096 4260 2278 4332 μίζετε
2313 4263 2439 4326 τοὺς
2474 4262 2555 4316 ἔτι
2588 4263 2893 4318 πλανᾶσθαι
2933 4265 3309 4339 βουλομένους,
3335 4270 3427 4322 καὶ
3456 4271 3537 4342 μὴ
3561 4288 3746 4343 συγχω

2097 4350 2236 4419 ρεῖτε
2276 4346 2337 4400 :6
2384 4347 2478 4400 τοῦ
2509 4347 2844 4420 δημιουργοῦ
2889 4349 3054 4414 σέϐας
3090 4353 3203 4416 τοῖς
3243 4354 3543 4424 κτίσμασιν
3574 4356 3746 4410 ἁπονέ

2097 4446 2236 4499 μειν.
2274 4427 2373 4482 Διά
2402 4429 2560 4484 τοῦτο
2583 4431 2678 4483 καὶ
2708 4431 2740 4502 ή
2783 4429 2903 4486 θεία
2930 4433 3122 4505 Γραφὴ
3163 4435 3224 4488 ού
3267 4437 3428 4504 μόνον
3466 4438 3532 4492 16
3575 4441 3746 4492 κάλλο

2093 4512 2257 4566 αὑτοῦ
2287 4514 2417 4584 ήμῖν
2448 4513 2710 4578 δείκνυσι,
2747 4514 2843 4568 καὶ
2874 4515 2934 4568 :6
2972 4515 3225 4587 μέγεθος.
3271 4520 3368 4572 καὶ
3401 4519 3504 4590 τὴν
3545 4525 3746 4594 χρείαν

2090 4596 2178 4650 διὰ
2205 4597 2300 4650 τοῦ
2339 4599 2532 4663 εἰπεῖν,
2574 4598 2674 4664 Ὡς
2713 4599 2991 4668 νυμφίος,
3028 4603 3157 4668 καὶ,
3207 4602 3670 4671 Ἄταλλιὰσεται
3705 4610 3746 4661 ὠ

2090 4680 2264 4750 τίτας
2299 4681 2541 4750 δραμεῖν
2579 4683 2743 4744 ὁδὸν,
2776 4682 2914 4736 ἀλλά
2943 4685 3036 4738 καὶ
3073 4685 3134 4738 :6
3166 4685 3392 4751 ἀσθενὲς
3419 4689 3517 4741 καὶ
3541 4691 3746 4761 οὐδαμι

2093 4763 2203 4817 νόν.
2233 4765 2497 4818 ’Ἄκουσον
2531 4764 2640 4837 γάρ
2677 4765 2730 4818 τί
2758 4783 2922 4837 φησιν
2949 4766 3204 4838 ἀλλαχοῦο
3243 4771 3304 4822 Τί
3339 4773 3746 4841 φωτεινότερο

2093 4847 2306 4915 ήλίου;
2341 4848 2438 4903 καί
2467 4849 2640 4904 τοῦτο
2684 4850 2970 4905 ἐκλείπει.
3028 4853 3121 4923 Μή
3152 4869 3211 4906 σε
3246 4853 3536 4916 ἀπατάτω,
3582 4858 3746 4926 φησὶι

2091 4933 2125 5002 ή
2167 4930 2283 4986 θέα·
2317 4931 2411 4984 ἐὰν
2438 4931 2548 5003 γάρ
2578 4931 2811 5005 βουληθῇ
2832 4934 2864 4986 6
2887 4933 3303 5006 δημιουργήσας
3332 4937 3678 5008 προστάξαι,
3709 4942 3746 4992 ιιι

2092 5015 2211 5068 οὐδὲ
2247 5014 2486 5084 γεγονὼς
2525 5015 2846 5085 ἀφίπταται.
2895 5018 3081 5074 Ταῦτα
3119 5022 3168 5073 εί
3216 5022 3456 5075 συνεῖδον
3501 5023 3746 5094 Ἐλλήνω

2093 5097 2302 5162 παῖδες,
2355 5098 2456 5152 οὐκ
2505 5097 2572 5152 ἂν
2618 5101 2888 5173 τοσαύτην
2935 5101 3146 5173 πλάνην
3187 5104 3584 5176 ἐπλανήθησαν
3605 5147 3622 5168 ,
3668 5108 3746 5161 ἁλὶ

2092 5178 2229 5234 εἶδον
2257 5180 2324 5234 ἂν
2357 5179 2560 5244 καλῶς,
2594 5180 2676 5234 δτι
2703 5183 2971 5253 προσήκει
2991 5187 3057 5237 ἐκ
3076 5185 3180 5256 τῆς
3204 5185 3315 5241 τῶν
3347 5187 3746 5261 δημιουργημά

2092 5283 2198 5319 των
2231 5263 2464 5336 θεωρίας
2500 5264 2594 5318 ἐπὶ
2615 5265 2708 5318 τὸν
2743 5265 3072 5339 δημιουργὸν
3103 5269 3462 5342 ἀναδραμεῖν.
3487 5271 3600 5325 Διὰ
3620 5273 3746 5328 τοῦτ

2091 5349 2185 5402 καὶ
2221 5350 2289 5420 τῇ
2312 5348 2548 5420 τετάρτῃ
2583 5348 2765 5421 ήμέρᾳ
2809 5349 2972 5404 αὑτὸν
3032 5351 3497 5426 ἐδημιούργησεν,
3552 5356 3659 5410 ἵνα
3709 5375 3746 5426 μ

2092 5431 2318 5504 νομίσῃς
2350 5430 2536 5487 τοῦτον
2571 5435 2822 5504 συνιστᾷν
2860 5435 2959 5507 τὴν
2995 5436 3230 5507 ἡμέραν.
3272 5441 3338 5492 Ὃ
3378 5439 3488 5510 γὰρ
3526 5441 3634 5492 ἐπὶ
3677 5441 3746 5492 τι]

2093 5512 2423 5582 σπερμάτων
2457 5514 2703 5586 είπομεν,
2731 5514 2891 5568 τοῦτο
2919 5517 3010 5571 καὶ
3037 5519 3128 5570 ἐπὶ
3151 5517 3250 5589 τῆς
3270 5518 3485 5591 ἡμέρας
3507 5520 3746 5591 ἐροῦμει

2095 5596 2178 5650 ὅτι
2207 5595 2458 5667 ἐγένοντο
2493 5599 2590 5669 μὲν
2610 5601 2758 5676 τρεῖς
2787 5600 2991 5672 ήμέραι
3027 5601 3132 5671 πρὸ
3157 5601 3255 5671 τῆς
3286 5602 3478 5657 τούτου
3505 5602 3576 5674 δη
3587 5618 3746 5674 μιουε

2097 5681 2240 5750 γίας.
2257 5679 2551 5758 Ἐϐουλήθη
2574 5683 2632 5739 δὲ
2645 5685 2674 5738 6
2693 5683 2974 5758 Δεσπότης
2998 5686 3092 5740 καὶ
3110 5685 3198 5740 διὰ
3217 5685 3312 5741 τοῦ
3343 5684 3627 5758 στοιχείου
3665 5685 3746 5741 τοί

2097 5781 2189 5820 του
2217 5765 2566 5841 φαιδρότερον
2598 5765 2714 5842 [15]
2739 5766 2798 5823 :6
2819 5767 2935 5842 φῶς
2957 5768 3057 5841 τῆς
3076 5769 3292 5844 ἡμέρας
3327 5768 3746 5845 ἐργάσασθαιοι
