3752 6240
173 215 246 276 57
1362 216 1425 272 IN
1463 215 1614 272 CAP.
1649 213 1687 267 Ι.
1731 213 1764 268 (ἶ

1926 212 1973 267 5.
2019 208 2248 265 uomL.
2291 211 2380 264 γι.
2549 275 2562 286 __
3396 219 3463 274 εδ

171 349 297 410 post
331 348 527 394 tantam
554 345 793 394 nostram
819 333 1233 393 admonitionem
1264 335 1456 389 iterum
1483 333 1547 386 ad
1574 331 1762 386 diabo-

174 434 276 485 lica
307 429 396 486 illa
424 431 650 486 concilia
689 440 744 485 et
777 427 1076 500 spectacula
1105 427 1332 481 curratis
1355 467 1371 491 ,
1405 424 1767 478 necessarium

170 531 257 576 est
286 536 382 576 vos
418 521 696 576 obtestari.
747 519 928 590 Neque
956 519 1096 574 enim
1125 532 1337 586 semper
1365 515 1578 585 expedit
1606 513 1768 582 phar-

171 629 326 668 maca
368 614 503 669 lenia
528 613 785 669 adbibere
815 631 828 667 :
856 611 948 667 sed
974 611 1186 680 quando
1214 610 1364 663 ulcus
1389 606 1648 661 curationi
1678 621 1764 660 re-

169 707 354 771 sistit,
398 713 611 776 oportet
639 705 870 758 violenta
909 712 963 756 et
1004 701 1273 756 mordacia
1309 701 1594 754 admovere
1620 739 1637 766 ,
1660 711 1767 768 quo

170 799 366 852 morbo
385 804 704 852 occurratur
730 795 906 850 citius.

244 889 298 943 3.
335 888 548 943 Discant
585 887 741 956 igitur
765 898 953 940 omnes
978 883 1061 938 his
1089 881 1400 937 criminibus
1425 879 1638 936 obnoxii
1671 920 1686 946 ,
1719 879 1764 933 si

172 989 296 1048 post
334 980 472 1035 hanc
515 991 749 1034 nosrram
780 976 1196 1032 admonitionem
1241 974 1292 1028 in
1340 989 1400 1028 ea
1446 971 1763 1043 negligentia

174 1073 490 1133 manserint.
523 1087 627 1126 non
659 1070 975 1125 toleraturos
1005 1081 1102 1121 nos
1121 1107 1136 1132 ,
1163 1066 1260 1122 sed
1289 1064 1487 1135 legibus
1513 1064 1766 1118 ecclesia-

173 1164 325 1218 sticis
348 1177 562 1226 usuros,
589 1169 644 1216 et
670 1175 857 1230 magna
884 1157 1217 1214 vehementia
1244 1157 1514 1220 docturos,
1549 1171 1616 1212 ne
1644 1157 1764 1211 talia

171 1254 402 1324 posthac
446 1255 814 1318 committant,
867 1268 1000 1306 neve
1045 1259 1192 1306 tanto
1234 1259 1542 1319 contemptu
1587 1248 1763 1304 divina

170 1347 393 1401 audiant
417 1346 643 1415 eloquia.
679 1346 802 1399 "me
828 1354 1006 1398 autem
1035 1359 1138 1396 non
1165 1343 1232 1396 de
1257 1341 1505 1395 omnibus
1533 1342 1617 1394 hic
1636 1357 1765 1395 con-

168 1440 409 1510 gregatis
446 1439 597 1504 dico,
631 1438 721 1492 sed
760 1437 828 1492 de
857 1436 979 1490 huic
1006 1435 1177 1504 culpa:
1201 1433 1468 1487 obnoxiis.
1509 1432 1764 1486 Omnibus

165 1535 390 1602 quidem
423 1531 719 1601 loquimur;
761 1527 853 1584 sed
890 1543 1045 1583 suum
1074 1527 1343 1581 auditores
1368 1525 1565 1595 quique
1592 1539 1764 1578 reme-

169 1627 322 1679 ilium
349 1624 561 1695 capiant
588 1641 600 1676 :
632 1637 754 1678 reus
783 1622 996 1692 quidem
1042 1629 1099 1673 ut
1135 1636 1164 1673 a
1204 1618 1397 1673 delicto
1426 1618 1680 1684 desistat,
1711 1626 1766 1671 et

172 1735 281 1773 non
311 1719 448 1773 ultra
474 1716 870 1788 progrediatur,
897 1713 993 1770 sed
1023 1713 1199 1768 studio
1224 1727 1322 1767 suo
1341 1711 1575 1781 seipsum
1612 1725 1766 1765 revo-

168 1823 278 1874 cet,
305 1822 361 1866 et
386 1819 557 1867 errata
586 1810 847 1878 corrigat;
877 1807 1123 1861 innoxius
1142 1819 1269 1859 vero
1289 1804 1490 1858 cautior
1510 1804 1597 1857 liat
1620 1810 1676 1855 ut
1699 1816 1764 1854 ne

170 1903 438 1973 capiatur,
466 1917 597 1956 neve
624 1898 906 1968 aliquando
935 1913 1058 1952 reus
1084 1898 1190 1950 liat.
1220 1893 1483 1949 Caeterum
1506 1904 1561 1946 ut
1583 1908 1650 1946 ex
1682 1907 1765 1945 rc-

173 1998 275 2049 hus
300 1997 428 2065 ipsis
449 2005 640 2049 vestra:
662 1993 864 2047 caritati
895 1989 1326 2060 persuadeamus,
1349 2004 1412 2042 ex
1445 2001 1627 2041 amore
1653 1994 1766 2040 stu-

170 2089 374 2158 dioque
403 2088 562 2142 vestri
592 2087 731 2141 hunc
757 2095 994 2139 nostrum
1023 2082 1184 2137 animi
1209 2081 1445 2137 dolorem
1471 2081 1763 2150 profectum

169 2195 317 2243 esse,
342 2192 392 2232 et
425 2193 520 2233 nos
543 2178 608 2232 ad
637 2177 751 2232 h-rc
779 2175 999 2231 dicenda
1029 2175 1286 2245 impulsos
1312 2188 1431 2228 esse
1459 2172 1600 2242 quod
1629 2171 1765 2226 mul-

171 2283 288 2325 tum
320 2271 475 2326 saluti
506 2281 694 2325 vestra:
722 2271 1030 2324 timeremus
1061 2285 1076 2322 :
1105 2283 1202 2337 age
1248 2267 1438 2322 iterum
1484 2280 1582 2320 nos
1621 2265 1764 2334 ipsos

174 2363 321 2416 bona
357 2377 453 2431 spe
485 2361 747 2424 foventes,
776 2371 1082 2415 consuetam
1115 2359 1266 2414 vobis
1305 2373 1632 2428 apponamus
1661 2356 1762 2410 do-

169 2455 427 2519 ctrinam,
459 2453 794 2510 declarantes
835 2463 1130 2523 paternam,
1159 2467 1316 2521 quam
1344 2465 1467 2520 erga
1498 2464 1594 2503 vos
1618 2449 1763 2519 geri-

172 2564 318 2615 mus,
347 2548 767 2603 benevolentiam
798 2563 812 2600 :
842 2544 935 2600 sed
956 2588 972 2610 ,
1013 2561 1130 2610 oro,
1175 2544 1456 2614 diligenter
1490 2543 1644 2597 dictis
1671 2557 1766 2594 au-

172 2641 424 2706 scultate,
454 2649 512 2694 ut
547 2638 750 2708 majore
781 2652 900 2692 cum
930 2637 1103 2691 fructu
1127 2637 1342 2690 domum
1382 2635 1557 2690 redire
1585 2634 1758 2688 liceat.

171 2731 364 2801 Operae
396 2731 620 2801 pretium
668 2737 844 2784 autem
881 2735 982 2794 est,
1029 2742 1090 2783 ea
1130 2743 1248 2797 qua:
1287 2741 1427 2782 nunc
1469 2727 1600 2783 lecta
1639 2733 1762 2778 sunt

170 2823 379 2876 caritati
434 2833 626 2876 vestrae
678 2821 872 2876 dicere.
917 2821 1004 2874 14.
1057 2817 1124 2873 Et
1159 2819 1308 2886 dixit,
1353 2820 1539 2890 inquit,
1575 2819 1762 2877 Deus:

173 2915 334 2969 Fiant
362 2915 634 2968 luminaria
677 2914 728 2967 in
767 2913 1086 2981 firmamento
1114 2911 1224 2965 cali
1249 2912 1316 2964 ad
1343 2912 1760 2968 illuminationem

168 3024 328 3074 super
350 3017 556 3070 terram,
581 3017 634 3059 ut
656 3005 880 3058 dividant
907 3006 1035 3057 inter
1055 3004 1190 3057 diem
1217 3013 1264 3056 et
1290 3006 1420 3058 inter
1451 3014 1663 3060 noctem.
1695 3006 1761 3060 Et

166 3099 271 3149 sint
300 3098 353 3149 in
380 3097 548 3167 signa,
575 3106 621 3148 et
646 3097 697 3149 in
724 3107 970 3166 tempora,
1002 3103 1048 3148 et
1073 3095 1126 3147 in
1151 3094 1278 3160 dies,
1305 3103 1351 3148 et
1382 3095 1433 3148 in
1457 3111 1641 3150 annos.
1672 3099 1758 3154 15.

167 3189 237 3242 Et
280 3190 382 3243 sint
423 3189 492 3242 ad
530 3188 948 3242 illuminationem
986 3186 1039 3240 in
1079 3187 1396 3253 ﬁrmamento
1424 3187 1535 3241 τιειί
1565 3189 1678 3242 :ita
1705 3199 1761 3243 ut

165 3281 373 3333 luceant
392 3295 544 3348 super
563 3287 766 3331 terram.
796 3275 864 3330 Et
885 3280 1075 3348 factum
1096 3286 1168 3330 est
1191 3277 1282 3329 ita.
1310 3276 1597 3347 Postquam
1617 3281 1758 3334 enim

165 3371 286 3423 heri
332 3385 432 3424 nos
471 3368 652 3423 docuit
693 3368 879 3422 beatus
925 3366 1117 3432 Moses,
1164 3367 1434 3436 quomodo
1478 3367 1755 3424 informem

165 3473 370 3514 terram
399 3460 669 3514 ornaverit
698 3458 929 3513 universi
961 3457 1215 3514 Conditor
1241 3457 1420 3512 herbis
1439 3499 1452 3522 ,
1486 3467 1539 3512 et
1566 3461 1756 3514 ﬂorum

161 3553 426 3606 varietate
447 3591 462 3614 ,
499 3560 551 3605 et
589 3551 848 3604 seminum
877 3549 1138 3619 germine,
1173 3548 1329 3604 hodie
1357 3564 1660 3604 sermonem
1689 3551 1754 3605 ad

158 3654 418 3697 ornatum
462 3640 579 3697 ωειί
626 3643 802 3696 vertit.
853 3640 984 3693 Nam
1032 3641 1167 3694 sicut
1217 3650 1355 3695 terra
1398 3652 1620 3696 ornatur
1664 3659 1757 3712 per

157 3750 221 3788 ea
267 3749 391 3806 qua:
424 3749 490 3787 ex
535 3732 646 3802 ipsa
691 3734 1033 3801 proveniunt,
1062 3733 1139 3786 sic
1177 3731 1364 3787 cadum
1407 3731 1507 3788 hoe
1549 3733 1752 3790 visibile

153 3830 361 3883 clarius
392 3836 445 3883 et
473 3825 718 3898 fulgidius
741 3825 884 3890 fecit,
909 3835 1174 3880 astrorum
1197 3826 1451 3880 varietate
1476 3827 1606 3882 illud
1629 3828 1752 3883 hinc

158 3921 285 3976 inde
315 3921 683 3990 distinguens,
723 3919 1015 3989 praesertim
1041 3917 1358 3974 formatione
1381 3919 1608 3974 duorum
1642 3935 1754 3974 ma-

153 4031 390 4084 gnorum
419 4014 779 4078 luminarium,
803 4012 953 4078 solis,
982 4014 1192 4082 inquam
1221 4055 1233 4076 ,
1267 4023 1321 4067 et
1359 4014 1519 4069 lunas.
1553 4014 1640 4069 16.
1684 4012 1753 4068 Et

157 4109 276 4177 fecit
309 4108 467 4174 Deus,
495 4109 588 4172 ait,
607 4109 708 4162 duo
727 4107 1000 4162 luminaria
1020 4123 1226 4179 magna,
1246 4109 1494 4162 luminare
1512 4125 1751 4179 magnum

154 4212 211 4252 ut
242 4210 480 4268 prceesset
507 4201 628 4266 diei,
651 4211 696 4254 et
722 4201 972 4254 luminare
996 4201 1166 4252 minus
1186 4208 1240 4252 ut
1264 4209 1492 4266 prrecsset
1519 4201 1674 4265 nocti,
1704 4209 1750 4253 et

157 4292 353 4344 uellus.
407 4290 590 4344 Vidisti
630 4291 941 4359 sapientiam
985 4287 1239 4359 Opilieis?
1289 4289 1428 4344 Dixit
1475 4290 1666 4353 solum,
1695 4299 1752 4345 et

156 4382 482 4450 productum
531 4390 613 4435 est
664 4380 764 4436 hoc
815 4381 1129 4436 admirabile
1178 4380 1540 4447 elementum,
1583 4382 1747 4436 solem

153 4475 299 4528 dico.
354 4473 507 4528 Hunc
553 4473 693 4528 enim
729 4482 883 4526 vocat
927 4473 1186 4526 luminare
1229 4488 1510 4542 magnum,
1539 4483 1592 4526 et
1622 4472 1749 4527 dicit

153 4569 333 4635 ipsum
360 4563 554 4618 factum
581 4579 722 4630 esse,
745 4575 800 4619 ut
829 4565 1008 4635 praesit
1028 4565 1153 4618 diei.
1183 4563 1276 4619 Sol
1298 4565 1438 4619 enim
1466 4563 1747 4619 clariorem

149 4658 297 4711 diem
347 4655 534 4722 efficit,
580 4655 804 4710 rutilans
850 4671 1014 4710 aureo
1057 4671 1154 4710 suo
1186 4655 1373 4725 jubare
1402 4665 1455 4710 et
1483 4655 1665 4722 radiis,
1693 4666 1748 4710 et

147 4748 396 4818 quotidie
423 4748 655 4818 Speciem
685 4762 833 4801 suam
863 4747 1218 4814 vigescentem
1244 4747 1550 4812 ostendens,
1583 4756 1636 4802 et
1665 4748 1739 4801 si-

147 4841 264 4895 mul
302 4848 466 4910 atque
505 4853 660 4893 mane
695 4847 916 4894 exortus
957 4839 1136 4905 fuerit,
1164 4854 1323 4894 omne
1349 4839 1618 4892 hominum
1648 4855 1742 4908 ge-
1789 4841 1800 4851 °

147 4949 252 4988 nus
277 4933 350 4988 ad
377 4947 594 4986 suorum
618 4947 838 5001 operum
861 4931 1032 4985 studia
1057 4933 1314 4986 excitans.
1349 4931 1514 5000 Hujus
1544 4929 1744 4985 formo-

146 5027 368 5079 sitatem
394 5024 672 5078 declarans
705 5023 891 5078 beatus
919 5022 1114 5089 David,
1143 5023 1314 5091 inquit
1344 5040 1357 5076 :
1390 5021 1458 5076 Et
1481 5023 1587 5090 ipse
1612 5033 1743 5075 tam-

144 5134 303 5178 quam
341 5132 560 5186 sponsus
600 5115 858 5186 egrediens
899 5116 961 5169 de
1000 5115 1222 5169 thalamo
1251 5131 1364 5181 suo,
1393 5115 1659 5169 exsultabit
1685 5124 1743 5168 ut

145 5214 294 5280 gigas
325 5209 396 5260 ad
417 5209 718 5261 currendum
741 5208 910 5270 viam;
936 5224 966 5260 a
995 5222 1189 5260 summo
1209 5207 1331 5260 caelo
1355 5223 1580 5276 egressus
1609 5207 1739 5275 ejus,

144 5313 194 5353 et
220 5315 464 5354 occursus
506 5301 618 5370 ejus
657 5314 811 5368 usque
843 5297 912 5352 ad
947 5314 1194 5351 summum
1220 5297 1329 5352 caeli
1359 5297 1531 5367 (Psal.
1564 5298 1652 5352 18.
1685 5297 1736 5350 6.

145 5393 226 5452 7).
254 5389 422 5444 Vides
452 5388 718 5457 quomodo
759 5389 874 5458 ejus
918 5389 1384 5458 pulchritudinem,
1415 5398 1468 5443 et
1514 5389 1566 5442 in
1613 5402 1740 5456 ope-

145 5483 320 5538 rando
350 5479 685 5536 velocitatem
712 5480 1036 5535 declaravit?
1068 5479 1300 5537 Dicendo
1326 5481 1491 5547 enim,
1523 5479 1566 5532 Α
1591 5495 1732 5534 sum-

143 5591 229 5626 mo
254 5576 379 5626 caelo
405 5587 634 5643 egressus
661 5573 788 5641 ejus,
817 5581 862 5624 et
887 5587 1123 5627 occursus
1162 5572 1275 5640 ejus
1312 5587 1469 5642 usque
1503 5571 1569 5622 ad
1602 5585 1740 5624 sum-

142 5683 285 5721 mm
306 5664 440 5733 cati,
467 5663 783 5736 signiﬁcavit
808 5663 981 5732 nobis,
1008 5662 1278 5735 quomodo
1306 5663 1361 5718 in
1389 5677 1494 5720 uno
1525 5671 1734 5734 tempo-

1878 329 1953 383 ris
1983 337 2254 383 momento
2296 343 2392 398 per
2428 337 2594 383 totum
2629 328 2811 384 orbem
2843 330 3113 397 discurrit,
3135 340 3188 386 et
3216 345 3245 384 a
3275 333 3464 389 linibus

1877 424 1929 478 in
1955 424 2087 478 lines
2112 423 2289 479 radios
2317 424 2493 489 mittit,
2515 423 2738 478 multum
2764 425 3002 480 utilitatis
3026 435 3298 496 praestans.
3331 426 3463 481 Nam

1875 529 1979 570 non
2022 516 2192 570 solum
2233 517 2491 581 calefacit,
2529 516 2624 573 sed
2665 527 2718 572 et
2756 518 3000 582 arefacit;
3043 527 3100 574 et
3146 534 3248 573 non
3291 519 3462 574 solum

1875 608 2114 671 arefacit,
2137 608 2229 662 sed
2258 617 2311 662 et
2340 608 2535 674 adurit,
2558 609 2860 680 multosque
2881 611 3012 665 alios
3037 620 3090 664 et
3110 611 3287 664 varios
3311 611 3465 664 nobis

1873 715 2000 754 usus
2026 699 2246 768 prrebet,
2273 709 2432 768 atque
2455 699 2589 754 adeo
2614 715 2863 769 magnum
2893 709 2977 756 est
3002 701 3315 756 miraculum
3342 702 3459 757 ele-

1871 801 2106 847 mentum
2136 791 2238 846 hoc
2256 833 2270 854 ,
2299 807 2472 862 neque
2497 802 2579 848 est
2599 795 2689 864 qui
2717 795 2898 849 laudes
2927 795 3043 865 ejus
3072 811 3169 866 pro
3197 796 3458 868 dignitate

1871 885 2258 955 prmdieaverit.
2289 884 2412 939 Hzec
2428 893 2604 941 autem
2626 886 2762 951 dico,
2786 895 2838 941 et
2861 902 3108 944 sermone
3127 890 3450 944 elementum

1870 975 2088 1041 extollo,
2121 990 2227 1030 non
2273 984 2332 1030 ut
2377 977 2428 1030 in
2473 990 2539 1031 eo
2585 978 2863 1044 subsistas,
2893 977 3100 1044 dilecte,
3132 978 3226 1034 sed
3258 991 3312 1034 ut
3339 981 3464 1037 inde

1870 1067 2147 1132 ascendas,
2169 1078 2223 1122 et
2249 1068 2300 1121 in
2323 1067 2570 1122 elementi
2593 1067 2845 1138 Opificem
2868 1070 3270 1126 admirationem
3291 1081 3461 1126 trans-

1872 1159 2033 1213 feras.
2064 1158 2194 1213 Nam
2218 1169 2416 1230 quanto
2435 1160 2607 1228 majus
2627 1160 2924 1214 ostenditur
2945 1161 3289 1226 elementum,
3311 1170 3460 1216 tanto

1871 1250 2042 1320 majus
2069 1259 2394 1306 monstratur
2415 1249 2632 1322 Opilieis
2663 1251 2997 1305 miraculum.

1941 1344 1996 1398 4.
2027 1343 2260 1398 Stultitia
2281 1343 2600 1397 adorantium
2627 1345 2817 1408 solem;
2841 1360 2932 1398 cur
2956 1355 3068 1415 post
3093 1345 3295 1398 tertium
3321 1345 3454 1398 diem

1868 1436 1946 1490 sol
1979 1435 2227 1489 conditus.
2250 1463 2320 1475 --
2344 1435 2539 1491 Verum
2579 1437 2805 1506 gentiles
2842 1437 3164 1493 admirantes
3192 1449 3244 1493 et
3269 1439 3456 1495 obstu—

1873 1535 2146 1595 pescentes
2176 1537 2376 1582 tantum
2404 1528 2745 1594 elementum,
2779 1530 2997 1583 ulterius
3026 1531 3324 1600 perspicere
3352 1545 3455 1585 non

1871 1629 2172 1690 potuerunt,
2217 1636 2387 1691 neque
2434 1622 2550 1690 ejus
2595 1621 2935 1677 Conditorem
2970 1623 3332 1687 laudaverunt,
3362 1625 3454 1678 scd

1871 1712 1923 1766 iu
1955 1712 2224 1767 elemento
2261 1713 2723 1782 conquieseentes,
2758 1713 2927 1782 ipsum
2971 1729 3068 1784 pro
3116 1715 3218 1770 deo
3257 1715 3455 1770 habue-

1871 1813 1991 1857 runt
2015 1821 2026 1856 :
2052 1812 2329 1874 propterea
2372 1814 2426 1858 et
2473 1804 2658 1859 beatus
2701 1805 2893 1858 Paulus
2933 1805 3061 1860 dicit
3093 1824 3106 1860 :
3134 1805 3199 1860 Et
3237 1808 3455 1860 uenerati

1868 1905 2005 1960 sunt,
2037 1895 2394 1966 colueruntque
2432 1905 2713 1950 creaturam
2753 1897 2944 1966 magis,
2981 1914 3131 1967 quam
3169 1897 3454 1954 Creatorem

1868 1987 2044 2055 (Rom.
2078 1987 2128 2040 1.
2155 1986 2269 2057 25).
2315 1985 2452 2053 Quid
2491 1988 2632 2042 enim
2687 1988 3019 2056 insipientius
3059 1989 3178 2056 illis,
3216 1989 3303 2060 qui
3347 2005 3452 2044 non

1871 2085 2157 2143 potuerunt
2197 2093 2264 2131 ex
2305 2077 2563 2133 creaturis
2590 2093 2879 2147 agnoscere
2917 2079 3245 2147 Creatorem,
3277 2081 3370 2136 sed
3402 2081 3453 2136 in

1869 2177 2074 2222 tantum
2105 2179 2460 2238 pervenerunt
2485 2184 2755 2234 errorem,
2789 2181 2846 2224 ut
2883 2181 3180 2226 creaturam
3211 2182 3263 2228 et
3290 2174 3457 2229 factu-

1868 2276 1982 2315 ram
2023 2262 2074 2314 in
2107 2261 2348 2316 ordinem
2375 2261 2645 2316 Creatoris
2672 2262 2970 2317 referrent?
3011 2265 3344 2335 Quapropter
3368 2265 3452 2320 di-

1867 2353 1987 2406 vina
2019 2352 2290 2422 Scriptura
2312 2353 2610 2423 pratvidens
2638 2369 2930 2426 propensos
2950 2355 3014 2410 ad
3035 2371 3277 2412 errorem
3307 2357 3452 2428 iguao

1867 2461 1981 2512 vos,
2023 2451 2177 2500 docet
2221 2461 2336 2512 nos,
2381 2456 2498 2517 post
2541 2448 2752 2502 tertium
2793 2449 2933 2502 diem
2984 2448 3084 2504 hoc
3130 2451 3449 2506 elementum

1866 2554 1988 2593 esse
2034 2538 2305 2592 conditum
2332 2581 2346 2606 ,
2397 2548 2678 2609 postquam
2729 2550 2870 2595 terra
2918 2541 3202 2612 omnigena
3247 2544 3449 2597 Semina

1870 2632 2107 2700 protulit,
2140 2641 2194 2687 et
2223 2647 2376 2688 suum
2409 2635 2616 2702 accepit
2643 2644 2888 2688 ornatum
2917 2651 2929 2689 :
2963 2642 3021 2687 ut
3064 2635 3192 2689 nulli
3233 2635 3452 2704 posthac

1866 2723 2042 2779 dicere
2063 2724 2237 2786 liceat,
2269 2724 2384 2779 sine
2407 2725 2536 2779 solis
2560 2726 2934 2794 coeperatione
2961 2741 3066 2779 non
3093 2733 3452 2781 maturescere

1867 2817 2042 2888 fruges
2071 2827 2124 2872 et
2157 2827 2444 2887 proventus
2473 2827 2648 2872 terrm.
2698 2817 2898 2871 Idcirco
2923 2817 3158 2872 declarat
3184 2818 3274 2872 tibi
3301 2826 3449 2872 ante-

1865 2925 2021 2978 quam
2045 2907 2124 2963 sol
2154 2910 2494 2976 formaretur,
2525 2910 2703 2964 omnia
2735 2909 2895 2964 fuisse
2916 2909 3149 2978 impleta,
3180 2917 3328 2966 utne
3351 2911 3447 2964 soli

1866 3002 2126 3056 fructuum
2171 3009 2458 3071 proventus
2498 3001 2803 3066 adscribas,
2849 3000 2941 3055 sed
2989 3001 3226 3055 omnium
3272 3001 3447 3071 opiﬁci

1865 3094 1997 3160 Deo,
2025 3095 2111 3164 qui
2142 3094 2269 3148 dixit
2301 3093 2367 3148 ab
2394 3093 2544 3148 initio
2577 3111 2590 3148 :
2624 3091 2878 3148 Germinet
2915 3101 3047 3147 terra
3073 3092 3277 3147 herbam
3306 3093 3448 3164 ferri.

1863 3185 2013 3250 Quod
2039 3187 2080 3241 si
2110 3186 2358 3251 dixerint,
2389 3186 2518 3241 solis
2553 3185 2876 3241 functionem
2915 3185 3072 3241 etiam
3099 3185 3298 3257 aliquid
3322 3200 3449 3256 ope-

1864 3279 1991 3344 rari,
2027 3288 2084 3334 ut
2125 3279 2325 3334 fructus
2360 3287 2741 3341 maturescant.
2774 3293 2947 3348 neque
2983 3293 3080 3349 ego
3119 3277 3447 3332 contradico.

1863 3372 1993 3426 Nam
2024 3373 2159 3426 sicut
2185 3373 2227 3427 si
2255 3372 2540 3442 agricolam
2562 3372 2732 3426 dicam
2756 3371 3032 3440 coeperari
3060 3369 3126 3424 ad
3156 3354 3447 3424 terrae'cul-

1863 3474 1995 3528 tum,
2025 3481 2128 3519 non
2154 3465 2272 3519 ideo
2302 3465 2606 3520 universum
2631 3465 2803 3519 tribuo
2823 3464 3088 3533 agricolae,
3117 3463 3211 3519 sed
3239 3463 3446 3519 etiamsi

1863 3558 1906 3610 is
1935 3558 2236 3612 sexcenties
2257 3571 2411 3612 suum
2437 3567 2558 3626 agat
2583 3554 2838 3618 oflicium,
2860 3556 2959 3609 nisi
2990 3555 3034 3609 is
3060 3554 3148 3625 qui
3178 3569 3276 3609 suo
3306 3570 3447 3609 man-

1859 3652 1984 3706 dato
2022 3651 2089 3704 ab
2129 3651 2278 3705 initio
2326 3659 2522 3705 terram
2567 3648 2633 3704 ad
2682 3647 2949 3704 faciendos
2976 3648 3174 3704 fructus
3201 3648 3444 3702 idoneam

1861 3743 2002 3807 fecit,
2036 3742 2100 3797 ad
2129 3741 2228 3796 hoc
2258 3756 2373 3796 eam
2402 3756 2612 3811 quoque
2634 3755 2850 3794 movere
2873 3739 3018 3802 velit,
3053 3739 3179 3792 nihil
3208 3739 3446 3808 proficiet

1860 3834 2040 3889 multis
2077 3832 2350 3888 laboribus
2381 3849 2395 3886 :
2425 3831 2672 3886 similiter
2708 3831 2848 3895 dico,
2877 3830 3084 3885 etiamsi
3115 3844 3233 3883 cum
3262 3829 3445 3884 labore

1857 3928 2039 3983 rustici
2080 3926 2350 3996 conspiret
2388 3923 2515 3980 solis
2540 3933 2595 3979 et
2620 3925 2758 3978 lunae
2785 3925 3021 3993 operatio
3042 3964 3056 3988 ,
3085 3932 3139 3976 et
3167 3923 3279 3977 cadi
3305 3931 3442 3976 tem-

1857 4020 2052 4091 peries,
2076 4033 2248 4088 neque
2268 4017 2346 4072 sic
2367 4017 2644 4073 utilitatem
2668 4017 2896 4085 aliquam
2921 4014 3056 4079 fore,
3083 4015 3181 4069 nisi
3209 4030 3441 4085 superne

1857 4113 1974 4166 illos
2003 4111 2220 4166 dextera
2249 4107 2455 4166 Domini
2482 4107 2751 4177 adjuverit
2782 4125 2796 4162 :
2827 4107 2923 4160 hac
2948 4117 3123 4160 autem
3161 4121 3319 4160 manu
3347 4122 3442 4158 va-

1857 4204 1959 4257 lida
1983 4203 2202 4272 jurante
2222 4202 2380 4256 etiam
2398 4199 2663 4257 elementa
2689 4199 2972 4267 plurimum
2996 4198 3294 4253 conferunt.
3320 4197 3443 4251 lla-c

1855 4297 2018 4366 probe
2048 4295 2304 4349 memoria
2336 4302 2599 4359 tenentes,
2642 4291 2967 4361 compescite
3005 4304 3100 4344 eos
3141 4291 3228 4360 qui
3272 4289 3444 4343 adhuc

1855 4401 2033 4441 errare
2060 4387 2260 4449 volunt,
2293 4393 2346 4439 et
2382 4400 2488 4438 non
2529 4384 2826 4447 concedite,
2859 4392 2920 4438 ut
2963 4381 3232 4439 Creatoris
3274 4380 3444 4436 honor

1853 4488 2112 4534 creatur-.e
2141 4478 2482 4534 concedatur.
2531 4479 2826 4547 EaprOpter
2858 4486 2912 4532 et
2951 4477 3133 4532 divina
3171 4474 3442 4547 Scriptura

1855 4586 1958 4624 non
1986 4571 2155 4624 solum
2189 4569 2632 4640 pulchritudinem
2661 4567 2772 4637 ejus
2795 4609 2810 4632 ,
2843 4576 2897 4622 et
2923 4566 3360 4638 magnitudinem,
3390 4577 3443 4620 et

1855 4661 2133 4717 utilitatem
2178 4661 2438 4728 ostendit,
2469 4660 2695 4714 dicendo
2726 4678 2738 4712 :
2775 4659 2921 4714 Sicut
2963 4675 3197 4730 sponsus,
3227 4669 3301 4725 et,
3335 4657 3442 4712 Ez-

1853 4756 2056 4810 sultabit
2081 4755 2209 4809 sicut
2237 4756 2379 4825 gigas
2421 4754 2490 4806 ad
2527 4752 2829 4806 currendum
2864 4752 3032 4816 riam;
3058 4752 3151 4807 sed
3182 4761 3236 4805 et
3271 4751 3436 4805 imbe-

1852 4847 2124 4902 cillitatem
2153 4845 2585 4911 debilitatemque
2609 4846 2646 4897 ¹.
2691 4843 2829 4898 Audi
2864 4844 3005 4899 enim
3043 4843 3167 4912 quid
3203 4841 3328 4896 alibi
3361 4841 3441 4894 di-

1851 4949 1938 4992 cat
1970 4955 1983 4991 :
2017 4939 2150 5003 Quid
2175 4939 2278 4991 sole
2301 4936 2556 4990 lucidius?
2585 4947 2630 4989 et
2653 4937 2748 4989 hoc
2776 4935 2944 5004 deﬁcit
2987 4933 3174 5001 (Eccli.
3205 4934 3290 4987 l7.
3323 4933 3436 5002 30).

1850 5030 1927 5086 Ne
1955 5040 2005 5084 te
2029 5030 2258 5099 decipiat
2284 5070 2298 5094 ,
2340 5029 2529 5098 inquit,
2555 5027 2915 5097 spectaculum
2947 5042 2960 5077 :
2989 5039 3108 5077 nam
3140 5024 3183 5078 si
3214 5023 3439 5078 voluerit

1848 5125 2105 5180 Conditor
2135 5125 2418 5194 imperare,
2449 5123 2596 5192 quasi
2633 5134 2918 5190 numquam
2951 5117 3125 5180 fuerit,
3157 5118 3228 5172 ita
3256 5117 3436 5187 dispa-

1851 5220 2007 5275 rebit.
2055 5218 2178 5273 llaec
2217 5217 2260 5270 si
2309 5216 2694 5271 intellexissent
2731 5212 2993 5283 gentiles,
3036 5211 3340 5281 neutiquam
3383 5210 3436 5264 in

1855 5320 2056 5367 tantum
2097 5308 2407 5364 incidissent
2442 5321 2709 5370 errorem,
2750 5303 2844 5360 sed
2877 5312 3024 5358 recte
3047 5302 3339 5368 vidissent,
3367 5316 3433 5355 ex

1845 5414 2214 5461 creaturarum
2254 5400 2703 5471 contemplatione
2741 5414 2834 5469 par
2871 5412 2989 5453 esse
3024 5396 3088 5450 ad
3125 5395 3432 5450 Creatorem

1847 5494 2161 5550 ascendere.
2207 5493 2428 5561 Propter
2466 5491 2568 5545 hoc
2604 5499 2794 5560 quarto
2832 5489 2920 5543 die
2959 5487 3124 5542 Solem
3164 5485 3321 5548 fecit,
3364 5500 3434 5540 ne

1911 5610 1928 5641 ί
1965 5615 2090 5665 nare,
2107 5607 2192 5657 sed
2206 5611 2250 5656 rt
2272 5604 2642 5657 imbecillitatem
2660 5601 3057 5666 debilitatemque,
3069 5613 3177 5664 qua:
3203 5601 3253 5650 iu
3269 5595 3431 5648 Morel.

1850 5671 2072 5734 deerant,
2097 5673 2146 5722 in
2169 5672 2360 5722 caeteris
2379 5668 2639 5718 habentur.
