3784 6238
312 202 383 260 59
1019 202 1071 257 Β.
1116 200 1391 256 JO.\.\'NIS
1427 195 1897 255 CHRYSOSTOMI
1939 195 2257 253 Alitlllilil‘.
2299 192 2832 262 CONS’I‘tNTlNOl‘.
3518 201 3587 261 liO

316 325 470 384 putes
495 315 643 370 illum
670 314 775 370 diei
803 322 1095 369 auctorem.
1126 313 1257 368 Nam
1284 312 1424 382 quod
1451 311 1519 367 de
1539 309 1831 367 seminibus
1861 324 1891 362 a

318 406 471 461 nobis
500 404 700 465 dictum
731 414 834 471 est,
861 413 916 459 et
939 404 1006 459 de
1031 404 1118 459 die
1148 405 1268 458 licet
1291 404 1490 468 dicere,
1515 416 1706 471 nempe
1737 399 1898 456 fuisse

318 510 426 553 tres
452 498 567 553 dies
591 506 716 555 ante
742 498 870 552 solis
896 495 1287 551 formationem.
1316 494 1487 548 Voluit
1516 505 1694 548 autem
1724 491 1901 547 Domi-

318 606 418 644 nus
445 598 498 644 et
524 605 618 659 per
648 590 748 644 hoc
775 589 1096 644 elementum
1127 586 1408 641 clariorem
1435 586 1539 640 diei
1570 586 1741 639 lucem
1770 582 1899 638 red-

319 681 446 736 dere
469 698 482 733 :
505 680 555 737 id
582 679 720 749 quod
743 689 798 734 et
825 678 893 734 de
914 679 1107 734 minori
1138 679 1405 744 luminari,
1432 680 1531 733 ltoc
1557 687 1655 740 cst,
1686 676 1754 731 de
1782 677 1900 730 luna

319 774 657 828 dixerimus:
691 770 843 827 facta:
894 772 1035 827 enim
1078 780 1204 827 sunt
1250 782 1359 826 trrs
1398 781 1579 826 noctes
1622 779 1744 823 ante
1789 769 1903 838 cjns

320 862 714 918 formationem.
756 865 1005 917 Attamen
1047 873 1099 925 et
1144 862 1258 918 hate
1297 861 1546 932 producta
1575 876 1723 914 suam
1752 857 1905 912 affert

321 956 603 1011 utilitatem
636 956 894 1024 :dissipat
930 956 1072 1012 enim
1114 956 1284 1010 noctis
1324 954 1590 1019 tenebras,
1615 962 1672 1006 et
1702 952 1902 1014 ferme,

320 1056 381 1103 ut
407 1049 474 1102 ita
505 1047 699 1114 dicam,
728 1047 913 1104 eadem
936 1065 1050 1117 qum
1065 1048 1149 1102 sol
1167 1048 1279 1116 ipse
1299 1046 1418 1101 facit
1440 1060 1561 1114 erga
1584 1045 1683 1098 alia
1706 1043 1902 1096 onmia.

326 1140 419 1194 Sol
448 1138 589 1194 enim
617 1139 893 1194 ordinatus
917 1146 999 1192 est
1024 1137 1090 1192 ad
1119 1138 1221 1192 hoc
1255 1136 1323 1192 Ut
1348 1144 1582 1206 prwesset
1612 1133 1711 1187 diei
1736 1175 1750 1197 ,
1784 1132 1905 1187 luna

328 1238 529 1296 autem,
561 1228 628 1285 Ut
649 1238 879 1299 prwesset
902 1230 1052 1283 nocti.
1083 1228 1216 1295 Quid
1248 1236 1330 1283 est
1358 1225 1425 1282 Ut
1451 1236 1682 1297 prwesset
1707 1225 1823 1287 diei,
1856 1231 1911 1277 ct

328 1319 398 1374 fit
444 1330 677 1390 prteesset
716 1321 890 1375 nocti?
934 1320 1287 1383 Potestatem,
1323 1319 1527 1389 inquit,
1557 1318 1788 1386 accepit,
1820 1316 1909 1370 ille

325 1410 537 1478 quidem
566 1408 693 1477 diei,
723 1408 837 1464 lucc
864 1421 990 1463 vero
1016 1410 1186 1463 noctis
1207 1449 1220 1472 ,
1254 1417 1310 1462 ut
1335 1409 1413 1463 sol
1442 1408 1580 1461 diem
1610 1407 1723 1461 suis
1750 1405 1911 1461 radiis

298 1568 301 1571 γ
328 1502 607 1557 clariorem
631 1501 853 1565 reddat;
885 1502 1006 1556 luna
1031 1512 1207 1557 autem
1240 1510 1295 1555 ut
1321 1501 1562 1571 dispellat
1593 1500 1838 1557 tenebras
1857 1510 1913 1554 et

329 1594 603 1649 hominum
633 1594 813 1665 generi
844 1594 1039 1648 lumine
1066 1608 1169 1649 suo
1200 1591 1501 1648 facultatem
1531 1592 1768 1662 przebcat
1800 1592 1912 1645 suis
1948 1632 1953 1637 .

332 1686 555 1757 negotiis
574 1685 811 1740 vacandi.
844 1684 991 1739 Tunc
1019 1685 1159 1739 enim
1179 1685 1348 1738 viator
1367 1683 1611 1739 fidentius
1636 1684 1737 1737 iter
1766 1682 1908 1746 facit,

329 1785 384 1828 et
427 1786 586 1831 nauta
629 1776 802 1829 navim
830 1776 983 1845 regit,
1009 1784 1062 1830 et
1088 1774 1253 1829 maria
1282 1774 1495 1844 trajicit,
1519 1784 1573 1830 et
1599 1790 1694 1829 sua
1723 1776 1914 1845 cuique

333 1865 529 1932 studia,
551 1882 779 1938 suasque
807 1877 951 1937 artes
987 1876 1131 1922 metu
1174 1868 1346 1937 posito
1380 1868 1776 1938 aggrediuntur.
1808 1868 1911 1923 De-

334 1958 457 2013 inde
495 1970 775 2030 postquam
807 1974 905 2013 nos
936 1959 1113 2015 docuit
1144 1959 1366 2014 istorum
1404 1960 1741 2025 luminarium
1776 1961 1917 2015 utili-

334 2059 517 2115 tatem,
547 2050 715 2121 inquit
744 2069 757 2105 :
793 2051 877 2104 l7.
912 2048 978 2103 Et
1005 2051 1194 2105 stellas.
1236 2050 1303 2104 Et
1331 2051 1497 2122 posuit
1532 2050 1673 2105 Deus
1711 2052 1827 2106 illas
1863 2052 1914 2105 in

333 2142 649 2209 ﬁrmamento
690 2144 833 2207 caeli,
872 2144 941 2195 ita
986 2153 1037 2196 ut
1085 2143 1284 2197 luceant
1323 2160 1475 2214 super
1517 2154 1717 2210 terram,
1750 2144 1836 2199 18.
1870 2153 1917 2198 et

332 2233 535 2304 pra'sint
557 2234 656 2288 diei
679 2250 739 2287 ac
758 2234 912 2299 nocti,
930 2245 977 2287 et
1000 2245 1229 2305 separent
1253 2234 1383 2289 inter
1406 2235 1570 2289 lucem
1599 2245 1646 2289 et
1667 2234 1913 2289 tenebras.

402 2326 456 2380 5.
494 2324 825 2379 Pulchritudo
855 2337 901 2380 ct
926 2328 1115 2382 utilitas
1136 2327 1283 2393 caeli;
1319 2326 1490 2381 omnia
1525 2337 1727 2397 propter
1757 2328 1920 2381 horni-

332 2432 443 2471 item
468 2424 635 2470 creata
657 2426 882 2470 sunt.—-
910 2416 1285 2472 Animadverte
1316 2416 1400 2472 hic
1421 2427 1675 2487 quantum
1706 2426 1761 2473 et
1792 2418 1917 2493 ista-

336 2523 452 2560 rum
485 2522 636 2561 usum
670 2507 820 2561 nobis
846 2506 1152 2562 declaravit.
1187 2505 1367 2561 Posuit
1391 2508 1527 2574 illas,
1547 2507 1734 2578 inquit,
1756 2510 1805 2562 in
1826 2509 1919 2579 [ξι-

334 2610 580 2653 momento
597 2602 725 2653 τωιὶ.
740 2600 887 2675 Quid
905 2610 1007 2668 est,
1030 2599 1245 2655 Posuit?
1266 2600 1527 2671 Numquid
1550 2602 1695 2672 quasi
1717 2601 1921 2657 diceret

335 2690 543 2759 aliquis,
573 2689 748 2744 Fixit?
778 2691 966 2745 Absit:
994 2690 1234 2747 videmus
1260 2692 1401 2747 enim
1433 2692 1575 2763 ipsas
1599 2707 1743 2762 smpe
1765 2694 1919 2748 unico

338 2783 595 2851 temporis
651 2792 924 2837 momento
979 2799 1229 2853 magnum
1277 2786 1506 2840 transire
1554 2787 1818 2856 spatium,
1867 2797 1921 2841 et

262 2901 272 2910 -
332 2889 618 2944 numquam
668 2874 719 2928 in
760 2889 868 2929 uno
912 2874 1030 2930 loco
1077 2885 1240 2943 stare,
1285 2876 1379 2931 sed
1414 2891 1593 2941 suum,
1630 2893 1786 2947 quem
1818 2876 1921 2931 illis

334 2961 589 3016 Dominus
617 2964 891 3034 prmcepit,
920 2979 1133 3019 cursum
1162 2964 1437 3035 perlicere.
1469 2966 1603 3034 Quid
1631 2967 1789 3037 igitur
1814 2976 1916 3033 est,

336 3051 557 3106 Posuit?
596 3052 654 3107 ld
689 3064 785 3119 est,
818 3054 1096 3124 imperavit
1123 3065 1178 3110 ut
1204 3056 1332 3126 ipsa:
1353 3066 1534 3112 essent
1560 3057 1609 3110 in
1639 3058 1790 3111 caelo.
1823 3057 1917 3111 Et-

336 3146 477 3199 enim
522 3145 624 3201 hoc
666 3160 731 3201 ex
771 3146 997 3202 decursu
1033 3147 1326 3218 Scriptura:
1354 3149 1529 3204 licebit
1559 3150 1764 3213 videre,
1798 3151 1918 3220 quia

334 3237 458 3290 alibi
486 3238 614 3292 dicit
644 3256 656 3289 :
691 3234 868 3291 Posuit
890 3239 1026 3294 Deus
1051 3240 1214 3293 Adam
1236 3242 1286 3295 in
1308 3243 1546 3313 paradiso
1573 3240 1721 3309 (Gen.
1757 3242 1811 3295 2.
1837 3243 1918 3313 ὃ),

337 3344 439 3382 non
468 3329 608 3398 quod
639 3329 872 3384 infixerit
891 3346 1011 3385 eum
1042 3331 1308 3401 paradiso,
1331 3332 1424 3389 sed
1447 3333 1585 3403 quod
1610 3335 1923 3403 prices-perit

335 3430 392 3473 ut
416 3431 558 3476 esset
587 3422 637 3474 itt
673 3422 934 3491 paradiso.
968 3422 1227 3480 Similiter
1247 3434 1299 3479 et
1324 3424 1390 3480 de
1415 3426 1583 3481 stellis
1608 3428 1919 3493 dixerimus,

339 3512 627 3580 imperasse
658 3527 849 3582 nempe
876 3514 953 3569 eis
987 3523 1041 3568 ut
1067 3526 1247 3570 essent
1271 3516 1325 3570 in
1350 3515 1686 3572 firmamento
1710 3518 1848 3585 czeli,
1870 3528 1925 3573 et

338 3618 491 3654 suum
524 3603 701 3657 lumen
733 3618 890 3674 super
927 3616 1120 3659 terram
1151 3608 1475 3662 emitterent.
1507 3608 1920 3675 Animadverte,

335 3694 581 3757 obsecro,
605 3693 817 3763 dilecte,
850 3697 1163 3766 quibusnam
1191 3699 1354 3767 pratis
1370 3708 1423 3755 et
1446 3698 1613 3753 hortis
1636 3700 1925 3769 jucundius

344 3804 447 3841 non
490 3788 647 3843 fuerit
674 3799 918 3859 spectare
947 3791 999 3845 in
1031 3791 1202 3847 media
1231 3801 1385 3848 nocte
1414 3792 1600 3847 cadum
1632 3794 1801 3848 stellis
1835 3793 1924 3849 di-

337 3880 680 3945 stinctum,ct
704 3882 977 3938 stellarum
1006 3882 1261 3939 varietate
1285 3886 1435 3955 quasi
1464 3885 1683 3941 floribus
1710 3887 1927 3958 quibus-

339 3973 459 4025 dam
481 3988 829 4041 conspersum
852 3983 906 4029 et
925 3986 1192 4042 ornatum,
1224 3978 1448 4031 multum
1477 3978 1609 4033 lucis
1632 3972 1794 4049 super
1821 3989 1925 4035 ter-

341 4082 453 4121 ratn
498 4065 811 4121 effundere?
853 4067 983 4123 Nam
1026 4077 1080 4122 et
1122 4068 1176 4124 in
1224 4068 1326 4125 hoc
1369 4070 1627 4126 ordinata:
1668 4082 1828 4137 sunt,
1870 4083 1928 4127 ut

342 4160 552 4212 luceant
577 4174 737 4230 super
764 4139 957 4214 terrain
980 4202 993 4222 ,
1021 4170 1075 4214 et
1104 4161 1321 4230 pratsint
1346 4160 1452 4217 diei
1484 4178 1547 4217 ac
1575 4164 1748 4229 nocti,
1781 4165 1921 4235 quod

337 4249 660 4319 generaliter
679 4260 732 4305 et
757 4250 825 4305 de
846 4251 1051 4321 magnis
1074 4251 1421 4309 luntinaribus
1441 4254 1640 4309 dictum
1662 4266 1762 4311 est.
1792 4256 1924 4311 Nam

340 4350 620 4413 postham
646 4343 827 4398 docuit
865 4359 964 4399 nos
988 4385 1004 4413 ,
1044 4344 1310 4414 quomodo
1343 4347 1565 4403 formata
1593 4348 1793 4403 fuerint
1821 4348 1927 4404 duo

344 4437 623 4492 luminaria
654 4451 866 4509 magna,
904 4446 959 4493 et
996 4440 1164 4494 stella:
1193 4457 1206 4493 :
1235 4440 1302 4495 de
1344 4442 1595 4497 omnibus
1636 4443 1689 4497 in
1728 4459 1927 4514 genere

339 4528 488 4592 dicit,
524 4527 584 4580 Et
610 4529 814 4597 praesint
835 4530 934 4583 diei
959 4545 1018 4583 ac
1044 4531 1197 4595 nocti,
1215 4541 1262 4585 et
1284 4542 1517 4601 separent
1543 4534 1672 4588 inter
1700 4535 1859 4588 lucem
1881 4545 1926 4588 et

344 4620 590 4675 tenebras.
633 4620 920 4677 Enimvero
958 4622 1094 4677 sicut
1124 4623 1352 4678 interdiu
1384 4624 1551 4680 stella:
1575 4625 1627 4679 in
1659 4626 1790 4680 caelo
1810 4642 1925 4680 non

341 4713 588 4769 videntur
630 4714 929 4770 discurrere
964 4715 1211 4779 {illarum
1238 4716 1380 4771 enim
1409 4732 1561 4772 usum
1592 4717 1769 4773 lumen
1799 4717 1928 4772 solis

341 4808 505 4862 multa
534 4807 775 4863 claritate
803 4808 1047 4880 obtegit),
1080 4810 1149 4864 ita
1178 4826 1350 4881 neque
1381 4820 1538 4867 noctu
1567 4811 1648 4867 sol
1675 4824 1924 4882 apparet,

340 4901 639 4957 sufficiente
663 4902 787 4957 luna
813 4917 909 4958 Suo
940 4904 1141 4959 lumine
1180 4904 1246 4958 ad
1284 4904 1627 4960 illustrandas
1649 4906 1823 4960 noctis
1848 4915 1925 4960 te-

342 4995 537 5050 nebras
569 5012 583 5049 :
608 5010 792 5050 verum
821 4997 1085 5053 elementa
1106 5013 1329 5069 quicque
1353 4998 1491 5057 iura
1517 5012 1644 5053 suos
1670 4999 1928 5054 terminos

347 5096 585 5154 tnauent,
612 5097 667 5143 et
693 5102 979 5160 numquam
1006 5105 1159 5146 suam
1189 5105 1494 5145 mensuram
1527 5093 1927 5163 transgrediun-

344 5192 429 5235 tur
452 5198 467 5237 :
490 5182 586 5238 sed
610 5182 1014 5255 dispositionem
1034 5194 1089 5239 et
1107 5184 1349 5253 ordinem
1372 5184 1580 5241 Domini
1602 5186 1924 5253 custodiunt,

343 5289 609 5346 suumque
632 5290 767 5347 opus
795 5276 1014 5335 faciunt.
1058 5276 1188 5345 Quis
1226 5286 1404 5337 autem
1440 5278 1543 5335 alia
1569 5282 1745 5334 omnia
1772 5294 1929 5335 enar-

343 5371 561 5435 raverit,
604 5385 724 5441 quae
764 5371 953 5426 horum
998 5370 1335 5429 lutninarium
1366 5383 1439 5429 et
1481 5373 1757 5432 stellarum
1802 5390 1928 5429 usus

345 5465 582 5522 humano
609 5468 790 5538 generi
820 5467 1069 5523 confert?
1112 5468 1227 5523 Sint
1260 5470 1424 5536 enim,
1458 5470 1644 5541 inquit,
1672 5470 1725 5524 in
1759 5471 1925 5543 signa,

335 5569 383 5612 et
420 5559 471 5613 in
503 5570 749 5627 tempora,
776 5569 821 5611 et
847 5560 897 5611 in
919 5559 1045 5624 dies,
1074 5571 1120 5612 et
1150 5561 1199 5613 in
1229 5577 1408 5615 annos.
1449 5561 1584 5628 Quid
1613 5562 1728 5618 est?
1758 5560 1824 5616 In
1854 5564 1926 5616 si-

350 5667 451 5720 gna
482 5661 528 5704 et
555 5652 604 5704 in
634 5663 876 5722 tempora,
908 5661 954 5707 et
988 5654 1038 5707 in
1066 5654 1189 5719 dies,
1216 5664 1262 5708 et
1290 5656 1340 5709 in
1368 5655 1568 5711 annos?
1597 5655 1796 5713 Docere
1824 5673 1920 5713 nos

2009 312 2117 367 vult
2145 312 2320 368 divina
2348 314 2615 384 Scriptura
2637 355 2652 380 ,
2683 314 2871 369 horum
2897 329 3109 369 cursum
3141 314 3411 369 scientiam
3439 316 3594 371 nobis

2005 414 2301 475 temporum
2331 406 2596 473 conferre,
2626 406 3016 462 vicissitudines
3042 409 3474 472 conversionum,
3504 426 3593 462 nu-

2008 514 2213 553 merum
2242 499 2469 561 dierum.
2492 500 2616 554 anni
2638 501 2957 555 curriculum
2988 519 3001 556 ε
3025 511 3078 559 et
3103 517 3167 556 ex
3202 502 3281 555 his
3312 518 3596 571 possumus

2008 588 2320 660 dignoscere
2346 592 2542 646 omnia.
2590 590 2795 645 Etenim
2826 591 3149 661 gubernator
3169 593 3236 647 ad
3258 595 3447 649 horum
3474 610 3599 646 cur.

2008 697 2125 735 sum
2170 691 2435 751 spectans,
2484 692 2539 736 et
2580 682 2631 736 in
2675 682 2863 738 caelum
2911 683 3165 747 intentus,
3208 683 3601 755 diligenterque

2010 772 2220 827 discens
2264 774 2461 839 omnia,
2490 775 2738 843 navigare
2777 775 2980 843 incipit,
3014 777 3179 830 maria
3210 778 3416 842 transit,
3449 787 3502 832 et
3546 777 3599 831 in

2010 864 2326 919 densissima
2363 875 2538 931 nocte,
2570 868 2697 921 visis
2720 867 2893 921 stellis
2912 868 2927 898 ί
2963 870 3137 922 navim
3167 869 3394 939 dirigere
3421 877 3476 924 et
3501 859 3601 925 sua

2011 968 2126 1010 arte
2168 959 2393 1012 salutem
2426 959 2795 1028 navigantibus
2824 960 2951 1014 dare
2979 961 3135 1016 solet.
3167 962 3256 1017 Sic
3282 973 3335 1017 et
3358 963 3597 1033 agricola

2013 1064 2076 1102 ex
2109 1048 2211 1102 illis
2239 1048 2396 1103 discit
2423 1050 2638 1119 quando
2664 1060 2905 1120 oporteat
2933 1053 3136 1107 semina
3169 1062 3322 1107 terra:
3349 1054 3607 1109 commit-

2016 1150 2146 1204 tere,
2177 1140 2391 1211 quando
2422 1151 2615 1197 terram
2642 1144 2931 1213 pastinare,
2958 1153 3012 1198 et
3040 1159 3216 1206 arare,
3249 1146 3463 1214 quando
3497 1144 3604 1200 lal-

2014 1250 2129 1289 cem
2156 1251 2351 1290 acuere
2378 1244 2432 1289 ut
2462 1234 2638 1305 fruges
2664 1235 2921 1291 demetat.
2956 1236 3069 1290 Non
3103 1253 3264 1306 pauca
3294 1239 3412 1291 vita:
3442 1237 3607 1309 hujus

2015 1328 2292 1382 connnoda
2341 1338 2634 1398 temporum
2678 1329 2926 1392 scientia,
2970 1329 3175 1382 dierum
3218 1340 3503 1393 numerus,
3550 1340 3609 1383 et

2016 1421 2141 1475 anni
2171 1420 2401 1475 circulus
2438 1420 2665 1475 afferunt
2698 1438 2711 1473 :
2749 1421 3015 1490 multaque
3060 1420 3111 1475 in
3156 1420 3226 1477 iis
3272 1422 3605 1492 deprehendi

2020 1524 2235 1583 possent
2275 1514 2340 1567 ad
2385 1514 2661 1569 fovendam
2705 1514 2987 1569 lmmanam
3017 1516 3177 1569 vitam
3218 1515 3389 1580 utilia,
3431 1530 3608 1585 neque

2016 1615 2099 1660 est
2146 1606 2235 1676 qui
2276 1615 2462 1661 exacte
2511 1621 2793 1661 recensere
2830 1606 3034 1676 singula
3084 1606 3293 1676 possit:
3323 1622 3386 1662 es
3421 1608 3610 1676 paucis

2022 1708 2198 1753 tamen
2226 1708 2454 1769 quantus
2492 1713 2678 1753 eorum
2716 1698 2787 1753 sit
2823 1714 2950 1755 usus
2984 1697 3389 1768 conjectandttm
3420 1707 3522 1761 est,
3554 1708 3611 1751 et

2020 1808 2140 1846 cum
2169 1792 2411 1847 admirati
2438 1791 2692 1847 fuerimus
2719 1801 3010 1857 creaturas,
3048 1807 3233 1847 earum
3261 1791 3447 1860 Opifes
3472 1806 3609 1860 quo-

2020 1900 2122 1954 que
2150 1884 2451 1940 adorandus
2492 1896 2547 1939 et
2590 1884 2942 1940 celebrandus
2965 1894 3047 1939 est
3072 1902 3087 1939 :
3118 1881 3451 1954 suspicienda
3482 1886 3609 1939 item

2024 1976 2304 2031 ineﬂabilis
2334 1978 2471 2031 illius
2499 1977 2816 2049 benignitas,
2847 1994 3003 2049 quam
3034 1993 3160 2049 erga
3193 1967 3478 2033 humanum
3508 1995 3610 2049 ge-

2023 2084 2123 2124 nus
2166 2069 2276 2124 exh
2301 2071 2412 2123 buit
2442 2088 2456 2124 :
2483 2071 2677 2139 quippe
2717 2081 2935 2140 propter
2980 2069 3049 2124 nil
3090 2052 3230 2124 aliud
3273 2068 3386 2125 lure
3429 2075 3612 2124 omnia

2024 2164 2289 2232 produxit,
2317 2180 2475 2233 quam
2516 2176 2728 2233 propter
2779 2164 3047 2218 hominem
3091 2180 3248 2234 quem
3294 2180 3399 2219 non
3439 2166 3614 2219 multo

2024 2265 2142 2324 post
2170 2257 2317 2326 quasi
2346 2272 2521 2327 regem
2550 2267 2602 2310 et
2633 2258 2923 2328 principem
2956 2258 3202 2313 ormibus
3227 2273 3258 2313 a
3292 2274 3351 2314 se
3378 2260 3614 2313 conditis

2025 2349 2371 2418 prtcl'ecturus
2397 2362 2533 2403 erat.
2558 2350 2624 2402 Et
2646 2351 2787 2415 vidit,
2815 2351 2911 2414 ait,
2940 2350 3071 2404 Deus
3090 2352 3224 2420 quod
3246 2361 3369 2405 esset
3399 2354 3609 2407 bonum.

2027 2441 2184 2495 Vides
2212 2442 2435 2510 singulis
2461 2441 2646 2496 diebus
2676 2442 2956 2497 ostendere
2981 2442 3213 2496 divinam
3243 2443 3573 2513 Scripturam
3596 2484 3609 2508 ,

2025 2532 2136 2588 Deo
2174 2534 2385 2603 placere
2425 2542 2720 2599 creaturas,
2761 2543 2816 2587 ut
2854 2550 3067 2588 onmem
3101 2545 3339 2604 amputet
3366 2538 3651 2590 occasio-.

2026 2642 2146 2683 nem
2178 2643 2361 2683 eorum
2385 2672 2397 2694 ,
2426 2630 2513 2699 qui
2544 2628 2938 2697 reprehendere
2966 2629 3163 2684 audent
3186 2646 3245 2684 ea
3282 2646 3397 2700 qua:
3425 2631 3493 2685 ab
3521 2631 3615 2683 illo

2024 2733 2145 2776 sunt
2180 2724 2355 2776 facta?
2399 2721 2549 2788 Quod
2587 2723 2728 2777 enim
2770 2723 2925 2792 hujus
2966 2723 3040 2776 rei
3081 2723 3251 2794 gratia
3291 2739 3616 2793 unoquoque

2025 2818 2112 2872 die
2151 2818 2421 2886 Scriptura
2462 2815 2638 2870 divina
2683 2816 2783 2869 hoc
2830 2816 3110 2886 significet,
3140 2833 3202 2872 ex
3231 2819 3613 2887 consequentia

2027 2907 2365 2963 manifestum
2396 2919 2495 2963 est.
2530 2908 2838 2963 Sufficiebat
2864 2910 3004 2963 enim
3033 2909 3101 2964 de
3127 2909 3375 2965 omnibus
3401 2921 3613 2964 creatu-

2026 3000 2097 3052 ris
2125 2999 2290 3053 semel
2319 2999 2497 3054 dicere
2516 3040 2531 3065 ,
2561 3000 2736 3053 omnia
2764 3015 3112 3071 qtuecumqne
3136 3000 3259 3055 fecit
3280 3042 3293 3065 ,
3323 3015 3443 3056 esse
3472 3000 3615 3055 bona

2026 3093 2180 3148 valde
2208 3110 2224 3145 :
2257 3092 2351 3148 scd
2383 3094 2558 3148 sciens
2586 3103 2779 3165 quanta
2808 3096 2879 3149 sit
2901 3096 3156 3150 mentium
3182 3104 3483 3152 nostrarum
3525 3097 3612 3151 in-

2027 3186 2268 3250 firmitas,
2293 3185 2598 3257 singillatim
2628 3186 2730 3241 hoc
2755 3186 2896 3251 facit,
2919 3196 2974 3241 ut
2994 3186 3170 3242 discas
3195 3188 3454 3258 sapientia
3483 3204 3616 3257 qua-

2025 3281 2147 3333 dam
2202 3280 2427 3344 solerti,
2476 3290 2533 3334 ct
2587 3280 2909 3349 benignitate
2964 3281 3298 3337 inenarrabili
3350 3282 3611 3351 producta

2028 3372 2190 3426 fuisse
2210 3372 2408 3425 omnia.
2445 3372 2527 3426 l9.
2562 3372 2623 3424 Et
2653 3374 2842 3441 factum
2867 3379 2957 3438 est,
2987 3373 3173 3443 inquit,
3199 3389 3420 3443 vespere,
3449 3383 3496 3427 et
3526 3377 3612 3443 fa-

2028 3475 2160 3518 ctum
2191 3474 2263 3518 est
2288 3481 2465 3531 mane,
2504 3465 2610 3517 dies
2638 3475 2868 3537 quartus.
2904 3464 3189 3534 Postquam
3216 3467 3355 3519 enim
3384 3465 3615 3519 absolvit

2028 3566 2274 3612 ornatum
2306 3557 2443 3622 caeli,
2476 3566 2528 3613 et
2554 3557 2721 3612 stellis
2750 3556 2877 3610 illud
2907 3557 3197 3620 decoravit,
3221 3556 3432 3629 duoque
3458 3558 3617 3611 lumi-

2028 3649 2176 3704 naria
2208 3664 2395 3718 magna
2422 3649 2688 3718 produxit,
2724 3648 2883 3704 finem
2914 3648 3021 3702 dici
3052 3648 3333 3717 imposuit;
3361 3660 3413 3701 et
3438 3648 3612 3703 dixit:

2030 3742 2100 3796 Et
2127 3744 2312 3812 factum
2337 3754 2409 3796 est
2438 3760 2656 3814 vespere,
2686 3752 2733 3797 et
2759 3744 2949 3812 factum
2967 3753 3038 3797 est
3060 3740 3224 3807 mane,
3250 3743 3357 3796 dies
3382 3753 3610 3813 quartus.

2031 3834 2164 3889 \‘ide
2190 3850 2295 3905 quo
2322 3844 2475 3904 pacto
2500 3844 2553 3889 et
2578 3836 2676 3890 hoc
2706 3850 2799 3905 per
2817 3835 3051 3905 singulos
3073 3835 3186 3889 dies
3206 3845 3612 3900 commemorat,

2030 3929 2205 3983 divina
2237 3928 2483 3998 dogmata
2524 3927 2786 3998 frequenti
2826 3927 3188 3982 admonitione
3226 3936 3420 3982 nostra:
3450 3931 3615 3983 menti

2032 4024 2250 4093 infigere
2278 4022 2483 4075 volens.

2103 4117 2153 4172 6.
2200 4115 2413 4169 Morafis
2429 4116 2731 4170 exhortatio.
2765 4145 2838 4154 —
2879 4114 3003 4169 Ηωο
3046 4114 3204 4184 igitur
3246 4114 3421 4167 omnia
3466 4114 3620 4183 quasi

2034 4210 2295 4279 insculpta
2325 4209 2618 4263 retinentes
2655 4206 2706 4261 in
2739 4206 3019 4262 latitudine
3048 4207 3257 4273 cordis,
3314 4221 3420 4275 quo
3444 4206 3621 4276 negli-

2031 4306 2262 4375 gentiam
2294 4319 2505 4357 onmem
2533 4302 2883 4362 excutiamus,
2903 4315 3029 4354 sana
3059 4307 3307 4353 accurate
3340 4307 3621 4353 teneamus

2032 4398 2298 4468 dogmata,
2333 4406 2490 4465 atque
2513 4410 2605 4449 cos
2626 4395 2713 4464 qui
2742 4392 2922 4463 gentili
2944 4406 3127 4447 errore
3154 4400 3615 4459 prieoccupantur,

2032 4489 2178 4543 oumi
2210 4485 2619 4543 mansuetudine
2645 4484 2953 4549 doccanms,
3006 4498 3073 4535 ne
3115 4481 3359 4536 ordinem
3388 4480 3623 4535 confun-

2032 4580 2181 4642 dant,
2208 4595 2380 4649 neque
2410 4578 2594 4633 relicto
2620 4576 2876 4631 Creatorc
2908 4585 3183 4629 creaturas
3208 4572 3469 4637 adorent,
3499 4588 3622 4641 qua:

2032 4672 2101 4725 ob
2127 4680 2365 4726 nostram
2392 4669 2618 4723 salutem
2661 4674 2717 4722 et
2761 4666 3041 4720 utilitatem
3094 4666 3245 4719 factae
3292 4670 3436 4718 sunt.
3483 4662 3621 4718 Nam

2032 4761 2132 4818 etsi
2161 4763 2356 4816 millies
2377 4759 2749 4829 dirumpantur
2792 4756 3041 4827 gentiles,
3092 4766 3268 4810 tamen
3304 4756 3445 4810 clara
3488 4770 3623 4810 voce

2032 4856 2228 4921 clamo,
2284 4862 2503 4924 propter
2557 4851 2846 4905 humanum
2878 4864 3047 4917 genus
3104 4847 3217 4902 hac
3259 4846 3435 4901 omnia
3478 4845 3619 4901 facta

2032 4962 2188 5015 esse;
2222 4945 2321 5001 sibi
2347 4945 2489 5000 enim
2516 4942 2789 4998 sufficiens
2829 4940 3008 5010 opifex
3046 4941 3195 4996 nullo
3218 4941 3441 4993 istorum
3485 4954 3623 5009 opus

2033 5039 2263 5095 habebat
2293 5056 2305 5092 :
2335 5038 2429 5093 scd
2455 5047 2514 5092 ut
2534 5051 2661 5107 erga
2686 5050 2783 5089 nos
2809 5049 2957 5088 suam
3008 5033 3389 5102 benignitatem
3429 5040 3621 5086 osten-

2032 5134 2201 5197 deret,
2237 5132 2349 5185 haec
2370 5130 2547 5186 omnia
2576 5126 2846 5199 produxit,
2866 5126 3242 5183 demonstrans
3294 5133 3493 5195 quanto
3525 5125 3623 5176 ho-

2034 5241 2162 5281 nore
2186 5231 2539 5295 prosequatur
2568 5220 2858 5275 humanum
2888 5233 3075 5289 genus,
3105 5226 3161 5272 ut
3188 5217 3270 5273 his
3309 5216 3618 5270 manuducti

2032 5318 2269 5374 debitam
2301 5316 2399 5388 ipsi
2426 5314 2791 5371 adorationem
2824 5311 3135 5368 referamus.
3194 5310 3418 5378 Quanta:
3474 5310 3618 5364 enim

2033 5410 2269 5466 stultitia:
2297 5418 2378 5464 est
2402 5417 2525 5462 ante
2550 5406 2796 5477 pulchras
2821 5416 3094 5461 creaturas
3121 5403 3468 5476 procumbere
3489 5413 3538 5457 et
3567 5406 3618 5459 in

2035 5505 2137 5560 illis
2165 5503 2477 5565 consistere,
2510 5516 2606 5555 nec
2636 5501 2879 5556 attollere
2909 5499 3101 5554 mentis
3129 5497 3310 5555 oculos
3357 5496 3421 5551 ad
3469 5496 3621 5555 illum

2102 5668 2115 5697 ¹
2151 5662 2359 5726 Coislin.,
2375 5663 2523 5727 jtnrta
2545 5660 2789 5714 stellarum
2813 5655 3104 5723 positionem.
