3752 6314
212 364 297 433 qui
314 378 406 418 eas
418 359 685 431 produxit.
704 373 877 428 neque
897 355 1058 411 Paulo
1075 354 1294 411 credere
1310 353 1537 409 dicenti:
1561 349 1801 405 Invisibi-

211 458 278 507 liu
297 455 437 508 illius
451 470 515 508 ea'
526 452 776 506 creatione
791 450 964 504 mundi
985 466 1072 518 per
1087 463 1267 518 eaquw
1279 448 1414 516 facta
1432 442 1804 500 suatt’nlellecla

213 548 533 611 per-videntur
544 545 562 615 (
573 545 726 599 Rom.
747 547 798 599 1.
815 541 928 614 20)ῑ
945 541 1079 608 Quid
1093 540 1244 604 dicis,
1259 539 1443 593 homo?
1458 537 1590 594 Cum
1610 536 1805 591 videris

212 637 423 704 uelum,
454 634 737 690 admiraris
764 634 879 704 ejus
904 633 1313 696 formositatem,
1341 641 1604 684 astrorum
1634 628 1806 682 varie-

214 740 402 793 tatem,
427 727 693 783 claritatis
714 725 1098 781 eminentiam?
1126 724 1203 779 Ne
1220 723 1290 777 ibi
1312 721 1591 784 subsistas,
1615 720 1707 774 sed
1736 718 1801 772 ad

209 820 469 890 Opiﬁcem
503 820 674 888 ipsum
706 827 847 871 tuam
877 815 1105 872 extende
1133 824 1366 869 mentem
1398 831 1411 867 :
1448 814 1498 867 in
1528 819 1801 881 stuporem

216 924 267 968 te
290 928 485 969 rursus
504 912 723 982 conjicit
744 913 834 966 lux
868 910 1018 976 solis,
1051 907 1402 964 etadmiraris
1423 904 1795 975 cjusmultipli-

212 1020 326 1060 eem
359 1018 552 1058 usum:
587 1014 640 1058 et
664 1003 787 1074 quia
816 1002 964 1057 vides
1016 1001 1194 1056 radios
1240 1000 1570 1054 illustrantes
1619 998 1806 1052 oculos

214 1104 356 1158 tuos,
385 1094 671 1150 admiraris
692 1094 942 1149 elementi
981 1091 1468 1164 pulchritudinem?
1495 1090 1598 1146 Sed
1632 1105 1804 1159 neque

212 1185 300 1241 hic
326 1187 629 1251 subsistas;
660 1186 769 1240 imo
790 1184 889 1240 hoc
917 1186 1113 1255 cogita,
1144 1185 1188 1239 si
1213 1194 1457 1239 creatura
1483 1190 1588 1235 tam
1638 1180 1805 1234 admi-

210 1276 400 1331 rabilis
417 1286 520 1340 est,
543 1286 596 1331 et
611 1291 769 1346 supra
788 1277 1024 1331 omnium
1046 1275 1348 1345 Opinionem
1375 1284 1429 1330 et
1450 1275 1798 1340 intellectum,

214 1378 452 1438 quantus
473 1379 556 1424 est
583 1370 676 1439 qui
704 1370 871 1439 ipsam
899 1371 1015 1424 solo
1039 1369 1205 1424 verbo
1231 1379 1285 1423 et
1313 1377 1582 1438 praecepto
1609 1367 1805 1437 produ-

211 1461 325 1515 xit?
351 1461 591 1530 ldipsum
619 1470 675 1516 et
702 1462 769 1516 de
826 1469 964 1516 terra
1016 1471 1191 1516 tecum
1236 1460 1515 1516 considera
1545 1477 1560 1515 :
1590 1460 1805 1531 quando

210 1553 412 1609 videris
438 1570 559 1609 eam
586 1553 805 1609 ﬂoribus
822 1555 1022 1613 ornari.
1054 1554 1192 1608 sicut
1217 1554 1592 1608 vestimentum
1622 1550 1801 1606 multis

211 1645 487 1699 coloribus
514 1644 845 1709 distinctum,
869 1646 1012 1698 varia
1039 1644 1323 1699 herbarum
1365 1652 1544 1713 segete
1573 1643 1805 1713 undique

213 1736 319 1804 tegi
349 1752 363 1787 :
400 1752 468 1791 ne
486 1736 663 1790 virtuti
679 1746 833 1791 terra:
850 1735 1120 1790 adscribas
1132 1751 1192 1790 ca
1209 1751 1325 1805 qurc
1349 1750 1413 1789 ex
1432 1736 1542 1805 ipsa
1573 1749 1807 1789 nascun-

214 1840 319 1893 tur,
350 1844 529 1898 neque
549 1829 680 1883 solis
703 1829 783 1884 vel
814 1830 951 1884 lunae
972 1828 1369 1896 cooperationi;
1403 1828 1495 1882 sed
1520 1827 1688 1896 probe
1709 1841 1804 1880 co-

210 1922 316 1989 gita
349 1922 517 1975 Deum
546 1932 670 1975 ante
700 1921 908 1976 illorum
935 1922 1258 1975 creationem
1282 1921 1479 1975 dixisse
1507 1921 1803 1987 dumtaxat,

214 2012 482 2067 I’roducat
511 2024 644 2067 terra
670 2014 873 2067 herbam
895 2014 1037 2080 faciti,
1068 2024 1121 2067 et
1150 2029 1273 2067 mox
1302 2028 1515 2067 omnem
1548 2022 1705 2067 teme
1731 2014 1807 2067 fa-

211 2109 351 2163 ciem
372 2118 616 2161 ornatam
632 2107 813 2161 fuisse.
836 2106 889 2161 Si
910 2107 1023 2161 haec
1052 2107 1270 2175 singulis
1299 2107 1487 2161 diebus
1530 2107 1806 2161 nobiscum

211 2216 519 2267 versemus,
535 2200 632 2269 ipsi
648 2200 784 2270 grati
799 2204 1021 2265 erimus,
1042 2208 1094 2253 et
1114 2198 1336 2253 Domino
1348 2199 1592 2267 utdecet,
1612 2200 1721 2254 imo
1751 2210 1809 2254 ut

212 2303 418 2348 nostra:
434 2294 579 2347 vires
595 2293 790 2357 ferunt,
821 2292 1040 2360 gloriam
1068 2290 1332 2346 dabimus.
1368 2290 1601 2345 Gloriam
1628 2298 1806 2345 autem

211 2388 314 2456 ipsi
334 2388 653 2451 tribuemus,
675 2401 778 2441 non
796 2401 890 2454 per
907 2385 1007 2439 hoc
1019 2387 1212 2450 solum,
1249 2385 1341 2439 sed
1369 2393 1424 2443 et
1445 2399 1537 2455 per
1554 2384 1807 2454 optimam

210 2480 407 2541 vitam,
432 2479 476 2531 si
502 2478 672 2532 nonin
699 2478 883 2532 eadem
911 2485 1124 2547 peccata
1143 2476 1461 2540 recidamus,
1485 2477 1574 2531 sed
1596 2477 1806 2546 longum

214 2573 335 2625 vale
360 2572 604 2625 dicentes
630 2568 909 2623 diabolicis
939 2569 1290 2633 illusionibus,
1323 2570 1559 2639 diligenti
1591 2571 1809 2638 posthac

217 2663 550 2727 attentione,
584 2663 858 2731 multoque
887 2662 1087 2727 studio,
1121 2672 1173 2716 et
1195 2662 1440 2716 continua
1473 2662 1809 2716 confessione

216 2771 513 2826 supernam
541 2755 970 2809 benevolentiam
1000 2756 1154 2809 nobis
1178 2755 1547 2809 conciliemus.
1605 2755 1812 2809 Sullicit

216 2865 365 2902 cu-m
397 2848 471 2900 illi
504 2848 572 2900 ob
602 2862 847 2916 magnam
879 2862 1029 2901 suam
1075 2846 1520 2912 misericordiam,
1558 2858 1614 2899 Ill.
1657 2846 1807 2900 desi-

216 2950 429 2994 stemus
453 2954 483 2991 a
509 2940 759 3007 peccatis.
790 2939 844 2995 Si
873 2941 1014 2993 enim
1044 2941 1145 2994 hoc
1174 2940 1539 3005 statuerimus,
1570 2939 1720 2994 facile
1758 2948 1813 2993 et

220 3033 285 3082 ad
322 3033 585 3084 honorum
625 3046 849 3099 operum
876 3032 1140 3085 actionem
1186 3030 1542 3099 impellemur.
1573 3030 1649 3085 Ne
1670 3032 1809 3101 quis,

219 3126 475 3189 obsecro,
510 3124 730 3192 posthac
753 3125 802 3177 in
832 3124 1161 3178 circensibus
1214 3123 1350 3178 ludis
1398 3134 1687 3193 appareat,
1748 3142 1815 3180 ne

220 3216 344 3285 quis
373 3216 426 3268 in
448 3215 835 3270 conventiculis
860 3215 1249 3284 intempestivis
1292 3214 1395 3271 diei
1438 3226 1639 3284 partem
1680 3217 1815 3272 dila-

224 3308 410 3376 pidet;
440 3323 506 3361 ne
526 3308 644 3376 quis
674 3307 901 3361 talorum
929 3306 1078 3371 ludo,
1112 3316 1166 3361 et
1190 3308 1409 3361 clamori
1438 3308 1527 3378 qui
1556 3308 1678 3363 inde
1707 3310 1815 3363 ori-

222 3410 311 3451 tur
338 3412 406 3453 ac
424 3399 643 3468 reliquae
672 3398 923 3466 perniciei
954 3400 1175 3468 posthac
1226 3413 1285 3453 se
1331 3399 1640 3454 admisceat.
1686 3400 1816 3468 Quae

222 3491 373 3543 enim
408 3490 610 3542 utilitas
634 3489 843 3557 jejunii,
874 3490 982 3555 die,
1006 3490 1230 3545 obsecro
1256 3533 1270 3556 ,
1320 3492 1363 3545 si
1397 3500 1507 3545 toto
1553 3491 1639 3546 die
1683 3492 1816 3546 nihil

220 3581 492 3646 comedis,
520 3581 660 3635 ludis
688 3591 865 3635 autem
893 3583 1133 3648 tesseris,
1162 3584 1465 3654 etnugaris,
1494 3598 1636 3653 smpe
1655 3585 1814 3639 etiam

224 3674 442 3742 pejeras
472 3682 525 3727 et
547 3672 909 3743 blasphemas,
939 3683 994 3729 et
1023 3675 1095 3729 ita
1142 3684 1313 3731 totum
1361 3676 1583 3731 iusumis
1625 3676 1765 3732 diem
1794 3678 1823 3747 ’ἓν

220 3764 324 3829 Ne,
354 3764 609 3832 obsecro,
641 3781 710 3820 ne
740 3766 809 3819 ita
841 3767 1171 3837 negligentes
1200 3767 1369 3822 simus
1397 3768 1449 3821 in
1472 3767 1819 3839 nostraipso-

222 3874 347 3911 rum
380 3858 583 3923 salute;
619 3856 747 3930 quin
779 3861 957 3930 potius
980 3875 1159 3916 sermo
1196 3848 1381 3916 noster
1432 3863 1502 3915 sit
1549 3861 1618 3917 de
1657 3864 1818 3931 spiri-

222 3950 491 4016 tualibus,
521 3959 575 4005 et
599 3950 791 4007 librum
824 3952 1064 4007 divinum
1092 3953 1323 4023 accipiat
1350 3954 1542 4023 aliquis
1573 3954 1625 4008 in
1649 3955 1821 4009 mani-

224 4042 353 4107 bus,
377 4042 795 4114 convocatisqile
831 4045 1110 4114 proximis,
1138 4060 1233 4115 per
1256 4045 1432 4100 divina
1475 4046 1689 4117 eloquia
1744 4048 1821 4101 ri-

224 4146 319 4203 get
338 4142 397 4187 et
413 4148 566 4188 suam
596 4142 650 4189 et
672 4136 1014 4204 praesentium
1046 4144 1279 4192 mentem
1306 4154 1319 4191 :
1344 4148 1399 4192 ut
1427 4137 1504 4192 sic
1532 4138 1822 4194 diabolicas

231 4228 465 4281 insidias
495 4228 733 4298 effugere
761 4230 1051 4297 valeamus,
1083 4246 1304 4301 magnos
1329 4234 1607 4302 percipere
1633 4232 1820 4302 jejunii

224 4320 463 4388 fructus,
484 4331 539 4376 et
566 4322 665 4377 frui
692 4322 1019 4394 benignitate
1040 4324 1155 4388 Dei,
1186 4325 1356 4394 gratia
1380 4334 1433 4379 et
1464 4327 1821 4381 miserationi-

228 4416 330 4469 bus
357 4415 619 4485 unigeniti
649 4416 767 4471 Filii
791 4417 926 4487 ejus.
979 4434 1099 4473 cum
1144 4434 1253 4487 quo
1308 4418 1450 4473 Patri
1501 4428 1555 4474 et
1601 4419 1821 4490 Spiritui

227 4519 421 4562 sancto
441 4510 513 4562 sit
538 4509 725 4578 gloria,
752 4510 1055 4579 imperium,
1075 4511 1265 4575 honor,
1294 4526 1435 4567 nunc
1462 4520 1519 4568 et
1568 4526 1782 4584 semper
1804 4556 1820 4583 ,

229 4611 281 4654 et
314 4602 367 4654 in
402 4602 597 4655 satcula
623 4603 963 4657 saeculorum.
990 4605 1183 4659 Amen.

822 4716 1097 4773 HOMILIA
1124 4718 1234 4774 VII.

233 4807 291 4859 Et
324 4807 463 4861 dixit
485 4807 625 4863 Deus
652 4830 664 4864 :
698 4806 933 4863 Educant
957 4827 1101 4879 aqum
1125 4812 1325 4883 replilia
1350 4815 1633 4870 animarum
1655 4817 1823 4871 viven-

304 4903 453 4963 tium,
483 4910 530 4952 ει
558 4902 783 4953 volatilia
804 4901 1024 4955 volantia
1048 4920 1200 4971 super
1224 4914 1409 4959 terram
1437 4908 1710 4961 secundum
1738 4910 1828 4977 fir—

306 5000 617 5043 mamentum
644 4992 776 5057 cwli,
805 5002 851 5045 et
877 4993 1068 5062 factum
1098 5007 1168 5049 est
1195 4996 1303 5067 εἰς(
1331 4996 1457 5052 Cen.
1506 5000 1557 5053 1.
1589 4998 1702 5072 ΞΟ).
1756 5000 1826 5054 Et

308 5082 427 5149 fecit
455 5079 591 5133 Deus
616 5089 720 5135 cete
742 5099 946 5153 magna,
983 5094 1029 5138 et
1058 5102 1254 5139 omnem
1272 5089 1491 5142 animant
1528 5089 1827 5144 animalium

306 5174 589 5243 reptilium,
636 5191 751 5243 quae
798 5176 1143 5246 produxerunt
1172 5195 1316 5248 aqua!
1342 5182 1613 5236 secundum
1644 5199 1826 5255 genera

305 5282 398 5318 sua
424 5263 442 5334 (
470 5262 610 5317 Ibid.
641 5264 705 5318 ει
742 5264 784 5337 ).

310 5398 360 5450 1.
386 5397 531 5450 Dicta
552 5398 604 5451 in
632 5399 934 5467 prlecedenti
954 5399 1177 5456 Homilia
1194 5404 1388 5475 utitigat
1410 5422 1430 5471 ;
1453 5418 1627 5462 avocat
1652 5426 1683 5462 a
1699 5411 1833 5466 ludis

232 5492 584 5545 Circensibus.
615 5520 688 5531 -—
713 5491 836 5549 Heri
861 5508 955 5548 eos
982 5495 1071 5564 qui
1099 5495 1165 5550 ad
1192 5500 1455 5567 equestris
1486 5500 1595 5557 ludi
1624 5513 1832 5572 specta-

233 5586 414 5635 culum
438 5583 704 5645 abierant,
738 5585 867 5638 satis
897 5586 1326 5653 perstrinximus,
1355 5590 1717 5650 demonstrata
1750 5612 1830 5653 ets

232 5675 461 5748 jacuira:
516 5692 677 5749 quam
722 5676 963 5736 fecerunt
1008 5682 1414 5753 magnitudine:
1448 5703 1637 5761 nempe
1690 5694 1830 5764 quod

1360 237 1427 295 IN
1464 238 1620 295 CAP.
1650 235 1691 291 1.
1733 231 1981 291 GENES.
2025 234 2248 293 HOMIL.
2299 237 2412 294 VII.

3425 248 3495 305 69

1912 349 2242 417 spiritualem
2269 352 2577 409 thesaurum
2604 367 2666 409 ex
2690 356 2894 426 jejunio
2925 359 3205 415 collectum
3229 363 3387 419 simul
3416 367 3497 422 el-

1911 440 2164 505 fuderint,
2193 453 2246 500 et
2270 461 2335 500 ex
2377 462 2565 517 magna
2594 448 2916 504 abundantia
2949 452 3001 506 in
3029 462 3328 511 extremam
3379 458 3499 513 ino-

1912 532 2050 601 piam
2073 535 2248 589 subito
2295 538 2500 607 seipsos
2544 540 2901 608 conjeccrint.
2949 546 3080 613 Age,
3117 545 3318 603 leuiore
3343 547 3503 605 hodie

1912 633 2122 678 utamur
2140 627 2399 694 remedio,
2429 637 2483 683 et
2506 629 2717 685 illorum
2750 634 3039 702 spiritualia
3074 638 3315 707 vulnera,
3347 646 3498 712 quasi

1911 716 2151 770 membra
2176 728 2353 773 nostra
2385 732 2586 785 essent,
2612 724 2906 789 obligemus
2933 741 2947 780 :
2980 733 3102 797 quia
3130 742 3184 785 et
3207 731 3317 786 heri
3344 748 3499 803 aspe-

1912 807 2052 860 riora
2081 808 2433 865 medicamina
2468 811 2841 882 imposuimus,
2868 832 2972 871 non
3007 829 3060 872 ut
3085 836 3299 890 quoquo
3339 824 3499 878 modo

1914 901 2222 956 maestitiam
2252 901 2592 970 inferremus,
2621 921 2685 961 ac
2711 907 2949 962 dolorem
3000 925 3315 981 augeremus
3337 957 3351 981 ,
3408 917 3500 971 sed

1913 999 1969 1043 ut
1996 990 2330 1046 vehementia
2365 994 2456 1048 illa
2487 995 2637 1050 ulcus
2682 997 2854 1066 ipsum
2885 1002 3145 1070 attingere
3195 1019 3499 1072 possemus.

1915 1080 2124 1136 Etenim
2149 1084 2361 1148 medici,
2392 1094 2447 1140 et
2490 1096 2667 1155 patres
2710 1089 2789 1143 sic
2833 1091 3008 1146 facere
3056 1107 3449 1153 consueverunt
3483 1117 3498 1152 :

1911 1177 2105 1231 medici
2130 1178 2274 1232 enim
2318 1181 2547 1249 primum
2593 1196 2873 1253 apponunt
2917 1189 3295 1257 cataplasmata
3336 1195 3504 1263 magis

1912 1264 2169 1332 efficacia,
2220 1279 2274 1324 et
2300 1270 2420 1325 dein
2449 1281 2604 1343 rupto
2627 1275 2806 1331 ulcere
2832 1276 3034 1333 leniora
3061 1280 3345 1337 admovent
3370 1302 3383 1339 ;
3408 1301 3506 1355 pa-

1915 1364 2023 1411 tres
2054 1374 2263 1430 quoque
2288 1377 2407 1417 cum
2440 1364 2665 1420 viderint
2694 1366 2830 1423 filios
2851 1384 2977 1424 suos
2996 1371 3362 1442 incompositis
3384 1393 3502 1431 mo-

1914 1449 2082 1516 ribus,
2118 1452 2266 1521 prius
2306 1455 2539 1524 graviter
2588 1459 2903 1515 verberibus
2946 1464 3257 1534 corripiunt,
3291 1478 3344 1523 et
3380 1470 3503 1525 dein

1916 1541 2205 1598 admonent
2228 1554 2282 1599 et
2304 1546 2603 1604 hortantur.
2629 1550 2741 1606 Hoc
2768 1554 2927 1608 modo
2982 1565 3037 1610 et
3093 1574 3211 1625 nos,
3262 1564 3505 1630 quamvis

1918 1632 2033 1690 heri
2064 1637 2453 1695 vehementiori
2477 1658 2725 1700 sermone
2756 1648 2832 1701 usi
2855 1647 3126 1718 fuerimus,
3150 1651 3309 1709 hodie
3328 1663 3507 1713 tamen

1915 1725 2164 1784 blandius
2195 1731 2348 1787 vobis
2371 1733 2710 1804 loquemur‘,
2769 1747 2824 1793 et
2864 1741 3002 1795 sicut
3051 1755 3229 1799 nostra
3261 1747 3503 1803 membra

1914 1821 2241 1877 curabimus.
2263 1823 2395 1878 Nam
2416 1835 2471 1880 ut
2494 1828 2761 1896 profectus
2776 1842 2952 1885 vester
2972 1834 3231 1902 majorem
3255 1836 3505 1907 loquendi

1916 1913 2162 1969 ﬁduciam
2186 1916 2340 1971 nobis
2365 1919 2635 1988 conciliat,
2684 1931 2737 1975 et
2763 1925 3054 1992 spiritualis
3086 1940 3267 1983 noster
3289 1930 3505 1985 thesau-

1916 2021 2007 2061 rus
2035 2016 2136 2074 cst,
2156 2009 2198 2061 si
2232 2024 2326 2063 vos
2352 2025 2635 2067 cernamus
2664 2015 2713 2068 in
2758 2018 3123 2085 spiritualibus
3179 2022 3507 2079 incrementa

1915 2112 2130 2166 capere,
2156 2106 2210 2153 et
2234 2101 2515 2156 virtutibus
2570 2119 2690 2159 esse
2746 2110 3087 2178 conspicuos,
3130 2122 3288 2182 atque
3330 2114 3397 2168 ab
3444 2117 3507 2169 iis

1917 2204 2038 2258 qua:
2070 2206 2264 2246 nocere
2295 2194 2495 2261 valent,
2525 2197 2675 2251 vobis
2718 2213 2944 2255 cavere:
2976 2202 3053 2256 sic
3097 2205 3310 2273 quando
3356 2206 3508 2261 vide-

1919 2297 2037 2335 ntus
2065 2297 2158 2337 vos
2179 2284 2533 2355 supplantari,
2563 2296 2617 2343 et
2642 2287 2921 2347 diabolicis
2952 2294 3286 2352 illusionibus
3314 2299 3499 2355 seduci

1919 2381 1973 2424 et
1998 2372 2212 2441 subjici,
2235 2377 2487 2430 maestitia
2514 2378 2818 2449 implemur,
2836 2392 2889 2437 et
2905 2385 3075 2453 pudor
3103 2388 3337 2457 quidam,
3362 2394 3511 2448 utsic

1926 2461 2120 2528 dicam,
2172 2466 2404 2521 animam
2444 2481 2681 2525 nostram
2732 2486 2978 2545 occupat.
3032 2478 3163 2533 Nam
3216 2484 3509 2539 secundum

1920 2555 2132 2610 beatum
2156 2557 2401 2623 Paulum,
2431 2561 2573 2616 Tunc
2602 2581 2693 2618 nos
2722 2566 2950 2636 eiulatus,
2978 2570 3022 2624 si
3042 2587 3126 2626 vos
3149 2574 3292 2627 statis
3317 2575 3369 2629 in
3403 2576 3511 2631 Do-

1920 2648 2057 2699 mino
2087 2647 2174 2719 (1.
2207 2648 2382 2704 Thess.
2417 2653 2468 2707 '5.
2495 2651 2581 2726 8).

1995 2737 2157 2807 Igitur
2182 2748 2237 2793 ut
2265 2740 2504 2810 perfecti,
2532 2755 2585 2799 et
2616 2746 2803 2816 repleti
2832 2749 3104 2806 intellectu
3130 2795 3145 2817 ,
3198 2754 3274 2809 sic
3318 2770 3505 2812 eorum

1922 2843 2039 2895 quae
2065 2838 2208 2883 retro
2234 2841 2358 2885 sunt
2387 2833 2799 2905 obliviscamini,
2839 2850 2893 2894 ut
2919 2842 2983 2894 ad
3012 2858 3071 2897 ea
3101 2860 3219 2912 qua:
3249 2848 3373 2901 ante
3415 2865 3511 2902 vos

1923 2926 2046 2971 Sunt
2072 2921 2343 2975 enitamini
2368 2941 2381 2977 :
2421 2932 2475 2977 et
2501 2923 2699 2980 foedera
2727 2944 2845 2999 qua:
2869 2945 2988 2985 cum
3015 2914 3225 2989 Christo
3270 2938 3461 2994 iniistis
3494 2983 3510 3006 ,

1925 3021 2197 3077 renovata,
2222 3013 2435 3068 stabilia
2463 3027 2516 3071 et
2548 3019 2797 3074 inviolata
2830 3024 3050 3090 posthac
3098 3030 3365 3085 custodite
3400 3048 3414 3084 :
3445 3048 3508 3087 ac

1929 3102 2217 3168 prudenter
2235 3105 2527 3161 intercluso
2545 3108 2822 3166 diabolicis
2843 3116 3322 3175 machinatimiibus
3341 3124 3511 3189 aditu,

1925 3192 2283 3263 subquueute
2305 3199 2480 3252 studio
2513 3201 2823 3270 inscriptam
2856 3206 3007 3260 vobis
3062 3208 3280 3264 dcszdi;e
3328 3230 3512 3269 macu-

1928 3282 2031 3336 lam
2062 3286 2373 3357 abstergite,
2404 3290 3000 3365 devictaiutcmpestiva
3030 3299 3115 3353 illa
3138 3312 3188 3354 et
3214 3305 3522 3370 perniciosa

1926 3380 2314 3435 consuetudine
2345 3398 2358 3432 :
2387 3390 2442 3437 et
2468 3386 2717 3453 cogitate,
2747 3402 2853 3441 non
2880 3388 2981 3443 hoc
2998 3392 3167 3445 solum
3190 3409 3351 3462 grave
3369 3412 3511 3464 esse,

1927 3470 2065 3538 quod
2093 3471 2179 3539 qui
2208 3471 2299 3525 illo
2320 3474 2595 3530 conﬂuunt
2627 3517 2642 3542 ,
2684 3493 2933 3549 magnum
2960 3483 3057 3536 sibi
3091 3483 3341 3540 damnum
3368 3491 3511 3543 asci-

1932 3571 2106 3628 scant,
2126 3562 2221 3617 sed
2243 3573 2297 3618 et
2314 3566 2455 3635 quod
2476 3568 2656 3621 multis
2677 3570 2794 3624 aliis
2814 3572 3133 3630 oll'cndiculo
3155 3578 3282 3632 sint.
3302 3580 3509 3650 Quippe

1928 3654 2156 3722 gentiles
2181 3663 2237 3709 et
2257 3655 2429 3711 Judzei
2452 3658 2691 3714 videntes
2717 3676 2810 3716 eos
2832 3665 2921 3732 qui
2945 3666 3181 3733 quotidie
3209 3669 3261 3723 in
3284 3672 3511 3727 ecclesia

1930 3755 2233 3815 versantur,
2263 3758 2319 3804 et
2358 3748 2625 3821 frequenti
2670 3753 2915 3809 doctrina
2971 3757 3301 3828 imbuuntur,
3354 3766 3513 3820 simul

1930 3840 2001 3894 ibi
2032 3856 2362 3910 comparere,
2393 3854 2447 3899 et
2474 3846 2573 3899 sibi
2596 3850 2962 3915 commisceri,
2990 3859 3257 3923 quomodo
3297 3875 3382 3914 res
3414 3878 3512 3915 n0-

1929 3942 2067 3987 stras
2083 3950 2181 4003 pro
2205 3934 2605 4007 deceptionibus
2630 3956 2737 3995 non
2768 3941 3056 4012 habebunt,
3076 3956 3131 4003 et
3158 3965 3262 4005 non
3287 3952 3424 4006 idem
3448 3955 3514 4009 de

1932 4026 2178 4081 omnibus
2207 4028 2361 4083 nobis
2386 4030 2835 4099 suspicabuntur?
2864 4037 3055 4092 Annon
3094 4041 3246 4095 audis
3302 4044 3512 4103 beatum

1932 4116 2151 4172 Paulum
2194 4120 2590 4189 admonentem,
2636 4135 2691 4179 et
2735 4129 3102 4184 consulentem
3154 4135 3293 4190 clara
3345 4154 3512 4195 voce:

1933 4212 2442 4282 Absqueo/fendiculo
2467 4219 2656 4290 estote(
2678 4220 2730 4275 1.
2756 4220 2873 4274 Cor.
2897 4224 2981 4277 10.
3006 4226 3076 4279 52
3102 4225 3162 4298 )?
3195 4228 3413 4297 Deinde,
3448 4250 3515 4288 ne

1934 4314 2087 4372 putes
2133 4302 2203 4360 de
2243 4308 2442 4361 nostris
2472 4316 2676 4363 tantum
2700 4310 3008 4381 admonere,
3033 4316 3204 4386 deque
3236 4319 3298 4373 iis
3324 4322 3415 4391 qui
3463 4324 3515 4377 in

1934 4394 2121 4448 eodem
2153 4395 2342 4451 ordine
2362 4398 2518 4466 positi
2555 4411 2698 4466 sunt,
2751 4402 2986 4458 subdidit
3016 4424 3029 4459 :
3058 4406 3127 4461 Et
3175 4408 3374 4465 Judwis
3396 4455 3410 4479 ,
3472 4428 3519 4468 et

1934 4486 2198 4556 gentibus;
2224 4497 2279 4541 et
2309 4489 2520 4544 tandem
2545 4491 2774 4560 adjecit:
2808 4493 2873 4548 Et
2920 4495 3161 4552 Ecclesiae
3208 4499 3319 4555 Dei.
3375 4503 3520 4561 Nihil

1936 4578 2077 4632 enim
2107 4578 2175 4632 ita
2201 4578 2357 4634 obest
2384 4591 2438 4635 et
2467 4591 2623 4636 nocet
2650 4585 2889 4654 religioni
2923 4598 3141 4657 nostrae,
3200 4602 3255 4646 ut
3293 4594 3523 4651 oll‘eudi—

1936 4671 2040 4725 culi
2064 4686 2249 4727 ansam
2278 4675 2861 4743 prmbereiuﬁdelibus.
2910 4679 3040 4735 Nam
3081 4686 3293 4753 quando
3341 4689 3523 4743 vident

1938 4763 2145 4832 aliquos
2186 4779 2218 4820 e
2246 4766 2445 4820 nostris
2466 4766 2657 4822 virtute
2677 4772 3011 4840 CODSplCUOS,
3044 4773 3201 4844 hujus
3225 4781 3342 4833 vita:
3370 4796 3523 4849 nego.

1938 4854 2009 4907 tia
2031 4863 2085 4908 et
2109 4871 2310 4911 curase
2331 4857 2543 4912 sublimi
2571 4871 2957 4931 contemnere,
3005 4882 3069 4920 ex
3124 4869 3188 4923 iis
3232 4871 3319 4924 alii
3372 4876 3521 4937 quasi

1942 4950 2194 5016 przefoca:
2211 4959 2316 5017 tur,
2365 4951 2452 5006 alii
2476 4953 2807 5011 admirantur
2836 4967 2890 5012 et
2927 4959 3336 5030 obstupescunt,
3382 4969 3523 5034 quod

1941 5056 2060 5095 cum
2100 5042 2339 5111 ejusdem
2367 5055 2527 5115 atque
2564 5049 2637 5103 illi
2669 5060 2871 5106 natura:
2918 5053 3044 5116 sint,
3078 5070 3180 5108 non
3212 5057 3397 5112 eadem
3442 5070 3524 5115 ta-

1941 5147 2063 5185 men
2096 5134 2192 5202 ipsi
2209 5136 2606 5206 aggrediantur.
2631 5139 2828 5194 Verum
2861 5143 3073 5211 quando
3102 5147 3183 5200 vel
3212 5147 3517 5218 aliquantu-

1943 5224 2049 5278 lum
2078 5227 2294 5282 desidiae
2333 5238 2387 5283 et
2436 5232 2769 5302 negligentia:
2796 5235 3010 5304 vident,
3069 5242 3245 5293 statim
3294 5243 3526 5314 linguam

1943 5329 2209 5374 exacuunt
2235 5322 2390 5376 simul
2419 5335 2602 5378 contra
2633 5339 2732 5379 nos
2756 5341 2964 5397 omnes,
3020 5342 3071 5385 et
3102 5348 3165 5387 cx
3223 5336 3380 5391 unius
3431 5340 3527 5393 de-

1948 5412 2072 5466 licto
2106 5422 2268 5467 totam
2299 5415 2724 5474 Christianorum
2753 5430 2966 5491 gentem
3010 5427 3296 5483 testimant.
3344 5430 3526 5505 Neque

1946 5502 2032 5557 hic
2060 5503 2282 5573 gradum
2306 5506 2520 5577 sistunt,
2544 5508 2637 5564 sed
2665 5512 2845 5567 Statim
2878 5513 3136 5573 adversus
3164 5532 3324 5591 caput
3369 5502 3523 5580 suum

2010 5645 2025 5677 ι
2063 5651 2178 5707 Reg.
2205 5657 2331 5694 unus
2346 5653 2423 5723 et!
2439 5646 2653 5723 .Coislinq
2681 5650 2948 5719 loquamur,
2972 5671 3076 5722 pro,
3116 5660 3363 5723 loquemur
3387 5679 3403 5721 ε
3444 5679 3527 5717 cu-

1945 5721 2120 5771 remus,
2149 5723 2255 5772 pro,
2277 5706 2569 5761 curabimus.
2646 5706 2651 5711 ’
2740 5706 2748 5717 ’
2831 5730 2835 5733 ·
