3784 6264
283 215 353 273 εδ
1023 220 1078 272 S.
1107 219 1385 277 JOANNIS
1409 216 1878 274 CllBVSOSTOAil
1914 218 2232 275 ARCHIEP.
2260 221 2787 285 CONSTANTINOP.
3491 232 3558 286 68

284 328 577 400 loquentes,
607 330 677 385 ob
698 346 972 386 servorum
1006 331 1264 386 desidiam
1305 332 1465 386 etiam
1516 344 1856 385 communem

283 420 563 477 Dominum
588 423 957 492 blaSphetnare
987 424 1205 487 audent,
1257 432 1310 476 et
1338 429 1523 491 putant
1569 422 1861 477 velamenta

279 527 520 568 errorum
544 530 760 570 suorum
788 532 907 571 esse
929 517 1155 570 aliorum
1182 516 1449 569 inertiam.

355 606 413 663 2.
445 608 597 675 Quod
620 619 794 663 autem
830 609 931 662 hoc
953 610 1182 663 maxime
1211 609 1563 677 periculosum
1592 606 1658 661 sit
1686 607 1750 661 iis
1772 606 1860 677 qui

282 697 627 767 hlaSphemitc
647 699 980 754 occasionem
1011 700 1265 768 prtebent,
1295 699 1572 753 audiamus
1629 698 1863 767 prophe-

278 799 385 845 tam
426 790 764 855 clamantem,
825 800 877 845 et
919 806 988 845 ex
1041 805 1265 859 persona
1298 790 1390 845 Dei
1421 788 1683 844 dicentem
1716 805 1730 842 :
1777 787 1863 842 Va:

277 883 433 949 vobis,
456 883 575 953 quia
604 892 808 953 propter
834 898 919 937 vos
949 899 1129 935 nomen
1175 898 1339 935 meum
1384 880 1759 949 blasphematur
1808 880 1860 932 in

278 973 506 1043 gentibus
532 973 667 1045 (lsai
687 1014 699 1027 .
724 974 813 1028 52.
842 974 875 1028 5
903 972 944 1041 ).
973 972 1233 1029 Terribile
1263 972 1363 1027 hoc
1391 974 1610 1026 verbum
1638 981 1717 1026 est
1741 1013 1757 1036 ,
1807 979 1862 1024 et

281 1065 506 1118 horrore
538 1064 774 1133 plenum.
814 1062 902 1117 Vae
931 1064 1070 1117 enim
1097 1062 1222 1117 illud
1250 1073 1330 1117 est
1359 1063 1506 1132 quasi
1534 1061 1860 1131 deplorantis

281 1171 398 1221 eos,
422 1156 510 1226 qui
538 1156 855 1225 supplicium
905 1154 1035 1210 illud
1082 1153 1389 1209 inevitabile
1429 1153 1654 1209 subituri
1712 1161 1858 1206 sunt.

281 1250 447 1304 Porro
469 1249 606 1303 sicut
629 1264 722 1303 eos
749 1249 837 1319 qui
885 1264 979 1318 per
1019 1264 1169 1303 suam
1220 1248 1596 1317 negligentiam
1643 1260 1859 1325 causam

278 1341 382 1395 illis
411 1332 651 1411 prtebent
680 1339 1079 1409 blaSphemandi
1130 1338 1318 1408 ingens
1364 1354 1516 1407 ptena
1572 1346 1750 1391 manet
1798 1350 1861 1389 ac

279 1430 693 1486 condemnatio:
726 1431 796 1484 ita
826 1430 1091 1484 ediverso
1127 1436 1381 1482 virtutum
1422 1428 1671 1482 studiosis
1714 1427 1859 1481 mille

285 1539 603 1579 coronarum
621 1525 838 1578 materia
861 1534 1097 1594 paratur.
1126 1521 1266 1577 istud
1289 1522 1460 1590 ipSum
1483 1520 1681 1575 docens
1700 1518 1858 1573 Chri-

274 1626 409 1679 stus,
441 1614 690 1670 dicebat:
724 1614 909 1669 Lureat
932 1615 1022 1668 lux
1039 1623 1201 1669 vestra
1241 1630 1412 1667 coram
1465 1611 1767 1675 hominibus,
1803 1620 1857 1663 ut

276 1706 475 1759 videant
504 1722 658 1774 opera
687 1716 849 1759 vestra
875 1705 1020 1771 bona,
1046 1712 1090 1759 et
1118 1705 1404 1775 gloriﬁcent
1428 1702 1632 1757 Patrem
1644 1712 1860 1758 vestrum

274 1800 357 1867 qui
409 1798 460 1851 in
491 1798 625 1851 ca'lis
653 1807 722 1852 est
754 1796 965 1866 (Matth.
997 1798 1048 1852 5.
1085 1796 1151 1853 16
1179 1797 1220 1867 ).
1248 1795 1380 1850 Nam
1411 1794 1856 1865 quemadmodum

276 1889 348 1943 iiii
372 1890 667 1958 aliquorum
702 1889 886 1943 inertia
919 1888 1127 1954 olfeusi,
1160 1888 1392 1957 linguam
1424 1895 1621 1941 acuunt
1668 1897 1857 1942 contra

276 1980 552 2034 Dominum
579 1988 817 2034 nostrum
846 1995 859 2031 :
892 1979 990 2044 sic,
1022 1980 1209 2050 inquit,
1238 1979 1283 2034 si
1311 1981 1561 2034 virtutem
1602 1993 1859 2036 exercue-

270 2072 405 2137 ritis,
438 2071 526 2141 qui
562 2071 791 2125 viderint
817 2086 911 2127 vos
936 2071 1197 2136 homines,
1231 2086 1336 2128 non
1370 2086 1462 2128 vos
1488 2078 1693 2131 tantum
1740 2074 1855 2127 lau-

275 2162 497 2228 dabunt,
527 2161 619 2216 sed
649 2176 769 2215 cum
812 2165 1190 2235 conspexerint
1212 2181 1373 2234 opera
1400 2173 1573 2220 vestra
1604 2164 1853 2229 lucentia,

270 2262 323 2306 et
356 2253 518 2311 facies
548 2263 750 2311 vestras
781 2254 1132 2321 illustrantia,
1186 2256 1252 2310 ad
1302 2257 1473 2327 gloria
1518 2256 1854 2311 afﬁciendum

274 2344 487 2401 Patrem
510 2358 745 2401 vestrum
779 2348 866 2417 qui
892 2348 945 2400 in
967 2348 1112 2403 cadis
1133 2359 1234 2412 eSt,
1265 2357 1648 2417 prorumpent;
1700 2362 1852 2402 cum-

270 2453 372 2509 qnc
405 2437 505 2492 hoc
531 2439 598 2492 ab
629 2439 731 2493 illis
763 2438 871 2502 fiet,
897 2454 1108 2494 rursum
1132 2447 1313 2492 nostra
1338 2438 1554 2508 prtemia
1580 2438 1847 2509 augebun-

270 2541 376 2594 tnr,
400 2541 452 2585 et
480 2532 644 2585 multa
678 2531 831 2585 nobis
855 2531 989 2585 bona
1013 2530 1274 2586 concedet
1303 2531 1442 2586 Deus
1466 2572 1482 2599 ,
1524 2545 1591 2586 eo
1617 2530 1758 2601 quod
1787 2530 1854 2584 ab

272 2620 378 2674 illis
406 2620 670 2675 laudetur.
722 2620 823 2674 Eos
852 2622 994 2675 enim
1035 2621 1119 2688 qui
1150 2638 1226 2674 me
1249 2622 1560 2692 gloriﬁcant,
1592 2623 1688 2689 ait,
1738 2622 1853 2693 glo-

267 2714 474 2785 riﬁcabo
501 2714 593 2785 (1.
629 2714 751 2785 Reg.
781 2714 834 2768 2.
867 2714 935 2769 50
966 2713 1004 2783 ).
1047 2712 1186 2767 Nihil
1219 2714 1377 2784 igitur
1431 2730 1538 2769 non
1585 2729 1805 2785 agamus
1832 2754 1850 2781 ,

265 2809 467 2876 dilecti,
502 2818 561 2863 ut
589 2809 920 2879 gloriﬁcetur
947 2808 1203 2863 Dominus
1232 2817 1433 2874 noster,
1458 2820 1511 2863 et
1536 2809 1851 2864 nullisimus

265 2900 566 2955 olfendiculi
600 2901 831 2955 occasio.
865 2900 917 2955 Id
944 2902 1083 2971 quod
1114 2912 1372 2972 perpetuo
1419 2917 1517 2957 nos
1552 2902 1713 2956 docet
1740 2900 1853 2956 ma-

272 2992 441 3061 gister
467 2991 611 3044 orbis
638 2992 824 3045 beatus
848 2991 1062 3056 Paulus,
1088 2992 1212 3046 dum
1243 2993 1319 3045 sic
1344 2994 1418 3045 ait
1446 3010 1459 3045 :
1493 2991 1553 3047 Si
1583 2992 1723 3046 cibus
1770 2995 1849 3063 of-

268 3082 431 3155 fendit
458 3086 665 3151 fratrem
708 3099 891 3147 meum,
943 3100 1216 3154 numquam
1263 3085 1315 3137 in
1360 3094 1603 3138 internum
1648 3099 1849 3136 carnem

261 3174 523 3227 comedam
553 3174 626 3244 (l.
657 3172 773 3228 Cor.
801 3174 856 3228 8.
889 3175 960 3231 15
990 3176 1029 3245 ).
1061 3176 1126 3230 Ει
1156 3176 1346 3231 iterum
1391 3176 1442 3229 in
1470 3176 1575 3228 alio
1598 3174 1716 3228 loco
1764 3174 1848 3229 in-

260 3266 411 3335 quit:
443 3263 533 3319 Sic
580 3276 744 3318 autem
794 3278 1058 3335 peccantes
1086 3267 1140 3319 in
1170 3271 1375 3337 fratres,
1426 3276 1472 3319 et
1519 3267 1847 3334 percutientes

260 3359 518 3429 inﬁrmam
541 3376 710 3413 eorum
732 3362 1105 3428 conscientiam,
1136 3362 1189 3415 in
1210 3360 1464 3416 Christum
1489 3363 1701 3431 peccatis
1721 3362 1740 3432 (
1762 3361 1844 3417 Ib.

260 3467 308 3505 v.
338 3452 403 3506 12
429 3452 472 3522 ).
493 3452 648 3507 Minae
676 3453 778 3508 illae
799 3453 1144 3509 vehementes
1169 3462 1312 3518 sunt,
1334 3462 1388 3509 et
1405 3468 1650 3523 magnam
1666 3468 1846 3508 secum

260 3544 763 3599 condemnationem
789 3544 1037 3600 alferunt.
1086 3544 1163 3599 Ne
1190 3545 1448 3613 opineris,
1514 3545 1719 3614 inquit,
1754 3545 1849 3600 da-

262 3650 446 3689 mnum
482 3635 581 3689 hoc
608 3637 672 3690 ad
704 3636 853 3689 illum
906 3638 992 3706 qui
1020 3635 1306 3691 oll‘enditur
1336 3636 1507 3691 solum
1541 3639 1843 3706 pertinere;

261 3726 449 3781 transit
474 3726 632 3780 etiam
663 3726 727 3780 ad
785 3727 1056 3781 Christum
1086 3728 1279 3797 ipsum,
1312 3728 1399 3799 qui
1432 3737 1649 3798 preptcr
1699 3729 1846 3783 illum

259 3816 543 3872 crucifixus
564 3827 664 3871 est.
702 3817 864 3886 Igitur
892 3819 933 3874 si
963 3819 1217 3873 Dominus
1255 3826 1376 3874 tuus
1431 3828 1647 3889 propter
1695 3820 1846 3874 illum

262 3909 500 3978 cruciﬁgi
535 3926 638 3963 non
672 3911 975 3975 recusavit;
1004 3926 1111 3964 non
1140 3922 1193 3965 tu
1221 3914 1400 3966 omnia
1428 3911 1571 3966 feres
1597 3927 1664 3966 ne
1689 3926 1846 3982 quam

262 3999 501 4053 sc.-ndali
532 4000 873 4054 occasionem
904 4001 979 4055 illi
1012 4001 1292 4069 praebeas?
1326 4004 1437 4057 lloc
1465 4003 1663 4072 ubique
1700 4003 1851 4059 inve-

259 4090 377 4144 nies
396 4089 540 4143 illmn
558 4089 831 4159 discipulis
849 4092 1128 4146 consilium
1146 4092 1272 4147 dare
1295 4114 1308 4148 :
1332 4094 1431 4148 hoc
1446 4095 1588 4148 enim
1609 4101 1692 4150 est
1706 4094 1846 4164 quod

259 4182 421 4236 vitam
444 4191 681 4237 nostram
699 4194 1001 4238 conservat.
1032 4185 1323 4255 Propterea
1346 4194 1399 4241 et
1430 4186 1560 4242 alibi
1606 4187 1848 4242 scribens

260 4273 491 4340 dicebat,
519 4272 600 4327 Ne
627 4291 741 4345 qua:
781 4286 944 4328 vestra
979 4286 1095 4331 sunt
1137 4278 1451 4333 considerate
1499 4278 1713 4348 singuli,
1760 4279 1848 4332 sed

258 4382 372 4435 qua:
391 4367 608 4420 aliorum
639 4366 872 4440 (Philip.
900 4367 955 4423 2.
981 4370 1009 4426 1
1043 4367 1088 4443 );
1108 4380 1161 4424 et
1191 4371 1380 4427 iterum
1409 4372 1515 4427 alio
1534 4373 1650 4428 loco
1678 4392 1689 4426 :
1726 4371 1849 4427 0m-

260 4457 347 4509 nia
375 4457 498 4509 mihi
524 4457 690 4523 licent,
724 4459 812 4512 sed
828 4476 928 4513 non
957 4462 1126 4514 omnia
1144 4462 1401 4531 ardiﬁcant
1445 4466 1461 4533 (
1488 4464 1535 4518 1.
1587 4463 1706 4518 Cor.
1757 4464 1844 4519 10.

256 4549 329 4604 25
357 4549 397 4619 ).
426 4549 587 4605 Vides
609 4551 955 4620 apostolicam
973 4555 1325 4625 sapientiam?
1379 4556 1603 4611 Etiamsi
1650 4557 1844 4621 liceat,

258 4643 451 4713 inquit,
480 4642 607 4697 mihi
633 4644 834 4713 aliquid
859 4643 1057 4709 facere,
1084 4646 1324 4717 nihilque
1349 4647 1473 4704 hinc
1514 4648 1643 4703 mihi
1666 4648 1844 4703 damni

257 4734 522 4789 accedat:
555 4733 651 4789 sed
682 4735 807 4804 quia
840 4736 942 4791 hoc
969 4752 1076 4792 non
1104 4738 1257 4808 juvat
1286 4739 1352 4795 ad
1398 4740 1626 4809 proximi
1683 4740 1850 4793 a-ilifi-

257 4824 547 4890 cationem,
579 4839 921 4895 nequaquam
951 4826 1053 4883 hoc
1073 4828 1254 4885 facere
1280 4830 1653 4886 sustinuerim.
1682 4830 1848 4886 Vides

256 4919 488 4973 animam
517 4932 616 4972 nos
638 4928 927 4985 amantem,
952 4922 1220 4990 quomodo
1238 4938 1494 4993 nusquam
1521 4924 1664 4994 quod
1690 4940 1844 4978 suum

257 5020 341 5065 est
369 5010 577 5080 quznrit,
609 5008 703 5064 sed
748 5012 995 5069 omnibus
1039 5015 1213 5069 modis
1265 5017 1540 5081 ostendit,
1592 5019 1843 5073 virtutem

259 5102 418 5169 longe
468 5102 753 5157 maximam
793 5103 939 5161 illam
967 5119 1110 5169 esse,
1144 5121 1388 5176 magnam
1422 5123 1602 5162 curam
1651 5123 1842 5177 gerere

261 5200 319 5247 ut
344 5194 621 5262 proximus
641 5195 973 5251 aediﬁcetur?
1003 5197 1147 5265 llmc,
1176 5198 1426 5265 obsecro,
1458 5199 1639 5254 omnia
1669 5200 1847 5254 scien-

261 5296 339 5341 tes
368 5288 733 5351 observemus,
758 5305 1145 5361 caveamusque
1170 5290 1239 5348 ab
1284 5292 1349 5347 iis
1372 5307 1491 5361 qua:
1519 5290 1846 5359 spiritualem

258 5378 516 5431 virtutum
539 5385 840 5431 nostrarum
866 5378 1174 5433 thesaurum
1203 5379 1553 5449 pessumdare
1580 5388 1805 5449 possunt
1828 5395 1842 5433 :

258 5478 314 5523 et
340 5469 470 5523 nihil
498 5483 749 5538 umquam
795 5468 1071 5532 faciamus.
1121 5487 1230 5542 quo
1268 5472 1521 5527 damnum
1574 5471 1847 5541 quodlibet

260 5562 504 5633 proximo
531 5560 811 5617 inferatur.
845 5562 959 5617 Hoc
987 5563 1129 5618 enim
1155 5574 1212 5619 et
1256 5573 1533 5634 peccatum
1561 5572 1739 5634 auget,
1792 5572 1847 5619 et

260 5655 476 5726 gravius
500 5654 651 5712 nobis
674 5652 886 5711 adducit
910 5656 1248 5725 supplicium.
1274 5655 1460 5730 Neque
1476 5656 1557 5715 vel
1570 5656 1843 5728 vulgarem

1972 329 2203 399 aliquem
2234 346 2659 399 Contemnamus.
2712 341 2897 412 frigida
2946 342 3058 398 ἤιξε
3090 344 3248 398 verba
3282 344 3555 399 dicentes:

1978 419 2116 486 Quid
2149 438 2264 476 mea
2296 426 2477 494 refert,
2508 430 2551 483 si
2573 430 2871 487 offendatur
2898 434 2988 489 ille
3019 436 3176 489 talis?
3209 435 3344 505 Quid
3371 435 3507 491 dicis
3539 478 3555 505 ,

1965 526 2150 582 quatso
2167 516 2245 570 te?
2257 518 2391 583 Quid
2410 530 2495 574 tua
2512 522 2699 577 refert?
2714 524 2800 580 Sic
2819 535 2958 580 tuam
2973 526 3169 597 fulgere
3189 528 3346 584 vitam
3366 545 3557 599 praece.

1966 604 2043 673 pit
2060 605 2322 672 Christus,
2340 619 2398 663 ut
2414 626 2519 665 non
2538 615 2707 668 solum
2723 616 3024 671 videntibus
3042 626 3093 671 te
3108 618 3181 671 sis
3196 619 3556 685 admirationi,

1966 694 2061 749 sed
2090 706 2145 751 ut
2169 698 2424 756 Dominus
2453 711 2573 757 tuus
2615 705 2943 774 gloriﬁcetur
2965 708 3186 778 (Matth.
3224 711 3277 766 5.
3310 712 3376 767 l6
3406 713 3463 783 ):
3500 722 3556 769 tu

1966 802 2095 841 vero
2123 791 2341 846 omnino
2363 796 2687 849 contrarium
2716 797 2850 866 agis,
2885 807 2937 852 et
2984 814 3080 868 pro
3105 800 3269 869 gloria
3297 802 3387 857 Dei
3404 802 3556 856 blas-

1978 874 2223 944 phemias
2243 877 2508 935 introduci
2537 900 2717 945 muas,
2747 897 2799 941 et
2829 888 2928 941 hoc
2953 890 3283 945 contemnis?
3312 892 3548 948 Hoceine

1970 964 2130 1022 fuerit
2157 970 2350 1025 animae
2368 973 2488 1042 piae,
2513 974 2761 1046 legesque
2788 978 2994 1035 divinas
3020 992 3166 1035 recte
3191 982 3444 1037 scientia?

2037 1058 2092 1115 5.
2119 1059 2382 1117 Caeterum
2422 1065 2467 1118 si
2507 1067 2625 1135 quis
2654 1071 2799 1136 prius
2827 1068 2942 1126 hate
2989 1088 3052 1125 cx
3096 1073 3231 1126 mala
3262 1081 3554 1127 consuetu-

1967 1147 2095 1205 dine
2120 1150 2301 1207 dicere
2325 1154 2511 1209 solitus
2540 1155 2717 1221 fuerit,
2746 1170 2988 1228 suscepta
3020 1178 3160 1217 nunc
3188 1164 3555 1219 admonitione

1967 1251 2167 1305 nostra,
2192 1241 2435 1311 desistat,
2456 1262 2572 1311 oro,
2595 1248 2662 1303 ab
2679 1250 2874 1304 illicitis
2894 1252 3256 1322 hujuscemodi
3285 1257 3547 1311 sermoni-

1963 1329 2083 1392 bus,
2110 1342 2165 1387 et
2201 1334 2278 1388 sic
2304 1337 2479 1390 omnia
2523 1337 2701 1394 facere
2730 1342 2938 1395 studeat
2960 1383 2973 1405 ,
3001 1352 3056 1396 ut
3088 1360 3258 1414 neque
3282 1348 3349 1400 ab
3391 1346 3549 1400 oculo

1966 1423 2055 1476 illo
2098 1425 2187 1493 qui
2226 1442 2511 1497 numquam
2538 1431 2744 1499 sopitur
2778 1432 2859 1486 vel
2894 1434 3121 1499 cmcutit,
3153 1451 3327 1504 neque
3361 1451 3391 1491 a
3417 1452 3552 1491 con-

1963 1514 2181 1569 scientia
2209 1530 2301 1570 sua
2328 1518 2728 1586 condemnetur,
2760 1539 2933 1594 neque
2959 1540 3052 1580 eos
3071 1566 3087 1589 ,
3128 1528 3217 1596 qui
3247 1542 3306 1583 se
3334 1530 3546 1595 vident,

1963 1603 2016 1657 in
2048 1604 2402 1676 blasphemias
2434 1610 2690 1667 adversus
2718 1613 2997 1669 Dominum
3042 1616 3275 1672 inducat.
3317 1619 3467 1689 Quod
3500 1624 3546 1678 si

1963 1703 2104 1751 tanta
2131 1697 2363 1753 adhibita
2402 1702 2646 1759 contione
2685 1704 3057 1774 dispensemtts
3098 1727 3160 1767 ea
3202 1729 3321 1782 qua:
3366 1726 3545 1769 nostra

1964 1801 2107 1845 sunt.
2137 1792 2301 1847 multa
2328 1792 2567 1853 fruetuur
2598 1796 2804 1855 Domini
2828 1803 3122 1868 clementia,
3157 1814 3211 1858 et
3235 1805 3429 1861 diaboli
3460 1808 3546 1859 in-

1961 1880 2122 1939 sidias
2151 1883 2484 1957 effugiemus.
2527 1889 2656 1944 Cum
2689 1892 2879 1947 viderit
2920 1895 3062 1948 enim
3103 1908 3200 1949 nos
3239 1896 3309 1949 ita
3338 1895 3546 1952 sobrios

1962 1985 2018 2030 et
2043 1977 2244 2047 vigiles,
2273 1990 2328 2035 et
2355 1982 2664 2051 cogitaverit
2693 1998 2751 2036 se
2780 1999 2993 2053 operam
3024 1984 3267 2055 perdere,
3297 1986 3547 2041 abscedet

1960 2078 2014 2121 et
2044 2069 2415 2125 occultabitur.
2448 2071 2551 2126 Sed
2586 2083 2667 2127 sat
2697 2072 2855 2128 fuerit
2877 2077 3252 2142 prooemiorum
3283 2093 3299 2130 :
3330 2091 3427 2146 age
3448 2092 3542 2131 ca-

1960 2161 2101 2215 ritati
2131 2171 2317 2216 vestrae
2343 2165 2626 2233 prapositis
2669 2165 2732 2218 iis
2756 2181 2874 2235 qua:
2912 2166 3047 2221 lecta
3075 2174 3235 2235 sunt,
3273 2168 3547 2237 Spirituale

1959 2254 2259 2311 convivium
2287 2269 2637 2325 apparemus:
2665 2267 2719 2312 et
2748 2258 2904 2313 hodie
2932 2259 3228 2326 videamus,
3260 2260 3385 2330 quid
3414 2261 3538 2315 bea-

1962 2354 2045 2399 tus
2088 2344 2295 2410 Moses,
2340 2346 2448 2405 imo
2483 2346 2712 2416 Spiritus
2753 2359 2969 2404 sanctus
3016 2366 3110 2419 per
3150 2351 3266 2419 ejus
3310 2351 3543 2420 linguam

1959 2434 2151 2490 docere
2176 2451 2273 2490 nos
2307 2436 2454 2492 velit.
2486 2439 2619 2505 Quid
2651 2439 2827 2509 itaque
2851 2440 2964 2493 ait?
2997 2441 3085 2495 20.
3124 2440 3190 2494 Et
3218 2441 3343 2495 dixit
3368 2440 3545 2497 Deus:

1958 2524 2193 2580 Educant
2221 2542 2365 2597 aquae
2391 2529 2590 2599 reptilia
2616 2531 2898 2583 animarum
2920 2530 3214 2596 viventium,
3246 2541 3291 2585 et
3322 2532 3545 2585 volatilia

1957 2618 2175 2671 volantia
2186 2614 2337 2686 super
2348 2627 2533 2672 terram
2548 2621 2822 2675 secundum
2834 2622 3199 2688 ﬁrmamentum
3212 2623 3342 2679 caeli.
3361 2621 3424 2676 Et
3442 2622 3544 2689 fac-

1957 2720 2062 2764 tum
2080 2721 2151 2763 est
2169 2712 2257 2764 ita.
2278 2709 2409 2765 Vide
2426 2712 2804 2784 benignitatem
2829 2714 3053 2777 Domini,
3073 2714 3339 2783 quomodo
3354 2714 3544 2769 ordine

1955 2803 2184 2872 quodam
2227 2815 2280 2859 et
2321 2806 2699 2874 consequentia
2739 2820 2897 2859 omne
2934 2806 3200 2874 Opiticium
3246 2822 3398 2863 suum
3446 2821 3545 2861 nos

1954 2896 2162 2951 doceat.
2191 2897 2343 2951 Prius
2368 2898 2546 2952 docuit
2577 2913 2694 2963 nos,
2722 2896 2989 2967 quomodo
3019 2896 3082 2950 ad
3118 2896 3379 2952 fructuum
3410 2914 3538 2967 pro-

1956 3000 2144 3042 ventus
2184 3003 2282 3042 suo
2321 2988 2569 3042 mandato
2598 2999 2790 3043 terram
2818 2989 3126 3043 excitaverit
3155 3007 3168 3040 :
3213 2998 3416 3059 postea,
3450 2990 3541 3044 ubi

1956 3077 2139 3133 docuit
2165 3078 2389 3133 duorum
2421 3080 2756 3135 luminarinm
2784 3078 3178 3147 formationem,
3208 3084 3453 3150 apposuit
3488 3090 3543 3135 et

1956 3170 2232 3225 stellarum
2299 3172 2625 3234 varietatem,
2692 3187 2787 3241 per
2837 3187 2969 3241 quas
3034 3172 3148 3227 caeli
3205 3173 3543 3242 pulchritudo

1953 3260 2091 3317 l‘acta
2137 3271 2217 3318 est
2243 3263 2473 3319 clarior:
2520 3263 2678 3319 hodie
2715 3266 3047 3322 continenter
3076 3265 3141 3320 ad
3167 3281 3331 3336 aquas
3365 3277 3541 3322 trans-

1953 3351 2028 3417 it,
2082 3361 2137 3408 et
2184 3355 2416 3409 ostendit
2460 3356 2649 3422 nobis,
2708 3371 2958 3411 sermone
3020 3366 3074 3412 et
3129 3367 3393 3428 prmcepto
3442 3373 3542 3414 suo

1953 3458 2019 3499 es
2072 3445 2223 3515 aquis
2278 3445 2408 3515 ipsis
2463 3447 2687 3501 viventia
2743 3448 2990 3502 animalia
3058 3448 3334 3518 prodiisse.
3393 3449 3537 3505 Edu-

1953 3547 2068 3591 cant
2106 3540 2247 3593 enim
2267 3580 2283 3605 ,
2312 3542 2416 3604 ait,
2444 3557 2589 3609 aqua!
2626 3544 2825 3613 reptilia
2855 3545 3137 3597 animarum
3165 3546 3429 3599 viventium
3448 3587 3462 3606 .
3492 3556 3541 3600 et

1952 3631 2178 3686 volatilia
2209 3634 2425 3687 volantia
2453 3651 2605 3703 super
2642 3644 2827 3691 terram
2856 3637 3128 3691 secundum
3170 3638 3542 3704 ﬁrmamentum

1952 3725 2081 3779 cteli.
2122 3724 2252 3794 Quis
2277 3740 2474 3790 sermo,
2505 3744 2706 3797 quieso,
2734 3728 2972 3783 miraculi
3015 3728 3321 3798 dignitatem
3364 3740 3541 3799 potest

1952 3816 2197 3886 assequi?
2237 3832 2355 3887 qua:
2398 3817 2571 3885 lingua
2611 3818 2675 3872 ad
2715 3817 2931 3887 Opiticis
2969 3821 3228 3888 prmdbnia
3273 3819 3541 3876 sufﬁciet?

1954 3906 2097 3967 Dixit
2122 3916 2323 3963 tantum
2345 3950 2360 3975 ,
2391 3906 2643 3963 Ger-minet
2670 3920 2803 3969 terra
2824 3926 2843 3963 :
2871 3920 2925 3964 et
2950 3912 3124 3969 statim
3152 3912 3292 3967 illam
3323 3912 3387 3967 ad
3420 3928 3543 3979 par-

1954 4009 2064 4053 tum
2091 3999 2375 4053 excitavit:
2410 4016 2547 4054 nunc
2569 4001 2696 4060 dicit
2720 4020 2733 4056 :
2764 4001 2997 4055 Educant
3022 4016 3188 4073 aqua.
3219 4002 3349 4057 Vide
3378 4018 3539 4073 quam

1952 4098 2248 4145 consonant
2295 4100 2595 4161 praecepta:
2647 4093 2772 4157 illic,
2812 4091 3103 4159 Germinct;
3141 4094 3254 4159 hic,
3310 4094 3543 4151 Educant

1953 4197 2119 4251 aquae,
2160 4182 2359 4251 inquit,
2394 4185 2594 4253 reptilia
2621 4186 2902 4239 animarum
2932 4187 3215 4243 viventium.
3247 4187 3376 4241 Nam
3406 4189 3545 4243 sicut

1952 4271 2021 4327 de
2050 4281 2188 4327 terra
2216 4273 2347 4328 dixit
2374 4276 2566 4340 solum,
2600 4273 2851 4331 Germinet
2872 4292 2891 4329 :
2917 4287 2970 4331 et
2998 4279 3139 4331 varia
3167 4294 3285 4335 mox
3319 4293 3380 4332 ac
3404 4280 3546 4332 mul-

1954 4364 2118 4432 tiplex
2148 4363 2357 4426 ﬂorum,
2387 4365 2692 4433 herbarum,
2716 4377 2769 4422 et
2798 4368 3063 4423 seminum
3090 4371 3335 4438 apparuit
3362 4371 3538 4439 copia,

1953 4471 2164 4525 unoque
2190 4457 2353 4512 verbo
2383 4457 2636 4528 producta
2662 4469 2786 4514 sunt
2809 4462 2986 4515 omnia
3015 4478 3029 4514 :
3058 4462 3136 4515 sic
3160 4471 3213 4516 et
3244 4463 3327 4517 hic
3363 4462 3499 4517 dixit
3526 4481 3542 4518 :

1954 4545 2189 4600 Educant
2213 4563 2358 4615 aqua:
2380 4548 2581 4617 reptilia
2605 4550 2888 4605 animarum
2917 4551 3183 4606 viventium
3201 4594 3214 4617 ,
3244 4563 3289 4607 et
3317 4553 3544 4607 volatilia

1953 4640 2175 4693 volantia
2198 4656 2352 4709 super
2390 4649 2574 4694 terram
2600 4642 2873 4697 secundum
2902 4643 3271 4711 ﬁrmamentum
3303 4643 3414 4698 caeli
3443 4658 3466 4700 :
3490 4654 3545 4700 et

1953 4731 2210 4786 continuo
2254 4738 2331 4785 tot
2361 4733 2625 4801 reptilium
2665 4733 3064 4804 volatiliumque
3096 4749 3292 4805 genera
3322 4734 3543 4791 condita

1953 4836 2096 4891 sunt,
2123 4832 2252 4894 quot
2281 4840 2451 4895 neque
2480 4840 2728 4881 sermone
2756 4826 3021 4882 recenseri
3052 4838 3291 4895 possunt.
3322 4827 3387 4881 Et
3417 4843 3544 4882 ver-

1954 4920 2077 4974 bum
2106 4919 2318 4990 quidem
2351 4920 2512 4975 breve
2540 4929 2641 4981 est.
2670 4922 2994 4989 verbumque
3025 4937 3206 4987 unum,
3230 4936 3423 4991 genera
3449 4936 3543 4973 au-

1956 5021 2060 5066 tem
2083 5013 2386 5067 animalium
2413 5012 2623 5068 diversa
2653 5021 2707 5068 et
2732 5015 2896 5067 varia.
2922 5013 3025 5069 Sed
3050 5014 3194 5068 nullo
3217 5024 3435 5083 stupore
3467 5023 3551 5068 te—

1955 5104 2151 5170 nearis,
2180 5104 2410 5160 dilecte:
2440 5104 2661 5159 verbum
2693 5105 2833 5159 enim
2861 5117 2975 5160 erat
3008 5107 3096 5162 Dei
3119 5149 3132 5167 .
3162 5116 3216 5161 et
3244 5122 3421 5161 sermo
3457 5106 3547 5176 ip-

1959 5197 2070 5251 sius
2098 5197 2160 5251 iis
2189 5211 2308 5266 quae
2331 5194 2528 5250 fiebant
2564 5196 2963 5251 snbsistentiam
2991 5198 3208 5267 largitus
3244 5208 3343 5255 cst.
3379 5197 3547 5253 Vides

1954 5290 2222 5361 quomodo
2249 5290 2425 5344 omnia
2455 5306 2521 5345 ex
2562 5290 2727 5346 nihilo
2758 5302 2813 5344 ut
2855 5304 3035 5347 essent
3076 5292 3333 5363 producta
3381 5292 3550 5346 sunt?

1953 5382 2103 5439 vides
2132 5396 2288 5449 quam
2316 5381 2597 5451 diligenter
2620 5381 2846 5437 doceat?
2876 5383 3025 5438 vides
3049 5395 3241 5454 quanta
3265 5399 3324 5437 se
3346 5393 3547 5437 attem-

1956 5470 2229 5541 peratione
2256 5471 2323 5525 ad
2346 5472 2512 5525 nostri
2540 5474 2753 5541 generis
2782 5473 3134 5531 humilitatem
3169 5475 3421 5528 Dominus
3446 5474 3547 5527 dc-

1957 5565 2165 5620 mittat?
2189 5564 2338 5622 Unde
2365 5566 2506 5621 enim
2530 5582 2630 5621 nos
2656 5567 2768 5621 tunc
2802 5577 2906 5620 tam
2946 5578 3190 5621 accurate
3216 5567 3423 5621 discere
3452 5582 3547 5635 po-

1961 5659 2268 5727 tuissemus,
2287 5660 2385 5716 nisi
2411 5660 2523 5730 ipse
2547 5674 2737 5729 magna
2755 5667 2809 5715 et
2832 5658 3083 5715 ineﬁabili
3106 5658 3429 5730 benignitate
3448 5675 3548 5719 sua
