3784 6246
233 278 303 330 ης
1022 302 1030 307 -
1459 277 1523 333 lN
1560 277 1710 333 car.
1755 274 1796 330 ι.
1836 273 2080 333 canes.
2125 277 2355 334 unum.
2392 278 2500 338 vn.
3461 285 3530 362 es

233 390 533 445 humanum
563 404 732 460 genus
754 405 849 460 per
875 389 1146 462 propheta:
1175 390 1404 461 linguam
1431 391 1626 445 docere
1651 389 1836 460 digna-

232 489 316 532 tus
342 490 516 546 esset,
547 491 604 535 ut
627 482 766 536 scire
793 484 1058 554 possimus
1087 491 1139 537 et
1162 484 1339 538 rerum
1363 491 1660 538 creaturam
1692 482 1838 537 ordi-

230 583 381 635 nem,
405 581 461 625 et
491 570 765 627 Creatoris
799 575 1109 643 potentiam,
1141 584 1196 627 et
1223 574 1491 644 quomodo
1521 589 1700 629 sermo
1721 573 1838 644 ejus

227 657 282 711 in
312 674 454 729 opus
493 662 708 730 exierit,
754 675 809 720 et
838 667 1059 720 verbum
1101 665 1216 735 ejus
1251 667 1646 722 subsistentiam
1690 677 1743 721 et
1769 665 1836 721 ad

227 748 608 805 essistentiam
637 753 914 808 transitum
945 757 1205 810 creaturis
1231 756 1552 825 praebuerit?

299 840 358 893 ι.
389 839 498 894 Cur
539 849 738 896 tantum
781 846 1008 898 ordinem
1035 847 1086 899 in
1114 848 1381 901 creationis
1417 848 1703 902 narratione
1727 865 1834 902 ser-

227 929 610 987 m.-—Verum
631 944 756 988 sunt
773 936 1026 991 insensati
1045 935 1305 1005 nonnulli,
1327 939 1415 1009 qui
1435 948 1619 1010 etpoSt
1636 948 1836 994 tantam

225 1019 536 1077 doctrinam
560 1024 820 1080 increduli
839 1043 956 1082 esse
982 1029 1199 1094 audent,
1223 1029 1483 1102 faterique
1505 1033 1690 1087 nolunt
1714 1049 1835 1089 esse

223 1115 464 1185 aliquem
496 1117 720 1173 istorum
757 1121 1042 1176 visibilium
1072 1122 1315 1192 opiﬁcem
1341 1141 1354 1177 :
1381 1124 1474 1179 sed
1500 1125 1586 1178 alii
1612 1125 1824 1196 quidem

226 1206 454 1262 fortuito
479 1209 567 1264 illa
592 1224 656 1266 ac
694 1226 790 1281 per
818 1228 880 1268 se
906 1229 1025 1270 esse
1049 1215 1262 1282 dicunt,
1293 1217 1379 1272 alii
1407 1228 1535 1272 Vero
1559 1233 1623 1273 ex
1649 1219 1830 1288 subju-

224 1307 386 1353 cente
413 1299 643 1369 quadam
684 1306 910 1359 materia
934 1319 1056 1360 esse
1099 1305 1237 1362 facta
1266 1309 1614 1363 contendunt.
1641 1311 1834 1364 Consi-

223 1390 358 1445 dera
385 1402 583 1461 quanta
612 1393 811 1450 diaboli
840 1397 1035 1463 illusio,
1060 1400 1328 1468 quomodo
1348 1399 1548 1455 abusus
1578 1411 1660 1456 est
1690 1401 1830 1457 facili

222 1483 507 1538 ermribus
553 1486 907 1541 servientium
951 1486 1283 1545 credulitate.
1325 1489 1619 1561 EaprOpter
1646 1491 1832 1547 beatus

221 1570 425 1636 Moses,
467 1573 671 1643 Spiritu
713 1577 895 1632 divino
930 1577 1178 1646 afﬂatus,
1223 1589 1368 1636 tanta
1415 1581 1689 1652 diligentia
1735 1598 1832 1638 nos

225 1663 411 1731 docet,
443 1680 513 1719 ne
541 1665 680 1721 idem
711 1678 767 1723 et
804 1668 957 1725 nobis
987 1672 1231 1737 eveniat;
1263 1671 1359 1727 sed
1395 1673 1626 1728 sciamus
1657 1675 1831 1728 maui-

223 1755 363 1810 t'este
409 1765 467 1811 et
506 1769 874 1814 creaturarum
919 1762 1193 1828 ordinem,
1217 1773 1272 1818 et
1305 1764 1573 1835 quomodo
1607 1781 1832 1836 qumque

221 1856 425 1901 creatte
453 1848 581 1902 sint.
611 1848 724 1904 Nisi
751 1851 894 1906 enim
921 1863 1120 1907 nostra:
1148 1854 1334 1909 salutis
1351 1869 1530 1910 curam
1561 1855 1834 1912 habuisset

227 1938 396 2004 Deus,
437 1949 493 1994 et
525 1941 596 1994 ita
638 1941 921 1998 direxisset
952 1943 1223 2014 propheta:
1263 1945 1528 2016 linguam,
1559 1948 1686 2001 satis
1717 1957 1833 2002 erat

218 2028 432 2085 dixisse
474 2048 489 2084 :
539 2031 686 2087 Fecit
716 2033 858 2089 Deus
896 2035 1084 2090 czelum
1123 2044 1177 2090 et
1213 2045 1429 2105 terram,
1473 2047 1527 2093 et
1568 2053 1749 2105 mare,
1779 2050 1834 2094 et

222 2123 563 2180 animantia:
613 2141 787 2196 neque
829 2143 1047 2184 necesse
1073 2142 1188 2184 erat
1226 2139 1282 2184 ut
1324 2141 1546 2200 poneret
1589 2132 1831 2189 ordinem

223 2213 461 2281 dierum,
497 2231 671 2285 neque
702 2217 828 2288 quid
873 2221 1070 2289 primo,
1116 2231 1170 2276 et
1208 2223 1334 2292 quid
1371 2223 1608 2278 secundo
1636 2225 1831 2280 factum

223 2306 408 2361 fuerit.
441 2307 550 2363 Sed
592 2317 649 2364 ut
687 2310 908 2380 ingratis
949 2325 1003 2367 et
1031 2314 1169 2369 male
1197 2314 1546 2370 sentientibus
1576 2317 1715 2371 nulla
1747 2333 1834 2372 re-

223 2400 562 2470 linqueretur
590 2405 866 2459 excusatio
885 2447 900 2470 ,
952 2407 1021 2460 ita
1061 2405 1338 2478 distinguit
1363 2407 1644 2464 manifeste
1672 2420 1724 2464 et
1753 2411 1829 2464 la-

221 2504 434 2548 etorum
467 2494 738 2562 ordinem,
762 2505 818 2552 et
842 2497 1047 2552 dierum
1082 2515 1385 2564 numerum,
1421 2511 1475 2557 et
1513 2503 1690 2556 omnia
1734 2518 1832 2556 nos

221 2585 386 2640 docet
424 2602 550 2641 cum
600 2603 790 2657 magna
834 2591 1304 2660 attemperatione,
1337 2601 1394 2648 ut
1434 2593 1642 2664 cognita
1685 2595 1830 2650 omni

222 2681 449 2734 veritate
469 2721 485 2744 ,
518 2695 625 2734 non
659 2681 798 2736 ultra
825 2697 1009 2737 eorum
1047 2685 1319 2739 erroribus
1347 2685 1709 2753 attendamus,
1741 2687 1829 2756 qui

222 2771 404 2825 omnia
434 2770 508 2825 ab
533 2787 593 2827 se
621 2774 917 2842 excogitata
949 2774 1271 2844 loquuntur,
1303 2775 1396 2830 sed
1426 2778 1655 2832 sciamus
1685 2775 1828 2832 Cou-

221 2864 414 2918 ditoris
440 2866 614 2920 nostri
642 2865 1048 2922 inenarrabilem
1078 2868 1393 2938 potentiam.
1426 2868 1490 2923 Et
1517 2869 1708 2939 factum
1729 2881 1824 2934 est,

223 2954 414 3024 inquit,
449 2957 543 3010 ita.
576 2956 718 3012 Dixit
742 2976 755 3011 :
782 2956 1022 3012 Educont
1049 2975 1194 3030 aqua:
1219 2962 1418 3032 reptilia
1438 2962 1726 3016 animarum
1753 2964 1830 3016 vi-

219 3049 443 3104 rentium
466 3092 481 3116 ,
513 3060 562 3103 et
609 3050 836 3105 volatilia
873 3051 1098 3106 volantia
1138 3069 1293 3120 super
1329 3061 1516 3107 terram
1553 3055 1828 3108 secundum

218 3143 606 3211 ﬁrmamentum
626 3145 758 3210 celi,
785 3155 838 3199 et
865 3145 1252 3215 obtemperavit
1276 3147 1620 3213 elementum,
1649 3157 1704 3202 et
1726 3148 1828 3202 im-

220 3233 382 3302 plevit
410 3244 762 3304 praeceptum.
797 3236 862 3289 Et
887 3241 1079 3307 factum
1108 3248 1200 3306 est,
1239 3239 1426 3308 inquit,
1451 3239 1580 3293 sicut
1607 3239 1829 3310 impera-

219 3326 286 3378 uit
322 3323 604 3380 Dominus.
646 3326 740 3382 21.
769 3325 837 3381 Et
861 3329 980 3397 fecit
1009 3328 1149 3382 Deus
1190 3338 1295 3384 cete
1319 3345 1524 3401 magna,
1555 3341 1601 3384 et
1629 3347 1827 3385 omnem

217 3419 448 3473 animum
479 3420 780 3473 animalium
821 3420 1106 3490 reptilium,
1147 3437 1261 3492 qua:
1303 3422 1649 3490 produxerunt
1683 3439 1829 3493 aqua:

215 3509 500 3562 secundum
525 3527 711 3581 genera
737 3528 851 3578 sua,
874 3521 920 3564 et
945 3528 1091 3565 omne
1117 3513 1319 3568 volatile
1346 3524 1615 3584 pennatam
1643 3532 1822 3570 secun-

216 3601 340 3654 dum
376 3618 560 3668 genus.
592 3600 657 3655 Et
688 3602 807 3656 cidit
836 3601 978 3658 Deus
1003 3604 1139 3672 quod
1172 3615 1333 3660 essent
1360 3605 1508 3660 bona.
1538 3605 1630 3663 22.
1660 3605 1824 3662 Bene-

215 3693 448 3764 dixitque
471 3709 535 3746 ea
571 3691 733 3760 Deus,
765 3694 971 3749 dicens:
999 3695 1216 3750 Crescite
1243 3705 1289 3750 et
1317 3698 1749 3769 multiplicamini,
1780 3709 1826 3754 et

214 3784 426 3855 implete
449 3801 612 3854 aquas
640 3802 877 3853 manum,
905 3797 952 3840 et
981 3788 1210 3843 volatilia
1247 3791 1647 3861 multiplicemur
1675 3809 1827 3863 super

220 3887 438 3932 terram.
468 3876 669 3933 lterum
708 3878 815 3947 hic,
847 3895 1050 3951 quaeso,
1079 3882 1380 3950 considera,
1413 3894 1606 3954 quanta
1637 3887 1707 3941 sit
1733 3901 1825 3942 sa-

217 3969 418 4037 pientia
448 3969 701 4037 Spiritus.
732 3969 862 4026 Nam
884 3987 1004 4026 cum
1031 3972 1165 4027 dixit
1194 3974 1380 4029 beatus
1414 3974 1605 4040 Moses,
1639 3975 1706 4030 Et
1744 3980 1823 4049 fa-

215 4072 356 4112 ctum
385 4070 463 4114 est
489 4061 581 4122 ita,
614 4060 769 4118 docet
810 4078 910 4118 nos
935 4065 1231 4121 minutatim
1276 4065 1478 4122 addens
1518 4078 1573 4123 et
1597 4069 1822 4125 dicens:

215 4151 285 4204 Et
311 4155 437 4222 fecit
464 4151 604 4207 Deus
630 4165 735 4208 cete
758 4171 964 4226 magna,
990 4166 1036 4211 et
1064 4174 1260 4212 omnem
1282 4161 1503 4215 animam
1527 4161 1824 4216 animalium

211 4244 477 4312 reptilium
502 4261 616 4314 qua:
636 4247 985 4315 produxerunt
1012 4264 1160 4317 aqua:
1183 4251 1462 4305 secundum
1489 4269 1674 4324 genera
1699 4271 1815 4321 sua,

215 4347 262 4389 et
307 4351 465 4390 onme
509 4337 713 4392 volatile
757 4348 1028 4408 pennatam
1072 4342 1348 4397 secundum
1375 4360 1553 4415 genus.
1593 4345 1662 4400 Et
1700 4347 1823 4402 vidit

213 4424 359 4480 Deus
382 4427 521 4495 quod
550 4439 712 4481 essent
733 4428 882 4483 bona.
915 4431 1012 4486 Hic
1038 4431 1216 4487 denuo
1244 4438 1598 4491 temeritatem
1642 4440 1820 4493 omnia

212 4521 422 4590 absque
469 4521 676 4576 ratione
719 4522 1160 4579 deblaterantium
1207 4528 1532 4597 comprimit.
1578 4529 1712 4585 Nam
1765 4539 1822 4587 ut

213 4614 399 4668 nullus
447 4611 631 4668 dicere
679 4616 864 4682 possit,
908 4616 1074 4685 Cujus
1119 4619 1283 4686 gratia
1311 4630 1428 4674 cete
1477 4619 1611 4674 facta
1655 4624 1821 4678 sunt?

208 4722 374 4775 quam
408 4706 565 4758 nobis
601 4706 879 4761 utilitatem
911 4709 1234 4764 conferunt?
1275 4712 1398 4781 quid
1443 4715 1707 4768 commodi
1752 4731 1817 4770 ex

207 4813 406 4852 eorum
439 4799 754 4854 creatione?
783 4800 978 4855 idcirco
1005 4812 1284 4873 postquam
1312 4805 1439 4859 dixit
1466 4823 1479 4860 :
1511 4805 1654 4862 Fecit
1680 4808 1819 4862 Deus

203 4901 318 4942 cete
358 4906 567 4961 magna,
614 4899 658 4944 et
698 4908 896 4945 omnem
937 4895 1157 4947 animum
1197 4897 1492 4950 animalium
1537 4900 1814 4968 reptilium,

204 4991 250 5032 et
284 4982 518 5036 volatilia
539 4997 560 5035 .'
585 4986 763 5037 statim
795 4985 1033 5040 addidit:
1065 4985 1126 5038 Et
1159 4987 1279 5040 vidit
1319 4986 1457 5042 Deus
1492 4991 1628 5059 quod
1653 5002 1815 5047 essent

207 5063 364 5128 bona.
393 5075 558 5142 Quasi
580 5075 817 5131 diceret:
847 5076 924 5133 Ne
951 5079 1073 5148 quia
1105 5089 1156 5133 tu
1184 5081 1442 5137 rationem
1486 5084 1694 5152 ignoras
1741 5085 1819 5141 ia—

207 5178 444 5234 ctorum,
468 5169 680 5239 opiﬁcia
701 5170 1004 5240 vituperare
1028 5173 1370 5243 aggrediaris.
1400 5177 1604 5232 Audisti
1635 5179 1816 5234 Domi-

207 5277 337 5314 num
368 5261 826 5330 pronuntiantem,
873 5272 928 5318 et
971 5263 1236 5319 dicentem
1267 5265 1354 5320 illa
1395 5281 1515 5322 esse
1554 5268 1691 5323 bona
1720 5289 1733 5325 :
1761 5278 1814 5326 et

205 5351 482 5421 quomodo
505 5361 561 5406 tu
582 5352 856 5408 insaniens
871 5354 1048 5410 dicere
1077 5355 1262 5422 audes,
1284 5357 1463 5424 Quare
1483 5358 1619 5413 facta
1652 5361 1815 5416 sunt?

207 5444 360 5513 quasi
399 5445 732 5513 superﬂuum
772 5445 1006 5516 ipsarum
1035 5462 1291 5503 accusans
1325 5450 1638 5520 opiﬁcium?
1680 5453 1812 5510 Nam

209 5537 249 5587 si
275 5537 530 5592 cordatus
554 5553 726 5603 esses,
752 5553 935 5607 posses
959 5541 1118 5594 etiam
1149 5556 1214 5596 ex
1247 5541 1433 5597 harum
1464 5545 1734 5600 creatione
1760 5556 1814 5601 et

209 5629 502 5696 potentiam
549 5629 758 5684 Domini
804 5638 857 5684 et
885 5631 1203 5686 iuell'abilem
1251 5632 1627 5704 benignitatem
1657 5637 1813 5692 addi-

207 5731 359 5771 scere
393 5741 403 5772 :
437 5723 729 5793 potentiam
763 5724 1001 5794 quidem,
1034 5725 1153 5796 quia
1176 5741 1425 5784 sermone
1463 5735 1517 5784 et
1540 5739 1809 5801 praecepto

1949 405 2012 444 ex
2049 393 2198 464 aquis
2229 395 2351 451 talia
2380 400 2667 466 animantia
2705 402 2994 474 produxit;
3034 408 3410 483 benignitatem
3440 435 3533 474 au-

1947 489 2074 550 tem,
2104 485 2224 554 quia
2253 497 2308 540 ut
2333 504 2395 542 ea
2435 491 2700 560 produxit,
2736 498 3000 566 propriam
3029 501 3106 557 eis
3133 507 3407 575 regionem
3448 525 3529 566 at-

1946 573 2148 641 tribuit,
2181 575 2492 633 immensam
2533 584 2695 638 maris
2723 595 2924 654 partem
2953 589 3058 645 illis
3095 573 3423 666 decernens,
3463 605 3532 659 ita

1946 671 2002 718 ut
2027 665 2225 720 nemini
2258 678 2473 736 possent
2502 687 2729 741 nocere;
2758 678 2850 732 sed
2877 694 3157 740 versentur
3182 687 3234 742 in
3281 694 3411 746 mari
3434 736 3448 755 ,
3483 708 3534 750 et

1943 755 2022 806 sui
2052 759 2356 823 spectaculo
2381 765 2862 831 supereminentem
2885 771 3098 841 Opiﬁcis
3121 781 3409 846 potentiam
3438 786 3534 841 do-

1942 854 2128 914 ceant,
2173 849 2480 920 nullumque
2506 852 2735 911 humano
2761 851 2942 929 generi
2984 865 3232 924 damnum
3280 866 3528 932 inferant.

1943 937 2023 990 An
2062 953 2274 1006 parvam
2317 953 2468 1011 putas
2496 945 2833 1018 benignitatis
2873 965 3097 1025 partem,
3131 965 3392 1030 geminam
3437 971 3527 1024 tibi

1943 1031 2221 1088 utilitatem
2263 1034 2388 1090 hinc
2429 1040 2665 1095 exoriri?
2701 1043 2910 1101 Etenim
2955 1065 3143 1120 sapere
3188 1057 3426 1116 volentes
3466 1064 3529 1117 ad

1946 1121 2044 1177 Dei
2075 1125 2313 1180 notitiam
2343 1127 2703 1200 introducunt,
2734 1146 2787 1192 et
2817 1143 3130 1209 stupendum
3158 1146 3408 1206 exhibent
3441 1153 3530 1206 bc-

1940 1215 2214 1284 nignitatis
2254 1223 2370 1289 ejus
2395 1226 2836 1296 magnitudinem,
2867 1236 3006 1302 quod
3038 1237 3106 1292 ab
3131 1253 3314 1296 eorum
3361 1261 3526 1301 nocu-

1939 1311 2134 1365 mentis
2177 1312 2468 1400 humanum
2503 1334 2671 1390 genus
2719 1323 3040 1383 liberaverit.
3075 1331 3257 1404 Neque
3283 1340 3423 1393 enim
3463 1345 3529 1397 ob

1940 1413 2176 1459 nostram
2203 1405 2478 1466 dumtaxat
2507 1413 2784 1472 utilitatem
2813 1435 2876 1474 ea
2897 1424 3072 1478 omnia
3101 1425 3237 1484 facta
3265 1443 3409 1499 sunt,
3432 1439 3526 1492 sed

1939 1504 1992 1551 et
2036 1497 2107 1553 ob
2146 1500 2461 1560 immensam
2505 1506 2671 1577 ipsius
2717 1515 3202 1582 magniﬁcentiam:
3242 1525 3342 1581 alia
3386 1497 3528 1584 enim

1937 1599 2157 1661 propter
2198 1605 2433 1651 nostram
2464 1599 2741 1658 utilitatem
2773 1603 2931 1674 fecit,
2976 1610 3076 1664 alia
3123 1625 3342 1684 propter
3378 1633 3527 1676 suam

1938 1683 2406 1754 magniﬁcentiam,
2438 1699 2494 1744 ut
2522 1695 2690 1764 magis
2715 1695 2958 1754 Factoris
2989 1683 3311 1772 praedicetur
3338 1721 3523 1779 poten-

1939 1777 2010 1831 tia
2041 1778 2082 1834 ⁸.
2109 1780 2240 1834 Cum
2263 1782 2414 1838 audis
2439 1784 2639 1855 itaque,
2680 1787 2816 1844 Vidit
2844 1789 2986 1848 Deus
3010 1798 3147 1865 quod
3173 1777 3528 1860 essettlvbonu:

1938 1883 2006 1924 ne
2031 1870 2174 1926 ausis
2215 1874 2350 1927 ultra
2379 1875 2572 1932 divina:
2597 1879 2881 1950 Scripturae
2918 1890 3304 1958 contradicere,
3341 1909 3404 1950 ac
3431 1911 3526 1951 cu-

1937 1963 2128 2018 riosius
2156 1965 2438 2036 inquirere,
2464 1970 2745 2044 dicereque
2770 1994 2783 2030 :
2816 1976 2990 2046 Quare
3009 1981 3148 2038 Dens
3169 1984 3270 2041 hoc
3293 1989 3375 2042 vel
3400 1989 3524 2045 illud

1937 2052 2058 2109 fecit
2079 2055 2102 2109 ?
2124 2055 2190 2109 Et
2222 2059 2471 2114 benedixit
2496 2063 2585 2116 illa
2613 2063 2771 2132 Deus,
2806 2068 2994 2138 inquit,
3025 2083 3073 2126 et
3110 2076 3239 2129 dixit
3263 2093 3280 2132 :
3309 2079 3526 2136 Crescite

1937 2153 1980 2198 et
2009 2147 2439 2221 multiplicamini,
2468 2163 2513 2206 et
2544 2153 2746 2226 implete
2773 2174 2929 2229 aquas
2952 2164 3167 2220 marium
3189 2182 3208 2220 :
3233 2179 3276 2222 et
3304 2173 3526 2227 rotati/ia

1937 2237 2333 2308 multiplicemur
2358 2259 2510 2313 super
2528 2254 2733 2302 terram.

2005 2331 2061 2387 5.
2101 2331 2224 2387 Haec
2251 2344 2332 2389 est
2370 2336 2480 2404 ipsa
2518 2337 2851 2409 benedictio,
2879 2354 2933 2399 ut
2963 2361 3154 2417 magno
3185 2366 3406 2408 numero
3437 2355 3521 2411 illa

1937 2434 2248 2494 augeantur.
2285 2427 2414 2483 Nam
2440 2430 2562 2499 quia
2595 2433 2832 2489 viventes
2860 2447 3118 2493 creaturas
3145 2455 3297 2496 erant
3325 2446 3525 2500 :uiima-

1939 2517 2036 2580 lia,
2069 2519 2380 2589 volebatque
2411 2523 2496 2577 illa
2529 2539 2784 2597 perpero
2815 2545 3062 2597 manere,
3097 2533 3216 2590 idco
3246 2539 3479 2595 subdidit
3511 2561 3522 2597 :

1937 2606 2005 2661 Et
2035 2609 2283 2665 benedixit
2309 2613 2399 2667 illa
2427 2613 2560 2668 Deus
2582 2658 2594 2680 ,
2627 2628 2672 2670 ct
2699 2619 2828 2674 dixit
2853 2637 2872 2675 :
2901 2621 3116 2678 Crescite
3141 2636 3187 2678 et
3219 2630 3525 2700 multiplica-

1936 2703 2079 2756 mini.
2125 2703 2356 2760 Verbum
2388 2708 2530 2761 enim
2572 2709 2698 2764 illud
2738 2727 2905 2783 usque
2947 2715 2998 2769 in
3039 2727 3354 2785 praesentem
3384 2723 3522 2776 diem

1937 2795 2022 2848 illa
2068 2806 2381 2864 conservat,
2423 2808 2475 2853 et
2518 2808 2721 2855 tantum
2770 2806 3023 2872 prieteriit
3067 2818 3308 2879 tempus,
3353 2829 3524 2883 neque

1937 2905 2095 2944 unmn
2128 2889 2314 2946 horum
2343 2907 2511 2962 genus
2552 2894 2886 2953 imminutum
2916 2910 3017 2957 est.
3055 2902 3186 2957 Nam
3229 2904 3525 2964 benedictio

1937 2981 2064 3047 Dei,
2092 2989 2147 3036 et
2189 2983 2408 3038 verbum
2453 2984 2581 3040 illud
2613 3004 2625 3040 :
2660 2986 2875 3044 Crescite
2913 3003 2960 3044 et
3002 2995 3436 3064 multiplicamini,
3470 3014 3524 3054 ut

1935 3072 2287 3130 subsisterent
2315 3085 2369 3132 et
2399 3077 2655 3134 durarent
2699 3081 2803 3134 illis
2843 3085 3084 3139 contulit.
3117 3087 3211 3143 25.
3242 3088 3305 3142 Et
3335 3091 3520 3159 [action

1933 3178 2033 3231 est,
2068 3167 2269 3238 inquit,
2298 3186 2528 3239 vespere,
2562 3183 2610 3227 et
2637 3177 2828 3246 factum
2854 3186 2925 3230 est
2951 3195 3128 3246 mane,
3160 3181 3264 3236 dies
3301 3184 3520 3252 quintus.

1939 3258 2094 3314 Vides
2121 3261 2387 3330 quomodo
2415 3263 2590 3319 divina
2619 3265 2892 3336 Scriptura
2922 3269 3099 3325 docuit
3127 3288 3223 3328 nos
3243 3316 3256 3336 ,
3289 3290 3407 3346 qua:
3435 3278 3520 3332 diu

1933 3353 2118 3422 quinto
2138 3365 2313 3410 creata
2341 3357 2446 3410 sint
2468 3359 2794 3415 animantia?
2818 3361 2921 3418 Sed
2950 3379 3232 3437 parumper
3252 3382 3516 3439 exspecta,

1931 3456 1985 3501 et
2030 3448 2219 3501 iterum
2271 3450 2470 3506 videbis
2523 3453 2727 3508 Domini
2775 3456 2845 3510 tui
2897 3458 3291 3530 benignitatem.
3341 3465 3520 3537 Neque

1931 3542 2072 3596 enim
2113 3557 2278 3612 aquas
2315 3544 2486 3600 solum
2530 3549 2834 3604 animalium
2885 3553 3228 3620 productione
3274 3557 3522 3616 fecundas

1935 3636 2076 3699 fecit,
2107 3637 2198 3691 sed
2230 3636 2407 3692 denuo
2438 3641 2697 3709 pr:ccipit,
2731 3651 2787 3695 ut
2816 3658 2879 3696 ex
2911 3654 3048 3700 terra
3083 3651 3352 3702 terrestria
3395 3667 3518 3721 pro-

1930 3727 2194 3782 ducantur
2234 3730 2502 3783 animalia.
2542 3731 2653 3784 Non
2685 3732 2780 3786 abs
2813 3748 2869 3788 re
2897 3736 3092 3804 quippe
3121 3738 3222 3791 erit
3249 3739 3407 3794 hodie
3437 3753 3518 3795 at-

1933 3819 2135 3889 tingere
2178 3835 2237 3875 ea
2283 3838 2400 3888 qua:
2442 3822 2527 3876 die
2568 3834 2718 3877 sexto
2765 3837 2889 3880 sunt
2931 3830 3085 3881 facta.
3127 3830 3214 3884 ‘24.
3255 3830 3320 3884 Et
3359 3833 3516 3895 dixit,

1932 3912 2134 3982 inquit,
2165 3911 2301 3967 Deus
2331 3931 2349 3967 :
2379 3913 2636 3969 I’roducat
2662 3926 2793 3970 terra
2827 3919 3048 3973 animant
3079 3923 3314 3978 viventem
3345 3942 3518 3980 seruu-

1929 4005 2049 4058 duni
2093 4023 2249 4076 genus
2269 4049 2281 4071 ,
2310 4010 2660 4078 quadrupedes
2685 4053 2699 4076 ,
2727 4021 2774 4065 et
2815 4014 3014 4081 reptiliu
3035 4055 3048 4082 ,
3082 4025 3127 4068 ct
3163 4016 3342 4071 bestias
3371 4035 3517 4088 super

1931 4108 2116 4152 terram
2147 4119 2166 4153 .·
2191 4111 2239 4153 et
2269 4118 2449 4171 pecora
2468 4144 2481 4162 .
2515 4114 2560 4156 et
2589 4106 2758 4157 omnia
2796 4107 2997 4174 reptilia
3038 4118 3184 4163 terra:
3203 4153 3215 4173 ,
3247 4113 3518 4168 secundum

1927 4209 2100 4262 genus.
2135 4192 2199 4246 Et
2229 4197 2418 4264 factum
2449 4205 2518 4250 est
2555 4198 2648 4252 sic.
2692 4197 2827 4254 Vide
2865 4202 3131 4270 quomodo
3162 4213 3298 4259 terra
3330 4206 3517 4264 iterum

1930 4285 2195 4354 duplicem
2227 4287 2379 4342 nobis
2406 4288 2593 4343 achrat
2618 4289 2870 4360 fructum,
2898 4304 2951 4349 et
2977 4296 3224 4350 mandato
3253 4297 3519 4356 dominico

1929 4375 2214 4431 ministret.
2265 4377 2412 4432 Tunc
2453 4379 2668 4449 quidem
2720 4388 2983 4438 seminum
3031 4381 3195 4440 edidit
3240 4391 3514 4458 germina,

1927 4484 2066 4523 nunc
2091 4480 2266 4524 autem
2287 4473 2306 4502 ¹
2339 4473 2565 4528 viventia
2593 4475 2860 4540 animalia,
2881 4469 3256 4550 quadrupedes
3281 4492 3334 4538 et
3360 4486 3520 4555 repti-

1927 4561 2015 4626 lia,
2047 4577 2238 4630 pecora
2267 4572 2320 4618 et
2347 4565 2504 4620 feras.
2539 4567 2674 4621 Ecce
2703 4569 2843 4638 quod
2874 4584 3032 4641 supra
3059 4573 3165 4627 dixi
3208 4575 3395 4630 iterum
3425 4580 3512 4631 dc-

1925 4655 2191 4724 claratur;
2227 4674 2418 4728 nempe
2459 4659 2620 4714 Deum
2652 4677 2757 4716 non
2785 4665 2962 4720 omnia
2991 4665 3056 4720 ad
3093 4679 3330 4722 nosmim
3364 4687 3514 4725 usum

1925 4751 2239 4822 produxisse
2264 4793 2278 4813 .
2311 4753 2401 4807 sed
2445 4762 2620 4808 tamen
2663 4755 2728 4809 ad
2766 4757 3050 4826 quamdam
3086 4759 3366 4815 utilitatem
3386 4761 3423 4825 ⁸,
3462 4774 3516 4816 ut

1924 4843 2165 4899 videntes
2204 4844 2409 4914 copiam
2447 4855 2501 4900 et
2538 4847 2925 4905 multitudinem
2963 4853 3080 4920 ejus
3110 4862 3470 4908 crealttmrunt
3499 4898 3512 4920 ,

1923 4936 2141 5008 Opiﬁcis
2166 4937 2408 4993 virtutem
2437 4941 2898 5012 obstupescamus,
2920 4955 2974 4999 et
3000 4946 3230 5000 sciamus
3255 4948 3512 5017 sapientia

1923 5030 2149 5100 quadam
2191 5039 2246 5085 et
2293 5032 2638 5088 beneﬁcentia
2695 5035 3037 5090 inenarrabili
3088 5047 3301 5106 propter
3350 5038 3510 5093 [ututi

1925 5123 2155 5178 hominis
2185 5124 2442 5180 honorem
2468 5125 2488 5156 ⁸
2517 5127 2692 5180 omnia
2727 5142 2846 5182 esse
2877 5129 3151 5196 producta.

1984 5243 2001 5275 ⁸
2031 5243 2111 5310 _Sic
2131 5243 2270 5310 savii.
2298 5249 2359 5310 et.
2371 5243 2563 5306 quidam
2588 5250 2723 5304 Mss;
2746 5241 2910 5292 Morel.
2928 5257 3060 5305 vero,
3087 5251 3137 5295 ut
3159 5247 3423 5308 prtedicrnt
3445 5251 3518 5310 fi:-

1921 5305 2065 5355 cloris
2086 5303 2161 5368 sui
2184 5303 2454 5368 potentiam.
2773 5367 2798 5368 η
3049 5303 3055 5305 ⁷
3159 5303 3167 5308 ’
3317 5325 3319 5327 ί

1984 5369 2003 5398 ³
2028 5366 2369 5435 _coislia.,”....
2416 5379 2527 5435 qua:
2570 5370 2706 5416 sexto
2745 5367 2826 5417 die
2863 5374 2972 5418 sunt
2994 5369 3156 5435 facta;
3181 5377 3292 5421 tunc
3317 5371 3511 5435 quidem

1918 5427 2155 5496 seminum
2177 5426 2310 5496 dedit
2328 5426 2566 5496 germina,
2589 5441 2715 5496 nunc
2738 5436 2915 5496 autem,
2941 5426 3457 5496 oriiissis'interptisitls.

1983 5493 2004 5524 ³
2035 5488 2396 5558 Verisimiliter,
2423 5489 2557 5540 locus
2600 5489 2685 5540 ille
2721 5488 2949 5555 superius
2974 5493 3222 5558 dictorum
3245 5488 3510 5558 restanj'itio

1920 5561 2012 5627 est,
2043 5563 2093 5602 et
2117 5553 2194 5602 hic
2218 5553 2441 5602 eumdem
2459 5566 2660 5627 sensum
2681 5566 2737 5604 ac
2759 5553 2903 5618 supra
2932 5555 3109 5627 egeno
3135 5558 3303 5627 debet,
3330 5553 3508 5627 nouunt

1921 5615 2047 5683 hunc
2073 5629 2084 5664 :
2116 5623 2266 5664 Deum
2288 5627 2379 5683 non
2397 5613 2561 5683 ρηιηὶα
2581 5617 2647 5683 ad
2662 5613 2887 5683 nostram
2903 5618 3148 5669 utilitatem
3182 5613 3465 5680 produxisse
3486 5659 3500 5683 ,

1921 5679 2006 5742 sed
2029 5684 2069 5727 et
2095 5685 2289 5742 propter
2314 5676 2461 5737 ipsius
2485 5678 2722 5742 ηιηῳιίίὶιςι
2740 5679 2908 5730 utinm.

1986 5740 2006 5774 δ
2038 5740 2248 5799 misum,
2270 5749 2465 5805 propter
2488 5740 2688 5806 gloiiaut
2715 5742 2826 5793 inde
2861 5749 3125 5794 venturam.
