  <div class='ocr_page' id='page_1' title='image "/cluster/home/n/w/nwhite01/storage/ocr_20150623/53-54/hvd.32044012465829/067.png"; bbox 0 0 3784 6234; ppageno 0'>
   <div class='ocr_carea' id='block_1_1' title="bbox 269 240 3535 317">
    <p class='ocr_par' dir='ltr' id='par_1_1' title="bbox 269 240 3535 317">
     <span class='ocr_line' id='line_1_1' title="bbox 269 240 3535 317; baseline -0.007 0"><span class='ocrx_word' id='word_1_1' title='bbox 269 262 332 317; x_wconf 80' lang='lat'><strong>67</strong></span> <span class='ocrx_word' id='word_1_2' title='bbox 973 254 1028 309; x_wconf 90' lang='lat' dir='ltr'><strong><em>S.</em></strong></span> <span class='ocrx_word' id='word_1_3' title='bbox 1066 250 1343 308; x_wconf 71' lang='lat' dir='ltr'><strong><em>JOANNIS</em></strong></span> <span class='ocrx_word' id='word_1_4' title='bbox 1379 242 1849 305; x_wconf 64' lang='lat' dir='ltr'><strong><em>CHRYSUSTOMI</em></strong></span> <span class='ocrx_word' id='word_1_5' title='bbox 1886 240 2206 303; x_wconf 64' lang='lat' dir='ltr'><strong><em>ARCHIEP.</em></strong></span> <span class='ocrx_word' id='word_1_6' title='bbox 2246 241 2775 299; x_wconf 66' lang='lat' dir='ltr'><strong><em>CONSTANTINOP.</em></strong></span> <span class='ocrx_word' id='word_1_7' title='bbox 3468 251 3535 306; x_wconf 75' lang='lat'><strong><em>53</em></strong></span> 
     </span>
    </p>
   </div>
   <div class='ocr_carea' id='block_1_2' title="bbox 335 366 1845 449">
    <p class='ocr_par' dir='ltr' id='par_1_2' title="bbox 335 366 1845 449">
     <span class='ocr_line' id='line_1_2' title="bbox 335 366 1845 449; baseline -0.014 -13"><span class='ocrx_word' id='word_1_8' title='bbox 335 378 420 435; x_wconf 69' lang='grc' dir='ltr'><strong><em>ετ</em></strong></span> <span class='ocrx_word' id='word_1_9' title='bbox 442 382 662 449; x_wconf 71' lang='lat' dir='ltr'><strong><em>ferarum</em></strong></span> <span class='ocrx_word' id='word_1_10' title='bbox 684 383 727 429; x_wconf 90' lang='lat' dir='ltr'><strong><em>et</em></strong></span> <span class='ocrx_word' id='word_1_11' title='bbox 747 374 1047 441; x_wconf 73' lang='lat' dir='ltr'><strong><em>serpentium</em></strong></span> <span class='ocrx_word' id='word_1_12' title='bbox 1068 368 1357 438; x_wconf 71' lang='lat' dir='ltr'><strong><em>corporibus</em></strong></span> <span class='ocrx_word' id='word_1_13' title='bbox 1375 383 1486 437; x_wconf 71' lang='lat' dir='ltr'><strong><em>qtae</em></strong></span> <span class='ocrx_word' id='word_1_14' title='bbox 1510 367 1697 420; x_wconf 85' lang='lat' dir='ltr'><strong><em>utilitas</em></strong></span> <span class='ocrx_word' id='word_1_15' title='bbox 1717 366 1845 418; x_wconf 82' lang='lat' dir='ltr'><strong><em>oria-</em></strong></span> 
     </span>
    </p>
   </div>
   <div class='ocr_carea' id='block_1_3' title="bbox 267 455 1849 536">
    <p class='ocr_par' dir='ltr' id='par_1_3' title="bbox 267 455 1849 536">
     <span class='ocr_line' id='line_1_3' title="bbox 267 455 1849 536; baseline -0.01 -13"><span class='ocrx_word' id='word_1_16' title='bbox 267 468 561 523; x_wconf 74' lang='lat' dir='ltr'><strong><em>tur.—25.t</em></strong></span> <span class='ocrx_word' id='word_1_17' title='bbox 579 465 642 519; x_wconf 81' lang='lat' dir='ltr'><strong><em>Et</em></strong></span> <span class='ocrx_word' id='word_1_18' title='bbox 665 466 803 536; x_wconf 75' lang='lat' dir='ltr'><strong><em>fecit,</em></strong></span> <span class='ocrx_word' id='word_1_19' title='bbox 832 463 1019 532; x_wconf 90' lang='lat' dir='ltr'><strong>inquit,</strong></span> <span class='ocrx_word' id='word_1_20' title='bbox 1044 460 1182 513; x_wconf 85' lang='lat' dir='ltr'><strong><em>Deus</em></strong></span> <span class='ocrx_word' id='word_1_21' title='bbox 1205 458 1385 512; x_wconf 77' lang='lat' dir='ltr'><strong><em>bestias</em></strong></span> <span class='ocrx_word' id='word_1_22' title='bbox 1412 469 1557 511; x_wconf 82' lang='lat' dir='ltr'><strong><em>terra:</em></strong></span> <span class='ocrx_word' id='word_1_23' title='bbox 1576 455 1849 510; x_wconf 83' lang='lat' dir='ltr'><strong><em>secundum</em></strong></span> 
     </span>
    </p>
   </div>
   <div class='ocr_carea' id='block_1_4' title="bbox 264 547 1849 630">
    <p class='ocr_par' dir='ltr' id='par_1_4' title="bbox 264 547 1849 630">
     <span class='ocr_line' id='line_1_4' title="bbox 264 547 1849 630; baseline -0.009 -17"><span class='ocrx_word' id='word_1_24' title='bbox 264 576 419 630; x_wconf 83' lang='lat' dir='ltr'><strong><em>genus</em></strong></span> <span class='ocrx_word' id='word_1_25' title='bbox 449 574 615 623; x_wconf 86' lang='lat' dir='ltr'><strong><em>suum,</em></strong></span> <span class='ocrx_word' id='word_1_26' title='bbox 645 568 690 611; x_wconf 88' lang='lat' dir='ltr'><strong><em>et</em></strong></span> <span class='ocrx_word' id='word_1_27' title='bbox 722 572 901 624; x_wconf 79' lang='lat' dir='ltr'><strong><em>pecora</em></strong></span> <span class='ocrx_word' id='word_1_28' title='bbox 930 552 1201 607; x_wconf 81' lang='lat' dir='ltr'><strong><em>secundum</em></strong></span> <span class='ocrx_word' id='word_1_29' title='bbox 1228 566 1385 619; x_wconf 84' lang='lat' dir='ltr'><strong><em>genus</em></strong></span> <span class='ocrx_word' id='word_1_30' title='bbox 1413 566 1582 613; x_wconf 87' lang='lat' dir='ltr'><strong><em>suum,</em></strong></span> <span class='ocrx_word' id='word_1_31' title='bbox 1610 557 1656 602; x_wconf 84' lang='lat' dir='ltr'><strong><em>et</em></strong></span> <span class='ocrx_word' id='word_1_32' title='bbox 1682 547 1849 601; x_wconf 81' lang='lat' dir='ltr'><strong><em>omnia</em></strong></span> 
     </span>
    </p>
   </div>
   <div class='ocr_carea' id='block_1_5' title="bbox 265 638 1849 721">
    <p class='ocr_par' dir='ltr' id='par_1_5' title="bbox 265 638 1849 721">
     <span class='ocr_line' id='line_1_5' title="bbox 265 638 1849 721; baseline -0.008 -17"><span class='ocrx_word' id='word_1_33' title='bbox 265 651 464 721; x_wconf 85' lang='lat' dir='ltr'><strong><em>reptilia</em></strong></span> <span class='ocrx_word' id='word_1_34' title='bbox 486 658 631 702; x_wconf 75' lang='lat' dir='ltr'><strong><em>terra:</em></strong></span> <span class='ocrx_word' id='word_1_35' title='bbox 654 646 925 700; x_wconf 83' lang='lat' dir='ltr'><strong><em>secundum</em></strong></span> <span class='ocrx_word' id='word_1_36' title='bbox 948 661 1101 714; x_wconf 80' lang='lat' dir='ltr'><strong><em>genus</em></strong></span> <span class='ocrx_word' id='word_1_37' title='bbox 1123 660 1289 697; x_wconf 86' lang='lat' dir='ltr'><strong><em>suum.</em></strong></span> <span class='ocrx_word' id='word_1_38' title='bbox 1318 642 1382 696; x_wconf 79' lang='lat' dir='ltr'><strong><em>Et</em></strong></span> <span class='ocrx_word' id='word_1_39' title='bbox 1410 642 1530 694; x_wconf 81' lang='lat' dir='ltr'><strong><em>vidit</em></strong></span> <span class='ocrx_word' id='word_1_40' title='bbox 1556 640 1691 693; x_wconf 90' lang='lat' dir='ltr'><strong><em>Deus</em></strong></span> <span class='ocrx_word' id='word_1_41' title='bbox 1714 638 1849 708; x_wconf 81' lang='lat' dir='ltr'><strong><em>quod</em></strong></span> 
     </span>
    </p>
   </div>
   <div class='ocr_carea' id='block_1_6' title="bbox 265 732 1849 804">
    <p class='ocr_par' dir='ltr' id='par_1_6' title="bbox 265 732 1849 804">
     <span class='ocr_line' id='line_1_6' title="bbox 265 732 1849 804; baseline -0.004 -11"><span class='ocrx_word' id='word_1_42' title='bbox 265 749 425 793; x_wconf 80' lang='lat' dir='ltr'><strong><em>essent</em></strong></span> <span class='ocrx_word' id='word_1_43' title='bbox 451 738 600 792; x_wconf 72' lang='lat' dir='ltr'><strong><em>bona.</em></strong></span> <span class='ocrx_word' id='word_1_44' title='bbox 632 756 650 789; x_wconf 73' lang='grc' dir='ltr'><strong><em>ι</em></strong></span> <span class='ocrx_word' id='word_1_45' title='bbox 679 737 777 792; x_wconf 93' lang='lat' dir='ltr'><strong>Ubi</strong></span> <span class='ocrx_word' id='word_1_46' title='bbox 806 750 945 790; x_wconf 90' lang='lat' dir='ltr'><strong><em>nunc</em></strong></span> <span class='ocrx_word' id='word_1_47' title='bbox 965 744 1087 789; x_wconf 85' lang='lat' dir='ltr'><strong><em>sunt</em></strong></span> <span class='ocrx_word' id='word_1_48' title='bbox 1111 735 1196 804; x_wconf 85' lang='lat' dir='ltr'><strong><em>qui</em></strong></span> <span class='ocrx_word' id='word_1_49' title='bbox 1220 734 1397 788; x_wconf 83' lang='lat' dir='ltr'><strong><em>dicere</em></strong></span> <span class='ocrx_word' id='word_1_50' title='bbox 1417 732 1613 787; x_wconf 82' lang='lat' dir='ltr'><strong><em>audent</em></strong></span> <span class='ocrx_word' id='word_1_51' title='bbox 1639 748 1650 784; x_wconf 97' lang='lat'>:</span> <span class='ocrx_word' id='word_1_52' title='bbox 1675 732 1849 799; x_wconf 83' lang='lat' dir='ltr'><strong><em>Quare</em></strong></span> 
     </span>
    </p>
   </div>
   <div class='ocr_carea' id='block_1_7' title="bbox 265 822 1847 900">
    <p class='ocr_par' dir='ltr' id='par_1_7' title="bbox 265 822 1847 900">
     <span class='ocr_line' id='line_1_7' title="bbox 265 822 1847 900; baseline -0.006 -15"><span class='ocrx_word' id='word_1_53' title='bbox 265 830 426 895; x_wconf 74' lang='lat' dir='ltr'><strong><em>ferm,</em></strong></span> <span class='ocrx_word' id='word_1_54' title='bbox 472 844 634 900; x_wconf 85' lang='lat' dir='ltr'><strong>quare</strong></span> <span class='ocrx_word' id='word_1_55' title='bbox 685 828 890 897; x_wconf 88' lang='lat' dir='ltr'><strong><em>reptilia</em></strong></span> <span class='ocrx_word' id='word_1_56' title='bbox 934 835 1109 882; x_wconf 86' lang='lat' dir='ltr'><strong>creata</strong></span> <span class='ocrx_word' id='word_1_57' title='bbox 1152 825 1313 879; x_wconf 88' lang='lat' dir='ltr'><strong>sunt?</strong></span> <span class='ocrx_word' id='word_1_58' title='bbox 1352 823 1581 878; x_wconf 77' lang='lat' dir='ltr'><strong>Audiam</strong></span> <span class='ocrx_word' id='word_1_59' title='bbox 1617 822 1847 876; x_wconf 82' lang='lat' dir='ltr'><strong>divinam</strong></span> 
     </span>
    </p>
   </div>
   <div class='ocr_carea' id='block_1_8' title="bbox 263 912 1843 990">
    <p class='ocr_par' dir='ltr' id='par_1_8' title="bbox 263 912 1843 990">
     <span class='ocr_line' id='line_1_8' title="bbox 263 912 1843 990; baseline -0.007 -15"><span class='ocrx_word' id='word_1_60' title='bbox 263 921 588 990; x_wconf 86' lang='lat' dir='ltr'><strong><em>Scripturatn</em></strong></span> <span class='ocrx_word' id='word_1_61' title='bbox 615 920 878 974; x_wconf 78' lang='lat' dir='ltr'><strong><em>dicentem</em></strong></span> <span class='ocrx_word' id='word_1_62' title='bbox 906 937 919 973; x_wconf 93' lang='lat'><strong>:</strong></span> <span class='ocrx_word' id='word_1_63' title='bbox 952 917 1014 970; x_wconf 83' lang='lat' dir='ltr'><strong><em>Et</em></strong></span> <span class='ocrx_word' id='word_1_64' title='bbox 1041 918 1161 970; x_wconf 82' lang='lat' dir='ltr'><strong><em>vidit</em></strong></span> <span class='ocrx_word' id='word_1_65' title='bbox 1186 915 1322 969; x_wconf 80' lang='lat' dir='ltr'><strong><em>Deus</em></strong></span> <span class='ocrx_word' id='word_1_66' title='bbox 1350 915 1485 986; x_wconf 78' lang='lat' dir='ltr'><strong><em>quod</em></strong></span> <span class='ocrx_word' id='word_1_67' title='bbox 1512 923 1671 969; x_wconf 82' lang='lat' dir='ltr'><strong><em>essent</em></strong></span> <span class='ocrx_word' id='word_1_68' title='bbox 1696 912 1843 966; x_wconf 85' lang='lat' dir='ltr'><strong><em>bona.</em></strong></span> 
     </span>
    </p>
   </div>
   <div class='ocr_carea' id='block_1_9' title="bbox 266 1006 1849 1081">
    <p class='ocr_par' dir='ltr' id='par_1_9' title="bbox 266 1006 1849 1081">
     <span class='ocr_line' id='line_1_9' title="bbox 266 1006 1849 1081; baseline -0.007 -12"><span class='ocrx_word' id='word_1_69' title='bbox 266 1016 388 1081; x_wconf 75' lang='lat' dir='ltr'><strong><em>hic,</em></strong></span> <span class='ocrx_word' id='word_1_70' title='bbox 420 1015 644 1068; x_wconf 84' lang='lat' dir='ltr'><strong><em>obsecro</em></strong></span> <span class='ocrx_word' id='word_1_71' title='bbox 663 1054 676 1077; x_wconf 92' lang='lat'><strong><em>,</em></strong></span> <span class='ocrx_word' id='word_1_72' title='bbox 714 1013 825 1081; x_wconf 90' lang='lat' dir='ltr'><strong><em>ipse</em></strong></span> <span class='ocrx_word' id='word_1_73' title='bbox 853 1010 941 1081; x_wconf 91' lang='lat' dir='ltr'><strong><em>qui</em></strong></span> <span class='ocrx_word' id='word_1_74' title='bbox 971 1009 1168 1065; x_wconf 88' lang='lat' dir='ltr'><strong><em>creavit</em></strong></span> <span class='ocrx_word' id='word_1_75' title='bbox 1192 1007 1371 1063; x_wconf 88' lang='lat' dir='ltr'><strong>laudat</strong></span> <span class='ocrx_word' id='word_1_76' title='bbox 1397 1006 1561 1071; x_wconf 88' lang='lat' dir='ltr'><strong><em>facta,</em></strong></span> <span class='ocrx_word' id='word_1_77' title='bbox 1591 1016 1644 1060; x_wconf 88' lang='lat' dir='ltr'><strong>et</strong></span> <span class='ocrx_word' id='word_1_78' title='bbox 1672 1015 1725 1059; x_wconf 93' lang='lat' dir='ltr'><strong><em>tu</em></strong></span> <span class='ocrx_word' id='word_1_79' title='bbox 1756 1020 1849 1058; x_wconf 88' lang='lat' dir='ltr'><strong><em>au-</em></strong></span> 
     </span>
    </p>
   </div>
   <div class='ocr_carea' id='block_1_10' title="bbox 266 1097 1848 1175">
    <p class='ocr_par' dir='ltr' id='par_1_10' title="bbox 266 1097 1848 1175">
     <span class='ocr_line' id='line_1_10' title="bbox 266 1097 1848 1175; baseline -0.006 -15"><span class='ocrx_word' id='word_1_80' title='bbox 266 1108 358 1162; x_wconf 89' lang='lat' dir='ltr'><strong><em>des</em></strong></span> <span class='ocrx_word' id='word_1_81' title='bbox 402 1105 831 1175; x_wconf 85' lang='lat' dir='ltr'><strong><em>reprehendere?</em></strong></span> <span class='ocrx_word' id='word_1_82' title='bbox 861 1104 1081 1171; x_wconf 74' lang='lat' dir='ltr'><strong><em>Quanta:</em></strong></span> <span class='ocrx_word' id='word_1_83' title='bbox 1118 1118 1223 1157; x_wconf 90' lang='lat' dir='ltr'><strong><em>non</em></strong></span> <span class='ocrx_word' id='word_1_84' title='bbox 1264 1100 1366 1156; x_wconf 89' lang='lat' dir='ltr'><strong><em>hoc</em></strong></span> <span class='ocrx_word' id='word_1_85' title='bbox 1406 1100 1561 1153; x_wconf 84' lang='lat' dir='ltr'><strong><em>fuerit</em></strong></span> <span class='ocrx_word' id='word_1_86' title='bbox 1591 1097 1848 1164; x_wconf 57' lang='lat' dir='ltr'><strong><em>insaniae?</em></strong></span> 
     </span>
    </p>
   </div>
   <div class='ocr_carea' id='block_1_11' title="bbox 264 1191 1849 1268">
    <p class='ocr_par' dir='ltr' id='par_1_11' title="bbox 264 1191 1849 1268">
     <span class='ocr_line' id='line_1_11' title="bbox 264 1191 1849 1268; baseline -0.006 -15"><span class='ocrx_word' id='word_1_87' title='bbox 264 1202 393 1268; x_wconf 84' lang='lat' dir='ltr'><strong>Quia</strong></span> <span class='ocrx_word' id='word_1_88' title='bbox 425 1207 481 1255; x_wconf 91' lang='lat' dir='ltr'><strong>et</strong></span> <span class='ocrx_word' id='word_1_89' title='bbox 506 1201 555 1252; x_wconf 92' lang='lat' dir='ltr'><strong><em>in</em></strong></span> <span class='ocrx_word' id='word_1_90' title='bbox 584 1198 877 1254; x_wconf 86' lang='lat' dir='ltr'><strong>seminibus</strong></span> <span class='ocrx_word' id='word_1_91' title='bbox 904 1208 957 1253; x_wconf 90' lang='lat' dir='ltr'><strong><em>et</em></strong></span> <span class='ocrx_word' id='word_1_92' title='bbox 984 1198 1035 1252; x_wconf 91' lang='lat' dir='ltr'><strong><em>in</em></strong></span> <span class='ocrx_word' id='word_1_93' title='bbox 1062 1195 1255 1265; x_wconf 80' lang='lat' dir='ltr'><strong>plantis</strong></span> <span class='ocrx_word' id='word_1_94' title='bbox 1281 1209 1385 1248; x_wconf 90' lang='lat' dir='ltr'><strong><em>non</em></strong></span> <span class='ocrx_word' id='word_1_95' title='bbox 1415 1193 1585 1247; x_wconf 89' lang='lat' dir='ltr'><strong><em>solum</em></strong></span> <span class='ocrx_word' id='word_1_96' title='bbox 1615 1191 1849 1245; x_wconf 82' lang='lat' dir='ltr'><strong><em>fructuo-</em></strong></span> 
     </span>
    </p>
   </div>
   <div class='ocr_carea' id='block_1_12' title="bbox 262 1285 1846 1361">
    <p class='ocr_par' dir='ltr' id='par_1_12' title="bbox 262 1285 1846 1361">
     <span class='ocr_line' id='line_1_12' title="bbox 262 1285 1846 1361; baseline -0.007 -15"><span class='ocrx_word' id='word_1_97' title='bbox 262 1309 349 1347; x_wconf 86' lang='lat' dir='ltr'><strong><em>sas</em></strong></span> <span class='ocrx_word' id='word_1_98' title='bbox 376 1294 614 1359; x_wconf 81' lang='lat' dir='ltr'><strong><em>arbores,</em></strong></span> <span class='ocrx_word' id='word_1_99' title='bbox 643 1290 735 1346; x_wconf 90' lang='lat' dir='ltr'><strong><em>sed</em></strong></span> <span class='ocrx_word' id='word_1_100' title='bbox 762 1300 816 1345; x_wconf 89' lang='lat' dir='ltr'><strong><em>et</em></strong></span> <span class='ocrx_word' id='word_1_101' title='bbox 852 1289 1159 1361; x_wconf 79' lang='lat' dir='ltr'><strong><em>sylvestres,</em></strong></span> <span class='ocrx_word' id='word_1_102' title='bbox 1186 1296 1240 1342; x_wconf 86' lang='lat' dir='ltr'><strong><em>et</em></strong></span> <span class='ocrx_word' id='word_1_103' title='bbox 1263 1285 1507 1349; x_wconf 82' lang='lat' dir='ltr'><strong><em>steriles;</em></strong></span> <span class='ocrx_word' id='word_1_104' title='bbox 1542 1294 1593 1338; x_wconf 91' lang='lat' dir='ltr'><strong><em>et</em></strong></span> <span class='ocrx_word' id='word_1_105' title='bbox 1623 1299 1726 1337; x_wconf 91' lang='lat' dir='ltr'><strong><em>non</em></strong></span> <span class='ocrx_word' id='word_1_106' title='bbox 1757 1296 1846 1336; x_wconf 86' lang='lat' dir='ltr'><strong><em>so-</em></strong></span> 
     </span>
    </p>
   </div>
   <div class='ocr_carea' id='block_1_13' title="bbox 266 1376 1850 1452">
    <p class='ocr_par' dir='ltr' id='par_1_13' title="bbox 266 1376 1850 1452">
     <span class='ocr_line' id='line_1_13' title="bbox 266 1376 1850 1452; baseline -0.009 -9"><span class='ocrx_word' id='word_1_107' title='bbox 266 1391 370 1443; x_wconf 91' lang='lat' dir='ltr'><strong><em>lum</em></strong></span> <span class='ocrx_word' id='word_1_108' title='bbox 408 1388 621 1444; x_wconf 90' lang='lat' dir='ltr'><strong><em>inutiles</em></strong></span> <span class='ocrx_word' id='word_1_109' title='bbox 650 1387 875 1449; x_wconf 81' lang='lat' dir='ltr'><strong><em>herbas,</em></strong></span> <span class='ocrx_word' id='word_1_110' title='bbox 907 1384 999 1440; x_wconf 84' lang='lat' dir='ltr'><strong>sed</strong></span> <span class='ocrx_word' id='word_1_111' title='bbox 1030 1392 1084 1439; x_wconf 91' lang='lat' dir='ltr'><strong><em>et</em></strong></span> <span class='ocrx_word' id='word_1_112' title='bbox 1123 1382 1418 1452; x_wconf 81' lang='lat' dir='ltr'><strong><em>incognitas</em></strong></span> <span class='ocrx_word' id='word_1_113' title='bbox 1458 1379 1612 1434; x_wconf 88' lang='lat' dir='ltr'><strong>nobis</strong></span> <span class='ocrx_word' id='word_1_114' title='bbox 1652 1376 1850 1445; x_wconf 79' lang='lat' dir='ltr'><strong><em>profert</em></strong></span> 
     </span>
    </p>
   </div>
   <div class='ocr_carea' id='block_1_14' title="bbox 262 1473 1851 1549">
    <p class='ocr_par' dir='ltr' id='par_1_14' title="bbox 262 1473 1851 1549">
     <span class='ocr_line' id='line_1_14' title="bbox 262 1473 1851 1549; baseline -0.008 -15"><span class='ocrx_word' id='word_1_115' title='bbox 262 1492 403 1535; x_wconf 78' lang='lat' dir='ltr'><strong><em>terra</em></strong></span> <span class='ocrx_word' id='word_1_116' title='bbox 429 1523 443 1546; x_wconf 93' lang='lat'><strong><em>,</em></strong></span> <span class='ocrx_word' id='word_1_117' title='bbox 485 1495 628 1549; x_wconf 77' lang='lat' dir='ltr'><strong><em>saepe</em></strong></span> <span class='ocrx_word' id='word_1_118' title='bbox 662 1480 821 1534; x_wconf 91' lang='lat' dir='ltr'><strong><em>etiam</em></strong></span> <span class='ocrx_word' id='word_1_119' title='bbox 866 1476 1096 1531; x_wconf 79' lang='lat' dir='ltr'><strong>noxias:</strong></span> <span class='ocrx_word' id='word_1_120' title='bbox 1131 1473 1223 1529; x_wconf 90' lang='lat' dir='ltr'><strong><em>sed</em></strong></span> <span class='ocrx_word' id='word_1_121' title='bbox 1264 1481 1543 1544; x_wconf 79' lang='lat' dir='ltr'><strong><em>propterea</em></strong></span> <span class='ocrx_word' id='word_1_122' title='bbox 1583 1485 1686 1523; x_wconf 92' lang='lat' dir='ltr'><strong><em>non</em></strong></span> <span class='ocrx_word' id='word_1_123' title='bbox 1726 1476 1851 1522; x_wconf 89' lang='lat' dir='ltr'><strong><em>sunt</em></strong></span> 
     </span>
    </p>
   </div>
   <div class='ocr_carea' id='block_1_15' title="bbox 261 1560 1849 1642">
    <p class='ocr_par' dir='ltr' id='par_1_15' title="bbox 261 1560 1849 1642">
     <span class='ocr_line' id='line_1_15' title="bbox 261 1560 1849 1642; baseline -0.006 -19"><span class='ocrx_word' id='word_1_124' title='bbox 261 1570 622 1642; x_wconf 71' lang='lat' dir='ltr'><strong><em>vituperonum</em></strong></span> <span class='ocrx_word' id='word_1_125' title='bbox 651 1577 909 1624; x_wconf 70' lang='lat' dir='ltr'><strong><em>creaturai</em></strong></span> <span class='ocrx_word' id='word_1_126' title='bbox 940 1586 952 1621; x_wconf 89' lang='lat'>:</span> <span class='ocrx_word' id='word_1_127' title='bbox 981 1567 1110 1620; x_wconf 87' lang='lat' dir='ltr'><strong>nihil</strong></span> <span class='ocrx_word' id='word_1_128' title='bbox 1135 1566 1274 1618; x_wconf 92' lang='lat' dir='ltr'><strong><em>enim</em></strong></span> <span class='ocrx_word' id='word_1_129' title='bbox 1308 1572 1507 1618; x_wconf 77' lang='lat' dir='ltr'><strong><em>temere</em></strong></span> <span class='ocrx_word' id='word_1_130' title='bbox 1534 1569 1625 1615; x_wconf 92' lang='lat' dir='ltr'><strong>aut</strong></span> <span class='ocrx_word' id='word_1_131' title='bbox 1655 1560 1849 1613; x_wconf 81' lang='lat' dir='ltr'><strong><em>frustra</em></strong></span> 
     </span>
    </p>
   </div>
   <div class='ocr_carea' id='block_1_16' title="bbox 263 1652 1848 1728">
    <p class='ocr_par' dir='ltr' id='par_1_16' title="bbox 263 1652 1848 1728">
     <span class='ocr_line' id='line_1_16' title="bbox 263 1652 1848 1728; baseline -0.007 -13"><span class='ocrx_word' id='word_1_132' title='bbox 263 1662 545 1716; x_wconf 85' lang='lat' dir='ltr'><strong><em>formatum</em></strong></span> <span class='ocrx_word' id='word_1_133' title='bbox 576 1670 673 1715; x_wconf 81' lang='lat' dir='ltr'><strong><em>est.</em></strong></span> <span class='ocrx_word' id='word_1_134' title='bbox 704 1659 845 1715; x_wconf 89' lang='lat' dir='ltr'><strong><em>Sane</em></strong></span> <span class='ocrx_word' id='word_1_135' title='bbox 882 1674 1055 1728; x_wconf 90' lang='lat' dir='ltr'><strong><em>neque</em></strong></span> <span class='ocrx_word' id='word_1_136' title='bbox 1092 1655 1302 1711; x_wconf 86' lang='lat' dir='ltr'><strong><em>laudem</em></strong></span> <span class='ocrx_word' id='word_1_137' title='bbox 1341 1654 1480 1725; x_wconf 90' lang='lat' dir='ltr'><strong><em>apud</em></strong></span> <span class='ocrx_word' id='word_1_138' title='bbox 1506 1652 1848 1709; x_wconf 88' lang='lat' dir='ltr'><strong><em>Conditorem</em></strong></span> 
     </span>
    </p>
   </div>
   <div class='ocr_carea' id='block_1_17' title="bbox 262 1745 1846 1819">
    <p class='ocr_par' dir='ltr' id='par_1_17' title="bbox 262 1745 1846 1819">
     <span class='ocr_line' id='line_1_17' title="bbox 262 1745 1846 1819; baseline -0.006 -13"><span class='ocrx_word' id='word_1_139' title='bbox 262 1754 605 1819; x_wconf 75' lang='lat' dir='ltr'><strong><em>invenissent,</em></strong></span> <span class='ocrx_word' id='word_1_140' title='bbox 631 1753 729 1806; x_wconf 90' lang='lat' dir='ltr'><strong><em>nisi</em></strong></span> <span class='ocrx_word' id='word_1_141' title='bbox 755 1751 819 1806; x_wconf 88' lang='lat' dir='ltr'><strong><em>ad</em></strong></span> <span class='ocrx_word' id='word_1_142' title='bbox 843 1751 1121 1806; x_wconf 81' lang='lat' dir='ltr'><strong>utilitatem</strong></span> <span class='ocrx_word' id='word_1_143' title='bbox 1145 1749 1375 1818; x_wconf 79' lang='lat' dir='ltr'><strong>aliquam</strong></span> <span class='ocrx_word' id='word_1_144' title='bbox 1396 1745 1622 1802; x_wconf 74' lang='lat' dir='ltr'><strong><em>condita:</em></strong></span> <span class='ocrx_word' id='word_1_145' title='bbox 1648 1752 1846 1799; x_wconf 88' lang='lat' dir='ltr'><strong><em>essent.</em></strong></span> 
     </span>
    </p>
   </div>
   <div class='ocr_carea' id='block_1_18' title="bbox 262 1836 1849 1915">
    <p class='ocr_par' dir='ltr' id='par_1_18' title="bbox 262 1836 1849 1915">
     <span class='ocr_line' id='line_1_18' title="bbox 262 1836 1849 1915; baseline -0.005 -16"><span class='ocrx_word' id='word_1_146' title='bbox 262 1844 441 1915; x_wconf 87' lang='lat' dir='ltr'><strong>itaque</strong></span> <span class='ocrx_word' id='word_1_147' title='bbox 473 1846 606 1899; x_wconf 89' lang='lat' dir='ltr'><strong><em>sicut</em></strong></span> <span class='ocrx_word' id='word_1_148' title='bbox 648 1847 699 1899; x_wconf 92' lang='lat' dir='ltr'><strong><em>in</em></strong></span> <span class='ocrx_word' id='word_1_149' title='bbox 738 1844 1015 1899; x_wconf 83' lang='lat' dir='ltr'><strong><em>arboribus</em></strong></span> <span class='ocrx_word' id='word_1_150' title='bbox 1045 1858 1151 1896; x_wconf 91' lang='lat' dir='ltr'><strong><em>non</em></strong></span> <span class='ocrx_word' id='word_1_151' title='bbox 1182 1856 1368 1896; x_wconf 90' lang='lat' dir='ltr'><strong><em>omnes</em></strong></span> <span class='ocrx_word' id='word_1_152' title='bbox 1402 1839 1723 1904; x_wconf 64' lang='lat' dir='ltr'><strong><em>fructuosae,</em></strong></span> <span class='ocrx_word' id='word_1_153' title='bbox 1754 1836 1849 1891; x_wconf 84' lang='lat' dir='ltr'><strong><em>sed</em></strong></span> 
     </span>
    </p>
   </div>
   <div class='ocr_carea' id='block_1_19' title="bbox 260 1928 1846 2000">
    <p class='ocr_par' dir='ltr' id='par_1_19' title="bbox 260 1928 1846 2000">
     <span class='ocr_line' id='line_1_19' title="bbox 260 1928 1846 2000; baseline -0.004 -11"><span class='ocrx_word' id='word_1_154' title='bbox 260 1946 312 1989; x_wconf 77' lang='lat' dir='ltr'><strong><em>et</em></strong></span> <span class='ocrx_word' id='word_1_155' title='bbox 349 1934 689 1990; x_wconf 70' lang='lat' dir='ltr'><strong><em>infructuosa:</em></strong></span> <span class='ocrx_word' id='word_1_156' title='bbox 730 1935 910 1989; x_wconf 69' lang='lat' dir='ltr'><strong><em>multa:</em></strong></span> <span class='ocrx_word' id='word_1_157' title='bbox 939 1950 951 1986; x_wconf 88' lang='lat'><strong>:</strong></span> <span class='ocrx_word' id='word_1_158' title='bbox 984 1943 1215 1987; x_wconf 90' lang='lat' dir='ltr'><strong><em>attamen</em></strong></span> <span class='ocrx_word' id='word_1_159' title='bbox 1247 1931 1351 1985; x_wconf 70' lang='lat' dir='ltr'><strong><em>illa:</em></strong></span> <span class='ocrx_word' id='word_1_160' title='bbox 1382 1930 1509 2000; x_wconf 64' lang='lat' dir='ltr'><strong><em>ipsa:</em></strong></span> <span class='ocrx_word' id='word_1_161' title='bbox 1536 1945 1641 1984; x_wconf 91' lang='lat' dir='ltr'><strong><em>non</em></strong></span> <span class='ocrx_word' id='word_1_162' title='bbox 1671 1928 1846 1982; x_wconf 82' lang='lat' dir='ltr'><strong><em>mino-</em></strong></span> 
     </span>
    </p>
   </div>
   <div class='ocr_carea' id='block_1_20' title="bbox 262 2018 1847 2095">
    <p class='ocr_par' dir='ltr' id='par_1_20' title="bbox 262 2018 1847 2095">
     <span class='ocr_line' id='line_1_20' title="bbox 262 2018 1847 2095; baseline -0.003 -18"><span class='ocrx_word' id='word_1_163' title='bbox 262 2042 372 2078; x_wconf 77' lang='lat' dir='ltr'><strong><em>rem</em></strong></span> <span class='ocrx_word' id='word_1_164' title='bbox 402 2025 573 2092; x_wconf 88' lang='lat' dir='ltr'><strong>nobis,</strong></span> <span class='ocrx_word' id='word_1_165' title='bbox 601 2042 757 2095; x_wconf 89' lang='lat' dir='ltr'><strong><em>quam</em></strong></span> <span class='ocrx_word' id='word_1_166' title='bbox 787 2025 1068 2079; x_wconf 73' lang='lat' dir='ltr'><strong><em>fructuosm</em></strong></span> <span class='ocrx_word' id='word_1_167' title='bbox 1096 2024 1392 2087; x_wconf 84' lang='lat' dir='ltr'><strong>utilitatem,</strong></span> <span class='ocrx_word' id='word_1_168' title='bbox 1427 2035 1648 2089; x_wconf 89' lang='lat' dir='ltr'><strong>eamque</strong></span> <span class='ocrx_word' id='word_1_169' title='bbox 1674 2018 1847 2072; x_wconf 86' lang='lat' dir='ltr'><strong><em>admi-</em></strong></span> 
     </span>
    </p>
   </div>
   <div class='ocr_carea' id='block_1_21' title="bbox 259 2111 1845 2185">
    <p class='ocr_par' dir='ltr' id='par_1_21' title="bbox 259 2111 1845 2185">
     <span class='ocr_line' id='line_1_21' title="bbox 259 2111 1845 2185; baseline -0.004 -17"><span class='ocrx_word' id='word_1_170' title='bbox 259 2116 481 2169; x_wconf 82' lang='lat' dir='ltr'><strong><em>rabilem</em></strong></span> <span class='ocrx_word' id='word_1_171' title='bbox 509 2158 522 2178; x_wconf 97' lang='lat'><strong><em>,</em></strong></span> <span class='ocrx_word' id='word_1_172' title='bbox 554 2126 607 2170; x_wconf 89' lang='lat' dir='ltr'><strong>et</strong></span> <span class='ocrx_word' id='word_1_173' title='bbox 638 2117 799 2185; x_wconf 83' lang='lat' dir='ltr'><strong>quieti</strong></span> <span class='ocrx_word' id='word_1_174' title='bbox 831 2125 1026 2170; x_wconf 67' lang='lat' dir='ltr'><strong><em>nostra:</em></strong></span> <span class='ocrx_word' id='word_1_175' title='bbox 1067 2114 1389 2169; x_wconf 73' lang='lat' dir='ltr'><strong><em>servientem</em></strong></span> <span class='ocrx_word' id='word_1_176' title='bbox 1415 2111 1694 2167; x_wconf 90' lang='lat' dir='ltr'><strong><em>conferunt</em></strong></span> <span class='ocrx_word' id='word_1_177' title='bbox 1722 2128 1734 2164; x_wconf 89' lang='lat'><strong>:</strong></span> <span class='ocrx_word' id='word_1_178' title='bbox 1763 2117 1845 2163; x_wconf 81' lang='lat' dir='ltr'><strong><em>et-</em></strong></span> 
     </span>
    </p>
   </div>
   <div class='ocr_carea' id='block_1_22' title="bbox 259 2200 1845 2275">
    <p class='ocr_par' dir='ltr' id='par_1_22' title="bbox 259 2200 1845 2275">
     <span class='ocr_line' id='line_1_22' title="bbox 259 2200 1845 2275; baseline -0.004 -16"><span class='ocrx_word' id='word_1_179' title='bbox 259 2208 400 2259; x_wconf 85' lang='lat' dir='ltr'><strong>enim</strong></span> <span class='ocrx_word' id='word_1_180' title='bbox 451 2223 515 2259; x_wconf 82' lang='lat' dir='ltr'><strong><em>ex</em></strong></span> <span class='ocrx_word' id='word_1_181' title='bbox 564 2207 691 2275; x_wconf 76' lang='lat' dir='ltr'><strong><em>ipsis</em></strong></span> <span class='ocrx_word' id='word_1_182' title='bbox 740 2206 1001 2272; x_wconf 66' lang='lat' dir='ltr'><strong><em>aedilicia,</em></strong></span> <span class='ocrx_word' id='word_1_183' title='bbox 1043 2214 1094 2259; x_wconf 90' lang='lat' dir='ltr'><strong>et</strong></span> <span class='ocrx_word' id='word_1_184' title='bbox 1142 2204 1303 2259; x_wconf 88' lang='lat' dir='ltr'><strong><em>multa</em></strong></span> <span class='ocrx_word' id='word_1_185' title='bbox 1345 2204 1445 2258; x_wconf 90' lang='lat' dir='ltr'><strong>alia</strong></span> <span class='ocrx_word' id='word_1_186' title='bbox 1495 2201 1562 2257; x_wconf 90' lang='lat' dir='ltr'><strong><em>ad</em></strong></span> <span class='ocrx_word' id='word_1_187' title='bbox 1613 2200 1845 2271; x_wconf 86' lang='lat' dir='ltr'><strong>quietem</strong></span> 
     </span>
    </p>
   </div>
   <div class='ocr_carea' id='block_1_23' title="bbox 261 2293 1849 2368">
    <p class='ocr_par' dir='ltr' id='par_1_23' title="bbox 261 2293 1849 2368">
     <span class='ocr_line' id='line_1_23' title="bbox 261 2293 1849 2368; baseline -0.003 -16"><span class='ocrx_word' id='word_1_188' title='bbox 261 2311 497 2352; x_wconf 85' lang='lat' dir='ltr'><strong><em>nostram</em></strong></span> <span class='ocrx_word' id='word_1_189' title='bbox 542 2298 857 2368; x_wconf 76' lang='lat' dir='ltr'><strong>pertinentia</strong></span> <span class='ocrx_word' id='word_1_190' title='bbox 890 2298 1205 2352; x_wconf 86' lang='lat' dir='ltr'><strong><em>fabricamus</em></strong></span> <span class='ocrx_word' id='word_1_191' title='bbox 1236 2313 1248 2348; x_wconf 74' lang='grc' dir='ltr'>ε</span> <span class='ocrx_word' id='word_1_192' title='bbox 1282 2305 1334 2350; x_wconf 88' lang='lat' dir='ltr'><strong><em>et</em></strong></span> <span class='ocrx_word' id='word_1_193' title='bbox 1361 2295 1577 2350; x_wconf 92' lang='lat' dir='ltr'><strong><em>omnino</em></strong></span> <span class='ocrx_word' id='word_1_194' title='bbox 1609 2293 1734 2347; x_wconf 87' lang='lat' dir='ltr'><strong>nihil</strong></span> <span class='ocrx_word' id='word_1_195' title='bbox 1763 2304 1849 2347; x_wconf 88' lang='lat' dir='ltr'><strong>est</strong></span> 
     </span>
    </p>
   </div>
   <div class='ocr_carea' id='block_1_24' title="bbox 259 2385 1843 2461">
    <p class='ocr_par' dir='ltr' id='par_1_24' title="bbox 259 2385 1843 2461">
     <span class='ocr_line' id='line_1_24' title="bbox 259 2385 1843 2461; baseline -0.003 -18"><span class='ocrx_word' id='word_1_196' title='bbox 259 2392 398 2461; x_wconf 88' lang='lat' dir='ltr'><strong><em>quod</em></strong></span> <span class='ocrx_word' id='word_1_197' title='bbox 442 2406 544 2445; x_wconf 91' lang='lat' dir='ltr'><strong><em>non</em></strong></span> <span class='ocrx_word' id='word_1_198' title='bbox 589 2392 793 2446; x_wconf 89' lang='lat' dir='ltr'><strong><em>ratione</em></strong></span> <span class='ocrx_word' id='word_1_199' title='bbox 832 2391 1004 2461; x_wconf 86' lang='lat' dir='ltr'><strong>aliqua</strong></span> <span class='ocrx_word' id='word_1_200' title='bbox 1051 2389 1333 2444; x_wconf 91' lang='lat' dir='ltr'><strong><em>formatum</em></strong></span> <span class='ocrx_word' id='word_1_201' title='bbox 1374 2389 1468 2451; x_wconf 88' lang='lat' dir='ltr'><strong>sit,</strong></span> <span class='ocrx_word' id='word_1_202' title='bbox 1502 2387 1708 2442; x_wconf 90' lang='lat' dir='ltr'><strong><em>etiamsi</em></strong></span> <span class='ocrx_word' id='word_1_203' title='bbox 1749 2385 1843 2440; x_wconf 85' lang='lat' dir='ltr'><strong><em>hu-</em></strong></span> 
     </span>
    </p>
   </div>
   <div class='ocr_carea' id='block_1_25' title="bbox 259 2482 1843 2551">
    <p class='ocr_par' dir='ltr' id='par_1_25' title="bbox 259 2482 1843 2551">
     <span class='ocr_line' id='line_1_25' title="bbox 259 2482 1843 2551; baseline -0.001 -14"><span class='ocrx_word' id='word_1_204' title='bbox 259 2500 413 2539; x_wconf 87' lang='lat' dir='ltr'><strong>mana</strong></span> <span class='ocrx_word' id='word_1_205' title='bbox 460 2496 643 2539; x_wconf 89' lang='lat' dir='ltr'><strong>natura</strong></span> <span class='ocrx_word' id='word_1_206' title='bbox 690 2486 864 2539; x_wconf 88' lang='lat' dir='ltr'><strong>omnia</strong></span> <span class='ocrx_word' id='word_1_207' title='bbox 906 2486 995 2540; x_wconf 91' lang='lat' dir='ltr'><strong><em>illa</em></strong></span> <span class='ocrx_word' id='word_1_208' title='bbox 1032 2492 1277 2539; x_wconf 89' lang='lat' dir='ltr'><strong><em>accurate</em></strong></span> <span class='ocrx_word' id='word_1_209' title='bbox 1313 2483 1449 2537; x_wconf 91' lang='lat' dir='ltr'><strong><em>scire</em></strong></span> <span class='ocrx_word' id='word_1_210' title='bbox 1486 2498 1589 2536; x_wconf 90' lang='lat' dir='ltr'><strong><em>non</em></strong></span> <span class='ocrx_word' id='word_1_211' title='bbox 1631 2482 1797 2551; x_wconf 89' lang='lat' dir='ltr'><strong><em>possit</em></strong></span> <span class='ocrx_word' id='word_1_212' title='bbox 1830 2499 1843 2535; x_wconf 89' lang='lat'>:</span> 
     </span>
    </p>
   </div>
   <div class='ocr_carea' id='block_1_26' title="bbox 260 2572 1843 2646">
    <p class='ocr_par' dir='ltr' id='par_1_26' title="bbox 260 2572 1843 2646">
     <span class='ocr_line' id='line_1_26' title="bbox 260 2572 1843 2646; baseline -0.002 -18"><span class='ocrx_word' id='word_1_213' title='bbox 260 2576 481 2646; x_wconf 77' lang='lat' dir='ltr'><strong>proinde</strong></span> <span class='ocrx_word' id='word_1_214' title='bbox 518 2577 654 2630; x_wconf 83' lang='lat' dir='ltr'><strong><em>sicut</em></strong></span> <span class='ocrx_word' id='word_1_215' title='bbox 687 2578 736 2630; x_wconf 91' lang='lat' dir='ltr'><strong><em>in</em></strong></span> <span class='ocrx_word' id='word_1_216' title='bbox 768 2576 1049 2631; x_wconf 85' lang='lat' dir='ltr'><strong><em>arboribus</em></strong></span> <span class='ocrx_word' id='word_1_217' title='bbox 1071 2617 1087 2643; x_wconf 92' lang='lat'><strong>,</strong></span> <span class='ocrx_word' id='word_1_218' title='bbox 1122 2575 1189 2629; x_wconf 89' lang='lat' dir='ltr'><strong>ita</strong></span> <span class='ocrx_word' id='word_1_219' title='bbox 1220 2585 1274 2630; x_wconf 92' lang='lat' dir='ltr'><strong><em>et</em></strong></span> <span class='ocrx_word' id='word_1_220' title='bbox 1304 2574 1355 2628; x_wconf 92' lang='lat' dir='ltr'><strong><em>in</em></strong></span> <span class='ocrx_word' id='word_1_221' title='bbox 1387 2573 1703 2628; x_wconf 87' lang='lat' dir='ltr'><strong>animalibus</strong></span> <span class='ocrx_word' id='word_1_222' title='bbox 1740 2572 1843 2627; x_wconf 89' lang='lat' dir='ltr'><strong><em>alia</em></strong></span> 
     </span>
    </p>
   </div>
   <div class='ocr_carea' id='block_1_27' title="bbox 260 2665 1845 2737">
    <p class='ocr_par' dir='ltr' id='par_1_27' title="bbox 260 2665 1845 2737">
     <span class='ocr_line' id='line_1_27' title="bbox 260 2665 1845 2737; baseline 0.001 -19"><span class='ocrx_word' id='word_1_223' title='bbox 260 2667 471 2736; x_wconf 85' lang='lat' dir='ltr'><strong><em>quidem</em></strong></span> <span class='ocrx_word' id='word_1_224' title='bbox 503 2667 567 2721; x_wconf 89' lang='lat' dir='ltr'><strong><em>ad</em></strong></span> <span class='ocrx_word' id='word_1_225' title='bbox 598 2668 772 2722; x_wconf 88' lang='lat' dir='ltr'><strong><em>cibum</em></strong></span> <span class='ocrx_word' id='word_1_226' title='bbox 805 2677 1040 2722; x_wconf 89' lang='lat' dir='ltr'><strong><em>nostrum</em></strong></span> <span class='ocrx_word' id='word_1_227' title='bbox 1071 2667 1354 2737; x_wconf 85' lang='lat' dir='ltr'><strong>pertinent,</strong></span> <span class='ocrx_word' id='word_1_228' title='bbox 1387 2666 1485 2719; x_wconf 88' lang='lat' dir='ltr'><strong><em>alia</em></strong></span> <span class='ocrx_word' id='word_1_229' title='bbox 1513 2665 1579 2720; x_wconf 91' lang='lat' dir='ltr'><strong><em>ad</em></strong></span> <span class='ocrx_word' id='word_1_230' title='bbox 1607 2665 1845 2720; x_wconf 89' lang='lat' dir='ltr'><strong><em>ministe-</em></strong></span> 
     </span>
    </p>
   </div>
   <div class='ocr_carea' id='block_1_28' title="bbox 260 2757 1843 2828">
    <p class='ocr_par' dir='ltr' id='par_1_28' title="bbox 260 2757 1843 2828">
     <span class='ocr_line' id='line_1_28' title="bbox 260 2757 1843 2828; baseline -0.001 -17"><span class='ocrx_word' id='word_1_231' title='bbox 260 2761 415 2812; x_wconf 82' lang='lat' dir='ltr'><strong><em>rium.</em></strong></span> <span class='ocrx_word' id='word_1_232' title='bbox 446 2759 697 2813; x_wconf 84' lang='lat' dir='ltr'><strong><em>Ferarum</em></strong></span> <span class='ocrx_word' id='word_1_233' title='bbox 730 2757 854 2813; x_wconf 83' lang='lat' dir='ltr'><strong><em>item</em></strong></span> <span class='ocrx_word' id='word_1_234' title='bbox 886 2766 938 2813; x_wconf 94' lang='lat' dir='ltr'><strong><em>et</em></strong></span> <span class='ocrx_word' id='word_1_235' title='bbox 971 2758 1236 2828; x_wconf 90' lang='lat' dir='ltr'><strong><em>reptilium</em></strong></span> <span class='ocrx_word' id='word_1_236' title='bbox 1264 2772 1459 2827; x_wconf 83' lang='lat' dir='ltr'><strong><em>genera</em></strong></span> <span class='ocrx_word' id='word_1_237' title='bbox 1491 2772 1594 2812; x_wconf 91' lang='lat' dir='ltr'><strong><em>non</em></strong></span> <span class='ocrx_word' id='word_1_238' title='bbox 1627 2771 1843 2828; x_wconf 87' lang='lat' dir='ltr'><strong><em>parvam</em></strong></span> 
     </span>
    </p>
   </div>
   <div class='ocr_carea' id='block_1_29' title="bbox 258 2849 1843 2921">
    <p class='ocr_par' dir='ltr' id='par_1_29' title="bbox 258 2849 1843 2921">
     <span class='ocr_line' id='line_1_29' title="bbox 258 2849 1843 2921; baseline -0.002 -16"><span class='ocrx_word' id='word_1_239' title='bbox 258 2852 409 2905; x_wconf 76' lang='lat' dir='ltr'><strong><em>nobis</em></strong></span> <span class='ocrx_word' id='word_1_240' title='bbox 439 2862 690 2921; x_wconf 70' lang='lat' dir='ltr'><strong>pt&#39;mstant</strong></span> <span class='ocrx_word' id='word_1_241' title='bbox 721 2852 1019 2915; x_wconf 86' lang='lat' dir='ltr'><strong>utilitatem,</strong></span> <span class='ocrx_word' id='word_1_242' title='bbox 1047 2860 1101 2906; x_wconf 92' lang='lat' dir='ltr'><strong><em>et</em></strong></span> <span class='ocrx_word' id='word_1_243' title='bbox 1126 2850 1168 2905; x_wconf 90' lang='lat' dir='ltr'><strong><em>si</em></strong></span> <span class='ocrx_word' id='word_1_244' title='bbox 1200 2851 1317 2919; x_wconf 87' lang='lat' dir='ltr'><strong><em>quis</em></strong></span> <span class='ocrx_word' id='word_1_245' title='bbox 1342 2850 1458 2905; x_wconf 86' lang='lat' dir='ltr'><strong>velit</strong></span> <span class='ocrx_word' id='word_1_246' title='bbox 1489 2866 1641 2920; x_wconf 62' lang='lat' dir='ltr'><strong><em>sequo</em></strong></span> <span class='ocrx_word' id='word_1_247' title='bbox 1662 2849 1843 2903; x_wconf 87' lang='lat' dir='ltr'><strong><em>animo</em></strong></span> 
     </span>
    </p>
   </div>
   <div class='ocr_carea' id='block_1_30' title="bbox 257 2943 1842 3014">
    <p class='ocr_par' dir='ltr' id='par_1_30' title="bbox 257 2943 1842 3014">
     <span class='ocr_line' id='line_1_30' title="bbox 257 2943 1842 3014; baseline -0.003 -17"><span class='ocrx_word' id='word_1_248' title='bbox 257 2943 583 3014; x_wconf 66' lang='lat' dir='ltr'><strong><em>intelligi-re,</em></strong></span> <span class='ocrx_word' id='word_1_249' title='bbox 620 2945 854 2998; x_wconf 74' lang='lat' dir='ltr'><strong><em>inveniet</em></strong></span> <span class='ocrx_word' id='word_1_250' title='bbox 879 2944 1037 2998; x_wconf 91' lang='lat' dir='ltr'><strong><em>etiam</em></strong></span> <span class='ocrx_word' id='word_1_251' title='bbox 1068 2958 1238 3006; x_wconf 90' lang='lat' dir='ltr'><strong><em>nunc,</em></strong></span> <span class='ocrx_word' id='word_1_252' title='bbox 1270 2958 1391 2998; x_wconf 91' lang='lat' dir='ltr'><strong><em>cum</em></strong></span> <span class='ocrx_word' id='word_1_253' title='bbox 1425 2943 1716 3012; x_wconf 81' lang='lat' dir='ltr'><strong>principatu</strong></span> <span class='ocrx_word' id='word_1_254' title='bbox 1746 2956 1842 2995; x_wconf 84' lang='lat' dir='ltr'><strong><em>co-</em></strong></span> 
     </span>
    </p>
   </div>
   <div class='ocr_carea' id='block_1_31' title="bbox 256 3033 1838 3104">
    <p class='ocr_par' dir='ltr' id='par_1_31' title="bbox 256 3033 1838 3104">
     <span class='ocr_line' id='line_1_31' title="bbox 256 3033 1838 3104; baseline -0.002 -16"><span class='ocrx_word' id='word_1_255' title='bbox 256 3050 373 3089; x_wconf 87' lang='lat' dir='ltr'><strong><em>rum</em></strong></span> <span class='ocrx_word' id='word_1_256' title='bbox 400 3035 469 3088; x_wconf 89' lang='lat' dir='ltr'><strong><em>ob</em></strong></span> <span class='ocrx_word' id='word_1_257' title='bbox 494 3036 647 3104; x_wconf 87' lang='lat' dir='ltr'><strong><em>primi</em></strong></span> <span class='ocrx_word' id='word_1_258' title='bbox 679 3035 913 3104; x_wconf 86' lang='lat' dir='ltr'><strong><em>parentis</em></strong></span> <span class='ocrx_word' id='word_1_259' title='bbox 938 3034 1350 3087; x_wconf 89' lang='lat' dir='ltr'><strong><em>inobedientiam</em></strong></span> <span class='ocrx_word' id='word_1_260' title='bbox 1374 3033 1606 3087; x_wconf 85' lang='lat' dir='ltr'><strong><em>destituti</em></strong></span> <span class='ocrx_word' id='word_1_261' title='bbox 1634 3045 1838 3097; x_wconf 87' lang='lat' dir='ltr'><strong><em>sumus,</em></strong></span> 
     </span>
    </p>
   </div>
   <div class='ocr_carea' id='block_1_32' title="bbox 257 3123 1836 3195">
    <p class='ocr_par' dir='ltr' id='par_1_32' title="bbox 257 3123 1836 3195">
     <span class='ocr_line' id='line_1_32' title="bbox 257 3123 1836 3195; baseline -0.001 -16"><span class='ocrx_word' id='word_1_262' title='bbox 257 3142 500 3195; x_wconf 83' lang='lat' dir='ltr'><strong><em>magnam</em></strong></span> <span class='ocrx_word' id='word_1_263' title='bbox 544 3143 607 3180; x_wconf 85' lang='lat' dir='ltr'><strong><em>ex</em></strong></span> <span class='ocrx_word' id='word_1_264' title='bbox 656 3126 757 3179; x_wconf 88' lang='lat' dir='ltr'><strong><em>illis</em></strong></span> <span class='ocrx_word' id='word_1_265' title='bbox 801 3124 957 3180; x_wconf 88' lang='lat' dir='ltr'><strong><em>nobis</em></strong></span> <span class='ocrx_word' id='word_1_266' title='bbox 1007 3126 1285 3179; x_wconf 91' lang='lat' dir='ltr'><strong><em>utilitatem</em></strong></span> <span class='ocrx_word' id='word_1_267' title='bbox 1331 3124 1628 3193; x_wconf 84' lang='lat' dir='ltr'><strong><em>provenire.</em></strong></span> <span class='ocrx_word' id='word_1_268' title='bbox 1677 3123 1836 3177; x_wconf 86' lang='lat' dir='ltr'><strong><em>Multa</em></strong></span> 
     </span>
    </p>
   </div>
   <div class='ocr_carea' id='block_1_33' title="bbox 255 3214 1841 3287">
    <p class='ocr_par' dir='ltr' id='par_1_33' title="bbox 255 3214 1841 3287">
     <span class='ocr_line' id='line_1_33' title="bbox 255 3214 1841 3287; baseline 0 -19"><span class='ocrx_word' id='word_1_269' title='bbox 255 3217 397 3270; x_wconf 75' lang='lat' dir='ltr'><strong><em>enim</em></strong></span> <span class='ocrx_word' id='word_1_270' title='bbox 441 3216 563 3271; x_wconf 90' lang='lat' dir='ltr'><strong><em>inde</em></strong></span> <span class='ocrx_word' id='word_1_271' title='bbox 604 3217 857 3287; x_wconf 81' lang='lat' dir='ltr'><strong><em>colligunt</em></strong></span> <span class='ocrx_word' id='word_1_272' title='bbox 896 3214 1116 3279; x_wconf 89' lang='lat' dir='ltr'><strong><em>medici,</em></strong></span> <span class='ocrx_word' id='word_1_273' title='bbox 1146 3232 1264 3285; x_wconf 65' lang='lat' dir='ltr'><strong><em>qua:</em></strong></span> <span class='ocrx_word' id='word_1_274' title='bbox 1293 3215 1357 3268; x_wconf 89' lang='lat' dir='ltr'><strong><em>ad</em></strong></span> <span class='ocrx_word' id='word_1_275' title='bbox 1390 3225 1689 3269; x_wconf 87' lang='lat' dir='ltr'><strong><em>nostrorum</em></strong></span> <span class='ocrx_word' id='word_1_276' title='bbox 1717 3229 1841 3268; x_wconf 88' lang='lat' dir='ltr'><strong><em>cor-</em></strong></span> 
     </span>
    </p>
   </div>
   <div class='ocr_carea' id='block_1_34' title="bbox 257 3306 1838 3378">
    <p class='ocr_par' dir='ltr' id='par_1_34' title="bbox 257 3306 1838 3378">
     <span class='ocr_line' id='line_1_34' title="bbox 257 3306 1838 3378; baseline 0.001 -19"><span class='ocrx_word' id='word_1_277' title='bbox 257 3324 443 3378; x_wconf 81' lang='lat' dir='ltr'><strong><em>porum</em></strong></span> <span class='ocrx_word' id='word_1_278' title='bbox 476 3309 790 3362; x_wconf 85' lang='lat' dir='ltr'><strong><em>medicinam</em></strong></span> <span class='ocrx_word' id='word_1_279' title='bbox 820 3317 875 3363; x_wconf 92' lang='lat' dir='ltr'><strong><em>et</em></strong></span> <span class='ocrx_word' id='word_1_280' title='bbox 910 3307 1189 3363; x_wconf 81' lang='lat' dir='ltr'><strong>sanitatem</strong></span> <span class='ocrx_word' id='word_1_281' title='bbox 1228 3308 1545 3363; x_wconf 84' lang='lat' dir='ltr'><strong><em>conducant.</em></strong></span> <span class='ocrx_word' id='word_1_282' title='bbox 1592 3306 1838 3377; x_wconf 84' lang='lat' dir='ltr'><strong>Alioquin</strong></span> 
     </span>
    </p>
   </div>
   <div class='ocr_carea' id='block_1_35' title="bbox 258 3398 1841 3469">
    <p class='ocr_par' dir='ltr' id='par_1_35' title="bbox 258 3398 1841 3469">
     <span class='ocr_line' id='line_1_35' title="bbox 258 3398 1841 3469; baseline -0.002 -15"><span class='ocrx_word' id='word_1_283' title='bbox 258 3399 416 3455; x_wconf 86' lang='lat' dir='ltr'><strong>etiam</strong></span> <span class='ocrx_word' id='word_1_284' title='bbox 446 3401 565 3469; x_wconf 88' lang='lat' dir='ltr'><strong>quid</strong></span> <span class='ocrx_word' id='word_1_285' title='bbox 596 3400 899 3453; x_wconf 90' lang='lat' dir='ltr'><strong><em>nocumenti</em></strong></span> <span class='ocrx_word' id='word_1_286' title='bbox 929 3414 992 3454; x_wconf 84' lang='lat' dir='ltr'><strong><em>ex</em></strong></span> <span class='ocrx_word' id='word_1_287' title='bbox 1023 3398 1251 3453; x_wconf 85' lang='lat' dir='ltr'><strong><em>ferarum</em></strong></span> <span class='ocrx_word' id='word_1_288' title='bbox 1280 3399 1645 3468; x_wconf 83' lang='lat' dir='ltr'><strong><em>produt-tione,</em></strong></span> <span class='ocrx_word' id='word_1_289' title='bbox 1673 3413 1841 3468; x_wconf 85' lang='lat' dir='ltr'><strong><em>quan-</em></strong></span> 
     </span>
    </p>
   </div>
   <div class='ocr_carea' id='block_1_36' title="bbox 255 3491 1839 3560">
    <p class='ocr_par' dir='ltr' id='par_1_36' title="bbox 255 3491 1839 3560">
     <span class='ocr_line' id='line_1_36' title="bbox 255 3491 1839 3560; baseline 0.002 -16"><span class='ocrx_word' id='word_1_290' title='bbox 255 3494 323 3545; x_wconf 80' lang='lat' dir='ltr'><strong><em>(l0</em></strong></span> <span class='ocrx_word' id='word_1_291' title='bbox 353 3493 489 3545; x_wconf 85' lang='lat' dir='ltr'><strong>sicut</strong></span> <span class='ocrx_word' id='word_1_292' title='bbox 513 3492 801 3546; x_wconf 88' lang='lat' dir='ltr'><strong><em>domestica</em></strong></span> <span class='ocrx_word' id='word_1_293' title='bbox 830 3491 1075 3545; x_wconf 90' lang='lat' dir='ltr'><strong>animalia</strong></span> <span class='ocrx_word' id='word_1_294' title='bbox 1097 3533 1110 3557; x_wconf 94' lang='lat'><strong>,</strong></span> <span class='ocrx_word' id='word_1_295' title='bbox 1142 3492 1218 3546; x_wconf 84' lang='lat' dir='ltr'><strong><em>sic</em></strong></span> <span class='ocrx_word' id='word_1_296' title='bbox 1244 3500 1297 3546; x_wconf 90' lang='lat' dir='ltr'><strong><em>et</em></strong></span> <span class='ocrx_word' id='word_1_297' title='bbox 1330 3491 1420 3545; x_wconf 84' lang='lat' dir='ltr'><strong><em>illa</em></strong></span> <span class='ocrx_word' id='word_1_298' title='bbox 1456 3492 1553 3545; x_wconf 92' lang='lat' dir='ltr'><strong><em>sub</em></strong></span> <span class='ocrx_word' id='word_1_299' title='bbox 1580 3498 1839 3560; x_wconf 82' lang='lat' dir='ltr'><strong><em>potestate</em></strong></span> 
     </span>
    </p>
   </div>
   <div class='ocr_carea' id='block_1_37' title="bbox 260 3580 1839 3651">
    <p class='ocr_par' dir='ltr' id='par_1_37' title="bbox 260 3580 1839 3651">
     <span class='ocr_line' id='line_1_37' title="bbox 260 3580 1839 3651; baseline 0.001 -16"><span class='ocrx_word' id='word_1_300' title='bbox 260 3581 431 3637; x_wconf 92' lang='lat' dir='ltr'><strong><em>futura</em></strong></span> <span class='ocrx_word' id='word_1_301' title='bbox 463 3592 615 3638; x_wconf 82' lang='lat' dir='ltr'><strong><em>erant</em></strong></span> <span class='ocrx_word' id='word_1_302' title='bbox 645 3581 893 3649; x_wconf 90' lang='lat' dir='ltr'><strong><em>hominis,</em></strong></span> <span class='ocrx_word' id='word_1_303' title='bbox 923 3596 1028 3637; x_wconf 89' lang='lat' dir='ltr'><strong><em>non</em></strong></span> <span class='ocrx_word' id='word_1_304' title='bbox 1057 3581 1222 3635; x_wconf 91' lang='lat' dir='ltr'><strong><em>multo</em></strong></span> <span class='ocrx_word' id='word_1_305' title='bbox 1251 3591 1368 3651; x_wconf 90' lang='lat' dir='ltr'><strong><em>post</em></strong></span> <span class='ocrx_word' id='word_1_306' title='bbox 1395 3580 1698 3638; x_wconf 79' lang='lat' dir='ltr'><strong><em>formandi?</em></strong></span> <span class='ocrx_word' id='word_1_307' title='bbox 1727 3581 1839 3637; x_wconf 87' lang='lat' dir='ltr'><strong><em>Hoc</em></strong></span> 
     </span>
    </p>
   </div>
   <div class='ocr_carea' id='block_1_38' title="bbox 254 3675 731 3731">
    <p class='ocr_par' dir='ltr' id='par_1_38' title="bbox 254 3675 731 3731">
     <span class='ocr_line' id='line_1_38' title="bbox 254 3675 731 3731; baseline -0.002 -2"><span class='ocrx_word' id='word_1_308' title='bbox 254 3676 395 3730; x_wconf 86' lang='lat' dir='ltr'><strong><em>enim</em></strong></span> <span class='ocrx_word' id='word_1_309' title='bbox 428 3691 567 3731; x_wconf 91' lang='lat' dir='ltr'><strong><em>nunc</em></strong></span> <span class='ocrx_word' id='word_1_310' title='bbox 592 3675 731 3730; x_wconf 93' lang='lat' dir='ltr'><strong><em>dico.</em></strong></span> 
     </span>
    </p>
   </div>
   <div class='ocr_carea' id='block_1_39' title="bbox 325 3766 1838 3835">
    <p class='ocr_par' dir='ltr' id='par_1_39' title="bbox 325 3766 1838 3835">
     <span class='ocr_line' id='line_1_39' title="bbox 325 3766 1838 3835; baseline 0.002 -14"><span class='ocrx_word' id='word_1_311' title='bbox 325 3767 377 3821; x_wconf 87' lang='lat'><strong><em>6.</em></strong></span> <span class='ocrx_word' id='word_1_312' title='bbox 409 3766 470 3824; x_wconf 93' lang='lat' dir='ltr'><strong>Ut</strong></span> <span class='ocrx_word' id='word_1_313' title='bbox 502 3778 677 3823; x_wconf 90' lang='lat' dir='ltr'><strong>autem</strong></span> <span class='ocrx_word' id='word_1_314' title='bbox 708 3766 881 3823; x_wconf 89' lang='lat' dir='ltr'><strong><em>discas</em></strong></span> <span class='ocrx_word' id='word_1_315' title='bbox 912 3768 1149 3824; x_wconf 89' lang='lat' dir='ltr'><strong><em>omnium</em></strong></span> <span class='ocrx_word' id='word_1_316' title='bbox 1187 3767 1394 3823; x_wconf 89' lang='lat' dir='ltr'><strong><em>Domini</em></strong></span> <span class='ocrx_word' id='word_1_317' title='bbox 1433 3770 1838 3835; x_wconf 81' lang='lat' dir='ltr'><strong><em>supereminen-</em></strong></span> 
     </span>
    </p>
   </div>
   <div class='ocr_carea' id='block_1_40' title="bbox 254 3860 1838 3932">
    <p class='ocr_par' dir='ltr' id='par_1_40' title="bbox 254 3860 1838 3932">
     <span class='ocr_line' id='line_1_40' title="bbox 254 3860 1838 3932; baseline 0.001 -18"><span class='ocrx_word' id='word_1_318' title='bbox 254 3869 359 3914; x_wconf 91' lang='lat' dir='ltr'><strong><em>tem</em></strong></span> <span class='ocrx_word' id='word_1_319' title='bbox 390 3860 792 3916; x_wconf 78' lang='lat' dir='ltr'><strong><em>beneficentiam</em></strong></span> <span class='ocrx_word' id='word_1_320' title='bbox 815 3902 828 3925; x_wconf 92' lang='lat'><strong>,</strong></span> <span class='ocrx_word' id='word_1_321' title='bbox 861 3877 1021 3930; x_wconf 88' lang='lat' dir='ltr'><strong>quam</strong></span> <span class='ocrx_word' id='word_1_322' title='bbox 1047 3877 1167 3932; x_wconf 86' lang='lat' dir='ltr'><strong><em>erga</em></strong></span> <span class='ocrx_word' id='word_1_323' title='bbox 1199 3871 1436 3916; x_wconf 88' lang='lat' dir='ltr'><strong><em>nostrum</em></strong></span> <span class='ocrx_word' id='word_1_324' title='bbox 1466 3877 1630 3931; x_wconf 85' lang='lat' dir='ltr'><strong><em>genus</em></strong></span> <span class='ocrx_word' id='word_1_325' title='bbox 1659 3862 1838 3917; x_wconf 88' lang='lat' dir='ltr'><strong><em>decla-</em></strong></span> 
     </span>
    </p>
   </div>
   <div class='ocr_carea' id='block_1_41' title="bbox 251 3953 1837 4023">
    <p class='ocr_par' dir='ltr' id='par_1_41' title="bbox 251 3953 1837 4023">
     <span class='ocr_line' id='line_1_41' title="bbox 251 3953 1837 4023; baseline 0.001 -16"><span class='ocrx_word' id='word_1_326' title='bbox 251 3962 374 4017; x_wconf 87' lang='lat' dir='ltr'><strong>rat,</strong></span> <span class='ocrx_word' id='word_1_327' title='bbox 428 3963 707 4023; x_wconf 86' lang='lat' dir='ltr'><strong><em>postquam</em></strong></span> <span class='ocrx_word' id='word_1_328' title='bbox 757 3953 1009 4022; x_wconf 84' lang='lat' dir='ltr'><strong><em>expandit</em></strong></span> <span class='ocrx_word' id='word_1_329' title='bbox 1056 3954 1280 4015; x_wconf 66' lang='lat' dir='ltr'><strong><em>caelum,</em></strong></span> <span class='ocrx_word' id='word_1_330' title='bbox 1324 3955 1559 4009; x_wconf 81' lang='lat' dir='ltr'><strong>extendit</strong></span> <span class='ocrx_word' id='word_1_331' title='bbox 1601 3963 1837 4022; x_wconf 90' lang='lat' dir='ltr'><strong><em>terram,</em></strong></span> 
     </span>
    </p>
   </div>
   <div class='ocr_carea' id='block_1_42' title="bbox 252 4042 1840 4115">
    <p class='ocr_par' dir='ltr' id='par_1_42' title="bbox 252 4042 1840 4115">
     <span class='ocr_line' id='line_1_42' title="bbox 252 4042 1840 4115; baseline 0.001 -18"><span class='ocrx_word' id='word_1_332' title='bbox 252 4042 490 4097; x_wconf 86' lang='lat' dir='ltr'><strong><em>condidit</em></strong></span> <span class='ocrx_word' id='word_1_333' title='bbox 516 4043 905 4098; x_wconf 88' lang='lat' dir='ltr'><strong><em>firmamentum</em></strong></span> <span class='ocrx_word' id='word_1_334' title='bbox 926 4084 942 4110; x_wconf 96' lang='lat'><strong>,</strong></span> <span class='ocrx_word' id='word_1_335' title='bbox 976 4054 1033 4098; x_wconf 91' lang='lat' dir='ltr'><strong>ut</strong></span> <span class='ocrx_word' id='word_1_336' title='bbox 1058 4046 1206 4113; x_wconf 88' lang='lat' dir='ltr'><strong>quasi</strong></span> <span class='ocrx_word' id='word_1_337' title='bbox 1237 4054 1444 4114; x_wconf 88' lang='lat' dir='ltr'><strong><em>septum</em></strong></span> <span class='ocrx_word' id='word_1_338' title='bbox 1471 4045 1680 4115; x_wconf 85' lang='lat' dir='ltr'><strong>aliquod</strong></span> <span class='ocrx_word' id='word_1_339' title='bbox 1706 4046 1840 4100; x_wconf 86' lang='lat' dir='ltr'><strong><em>divi-</em></strong></span> 
     </span>
    </p>
   </div>
   <div class='ocr_carea' id='block_1_43' title="bbox 250 4133 1842 4207">
    <p class='ocr_par' dir='ltr' id='par_1_43' title="bbox 250 4133 1842 4207">
     <span class='ocr_line' id='line_1_43' title="bbox 250 4133 1842 4207; baseline 0.004 -20"><span class='ocrx_word' id='word_1_340' title='bbox 250 4135 457 4187; x_wconf 91' lang='lat' dir='ltr'><strong><em>sionem</em></strong></span> <span class='ocrx_word' id='word_1_341' title='bbox 486 4133 625 4188; x_wconf 87' lang='lat' dir='ltr'><strong><em>inter</em></strong></span> <span class='ocrx_word' id='word_1_342' title='bbox 656 4148 821 4203; x_wconf 89' lang='lat' dir='ltr'><strong>aquas</strong></span> <span class='ocrx_word' id='word_1_343' title='bbox 846 4142 898 4188; x_wconf 91' lang='lat' dir='ltr'><strong><em>et</em></strong></span> <span class='ocrx_word' id='word_1_344' title='bbox 926 4149 1089 4204; x_wconf 91' lang='lat' dir='ltr'><strong>aquas</strong></span> <span class='ocrx_word' id='word_1_345' title='bbox 1120 4133 1316 4189; x_wconf 89' lang='lat' dir='ltr'><strong><em>faceret</em></strong></span> <span class='ocrx_word' id='word_1_346' title='bbox 1345 4152 1357 4187; x_wconf 89' lang='lat'><strong>:</strong></span> <span class='ocrx_word' id='word_1_347' title='bbox 1385 4135 1577 4191; x_wconf 89' lang='lat' dir='ltr'><strong><em>deinde</em></strong></span> <span class='ocrx_word' id='word_1_348' title='bbox 1608 4146 1661 4190; x_wconf 84' lang='lat' dir='ltr'><strong><em>tit</em></strong></span> <span class='ocrx_word' id='word_1_349' title='bbox 1682 4137 1842 4207; x_wconf 83' lang='lat' dir='ltr'><strong><em>jussit</em></strong></span> 
     </span>
    </p>
   </div>
   <div class='ocr_carea' id='block_1_44' title="bbox 255 4224 1834 4299">
    <p class='ocr_par' dir='ltr' id='par_1_44' title="bbox 255 4224 1834 4299">
     <span class='ocr_line' id='line_1_44' title="bbox 255 4224 1834 4299; baseline 0.003 -21"><span class='ocrx_word' id='word_1_350' title='bbox 255 4228 510 4295; x_wconf 82' lang='lat' dir='ltr'><strong><em>aquarum</em></strong></span> <span class='ocrx_word' id='word_1_351' title='bbox 542 4224 655 4280; x_wconf 85' lang='lat' dir='ltr'><strong><em>fieri</em></strong></span> <span class='ocrx_word' id='word_1_352' title='bbox 690 4225 1157 4296; x_wconf 81' lang='lat' dir='ltr'><strong><em>congregationes,</em></strong></span> <span class='ocrx_word' id='word_1_353' title='bbox 1189 4242 1280 4281; x_wconf 91' lang='lat' dir='ltr'><strong><em>eas</em></strong></span> <span class='ocrx_word' id='word_1_354' title='bbox 1322 4230 1484 4282; x_wconf 86' lang='lat' dir='ltr'><strong><em>maria</em></strong></span> <span class='ocrx_word' id='word_1_355' title='bbox 1526 4230 1834 4299; x_wconf 83' lang='lat' dir='ltr'><strong>appellavit,</strong></span> 
     </span>
    </p>
   </div>
   <div class='ocr_carea' id='block_1_45' title="bbox 251 4316 1837 4388">
    <p class='ocr_par' dir='ltr' id='par_1_45' title="bbox 251 4316 1837 4388">
     <span class='ocr_line' id='line_1_45' title="bbox 251 4316 1837 4388; baseline 0.004 -19"><span class='ocrx_word' id='word_1_356' title='bbox 251 4316 452 4370; x_wconf 86' lang='lat' dir='ltr'><strong><em>aridam</em></strong></span> <span class='ocrx_word' id='word_1_357' title='bbox 490 4324 664 4371; x_wconf 91' lang='lat' dir='ltr'><strong><em>autem</em></strong></span> <span class='ocrx_word' id='word_1_358' title='bbox 698 4325 891 4372; x_wconf 89' lang='lat' dir='ltr'><strong><em>terram</em></strong></span> <span class='ocrx_word' id='word_1_359' title='bbox 914 4361 927 4384; x_wconf 91' lang='lat'><strong>,</strong></span> <span class='ocrx_word' id='word_1_360' title='bbox 957 4333 1112 4388; x_wconf 91' lang='lat' dir='ltr'><strong><em>quam</em></strong></span> <span class='ocrx_word' id='word_1_361' title='bbox 1147 4329 1325 4388; x_wconf 87' lang='lat' dir='ltr'><strong><em>postea</em></strong></span> <span class='ocrx_word' id='word_1_362' title='bbox 1354 4321 1613 4375; x_wconf 90' lang='lat' dir='ltr'><strong>seminum</strong></span> <span class='ocrx_word' id='word_1_363' title='bbox 1644 4322 1837 4378; x_wconf 87' lang='lat' dir='ltr'><strong>herba-</strong></span> 
     </span>
    </p>
   </div>
   <div class='ocr_carea' id='block_1_46' title="bbox 251 4410 1837 4481">
    <p class='ocr_par' dir='ltr' id='par_1_46' title="bbox 251 4410 1837 4481">
     <span class='ocr_line' id='line_1_46' title="bbox 251 4410 1837 4481; baseline 0.006 -20"><span class='ocrx_word' id='word_1_364' title='bbox 251 4423 473 4478; x_wconf 90' lang='lat' dir='ltr'><strong><em>rumque</em></strong></span> <span class='ocrx_word' id='word_1_365' title='bbox 501 4417 755 4477; x_wconf 87' lang='lat' dir='ltr'><strong><em>proventu</em></strong></span> <span class='ocrx_word' id='word_1_366' title='bbox 783 4410 1008 4464; x_wconf 85' lang='lat' dir='ltr'><strong><em>ornavit.</em></strong></span> <span class='ocrx_word' id='word_1_367' title='bbox 1035 4410 1265 4481; x_wconf 87' lang='lat' dir='ltr'><strong><em>Indeque</em></strong></span> <span class='ocrx_word' id='word_1_368' title='bbox 1292 4414 1500 4467; x_wconf 85' lang='lat' dir='ltr'><strong>transiit</strong></span> <span class='ocrx_word' id='word_1_369' title='bbox 1523 4414 1585 4468; x_wconf 92' lang='lat' dir='ltr'><strong><em>ad</em></strong></span> <span class='ocrx_word' id='word_1_370' title='bbox 1612 4414 1837 4471; x_wconf 89' lang='lat' dir='ltr'><strong><em>duorum</em></strong></span> 
     </span>
    </p>
   </div>
   <div class='ocr_carea' id='block_1_47' title="bbox 252 4497 1838 4568">
    <p class='ocr_par' dir='ltr' id='par_1_47' title="bbox 252 4497 1838 4568">
     <span class='ocr_line' id='line_1_47' title="bbox 252 4497 1838 4568; baseline 0.007 -17"><span class='ocrx_word' id='word_1_371' title='bbox 252 4513 565 4568; x_wconf 82' lang='lat' dir='ltr'><strong><em>magnorum</em></strong></span> <span class='ocrx_word' id='word_1_372' title='bbox 594 4497 930 4553; x_wconf 88' lang='lat' dir='ltr'><strong><em>luminarium</em></strong></span> <span class='ocrx_word' id='word_1_373' title='bbox 969 4499 1358 4566; x_wconf 83' lang='lat' dir='ltr'><strong><em>formationem,</em></strong></span> <span class='ocrx_word' id='word_1_374' title='bbox 1392 4512 1443 4557; x_wconf 92' lang='lat' dir='ltr'><strong><em>et</em></strong></span> <span class='ocrx_word' id='word_1_375' title='bbox 1471 4503 1534 4557; x_wconf 90' lang='lat' dir='ltr'><strong>ad</strong></span> <span class='ocrx_word' id='word_1_376' title='bbox 1566 4504 1838 4562; x_wconf 89' lang='lat' dir='ltr'><strong><em>stellarum</em></strong></span> 
     </span>
    </p>
   </div>
   <div class='ocr_carea' id='block_1_48' title="bbox 251 4594 1836 4664">
    <p class='ocr_par' dir='ltr' id='par_1_48' title="bbox 251 4594 1836 4664">
     <span class='ocr_line' id='line_1_48' title="bbox 251 4594 1836 4664; baseline 0.006 -19"><span class='ocrx_word' id='word_1_377' title='bbox 251 4594 596 4658; x_wconf 73' lang='lat' dir='ltr'><strong>varietatem,</strong></span> <span class='ocrx_word' id='word_1_378' title='bbox 634 4595 827 4664; x_wconf 91' lang='lat' dir='ltr'><strong>quibus</strong></span> <span class='ocrx_word' id='word_1_379' title='bbox 873 4594 1313 4664; x_wconf 84' lang='lat' dir='ltr'><strong><em>pulchritudinem</em></strong></span> <span class='ocrx_word' id='word_1_380' title='bbox 1363 4598 1475 4651; x_wconf 63' lang='lat' dir='ltr'><strong><em>casli</em></strong></span> <span class='ocrx_word' id='word_1_381' title='bbox 1516 4600 1836 4654; x_wconf 88' lang='lat' dir='ltr'><strong><em>ornatiorem</em></strong></span> 
     </span>
    </p>
   </div>
   <div class='ocr_carea' id='block_1_49' title="bbox 253 4684 1841 4760">
    <p class='ocr_par' dir='ltr' id='par_1_49' title="bbox 253 4684 1841 4760">
     <span class='ocr_line' id='line_1_49' title="bbox 253 4684 1841 4760; baseline 0.006 -22"><span class='ocrx_word' id='word_1_382' title='bbox 253 4684 519 4751; x_wconf 74' lang='lat' dir='ltr'><strong>reddidit;</strong></span> <span class='ocrx_word' id='word_1_383' title='bbox 571 4696 754 4756; x_wconf 91' lang='lat' dir='ltr'><strong><em>postea</em></strong></span> <span class='ocrx_word' id='word_1_384' title='bbox 801 4697 976 4741; x_wconf 88' lang='lat' dir='ltr'><strong><em>autem</em></strong></span> <span class='ocrx_word' id='word_1_385' title='bbox 1027 4703 1144 4743; x_wconf 90' lang='lat' dir='ltr'><strong><em>cum</em></strong></span> <span class='ocrx_word' id='word_1_386' title='bbox 1195 4705 1257 4743; x_wconf 83' lang='lat' dir='ltr'><strong>ex</strong></span> <span class='ocrx_word' id='word_1_387' title='bbox 1308 4691 1456 4759; x_wconf 82' lang='lat' dir='ltr'><strong><em>aquis</em></strong></span> <span class='ocrx_word' id='word_1_388' title='bbox 1509 4690 1841 4760; x_wconf 76' lang='lat' dir='ltr'><strong><em>produxisset</em></strong></span> 
     </span>
    </p>
   </div>
   <div class='ocr_carea' id='block_1_50' title="bbox 249 4778 1838 4853">
    <p class='ocr_par' dir='ltr' id='par_1_50' title="bbox 249 4778 1838 4853">
     <span class='ocr_line' id='line_1_50' title="bbox 249 4778 1838 4853; baseline 0.006 -24"><span class='ocrx_word' id='word_1_389' title='bbox 249 4778 497 4846; x_wconf 88' lang='lat' dir='ltr'><strong>aquatilia</strong></span> <span class='ocrx_word' id='word_1_390' title='bbox 538 4778 825 4831; x_wconf 88' lang='lat' dir='ltr'><strong>animantia</strong></span> <span class='ocrx_word' id='word_1_391' title='bbox 864 4787 917 4833; x_wconf 93' lang='lat' dir='ltr'><strong><em>et</em></strong></span> <span class='ocrx_word' id='word_1_392' title='bbox 954 4779 1216 4845; x_wconf 81' lang='lat' dir='ltr'><strong><em>volatilia,</em></strong></span> <span class='ocrx_word' id='word_1_393' title='bbox 1244 4797 1361 4851; x_wconf 72' lang='lat' dir='ltr'><strong>quae</strong></span> <span class='ocrx_word' id='word_1_394' title='bbox 1397 4782 1639 4837; x_wconf 88' lang='lat' dir='ltr'><strong><em>volarent</em></strong></span> <span class='ocrx_word' id='word_1_395' title='bbox 1678 4798 1838 4853; x_wconf 90' lang='lat' dir='ltr'><strong><em>super</em></strong></span> 
     </span>
    </p>
   </div>
   <div class='ocr_carea' id='block_1_51' title="bbox 254 4869 1840 4949">
    <p class='ocr_par' dir='ltr' id='par_1_51' title="bbox 254 4869 1840 4949">
     <span class='ocr_line' id='line_1_51' title="bbox 254 4869 1840 4949; baseline 0.007 -28"><span class='ocrx_word' id='word_1_396' title='bbox 254 4880 447 4923; x_wconf 82' lang='lat' dir='ltr'><strong><em>terram</em></strong></span> <span class='ocrx_word' id='word_1_397' title='bbox 481 4869 770 4924; x_wconf 84' lang='lat' dir='ltr'><strong><em>secundum</em></strong></span> <span class='ocrx_word' id='word_1_398' title='bbox 797 4870 1183 4927; x_wconf 87' lang='lat' dir='ltr'><strong><em>firmamentum</em></strong></span> <span class='ocrx_word' id='word_1_399' title='bbox 1212 4873 1348 4941; x_wconf 63' lang='lat' dir='ltr'><strong><em>caeli,</em></strong></span> <span class='ocrx_word' id='word_1_400' title='bbox 1374 4873 1589 4945; x_wconf 90' lang='lat' dir='ltr'><strong><em>impleto</em></strong></span> <span class='ocrx_word' id='word_1_401' title='bbox 1609 4881 1840 4949; x_wconf 89' lang='lat' dir='ltr'><strong><em>quinque</em></strong></span> 
     </span>
    </p>
   </div>
   <div class='ocr_carea' id='block_1_52' title="bbox 250 4964 1841 5035">
    <p class='ocr_par' dir='ltr' id='par_1_52' title="bbox 250 4964 1841 5035">
     <span class='ocr_line' id='line_1_52' title="bbox 250 4964 1841 5035; baseline 0.008 -24"><span class='ocrx_word' id='word_1_402' title='bbox 250 4964 454 5017; x_wconf 79' lang='lat' dir='ltr'><strong><em>dierum</em></strong></span> <span class='ocrx_word' id='word_1_403' title='bbox 490 4979 732 5030; x_wconf 89' lang='lat' dir='ltr'><strong><em>numero,</em></strong></span> <span class='ocrx_word' id='word_1_404' title='bbox 763 4966 1014 5035; x_wconf 91' lang='lat' dir='ltr'><strong><em>quoniam</em></strong></span> <span class='ocrx_word' id='word_1_405' title='bbox 1046 4966 1319 5035; x_wconf 88' lang='lat' dir='ltr'><strong><em>oportebat</em></strong></span> <span class='ocrx_word' id='word_1_406' title='bbox 1350 4976 1405 5022; x_wconf 90' lang='lat' dir='ltr'><strong>et</strong></span> <span class='ocrx_word' id='word_1_407' title='bbox 1432 4970 1702 5025; x_wconf 85' lang='lat' dir='ltr'><strong><em>terrestria</em></strong></span> <span class='ocrx_word' id='word_1_408' title='bbox 1727 4973 1841 5024; x_wconf 90' lang='lat' dir='ltr'><strong><em>ani-</em></strong></span> 
     </span>
    </p>
   </div>
   <div class='ocr_carea' id='block_1_53' title="bbox 252 5054 1837 5128">
    <p class='ocr_par' dir='ltr' id='par_1_53' title="bbox 252 5054 1837 5128">
     <span class='ocr_line' id='line_1_53' title="bbox 252 5054 1837 5128; baseline 0.006 -21"><span class='ocrx_word' id='word_1_409' title='bbox 252 5054 408 5108; x_wconf 85' lang='lat' dir='ltr'><strong><em>malia</em></strong></span> <span class='ocrx_word' id='word_1_410' title='bbox 455 5056 669 5110; x_wconf 85' lang='lat' dir='ltr'><strong><em>formari</em></strong></span> <span class='ocrx_word' id='word_1_411' title='bbox 703 5075 717 5111; x_wconf 88' lang='lat'><strong>:</strong></span> <span class='ocrx_word' id='word_1_412' title='bbox 748 5057 1023 5128; x_wconf 87' lang='lat' dir='ltr'><strong><em>imperavit</em></strong></span> <span class='ocrx_word' id='word_1_413' title='bbox 1053 5066 1110 5111; x_wconf 89' lang='lat' dir='ltr'><strong><em>ut</em></strong></span> <span class='ocrx_word' id='word_1_414' title='bbox 1147 5065 1201 5113; x_wconf 89' lang='lat' dir='ltr'><strong>et</strong></span> <span class='ocrx_word' id='word_1_415' title='bbox 1239 5057 1349 5127; x_wconf 87' lang='lat' dir='ltr'><strong><em>ipsa</em></strong></span> <span class='ocrx_word' id='word_1_416' title='bbox 1385 5059 1687 5126; x_wconf 87' lang='lat' dir='ltr'><strong>ederentur,</strong></span> <span class='ocrx_word' id='word_1_417' title='bbox 1718 5077 1837 5117; x_wconf 88' lang='lat' dir='ltr'><strong><em>cmn</em></strong></span> 
     </span>
    </p>
   </div>
   <div class='ocr_carea' id='block_1_54' title="bbox 252 5147 1840 5219">
    <p class='ocr_par' dir='ltr' id='par_1_54' title="bbox 252 5147 1840 5219">
     <span class='ocr_line' id='line_1_54' title="bbox 252 5147 1840 5219; baseline 0.007 -22"><span class='ocrx_word' id='word_1_418' title='bbox 252 5159 313 5198; x_wconf 74' lang='lat' dir='ltr'><strong><em>ea</em></strong></span> <span class='ocrx_word' id='word_1_419' title='bbox 341 5160 457 5214; x_wconf 74' lang='lat' dir='ltr'><strong>qua:</strong></span> <span class='ocrx_word' id='word_1_420' title='bbox 485 5147 549 5201; x_wconf 90' lang='lat' dir='ltr'><strong>ad</strong></span> <span class='ocrx_word' id='word_1_421' title='bbox 580 5147 780 5210; x_wconf 87' lang='lat' dir='ltr'><strong><em>cibum,</em></strong></span> <span class='ocrx_word' id='word_1_422' title='bbox 810 5157 918 5203; x_wconf 88' lang='lat' dir='ltr'><strong><em>tmn</em></strong></span> <span class='ocrx_word' id='word_1_423' title='bbox 945 5164 1006 5204; x_wconf 90' lang='lat' dir='ltr'><strong>ea</strong></span> <span class='ocrx_word' id='word_1_424' title='bbox 1034 5165 1151 5219; x_wconf 81' lang='lat' dir='ltr'><strong><em>quae</em></strong></span> <span class='ocrx_word' id='word_1_425' title='bbox 1173 5148 1238 5203; x_wconf 92' lang='lat' dir='ltr'><strong><em>ad</em></strong></span> <span class='ocrx_word' id='word_1_426' title='bbox 1267 5149 1614 5205; x_wconf 88' lang='lat' dir='ltr'><strong><em>ministerium</em></strong></span> <span class='ocrx_word' id='word_1_427' title='bbox 1640 5152 1840 5208; x_wconf 89' lang='lat' dir='ltr'><strong><em>condu-</em></strong></span> 
     </span>
    </p>
   </div>
   <div class='ocr_carea' id='block_1_55' title="bbox 252 5236 1837 5312">
    <p class='ocr_par' dir='ltr' id='par_1_55' title="bbox 252 5236 1837 5312">
     <span class='ocr_line' id='line_1_55' title="bbox 252 5236 1837 5312; baseline 0.007 -24"><span class='ocrx_word' id='word_1_428' title='bbox 252 5236 427 5290; x_wconf 90' lang='lat' dir='ltr'><strong><em>cibilia</em></strong></span> <span class='ocrx_word' id='word_1_429' title='bbox 450 5275 464 5302; x_wconf 96' lang='lat'><strong><em>,</em></strong></span> <span class='ocrx_word' id='word_1_430' title='bbox 492 5252 591 5292; x_wconf 87' lang='lat' dir='ltr'><strong><em>nee</em></strong></span> <span class='ocrx_word' id='word_1_431' title='bbox 621 5254 725 5293; x_wconf 89' lang='lat' dir='ltr'><strong><em>non</em></strong></span> <span class='ocrx_word' id='word_1_432' title='bbox 761 5240 888 5295; x_wconf 76' lang='lat' dir='ltr'><strong><em>fera:</em></strong></span> <span class='ocrx_word' id='word_1_433' title='bbox 930 5251 984 5296; x_wconf 89' lang='lat' dir='ltr'><strong><em>et</em></strong></span> <span class='ocrx_word' id='word_1_434' title='bbox 1022 5241 1229 5311; x_wconf 86' lang='lat' dir='ltr'><strong><em>reptilia</em></strong></span> <span class='ocrx_word' id='word_1_435' title='bbox 1249 5283 1263 5307; x_wconf 94' lang='lat'><strong><em>,</em></strong></span> <span class='ocrx_word' id='word_1_436' title='bbox 1292 5241 1519 5312; x_wconf 90' lang='lat' dir='ltr'><strong><em>denique</em></strong></span> <span class='ocrx_word' id='word_1_437' title='bbox 1545 5243 1631 5299; x_wconf 91' lang='lat' dir='ltr'><strong>ubi</strong></span> <span class='ocrx_word' id='word_1_438' title='bbox 1662 5246 1837 5300; x_wconf 90' lang='lat' dir='ltr'><strong><em>omnia</em></strong></span> 
     </span>
    </p>
   </div>
   <div class='ocr_carea' id='block_1_56' title="bbox 252 5331 1838 5394">
    <p class='ocr_par' dir='ltr' id='par_1_56' title="bbox 252 5331 1838 5394">
     <span class='ocr_line' id='line_1_56' title="bbox 252 5331 1838 5394; baseline 0.009 -15"><span class='ocrx_word' id='word_1_439' title='bbox 252 5342 349 5381; x_wconf 82' lang='lat' dir='ltr'><strong><em>suo</em></strong></span> <span class='ocrx_word' id='word_1_440' title='bbox 394 5336 582 5381; x_wconf 90' lang='lat' dir='ltr'><strong><em>ornatu</em></strong></span> <span class='ocrx_word' id='word_1_441' title='bbox 624 5331 883 5394; x_wconf 81' lang='lat' dir='ltr'><strong><em>excoluit,</em></strong></span> <span class='ocrx_word' id='word_1_442' title='bbox 916 5341 971 5386; x_wconf 91' lang='lat' dir='ltr'><strong>et</strong></span> <span class='ocrx_word' id='word_1_443' title='bbox 1007 5333 1343 5389; x_wconf 89' lang='lat' dir='ltr'><strong><em>convenienti</em></strong></span> <span class='ocrx_word' id='word_1_444' title='bbox 1385 5334 1571 5391; x_wconf 86' lang='lat' dir='ltr'><strong><em>ordine</em></strong></span> <span class='ocrx_word' id='word_1_445' title='bbox 1613 5336 1838 5393; x_wconf 86' lang='lat' dir='ltr'><strong><em>visibilia</em></strong></span> 
     </span>
    </p>
   </div>
   <div class='ocr_carea' id='block_1_57' title="bbox 250 5418 1843 5494">
    <p class='ocr_par' dir='ltr' id='par_1_57' title="bbox 250 5418 1843 5494">
     <span class='ocr_line' id='line_1_57' title="bbox 250 5418 1843 5494; baseline 0.009 -23"><span class='ocrx_word' id='word_1_446' title='bbox 250 5418 537 5487; x_wconf 81' lang='lat' dir='ltr'><strong><em>disposuit,</em></strong></span> <span class='ocrx_word' id='word_1_447' title='bbox 568 5428 620 5473; x_wconf 88' lang='lat' dir='ltr'><strong><em>et</em></strong></span> <span class='ocrx_word' id='word_1_448' title='bbox 640 5435 889 5490; x_wconf 64' lang='lat' dir='ltr'><strong><em>~mensam</em></strong></span> <span class='ocrx_word' id='word_1_449' title='bbox 919 5421 1118 5493; x_wconf 89' lang='lat' dir='ltr'><strong><em>largam</em></strong></span> <span class='ocrx_word' id='word_1_450' title='bbox 1161 5425 1430 5494; x_wconf 72' lang='lat' dir='ltr'><strong>instruxit,</strong></span> <span class='ocrx_word' id='word_1_451' title='bbox 1458 5428 1618 5482; x_wconf 87' lang='lat' dir='ltr'><strong><em>variis</em></strong></span> <span class='ocrx_word' id='word_1_452' title='bbox 1646 5440 1698 5483; x_wconf 86' lang='lat' dir='ltr'><strong><em>et</em></strong></span> <span class='ocrx_word' id='word_1_453' title='bbox 1726 5445 1843 5485; x_wconf 81' lang='lat' dir='ltr'><strong><em>om-</em></strong></span> 
     </span>
    </p>
   </div>
   <div class='ocr_carea' id='block_1_58' title="bbox 252 5509 1838 5588">
    <p class='ocr_par' dir='ltr' id='par_1_58' title="bbox 252 5509 1838 5588">
     <span class='ocr_line' id='line_1_58' title="bbox 252 5509 1838 5588; baseline 0.009 -27"><span class='ocrx_word' id='word_1_454' title='bbox 252 5510 457 5577; x_wconf 78' lang='lat' dir='ltr'><strong>nigenis</strong></span> <span class='ocrx_word' id='word_1_455' title='bbox 484 5509 735 5565; x_wconf 88' lang='lat' dir='ltr'><strong><em>refertam</em></strong></span> <span class='ocrx_word' id='word_1_456' title='bbox 766 5511 958 5568; x_wconf 82' lang='lat' dir='ltr'><strong><em>eduliis</em></strong></span> <span class='ocrx_word' id='word_1_457' title='bbox 980 5553 994 5578; x_wconf 96' lang='lat'><strong>,</strong></span> <span class='ocrx_word' id='word_1_458' title='bbox 1022 5516 1336 5586; x_wconf 86' lang='lat' dir='ltr'><strong><em>copiamque</em></strong></span> <span class='ocrx_word' id='word_1_459' title='bbox 1372 5528 1426 5572; x_wconf 90' lang='lat' dir='ltr'><strong>et</strong></span> <span class='ocrx_word' id='word_1_460' title='bbox 1462 5534 1593 5588; x_wconf 87' lang='lat' dir='ltr'><strong><em>opes</em></strong></span> <span class='ocrx_word' id='word_1_461' title='bbox 1635 5518 1838 5577; x_wconf 84' lang='lat' dir='ltr'><strong><em>baben-</em></strong></span> 
     </span>
    </p>
   </div>
   <div class='ocr_carea' id='block_1_59' title="bbox 253 5600 1842 5688">
    <p class='ocr_par' dir='ltr' id='par_1_59' title="bbox 253 5600 1842 5688">
     <span class='ocr_line' id='line_1_59' title="bbox 253 5600 1842 5688; baseline 0.011 -36"><span class='ocrx_word' id='word_1_462' title='bbox 253 5609 362 5653; x_wconf 88' lang='lat' dir='ltr'><strong>tem</strong></span> <span class='ocrx_word' id='word_1_463' title='bbox 387 5641 401 5663; x_wconf 95' lang='lat'><strong><em>,</em></strong></span> <span class='ocrx_word' id='word_1_464' title='bbox 431 5609 483 5655; x_wconf 89' lang='lat' dir='ltr'><strong><em>et</em></strong></span> <span class='ocrx_word' id='word_1_465' title='bbox 510 5600 656 5672; x_wconf 89' lang='lat' dir='ltr'><strong><em>quasi</em></strong></span> <span class='ocrx_word' id='word_1_466' title='bbox 684 5602 804 5673; x_wconf 86' lang='lat' dir='ltr'><strong><em>quis</em></strong></span> <span class='ocrx_word' id='word_1_467' title='bbox 828 5603 969 5658; x_wconf 86' lang='lat' dir='ltr'><strong><em>dicat</em></strong></span> <span class='ocrx_word' id='word_1_468' title='bbox 999 5605 1195 5675; x_wconf 87' lang='lat' dir='ltr'><strong><em>regiam</em></strong></span> <span class='ocrx_word' id='word_1_469' title='bbox 1223 5647 1236 5673; x_wconf 93' lang='lat'><strong><em>,</em></strong></span> <span class='ocrx_word' id='word_1_470' title='bbox 1265 5607 1497 5679; x_wconf 88' lang='lat' dir='ltr'><strong><em>undique</em></strong></span> <span class='ocrx_word' id='word_1_471' title='bbox 1536 5623 1763 5688; x_wconf 83' lang='lat' dir='ltr'><strong><em>superne</em></strong></span> <span class='ocrx_word' id='word_1_472' title='bbox 1788 5622 1842 5669; x_wconf 91' lang='lat' dir='ltr'><strong><em>et</em></strong></span> 
     </span>
    </p>
   </div>
   <div class='ocr_carea' id='block_1_60' title="bbox 253 5681 1836 5769">
    <p class='ocr_par' dir='ltr' id='par_1_60' title="bbox 253 5681 1836 5769">
     <span class='ocr_line' id='line_1_60' title="bbox 253 5681 1836 5769; baseline 0.015 -32"><span class='ocrx_word' id='word_1_473' title='bbox 253 5681 464 5742; x_wconf 85' lang='lat' dir='ltr'><strong><em>inferne</em></strong></span> <span class='ocrx_word' id='word_1_474' title='bbox 502 5693 660 5749; x_wconf 86' lang='lat' dir='ltr'><strong><em>variis</em></strong></span> <span class='ocrx_word' id='word_1_475' title='bbox 699 5695 869 5751; x_wconf 84' lang='lat' dir='ltr'><strong><em>modis</em></strong></span> <span class='ocrx_word' id='word_1_476' title='bbox 899 5696 1265 5769; x_wconf 84' lang='lat' dir='ltr'><strong><em>splendidam,</em></strong></span> <span class='ocrx_word' id='word_1_477' title='bbox 1296 5709 1417 5755; x_wconf 90' lang='lat' dir='ltr'><strong><em>tunc</em></strong></span> <span class='ocrx_word' id='word_1_478' title='bbox 1451 5700 1658 5757; x_wconf 87' lang='lat' dir='ltr'><strong><em>tandem</em></strong></span> <span class='ocrx_word' id='word_1_479' title='bbox 1692 5682 1836 5760; x_wconf 71' lang='lat' dir='ltr'><strong><em>illam</em></strong></span> 
     </span>
    </p>
   </div>
   <div class='ocr_carea' id='block_1_61' title="bbox 1956 353 3541 431">
    <p class='ocr_par' dir='ltr' id='par_1_61' title="bbox 1956 353 3541 431">
     <span class='ocr_line' id='line_1_61' title="bbox 1956 353 3541 431; baseline 0.013 -21"><span class='ocrx_word' id='word_1_480' title='bbox 1956 353 2149 413; x_wconf 89' lang='lat' dir='ltr'><strong><em>format</em></strong></span> <span class='ocrx_word' id='word_1_481' title='bbox 2170 359 2257 429; x_wconf 90' lang='lat' dir='ltr'><strong><em>qui</em></strong></span> <span class='ocrx_word' id='word_1_482' title='bbox 2286 359 2367 415; x_wconf 85' lang='lat' dir='ltr'><strong><em>bis</em></strong></span> <span class='ocrx_word' id='word_1_483' title='bbox 2393 359 2637 416; x_wconf 86' lang='lat' dir='ltr'><strong><em>omnibus</em></strong></span> <span class='ocrx_word' id='word_1_484' title='bbox 2667 360 2923 419; x_wconf 79' lang='lat' dir='ltr'><strong><em>fruiturus</em></strong></span> <span class='ocrx_word' id='word_1_485' title='bbox 2947 374 3107 430; x_wconf 81' lang='lat' dir='ltr'><strong><em>esset,</em></strong></span> <span class='ocrx_word' id='word_1_486' title='bbox 3136 368 3226 424; x_wconf 71' lang='lat' dir='ltr'><strong><em>cui</em></strong></span> <span class='ocrx_word' id='word_1_487' title='bbox 3246 370 3541 431; x_wconf 82' lang='lat' dir='ltr'><strong><em>visibilium</em></strong></span> 
     </span>
    </p>
   </div>
   <div class='ocr_carea' id='block_1_62' title="bbox 1953 449 3535 531">
    <p class='ocr_par' dir='ltr' id='par_1_62' title="bbox 1953 449 3535 531">
     <span class='ocr_line' id='line_1_62' title="bbox 1953 449 3535 531; baseline 0.008 -27"><span class='ocrx_word' id='word_1_488' title='bbox 1953 449 2188 504; x_wconf 90' lang='lat' dir='ltr'><strong><em>onmium</em></strong></span> <span class='ocrx_word' id='word_1_489' title='bbox 2220 460 2533 520; x_wconf 88' lang='lat' dir='ltr'><strong><em>potestatem</em></strong></span> <span class='ocrx_word' id='word_1_490' title='bbox 2562 453 2754 519; x_wconf 87' lang='lat' dir='ltr'><strong><em>tradat,</em></strong></span> <span class='ocrx_word' id='word_1_491' title='bbox 2777 465 2832 511; x_wconf 89' lang='lat' dir='ltr'><strong><em>et</em></strong></span> <span class='ocrx_word' id='word_1_492' title='bbox 2852 456 3084 513; x_wconf 86' lang='lat' dir='ltr'><strong><em>ostendit</em></strong></span> <span class='ocrx_word' id='word_1_493' title='bbox 3104 467 3304 529; x_wconf 82' lang='lat' dir='ltr'><strong><em>quanto</em></strong></span> <span class='ocrx_word' id='word_1_494' title='bbox 3327 459 3535 531; x_wconf 73' lang='lat' dir='ltr'><strong><em>dignius</em></strong></span> 
     </span>
    </p>
   </div>
   <div class='ocr_carea' id='block_1_63' title="bbox 1953 542 3536 623">
    <p class='ocr_par' dir='ltr' id='par_1_63' title="bbox 1953 542 3536 623">
     <span class='ocr_line' id='line_1_63' title="bbox 1953 542 3536 623; baseline 0.009 -29"><span class='ocrx_word' id='word_1_495' title='bbox 1953 542 2161 596; x_wconf 70' lang='lat' dir='ltr'><strong><em>steteris</em></strong></span> <span class='ocrx_word' id='word_1_496' title='bbox 2180 542 2425 598; x_wconf 88' lang='lat' dir='ltr'><strong><em>omnibus</em></strong></span> <span class='ocrx_word' id='word_1_497' title='bbox 2451 545 2647 599; x_wconf 90' lang='lat' dir='ltr'><strong>animal</strong></span> <span class='ocrx_word' id='word_1_498' title='bbox 2672 544 2884 615; x_wconf 87' lang='lat' dir='ltr'><strong><em>formet,</em></strong></span> <span class='ocrx_word' id='word_1_499' title='bbox 2912 548 3337 620; x_wconf 84' lang='lat' dir='ltr'><strong><em>quandoquidem</em></strong></span> <span class='ocrx_word' id='word_1_500' title='bbox 3361 554 3536 623; x_wconf 67' lang='lat' dir='ltr'><strong><em>praeci-</em></strong></span> 
     </span>
    </p>
   </div>
   <div class='ocr_carea' id='block_1_64' title="bbox 1955 634 3536 716">
    <p class='ocr_par' dir='ltr' id='par_1_64' title="bbox 1955 634 3536 716">
     <span class='ocr_line' id='line_1_64' title="bbox 1955 634 3536 716; baseline 0.01 -30"><span class='ocrx_word' id='word_1_501' title='bbox 1955 634 2063 701; x_wconf 87' lang='lat' dir='ltr'><strong><em>pit,</em></strong></span> <span class='ocrx_word' id='word_1_502' title='bbox 2095 636 2272 689; x_wconf 89' lang='lat' dir='ltr'><strong><em>omnia</em></strong></span> <span class='ocrx_word' id='word_1_503' title='bbox 2298 652 2418 707; x_wconf 78' lang='lat' dir='ltr'><strong>qua:</strong></span> <span class='ocrx_word' id='word_1_504' title='bbox 2447 639 2582 692; x_wconf 87' lang='lat' dir='ltr'><strong><em>facta</em></strong></span> <span class='ocrx_word' id='word_1_505' title='bbox 2609 647 2760 694; x_wconf 88' lang='lat' dir='ltr'><strong><em>erant</em></strong></span> <span class='ocrx_word' id='word_1_506' title='bbox 2789 640 2888 697; x_wconf 88' lang='lat' dir='ltr'><strong>sub</strong></span> <span class='ocrx_word' id='word_1_507' title='bbox 2920 641 3062 697; x_wconf 85' lang='lat' dir='ltr'><strong><em>illius</em></strong></span> <span class='ocrx_word' id='word_1_508' title='bbox 3094 657 3214 700; x_wconf 84' lang='lat' dir='ltr'><strong><em>esse</em></strong></span> <span class='ocrx_word' id='word_1_509' title='bbox 3237 645 3461 716; x_wconf 86' lang='lat' dir='ltr'><strong><em>imperio</em></strong></span> <span class='ocrx_word' id='word_1_510' title='bbox 3483 659 3536 702; x_wconf 86' lang='lat' dir='ltr'><strong>et</strong></span> 
     </span>
    </p>
   </div>
   <div class='ocr_carea' id='block_1_65' title="bbox 1954 734 2235 794">
    <p class='ocr_par' dir='ltr' id='par_1_65' title="bbox 1954 734 2235 794">
     <span class='ocr_line' id='line_1_65' title="bbox 1954 734 2235 794; baseline 0.007 -15"><span class='ocrx_word' id='word_1_511' title='bbox 1954 734 2235 794; x_wconf 84' lang='lat' dir='ltr'><strong><em>potestate.</em></strong></span> 
     </span>
    </p>
   </div>
   <div class='ocr_carea' id='block_1_66' title="bbox 2027 818 3532 888">
    <p class='ocr_par' dir='ltr' id='par_1_66' title="bbox 2027 818 3532 888">
     <span class='ocr_line' id='line_1_66' title="bbox 2027 818 3532 888; baseline 0.009 -16"><span class='ocrx_word' id='word_1_512' title='bbox 2027 818 2241 874; x_wconf 81' lang='lat' dir='ltr'><strong><em>Moralis</em></strong></span> <span class='ocrx_word' id='word_1_513' title='bbox 2270 820 2582 888; x_wconf 77' lang='lat' dir='ltr'><strong><em>exhortatio;</em></strong></span> <span class='ocrx_word' id='word_1_514' title='bbox 2612 823 2885 880; x_wconf 82' lang='lat' dir='ltr'><strong><em>Gentilium</em></strong></span> <span class='ocrx_word' id='word_1_515' title='bbox 2913 828 3134 883; x_wconf 85' lang='lat' dir='ltr'><strong><em>amentia</em></strong></span> <span class='ocrx_word' id='word_1_516' title='bbox 3156 829 3211 884; x_wconf 81' lang='lat' dir='ltr'><strong><em>in</em></strong></span> <span class='ocrx_word' id='word_1_517' title='bbox 3238 831 3532 887; x_wconf 84' lang='lat' dir='ltr'><strong><em>animalium</em></strong></span> 
     </span>
    </p>
   </div>
   <div class='ocr_carea' id='block_1_67' title="bbox 1952 914 3537 992">
    <p class='ocr_par' dir='ltr' id='par_1_67' title="bbox 1952 914 3537 992">
     <span class='ocr_line' id='line_1_67' title="bbox 1952 914 3537 992; baseline 0.009 -28"><span class='ocrx_word' id='word_1_518' title='bbox 1952 928 2217 980; x_wconf 84' lang='lat' dir='ltr'><strong><em>rerumque</em></strong></span> <span class='ocrx_word' id='word_1_519' title='bbox 2241 914 2412 967; x_wconf 82' lang='lat' dir='ltr'><strong><em>vilium</em></strong></span> <span class='ocrx_word' id='word_1_520' title='bbox 2441 915 2597 969; x_wconf 88' lang='lat' dir='ltr'><strong><em>cultu.</em></strong></span> <span class='ocrx_word' id='word_1_521' title='bbox 2626 947 2696 957; x_wconf 96' lang='lat'><strong>—</strong></span> <span class='ocrx_word' id='word_1_522' title='bbox 2725 918 2919 973; x_wconf 83' lang='lat' dir='ltr'><strong><em>Verum</em></strong></span> <span class='ocrx_word' id='word_1_523' title='bbox 2950 935 3017 975; x_wconf 91' lang='lat' dir='ltr'><strong><em>ne</em></strong></span> <span class='ocrx_word' id='word_1_524' title='bbox 3057 921 3263 992; x_wconf 77' lang='lat' dir='ltr'><strong><em>longius</em></strong></span> <span class='ocrx_word' id='word_1_525' title='bbox 3290 935 3537 981; x_wconf 80' lang='lat' dir='ltr'><strong><em>excurrat</em></strong></span> 
     </span>
    </p>
   </div>
   <div class='ocr_carea' id='block_1_68' title="bbox 1953 1003 3534 1088">
    <p class='ocr_par' dir='ltr' id='par_1_68' title="bbox 1953 1003 3534 1088">
     <span class='ocr_line' id='line_1_68' title="bbox 1953 1003 3534 1088; baseline 0.01 -31"><span class='ocrx_word' id='word_1_526' title='bbox 1953 1003 2152 1071; x_wconf 87' lang='lat' dir='ltr'><strong><em>oratio,</em></strong></span> <span class='ocrx_word' id='word_1_527' title='bbox 2182 1005 2264 1060; x_wconf 90' lang='lat' dir='ltr'><strong><em>his</em></strong></span> <span class='ocrx_word' id='word_1_528' title='bbox 2288 1009 2523 1062; x_wconf 86' lang='lat' dir='ltr'><strong><em>contenti</em></strong></span> <span class='ocrx_word' id='word_1_529' title='bbox 2555 1008 2708 1063; x_wconf 88' lang='lat' dir='ltr'><strong><em>dictis</em></strong></span> <span class='ocrx_word' id='word_1_530' title='bbox 2728 1051 2740 1072; x_wconf 96' lang='lat'><strong>,</strong></span> <span class='ocrx_word' id='word_1_531' title='bbox 2772 1011 2824 1064; x_wconf 89' lang='lat' dir='ltr'><strong><em>in</em></strong></span> <span class='ocrx_word' id='word_1_532' title='bbox 2851 1024 3161 1082; x_wconf 86' lang='lat' dir='ltr'><strong><em>sequentem</em></strong></span> <span class='ocrx_word' id='word_1_533' title='bbox 3191 1014 3332 1071; x_wconf 84' lang='lat' dir='ltr'><strong><em>diem</em></strong></span> <span class='ocrx_word' id='word_1_534' title='bbox 3375 1033 3534 1088; x_wconf 87' lang='lat' dir='ltr'><strong><em>repo-</em></strong></span> 
     </span>
    </p>
   </div>
   <div class='ocr_carea' id='block_1_69' title="bbox 1952 1100 3537 1167">
    <p class='ocr_par' dir='ltr' id='par_1_69' title="bbox 1952 1100 3537 1167">
     <span class='ocr_line' id='line_1_69' title="bbox 1952 1100 3537 1167; baseline 0.012 -21"><span class='ocrx_word' id='word_1_535' title='bbox 1952 1110 2141 1151; x_wconf 89' lang='lat' dir='ltr'><strong><em>namus</em></strong></span> <span class='ocrx_word' id='word_1_536' title='bbox 2167 1111 2228 1150; x_wconf 88' lang='lat' dir='ltr'><strong><em>ea</em></strong></span> <span class='ocrx_word' id='word_1_537' title='bbox 2255 1113 2373 1167; x_wconf 85' lang='lat' dir='ltr'><strong>quae</strong></span> <span class='ocrx_word' id='word_1_538' title='bbox 2403 1100 2671 1167; x_wconf 84' lang='lat' dir='ltr'><strong><em>pertinent</em></strong></span> <span class='ocrx_word' id='word_1_539' title='bbox 2706 1100 2774 1155; x_wconf 85' lang='lat' dir='ltr'><strong><em>ad</em></strong></span> <span class='ocrx_word' id='word_1_540' title='bbox 2814 1103 3181 1161; x_wconf 88' lang='lat' dir='ltr'><strong><em>formationem</em></strong></span> <span class='ocrx_word' id='word_1_541' title='bbox 3209 1108 3537 1165; x_wconf 83' lang='lat' dir='ltr'><strong><em>admirabilis</em></strong></span> 
     </span>
    </p>
   </div>
   <div class='ocr_carea' id='block_1_70' title="bbox 1917 1186 3532 1274">
    <p class='ocr_par' dir='ltr' id='par_1_70' title="bbox 1917 1186 3532 1274">
     <span class='ocr_line' id='line_1_70' title="bbox 1917 1186 3532 1274; baseline 0.012 -35"><span class='ocrx_word' id='word_1_542' title='bbox 1917 1246 1925 1267; x_wconf 34' lang='grc' dir='ltr'><em>ί</em></span> <span class='ocrx_word' id='word_1_543' title='bbox 1955 1186 2111 1257; x_wconf 89' lang='lat' dir='ltr'><strong>hujus</strong></span> <span class='ocrx_word' id='word_1_544' title='bbox 2156 1189 2399 1246; x_wconf 86' lang='lat' dir='ltr'><strong><em>animalis</em></strong></span> <span class='ocrx_word' id='word_1_545' title='bbox 2419 1192 2691 1248; x_wconf 89' lang='lat' dir='ltr'><strong><em>rationalis</em></strong></span> <span class='ocrx_word' id='word_1_546' title='bbox 2710 1203 2764 1250; x_wconf 88' lang='lat' dir='ltr'><strong>et</strong></span> <span class='ocrx_word' id='word_1_547' title='bbox 2787 1196 3024 1265; x_wconf 87' lang='lat' dir='ltr'><strong><em>animati,</em></strong></span> <span class='ocrx_word' id='word_1_548' title='bbox 3048 1198 3279 1256; x_wconf 87' lang='lat' dir='ltr'><strong><em>hominis</em></strong></span> <span class='ocrx_word' id='word_1_549' title='bbox 3299 1202 3532 1274; x_wconf 86' lang='lat' dir='ltr'><strong><em>inquam,</em></strong></span> 
     </span>
    </p>
   </div>
   <div class='ocr_carea' id='block_1_71' title="bbox 1953 1283 3537 1356">
    <p class='ocr_par' dir='ltr' id='par_1_71' title="bbox 1953 1283 3537 1356">
     <span class='ocr_line' id='line_1_71' title="bbox 1953 1283 3537 1356; baseline 0.011 -24"><span class='ocrx_word' id='word_1_550' title='bbox 1953 1294 2094 1335; x_wconf 89' lang='lat' dir='ltr'><strong><em>nunc</em></strong></span> <span class='ocrx_word' id='word_1_551' title='bbox 2130 1292 2437 1337; x_wconf 88' lang='lat' dir='ltr'><strong><em>consuetam</em></strong></span> <span class='ocrx_word' id='word_1_552' title='bbox 2466 1283 2877 1341; x_wconf 86' lang='lat' dir='ltr'><strong><em>admonitionem</em></strong></span> <span class='ocrx_word' id='word_1_553' title='bbox 2905 1288 3249 1356; x_wconf 87' lang='lat' dir='ltr'><strong><em>adhibentes,</em></strong></span> <span class='ocrx_word' id='word_1_554' title='bbox 3281 1292 3353 1348; x_wconf 82' lang='lat' dir='ltr'><strong>ita</strong></span> <span class='ocrx_word' id='word_1_555' title='bbox 3384 1304 3440 1348; x_wconf 91' lang='lat' dir='ltr'><strong><em>ut</em></strong></span> <span class='ocrx_word' id='word_1_556' title='bbox 3470 1310 3537 1352; x_wconf 72' lang='lat' dir='ltr'><strong><em>ne</em></strong></span> 
     </span>
    </p>
   </div>
   <div class='ocr_carea' id='block_1_72' title="bbox 1952 1370 3535 1441">
    <p class='ocr_par' dir='ltr' id='par_1_72' title="bbox 1952 1370 3535 1441">
     <span class='ocr_line' id='line_1_72' title="bbox 1952 1370 3535 1441; baseline 0.011 -17"><span class='ocrx_word' id='word_1_557' title='bbox 1952 1370 2217 1427; x_wconf 91' lang='lat' dir='ltr'><strong><em>dictorum</em></strong></span> <span class='ocrx_word' id='word_1_558' title='bbox 2246 1377 2500 1430; x_wconf 88' lang='lat' dir='ltr'><strong><em>memoria</em></strong></span> <span class='ocrx_word' id='word_1_559' title='bbox 2527 1376 2769 1433; x_wconf 87' lang='lat' dir='ltr'><strong><em>elabatur</em></strong></span> <span class='ocrx_word' id='word_1_560' title='bbox 2799 1398 2813 1434; x_wconf 89' lang='lat'><strong>:</strong></span> <span class='ocrx_word' id='word_1_561' title='bbox 2846 1380 2940 1435; x_wconf 87' lang='lat' dir='ltr'><strong><em>sed</em></strong></span> <span class='ocrx_word' id='word_1_562' title='bbox 2978 1397 3041 1437; x_wconf 85' lang='lat' dir='ltr'><strong><em>ex</em></strong></span> <span class='ocrx_word' id='word_1_563' title='bbox 3078 1384 3325 1439; x_wconf 88' lang='lat' dir='ltr'><strong><em>omnibus</em></strong></span> <span class='ocrx_word' id='word_1_564' title='bbox 3352 1385 3535 1441; x_wconf 85' lang='lat' dir='ltr'><strong><em>visibi-</em></strong></span> 
     </span>
    </p>
   </div>
   <div class='ocr_carea' id='block_1_73' title="bbox 1953 1462 3534 1547">
    <p class='ocr_par' dir='ltr' id='par_1_73' title="bbox 1953 1462 3534 1547">
     <span class='ocr_line' id='line_1_73' title="bbox 1953 1462 3534 1547; baseline 0.011 -31"><span class='ocrx_word' id='word_1_565' title='bbox 1953 1462 2092 1517; x_wconf 90' lang='lat' dir='ltr'><strong><em>libus</em></strong></span> <span class='ocrx_word' id='word_1_566' title='bbox 2120 1464 2185 1518; x_wconf 88' lang='lat' dir='ltr'><strong>ad</strong></span> <span class='ocrx_word' id='word_1_567' title='bbox 2215 1466 2591 1522; x_wconf 85' lang='lat' dir='ltr'><strong><em>celebrandum</em></strong></span> <span class='ocrx_word' id='word_1_568' title='bbox 2624 1470 2903 1526; x_wconf 89' lang='lat' dir='ltr'><strong><em>Dominum</em></strong></span> <span class='ocrx_word' id='word_1_569' title='bbox 2936 1488 3034 1527; x_wconf 91' lang='lat' dir='ltr'><strong><em>nos</em></strong></span> <span class='ocrx_word' id='word_1_570' title='bbox 3069 1474 3211 1544; x_wconf 89' lang='lat' dir='ltr'><strong><em>ipsos</em></strong></span> <span class='ocrx_word' id='word_1_571' title='bbox 3245 1477 3534 1547; x_wconf 77' lang='lat' dir='ltr'><strong><em>erigamus.</em></strong></span> 
     </span>
    </p>
   </div>
   <div class='ocr_carea' id='block_1_74' title="bbox 1952 1554 3534 1629">
    <p class='ocr_par' dir='ltr' id='par_1_74' title="bbox 1952 1554 3534 1629">
     <span class='ocr_line' id='line_1_74' title="bbox 1952 1554 3534 1629; baseline 0.009 -22"><span class='ocrx_word' id='word_1_572' title='bbox 1952 1554 2103 1621; x_wconf 82' lang='lat' dir='ltr'><strong><em>Quod</em></strong></span> <span class='ocrx_word' id='word_1_573' title='bbox 2142 1565 2319 1612; x_wconf 88' lang='lat' dir='ltr'><strong>autem</strong></span> <span class='ocrx_word' id='word_1_574' title='bbox 2356 1561 2599 1629; x_wconf 86' lang='lat' dir='ltr'><strong><em>assequi,</em></strong></span> <span class='ocrx_word' id='word_1_575' title='bbox 2634 1572 2689 1616; x_wconf 91' lang='lat' dir='ltr'><strong><em>et</em></strong></span> <span class='ocrx_word' id='word_1_576' title='bbox 2712 1573 3076 1620; x_wconf 85' lang='lat' dir='ltr'><strong><em>creaturarum</em></strong></span> <span class='ocrx_word' id='word_1_577' title='bbox 3106 1567 3341 1622; x_wconf 90' lang='lat' dir='ltr'><strong><em>omnium</em></strong></span> <span class='ocrx_word' id='word_1_578' title='bbox 3370 1571 3534 1623; x_wconf 82' lang='lat' dir='ltr'><strong><em>ratio-</em></strong></span> 
     </span>
    </p>
   </div>
   <div class='ocr_carea' id='block_1_75' title="bbox 1954 1651 3538 1724">
    <p class='ocr_par' dir='ltr' id='par_1_75' title="bbox 1954 1651 3538 1724">
     <span class='ocr_line' id='line_1_75' title="bbox 1954 1651 3538 1724; baseline 0.013 -25"><span class='ocrx_word' id='word_1_579' title='bbox 1954 1661 2073 1700; x_wconf 88' lang='lat' dir='ltr'><strong><em>nem</em></strong></span> <span class='ocrx_word' id='word_1_580' title='bbox 2110 1651 2565 1718; x_wconf 85' lang='lat' dir='ltr'><strong><em>comprehendere</em></strong></span> <span class='ocrx_word' id='word_1_581' title='bbox 2609 1668 2717 1709; x_wconf 92' lang='lat' dir='ltr'><strong><em>non</em></strong></span> <span class='ocrx_word' id='word_1_582' title='bbox 2764 1656 3063 1724; x_wconf 82' lang='lat' dir='ltr'><strong><em>possimus,</em></strong></span> <span class='ocrx_word' id='word_1_583' title='bbox 3095 1658 3147 1713; x_wconf 91' lang='lat' dir='ltr'><strong><em>id</em></strong></span> <span class='ocrx_word' id='word_1_584' title='bbox 3176 1675 3244 1715; x_wconf 91' lang='lat' dir='ltr'><strong><em>ne</em></strong></span> <span class='ocrx_word' id='word_1_585' title='bbox 3280 1661 3350 1715; x_wconf 88' lang='lat' dir='ltr'><strong><em>sit</em></strong></span> <span class='ocrx_word' id='word_1_586' title='bbox 3384 1661 3538 1719; x_wconf 85' lang='lat' dir='ltr'><strong><em>nobis</em></strong></span> 
     </span>
    </p>
   </div>
   <div class='ocr_carea' id='block_1_76' title="bbox 1954 1739 3537 1818">
    <p class='ocr_par' dir='ltr' id='par_1_76' title="bbox 1954 1739 3537 1818">
     <span class='ocr_line' id='line_1_76' title="bbox 1954 1739 3537 1818; baseline 0.01 -25"><span class='ocrx_word' id='word_1_587' title='bbox 1954 1739 2342 1798; x_wconf 84' lang='lat' dir='ltr'><strong><em>incredulitatis</em></strong></span> <span class='ocrx_word' id='word_1_588' title='bbox 2367 1746 2576 1800; x_wconf 89' lang='lat' dir='ltr'><strong><em>occasio</em></strong></span> <span class='ocrx_word' id='word_1_589' title='bbox 2595 1788 2611 1811; x_wconf 93' lang='lat'><strong>,</strong></span> <span class='ocrx_word' id='word_1_590' title='bbox 2642 1747 2735 1803; x_wconf 90' lang='lat' dir='ltr'><strong><em>sed</em></strong></span> <span class='ocrx_word' id='word_1_591' title='bbox 2764 1749 2938 1818; x_wconf 89' lang='lat' dir='ltr'><strong><em>potius</em></strong></span> <span class='ocrx_word' id='word_1_592' title='bbox 2964 1751 3030 1805; x_wconf 89' lang='lat' dir='ltr'><strong><em>ad</em></strong></span> <span class='ocrx_word' id='word_1_593' title='bbox 3066 1752 3394 1808; x_wconf 88' lang='lat' dir='ltr'><strong><em>referendam</em></strong></span> <span class='ocrx_word' id='word_1_594' title='bbox 3426 1755 3537 1810; x_wconf 86' lang='lat' dir='ltr'><strong><em>Deo</em></strong></span> 
     </span>
    </p>
   </div>
   <div class='ocr_carea' id='block_1_77' title="bbox 1952 1832 3538 1915">
    <p class='ocr_par' dir='ltr' id='par_1_77' title="bbox 1952 1832 3538 1915">
     <span class='ocr_line' id='line_1_77' title="bbox 1952 1832 3538 1915; baseline 0.012 -30"><span class='ocrx_word' id='word_1_595' title='bbox 1952 1832 2176 1902; x_wconf 81' lang='lat' dir='ltr'><strong><em>gloriam</em></strong></span> <span class='ocrx_word' id='word_1_596' title='bbox 2207 1835 2626 1892; x_wconf 88' lang='lat' dir='ltr'><strong><em>incitamentum.</em></strong></span> <span class='ocrx_word' id='word_1_597' title='bbox 2660 1842 2880 1907; x_wconf 81' lang='lat' dir='ltr'><strong><em>Quando</em></strong></span> <span class='ocrx_word' id='word_1_598' title='bbox 2909 1845 3049 1898; x_wconf 89' lang='lat' dir='ltr'><strong><em>enim</em></strong></span> <span class='ocrx_word' id='word_1_599' title='bbox 3084 1844 3260 1900; x_wconf 84' lang='lat' dir='ltr'><strong><em>deficit</em></strong></span> <span class='ocrx_word' id='word_1_600' title='bbox 3288 1848 3422 1901; x_wconf 83' lang='lat' dir='ltr'><strong><em>ratio</em></strong></span> <span class='ocrx_word' id='word_1_601' title='bbox 3441 1891 3456 1915; x_wconf 89' lang='lat'><strong>,</strong></span> <span class='ocrx_word' id='word_1_602' title='bbox 3484 1856 3538 1904; x_wconf 85' lang='lat' dir='ltr'><strong><em>et</em></strong></span> 
     </span>
    </p>
   </div>
   <div class='ocr_carea' id='block_1_78' title="bbox 1952 1932 3541 2004">
    <p class='ocr_par' dir='ltr' id='par_1_78' title="bbox 1952 1932 3541 2004">
     <span class='ocr_line' id='line_1_78' title="bbox 1952 1932 3541 2004; baseline 0.008 -26"><span class='ocrx_word' id='word_1_603' title='bbox 1952 1939 2107 1978; x_wconf 90' lang='lat' dir='ltr'><strong><em>mens</em></strong></span> <span class='ocrx_word' id='word_1_604' title='bbox 2148 1940 2250 1979; x_wconf 91' lang='lat' dir='ltr'><strong><em>non</em></strong></span> <span class='ocrx_word' id='word_1_605' title='bbox 2288 1936 2368 1981; x_wconf 90' lang='lat' dir='ltr'><strong><em>est</em></strong></span> <span class='ocrx_word' id='word_1_606' title='bbox 2393 1944 2556 1996; x_wconf 83' lang='lat' dir='ltr'><strong><em>capax</em></strong></span> <span class='ocrx_word' id='word_1_607' title='bbox 2579 1970 2593 1994; x_wconf 93' lang='lat'><strong>,</strong></span> <span class='ocrx_word' id='word_1_608' title='bbox 2622 1932 2791 2000; x_wconf 85' lang='lat' dir='ltr'><strong><em>cogita</em></strong></span> <span class='ocrx_word' id='word_1_609' title='bbox 2821 1948 2976 2001; x_wconf 90' lang='lat' dir='ltr'><strong><em>quam</em></strong></span> <span class='ocrx_word' id='word_1_610' title='bbox 3006 1950 3224 2004; x_wconf 81' lang='lat' dir='ltr'><strong><em>magnus</em></strong></span> <span class='ocrx_word' id='word_1_611' title='bbox 3250 1947 3331 1991; x_wconf 82' lang='lat' dir='ltr'><strong>est</strong></span> <span class='ocrx_word' id='word_1_612' title='bbox 3362 1939 3541 1992; x_wconf 89' lang='lat' dir='ltr'><strong><em>Domi-</em></strong></span> 
     </span>
    </p>
   </div>
   <div class='ocr_carea' id='block_1_79' title="bbox 1953 2021 3535 2098">
    <p class='ocr_par' dir='ltr' id='par_1_79' title="bbox 1953 2021 3535 2098">
     <span class='ocr_line' id='line_1_79' title="bbox 1953 2021 3535 2098; baseline 0.011 -30"><span class='ocrx_word' id='word_1_613' title='bbox 1953 2031 2050 2070; x_wconf 89' lang='lat' dir='ltr'><strong><em>nus</em></strong></span> <span class='ocrx_word' id='word_1_614' title='bbox 2078 2027 2201 2071; x_wconf 89' lang='lat' dir='ltr'><strong>tuus</strong></span> <span class='ocrx_word' id='word_1_615' title='bbox 2224 2061 2238 2082; x_wconf 95' lang='lat'><strong><em>,</em></strong></span> <span class='ocrx_word' id='word_1_616' title='bbox 2271 2028 2323 2073; x_wconf 89' lang='lat' dir='ltr'><strong><em>et</em></strong></span> <span class='ocrx_word' id='word_1_617' title='bbox 2351 2035 2413 2073; x_wconf 81' lang='lat' dir='ltr'><strong><em>ex</em></strong></span> <span class='ocrx_word' id='word_1_618' title='bbox 2448 2021 2547 2075; x_wconf 92' lang='lat' dir='ltr'><strong><em>hoc</em></strong></span> <span class='ocrx_word' id='word_1_619' title='bbox 2576 2023 2692 2092; x_wconf 84' lang='lat' dir='ltr'><strong><em>ipso</em></strong></span> <span class='ocrx_word' id='word_1_620' title='bbox 2712 2065 2725 2088; x_wconf 85' lang='lat'><strong>,</strong></span> <span class='ocrx_word' id='word_1_621' title='bbox 2753 2025 2893 2093; x_wconf 86' lang='lat' dir='ltr'><strong><em>quod</em></strong></span> <span class='ocrx_word' id='word_1_622' title='bbox 2926 2036 3067 2080; x_wconf 89' lang='lat' dir='ltr'><strong><em>tanta</em></strong></span> <span class='ocrx_word' id='word_1_623' title='bbox 3094 2030 3162 2082; x_wconf 88' lang='lat' dir='ltr'><strong><em>sit</em></strong></span> <span class='ocrx_word' id='word_1_624' title='bbox 3190 2030 3307 2098; x_wconf 75' lang='lat' dir='ltr'><strong><em>ejus</em></strong></span> <span class='ocrx_word' id='word_1_625' title='bbox 3335 2032 3535 2097; x_wconf 85' lang='lat' dir='ltr'><strong><em>virtus,</em></strong></span> 
     </span>
    </p>
   </div>
   <div class='ocr_carea' id='block_1_80' title="bbox 1953 2110 3538 2185">
    <p class='ocr_par' dir='ltr' id='par_1_80' title="bbox 1953 2110 3538 2185">
     <span class='ocr_line' id='line_1_80' title="bbox 1953 2110 3538 2185; baseline 0.013 -26"><span class='ocrx_word' id='word_1_626' title='bbox 1953 2117 2009 2161; x_wconf 89' lang='lat' dir='ltr'><strong><em>ut</em></strong></span> <span class='ocrx_word' id='word_1_627' title='bbox 2035 2124 2205 2178; x_wconf 87' lang='lat' dir='ltr'><strong><em>neque</em></strong></span> <span class='ocrx_word' id='word_1_628' title='bbox 2233 2110 2487 2165; x_wconf 88' lang='lat' dir='ltr'><strong><em>rationem</em></strong></span> <span class='ocrx_word' id='word_1_629' title='bbox 2516 2130 2697 2168; x_wconf 86' lang='lat' dir='ltr'><strong><em>eorum</em></strong></span> <span class='ocrx_word' id='word_1_630' title='bbox 2725 2131 2843 2185; x_wconf 73' lang='lat' dir='ltr'><strong>qum</strong></span> <span class='ocrx_word' id='word_1_631' title='bbox 2870 2116 2937 2171; x_wconf 90' lang='lat' dir='ltr'><strong><em>ab</em></strong></span> <span class='ocrx_word' id='word_1_632' title='bbox 2962 2118 3056 2172; x_wconf 90' lang='lat' dir='ltr'><strong><em>illo</em></strong></span> <span class='ocrx_word' id='word_1_633' title='bbox 3086 2119 3220 2174; x_wconf 84' lang='lat' dir='ltr'><strong><em>facta</em></strong></span> <span class='ocrx_word' id='word_1_634' title='bbox 3252 2130 3374 2175; x_wconf 91' lang='lat' dir='ltr'><strong><em>sunt</em></strong></span> <span class='ocrx_word' id='word_1_635' title='bbox 3397 2125 3538 2179; x_wconf 81' lang='lat' dir='ltr'><strong><em>scire</em></strong></span> 
     </span>
    </p>
   </div>
   <div class='ocr_carea' id='block_1_81' title="bbox 1953 2201 3531 2274">
    <p class='ocr_par' dir='ltr' id='par_1_81' title="bbox 1953 2201 3531 2274">
     <span class='ocr_line' id='line_1_81' title="bbox 1953 2201 3531 2274; baseline 0.011 -23"><span class='ocrx_word' id='word_1_636' title='bbox 1953 2214 2226 2266; x_wconf 86' lang='lat' dir='ltr'><strong><em>queamus.</em></strong></span> <span class='ocrx_word' id='word_1_637' title='bbox 2259 2201 2370 2256; x_wconf 82' lang='lat' dir='ltr'><strong><em>Hoc</em></strong></span> <span class='ocrx_word' id='word_1_638' title='bbox 2398 2203 2555 2258; x_wconf 86' lang='lat' dir='ltr'><strong><em>fuerit</em></strong></span> <span class='ocrx_word' id='word_1_639' title='bbox 2580 2205 2714 2274; x_wconf 82' lang='lat' dir='ltr'><strong><em>grati</em></strong></span> <span class='ocrx_word' id='word_1_640' title='bbox 2744 2208 2902 2262; x_wconf 79' lang='lat' dir='ltr'><strong>animi</strong></span> <span class='ocrx_word' id='word_1_641' title='bbox 2929 2250 2939 2273; x_wconf 91' lang='lat'><strong>,</strong></span> <span class='ocrx_word' id='word_1_642' title='bbox 2972 2210 3070 2265; x_wconf 90' lang='lat' dir='ltr'><strong><em>hoc</em></strong></span> <span class='ocrx_word' id='word_1_643' title='bbox 3100 2213 3290 2267; x_wconf 67' lang='lat' dir='ltr'><strong><em>sobria)</em></strong></span> <span class='ocrx_word' id='word_1_644' title='bbox 3320 2217 3531 2270; x_wconf 77' lang='lat' dir='ltr'><strong><em>mentis.</em></strong></span> 
     </span>
    </p>
   </div>
   <div class='ocr_carea' id='block_1_82' title="bbox 1956 2289 3533 2375">
    <p class='ocr_par' dir='ltr' id='par_1_82' title="bbox 1956 2289 3533 2375">
     <span class='ocr_line' id='line_1_82' title="bbox 1956 2289 3533 2375; baseline 0.013 -34"><span class='ocrx_word' id='word_1_645' title='bbox 1956 2289 2213 2355; x_wconf 85' lang='lat' dir='ltr'><strong><em>Quoniam</em></strong></span> <span class='ocrx_word' id='word_1_646' title='bbox 2250 2302 2302 2346; x_wconf 92' lang='lat' dir='ltr'><strong><em>et</em></strong></span> <span class='ocrx_word' id='word_1_647' title='bbox 2334 2295 2558 2363; x_wconf 79' lang='lat' dir='ltr'><strong><em>gentiles</em></strong></span> <span class='ocrx_word' id='word_1_648' title='bbox 2587 2298 2663 2350; x_wconf 86' lang='lat' dir='ltr'><strong><em>sic</em></strong></span> <span class='ocrx_word' id='word_1_649' title='bbox 2687 2311 3033 2366; x_wconf 87' lang='lat' dir='ltr'><strong><em>erraverunt,</em></strong></span> <span class='ocrx_word' id='word_1_650' title='bbox 3064 2304 3171 2357; x_wconf 81' lang='lat' dir='ltr'><strong><em>suis</em></strong></span> <span class='ocrx_word' id='word_1_651' title='bbox 3200 2306 3533 2375; x_wconf 62' lang='lat' dir='ltr'><strong><em>cogitationi.</em></strong></span> 
     </span>
    </p>
   </div>
   <div class='ocr_carea' id='block_1_83' title="bbox 1955 2380 3533 2452">
    <p class='ocr_par' dir='ltr' id='par_1_83' title="bbox 1955 2380 3533 2452">
     <span class='ocr_line' id='line_1_83' title="bbox 1955 2380 3533 2452; baseline 0.012 -19"><span class='ocrx_word' id='word_1_652' title='bbox 1955 2380 2051 2433; x_wconf 88' lang='lat' dir='ltr'><strong><em>bus</em></strong></span> <span class='ocrx_word' id='word_1_653' title='bbox 2080 2382 2256 2436; x_wconf 88' lang='lat' dir='ltr'><strong><em>omnia</em></strong></span> <span class='ocrx_word' id='word_1_654' title='bbox 2290 2385 2685 2452; x_wconf 87' lang='lat' dir='ltr'><strong><em>permittentes,</em></strong></span> <span class='ocrx_word' id='word_1_655' title='bbox 2719 2399 2769 2443; x_wconf 90' lang='lat' dir='ltr'><strong>et</strong></span> <span class='ocrx_word' id='word_1_656' title='bbox 2795 2389 2861 2443; x_wconf 90' lang='lat' dir='ltr'><strong>ad</strong></span> <span class='ocrx_word' id='word_1_657' title='bbox 2892 2391 3305 2449; x_wconf 78' lang='lat' dir='ltr'><strong><em>imbecillitatem</em></strong></span> <span class='ocrx_word' id='word_1_658' title='bbox 3334 2403 3533 2452; x_wconf 74' lang='lat' dir='ltr'><strong><em>natune</em></strong></span> 
     </span>
    </p>
   </div>
   <div class='ocr_carea' id='block_1_84' title="bbox 1951 2476 3532 2556">
    <p class='ocr_par' dir='ltr' id='par_1_84' title="bbox 1951 2476 3532 2556">
     <span class='ocr_line' id='line_1_84' title="bbox 1951 2476 3532 2556; baseline 0.012 -31"><span class='ocrx_word' id='word_1_659' title='bbox 1951 2484 2062 2526; x_wconf 75' lang='lat' dir='ltr'><strong><em>sine</em></strong></span> <span class='ocrx_word' id='word_1_660' title='bbox 2105 2488 2209 2527; x_wconf 91' lang='lat' dir='ltr'><strong><em>non</em></strong></span> <span class='ocrx_word' id='word_1_661' title='bbox 2250 2476 2631 2544; x_wconf 74' lang='lat' dir='ltr'><strong><em>respicientes,</em></strong></span> <span class='ocrx_word' id='word_1_662' title='bbox 2678 2480 2768 2534; x_wconf 89' lang='lat' dir='ltr'><strong><em>sed</em></strong></span> <span class='ocrx_word' id='word_1_663' title='bbox 2808 2497 2926 2551; x_wconf 80' lang='lat' dir='ltr'><strong><em>qua:</em></strong></span> <span class='ocrx_word' id='word_1_664' title='bbox 2963 2484 3096 2539; x_wconf 88' lang='lat' dir='ltr'><strong><em>ultra</em></strong></span> <span class='ocrx_word' id='word_1_665' title='bbox 3132 2498 3340 2556; x_wconf 86' lang='lat' dir='ltr'><strong><em>captum</em></strong></span> <span class='ocrx_word' id='word_1_666' title='bbox 3377 2504 3532 2544; x_wconf 89' lang='lat' dir='ltr'><strong><em>suum</em></strong></span> 
     </span>
    </p>
   </div>
   <div class='ocr_carea' id='block_1_85' title="bbox 1951 2568 3527 2652">
    <p class='ocr_par' dir='ltr' id='par_1_85' title="bbox 1951 2568 3527 2652">
     <span class='ocr_line' id='line_1_85' title="bbox 1951 2568 3527 2652; baseline 0.013 -33"><span class='ocrx_word' id='word_1_667' title='bbox 1951 2575 2105 2620; x_wconf 86' lang='lat' dir='ltr'><strong><em>erant</em></strong></span> <span class='ocrx_word' id='word_1_668' title='bbox 2134 2568 2484 2638; x_wconf 84' lang='lat' dir='ltr'><strong><em>itnagiuantes</em></strong></span> <span class='ocrx_word' id='word_1_669' title='bbox 2508 2613 2521 2635; x_wconf 92' lang='lat'><strong><em>,</em></strong></span> <span class='ocrx_word' id='word_1_670' title='bbox 2554 2584 2606 2627; x_wconf 91' lang='lat' dir='ltr'><strong><em>et</em></strong></span> <span class='ocrx_word' id='word_1_671' title='bbox 2633 2573 2858 2629; x_wconf 88' lang='lat' dir='ltr'><strong>limitum</strong></span> <span class='ocrx_word' id='word_1_672' title='bbox 2890 2592 3104 2632; x_wconf 89' lang='lat' dir='ltr'><strong><em>suorum</em></strong></span> <span class='ocrx_word' id='word_1_673' title='bbox 3133 2578 3264 2634; x_wconf 86' lang='lat' dir='ltr'><strong><em>fines</em></strong></span> <span class='ocrx_word' id='word_1_674' title='bbox 3293 2585 3492 2652; x_wconf 77' lang='lat' dir='ltr'><strong><em>egressi</em></strong></span> <span class='ocrx_word' id='word_1_675' title='bbox 3513 2626 3527 2649; x_wconf 93' lang='lat'><strong><em>,</em></strong></span> 
     </span>
    </p>
   </div>
   <div class='ocr_carea' id='block_1_86' title="bbox 1950 2659 3537 2743">
    <p class='ocr_par' dir='ltr' id='par_1_86' title="bbox 1950 2659 3537 2743">
     <span class='ocr_line' id='line_1_86' title="bbox 1950 2659 3537 2743; baseline 0.011 -31"><span class='ocrx_word' id='word_1_676' title='bbox 1950 2659 2109 2713; x_wconf 90' lang='lat' dir='ltr'><strong>etiam</strong></span> <span class='ocrx_word' id='word_1_677' title='bbox 2148 2674 2176 2712; x_wconf 92' lang='lat' dir='ltr'><strong>a</strong></span> <span class='ocrx_word' id='word_1_678' title='bbox 2220 2675 2311 2715; x_wconf 87' lang='lat' dir='ltr'><strong><em>sua</em></strong></span> <span class='ocrx_word' id='word_1_679' title='bbox 2357 2662 2614 2731; x_wconf 85' lang='lat' dir='ltr'><strong><em>dignitate</em></strong></span> <span class='ocrx_word' id='word_1_680' title='bbox 2648 2667 2977 2723; x_wconf 80' lang='lat' dir='ltr'><strong><em>exciderunt.</em></strong></span> <span class='ocrx_word' id='word_1_681' title='bbox 3025 2670 3156 2725; x_wconf 81' lang='lat' dir='ltr'><strong><em>Nam</em></strong></span> <span class='ocrx_word' id='word_1_682' title='bbox 3195 2674 3282 2743; x_wconf 91' lang='lat' dir='ltr'><strong><em>qui</em></strong></span> <span class='ocrx_word' id='word_1_683' title='bbox 3329 2676 3537 2731; x_wconf 83' lang='lat' dir='ltr'><strong><em>ratione</em></strong></span> 
     </span>
    </p>
   </div>
   <div class='ocr_carea' id='block_1_87' title="bbox 1952 2750 3530 2836">
    <p class='ocr_par' dir='ltr' id='par_1_87' title="bbox 1952 2750 3530 2836">
     <span class='ocr_line' id='line_1_87' title="bbox 1952 2750 3530 2836; baseline 0.013 -33"><span class='ocrx_word' id='word_1_684' title='bbox 1952 2750 2183 2822; x_wconf 82' lang='lat' dir='ltr'><strong><em>iusigniti</em></strong></span> <span class='ocrx_word' id='word_1_685' title='bbox 2211 2752 2511 2823; x_wconf 73' lang='lat' dir='ltr'><strong><em>huiusmodi</em></strong></span> <span class='ocrx_word' id='word_1_686' title='bbox 2552 2757 2833 2826; x_wconf 89' lang='lat' dir='ltr'><strong><em>primatum</em></strong></span> <span class='ocrx_word' id='word_1_687' title='bbox 2862 2774 3178 2832; x_wconf 85' lang='lat' dir='ltr'><strong><em>acceperant</em></strong></span> <span class='ocrx_word' id='word_1_688' title='bbox 3205 2780 3234 2819; x_wconf 90' lang='lat' dir='ltr'><strong><em>a</em></strong></span> <span class='ocrx_word' id='word_1_689' title='bbox 3257 2765 3530 2836; x_wconf 85' lang='lat' dir='ltr'><strong><em>Creatore,</em></strong></span> 
     </span>
    </p>
   </div>
   <div class='ocr_carea' id='block_1_88' title="bbox 1954 2846 3531 2918">
    <p class='ocr_par' dir='ltr' id='par_1_88' title="bbox 1954 2846 3531 2918">
     <span class='ocr_line' id='line_1_88' title="bbox 1954 2846 3531 2918; baseline 0.012 -22"><span class='ocrx_word' id='word_1_690' title='bbox 1954 2853 2135 2913; x_wconf 89' lang='lat' dir='ltr'><strong><em>utpote</em></strong></span> <span class='ocrx_word' id='word_1_691' title='bbox 2164 2846 2408 2901; x_wconf 82' lang='lat' dir='ltr'><strong><em>omnibus</em></strong></span> <span class='ocrx_word' id='word_1_692' title='bbox 2440 2865 2556 2918; x_wconf 76' lang='lat' dir='ltr'><strong><em>quae</em></strong></span> <span class='ocrx_word' id='word_1_693' title='bbox 2595 2850 2694 2903; x_wconf 88' lang='lat' dir='ltr'><strong><em>sub</em></strong></span> <span class='ocrx_word' id='word_1_694' title='bbox 2732 2852 2915 2907; x_wconf 87' lang='lat' dir='ltr'><strong><em>oculos</em></strong></span> <span class='ocrx_word' id='word_1_695' title='bbox 2945 2853 3140 2909; x_wconf 87' lang='lat' dir='ltr'><strong><em>cadunt</em></strong></span> <span class='ocrx_word' id='word_1_696' title='bbox 3166 2862 3419 2914; x_wconf 87' lang='lat' dir='ltr'><strong><em>creaturis</em></strong></span> <span class='ocrx_word' id='word_1_697' title='bbox 3446 2860 3531 2914; x_wconf 83' lang='lat' dir='ltr'><strong><em>di-</em></strong></span> 
     </span>
    </p>
   </div>
   <div class='ocr_carea' id='block_1_89' title="bbox 1948 2936 3532 3018">
    <p class='ocr_par' dir='ltr' id='par_1_89' title="bbox 1948 2936 3532 3018">
     <span class='ocr_line' id='line_1_89' title="bbox 1948 2936 3532 3018; baseline 0.012 -29"><span class='ocrx_word' id='word_1_698' title='bbox 1948 2937 2160 3005; x_wconf 84' lang='lat' dir='ltr'><strong><em>gniores</em></strong></span> <span class='ocrx_word' id='word_1_699' title='bbox 2184 2979 2199 3001; x_wconf 98' lang='lat'><strong><em>,</em></strong></span> <span class='ocrx_word' id='word_1_700' title='bbox 2229 2936 2281 2992; x_wconf 89' lang='lat' dir='ltr'><strong>hi</strong></span> <span class='ocrx_word' id='word_1_701' title='bbox 2320 2941 2371 2993; x_wconf 91' lang='lat' dir='ltr'><strong><em>in</em></strong></span> <span class='ocrx_word' id='word_1_702' title='bbox 2398 2950 2594 2995; x_wconf 84' lang='lat' dir='ltr'><strong><em>tantam</em></strong></span> <span class='ocrx_word' id='word_1_703' title='bbox 2632 2943 3009 3001; x_wconf 76' lang='lat' dir='ltr'><strong><em>absurditatem</em></strong></span> <span class='ocrx_word' id='word_1_704' title='bbox 3038 2948 3246 3005; x_wconf 76' lang='lat' dir='ltr'><strong><em>deducti</em></strong></span> <span class='ocrx_word' id='word_1_705' title='bbox 3278 2958 3399 3007; x_wconf 90' lang='lat' dir='ltr'><strong><em>sunt</em></strong></span> <span class='ocrx_word' id='word_1_706' title='bbox 3424 2996 3437 3018; x_wconf 92' lang='lat'><strong><em>,</em></strong></span> <span class='ocrx_word' id='word_1_707' title='bbox 3475 2963 3532 3009; x_wconf 92' lang='lat' dir='ltr'><strong><em>ut</em></strong></span> 
     </span>
    </p>
   </div>
   <div class='ocr_carea' id='block_1_90' title="bbox 1949 3029 3528 3100">
    <p class='ocr_par' dir='ltr' id='par_1_90' title="bbox 1949 3029 3528 3100">
     <span class='ocr_line' id='line_1_90' title="bbox 1949 3029 3528 3100; baseline 0.013 -21"><span class='ocrx_word' id='word_1_708' title='bbox 1949 3042 2128 3091; x_wconf 90' lang='lat' dir='ltr'><strong><em>canes,</em></strong></span> <span class='ocrx_word' id='word_1_709' title='bbox 2157 3029 2359 3094; x_wconf 89' lang='lat' dir='ltr'><strong><em>simias,</em></strong></span> <span class='ocrx_word' id='word_1_710' title='bbox 2387 3042 2439 3085; x_wconf 87' lang='lat' dir='ltr'><strong><em>et</em></strong></span> <span class='ocrx_word' id='word_1_711' title='bbox 2460 3033 2777 3100; x_wconf 72' lang='lat' dir='ltr'><strong><em>crocodilus,</em></strong></span> <span class='ocrx_word' id='word_1_712' title='bbox 2801 3044 2856 3091; x_wconf 90' lang='lat' dir='ltr'><strong><em>et</em></strong></span> <span class='ocrx_word' id='word_1_713' title='bbox 2883 3036 2965 3092; x_wconf 89' lang='lat' dir='ltr'><strong><em>his</em></strong></span> <span class='ocrx_word' id='word_1_714' title='bbox 2990 3038 3209 3094; x_wconf 75' lang='lat' dir='ltr'><strong><em>fwdiora</em></strong></span> <span class='ocrx_word' id='word_1_715' title='bbox 3239 3043 3528 3100; x_wconf 88' lang='lat' dir='ltr'><strong><em>adorarint.</em></strong></span> 
     </span>
    </p>
   </div>
   <div class='ocr_carea' id='block_1_91' title="bbox 1951 3119 3529 3192">
    <p class='ocr_par' dir='ltr' id='par_1_91' title="bbox 1951 3119 3529 3192">
     <span class='ocr_line' id='line_1_91' title="bbox 1951 3119 3529 3192; baseline 0.011 -19"><span class='ocrx_word' id='word_1_716' title='bbox 1951 3119 2014 3173; x_wconf 81' lang='lat' dir='ltr'><strong>Et</strong></span> <span class='ocrx_word' id='word_1_717' title='bbox 2042 3120 2168 3189; x_wconf 91' lang='lat' dir='ltr'><strong><em>quid</em></strong></span> <span class='ocrx_word' id='word_1_718' title='bbox 2197 3122 2316 3177; x_wconf 91' lang='lat' dir='ltr'><strong><em>dico</em></strong></span> <span class='ocrx_word' id='word_1_719' title='bbox 2347 3123 2496 3177; x_wconf 89' lang='lat' dir='ltr'><strong>bruta</strong></span> <span class='ocrx_word' id='word_1_720' title='bbox 2529 3127 2818 3182; x_wconf 83' lang='lat' dir='ltr'><strong>animalia?</strong></span> <span class='ocrx_word' id='word_1_721' title='bbox 2848 3129 2993 3184; x_wconf 79' lang='lat' dir='ltr'><strong>Multi</strong></span> <span class='ocrx_word' id='word_1_722' title='bbox 3031 3147 3212 3187; x_wconf 91' lang='lat' dir='ltr'><strong><em>eorum</em></strong></span> <span class='ocrx_word' id='word_1_723' title='bbox 3244 3135 3294 3189; x_wconf 88' lang='lat' dir='ltr'><strong><em>in</em></strong></span> <span class='ocrx_word' id='word_1_724' title='bbox 3328 3145 3529 3192; x_wconf 86' lang='lat' dir='ltr'><strong><em>tantum</em></strong></span> 
     </span>
    </p>
   </div>
   <div class='ocr_carea' id='block_1_92' title="bbox 1948 3216 3531 3291">
    <p class='ocr_par' dir='ltr' id='par_1_92' title="bbox 1948 3216 3531 3291">
     <span class='ocr_line' id='line_1_92' title="bbox 1948 3216 3531 3291; baseline 0.012 -28"><span class='ocrx_word' id='word_1_725' title='bbox 1948 3220 2223 3280; x_wconf 87' lang='lat' dir='ltr'><strong><em>stuporem</em></strong></span> <span class='ocrx_word' id='word_1_726' title='bbox 2250 3221 2305 3268; x_wconf 88' lang='lat' dir='ltr'><strong><em>et</em></strong></span> <span class='ocrx_word' id='word_1_727' title='bbox 2333 3216 2618 3269; x_wconf 89' lang='lat' dir='ltr'><strong><em>amentiam</em></strong></span> <span class='ocrx_word' id='word_1_728' title='bbox 2647 3217 2946 3273; x_wconf 82' lang='lat' dir='ltr'><strong><em>inciderunt</em></strong></span> <span class='ocrx_word' id='word_1_729' title='bbox 2967 3262 2983 3288; x_wconf 86' lang='lat'><strong>,</strong></span> <span class='ocrx_word' id='word_1_730' title='bbox 3015 3230 3073 3275; x_wconf 92' lang='lat' dir='ltr'><strong><em>ut</em></strong></span> <span class='ocrx_word' id='word_1_731' title='bbox 3096 3234 3151 3277; x_wconf 89' lang='lat' dir='ltr'><strong><em>et</em></strong></span> <span class='ocrx_word' id='word_1_732' title='bbox 3178 3224 3297 3278; x_wconf 86' lang='lat' dir='ltr'><strong><em>allia</em></strong></span> <span class='ocrx_word' id='word_1_733' title='bbox 3318 3266 3333 3291; x_wconf 92' lang='lat'><strong><em>,</em></strong></span> <span class='ocrx_word' id='word_1_734' title='bbox 3365 3236 3419 3281; x_wconf 88' lang='lat' dir='ltr'><strong><em>et</em></strong></span> <span class='ocrx_word' id='word_1_735' title='bbox 3449 3229 3531 3283; x_wconf 89' lang='lat' dir='ltr'><strong><em>his</em></strong></span> 
     </span>
    </p>
   </div>
   <div class='ocr_carea' id='block_1_93' title="bbox 1952 3300 3528 3387">
    <p class='ocr_par' dir='ltr' id='par_1_93' title="bbox 1952 3300 3528 3387">
     <span class='ocr_line' id='line_1_93' title="bbox 1952 3300 3528 3387; baseline 0.011 -33"><span class='ocrx_word' id='word_1_736' title='bbox 1952 3300 2133 3355; x_wconf 82' lang='lat' dir='ltr'><strong><em>viliora</em></strong></span> <span class='ocrx_word' id='word_1_737' title='bbox 2162 3303 2359 3357; x_wconf 88' lang='lat' dir='ltr'><strong><em>colant.</em></strong></span> <span class='ocrx_word' id='word_1_738' title='bbox 2393 3306 2674 3375; x_wconf 79' lang='lat' dir='ltr'><strong><em>Propterea</em></strong></span> <span class='ocrx_word' id='word_1_739' title='bbox 2707 3309 2965 3379; x_wconf 80' lang='lat' dir='ltr'><strong><em>propheta</em></strong></span> <span class='ocrx_word' id='word_1_740' title='bbox 3008 3312 3127 3368; x_wconf 91' lang='lat' dir='ltr'><strong><em>illos</em></strong></span> <span class='ocrx_word' id='word_1_741' title='bbox 3157 3316 3492 3373; x_wconf 83' lang='lat' dir='ltr'><strong><em>subiudicans</em></strong></span> <span class='ocrx_word' id='word_1_742' title='bbox 3511 3361 3528 3387; x_wconf 89' lang='lat'><strong><em>,</em></strong></span> 
     </span>
    </p>
   </div>
   <div class='ocr_carea' id='block_1_94' title="bbox 1952 3394 3532 3476">
    <p class='ocr_par' dir='ltr' id='par_1_94' title="bbox 1952 3394 3532 3476">
     <span class='ocr_line' id='line_1_94' title="bbox 1952 3394 3532 3476; baseline 0.009 -26"><span class='ocrx_word' id='word_1_743' title='bbox 1952 3394 2120 3465; x_wconf 80' lang='lat' dir='ltr'><strong><em>inquit</em></strong></span> <span class='ocrx_word' id='word_1_744' title='bbox 2144 3413 2156 3452; x_wconf 90' lang='lat'><strong>:</strong></span> <span class='ocrx_word' id='word_1_745' title='bbox 2182 3395 2513 3467; x_wconf 77' lang='lat' dir='ltr'><strong><em>Comparatus</em></strong></span> <span class='ocrx_word' id='word_1_746' title='bbox 2534 3412 2604 3453; x_wconf 83' lang='lat' dir='ltr'><strong><em>est</em></strong></span> <span class='ocrx_word' id='word_1_747' title='bbox 2624 3402 2867 3470; x_wconf 82' lang='lat' dir='ltr'><strong><em>jumentis</em></strong></span> <span class='ocrx_word' id='word_1_748' title='bbox 2890 3405 3251 3476; x_wconf 79' lang='lat' dir='ltr'><strong><em>insipientibus,</em></strong></span> <span class='ocrx_word' id='word_1_749' title='bbox 3282 3421 3328 3462; x_wconf 88' lang='lat' dir='ltr'><strong><em>et</em></strong></span> <span class='ocrx_word' id='word_1_750' title='bbox 3352 3412 3532 3467; x_wconf 83' lang='lat' dir='ltr'><strong><em>similis</em></strong></span> 
     </span>
    </p>
   </div>
   <div class='ocr_carea' id='block_1_95' title="bbox 1948 3489 3532 3572">
    <p class='ocr_par' dir='ltr' id='par_1_95' title="bbox 1948 3489 3532 3572">
     <span class='ocr_line' id='line_1_95' title="bbox 1948 3489 3532 3572; baseline 0.011 -32"><span class='ocrx_word' id='word_1_751' title='bbox 1948 3491 2113 3557; x_wconf 67' lang='lat' dir='ltr'><strong><em>factus</em></strong></span> <span class='ocrx_word' id='word_1_752' title='bbox 2142 3499 2212 3541; x_wconf 83' lang='lat' dir='ltr'><strong><em>est</em></strong></span> <span class='ocrx_word' id='word_1_753' title='bbox 2252 3489 2355 3542; x_wconf 87' lang='lat' dir='ltr'><strong><em>illis</em></strong></span> <span class='ocrx_word' id='word_1_754' title='bbox 2387 3489 2553 3560; x_wconf 79' lang='lat' dir='ltr'><strong><em>(l’sal.</em></strong></span> <span class='ocrx_word' id='word_1_755' title='bbox 2582 3493 2669 3547; x_wconf 73' lang='grc'><strong><em>48.</em></strong></span> <span class='ocrx_word' id='word_1_756' title='bbox 2701 3495 2814 3564; x_wconf 70' lang='lat' dir='ltr'><strong><em>2t).</em></strong></span> <span class='ocrx_word' id='word_1_757' title='bbox 2844 3495 2942 3562; x_wconf 87' lang='lat' dir='ltr'><strong><em>Qui</em></strong></span> <span class='ocrx_word' id='word_1_758' title='bbox 2975 3498 3197 3566; x_wconf 87' lang='lat' dir='ltr'><strong><em>ratione,</em></strong></span> <span class='ocrx_word' id='word_1_759' title='bbox 3231 3501 3417 3572; x_wconf 90' lang='lat' dir='ltr'><strong><em>inquit,</em></strong></span> <span class='ocrx_word' id='word_1_760' title='bbox 3451 3505 3532 3557; x_wconf 80' lang='lat' dir='ltr'><strong><em>in-</em></strong></span> 
     </span>
    </p>
   </div>
   <div class='ocr_carea' id='block_1_96' title="bbox 1950 3580 3530 3656">
    <p class='ocr_par' dir='ltr' id='par_1_96' title="bbox 1950 3580 3530 3656">
     <span class='ocr_line' id='line_1_96' title="bbox 1950 3580 3530 3656; baseline 0.011 -21"><span class='ocrx_word' id='word_1_761' title='bbox 1950 3580 2172 3651; x_wconf 83' lang='lat' dir='ltr'><strong><em>signitus</em></strong></span> <span class='ocrx_word' id='word_1_762' title='bbox 2201 3592 2317 3637; x_wconf 86' lang='lat' dir='ltr'><strong><em>erat</em></strong></span> <span class='ocrx_word' id='word_1_763' title='bbox 2342 3593 2393 3637; x_wconf 89' lang='lat' dir='ltr'><strong><em>et</em></strong></span> <span class='ocrx_word' id='word_1_764' title='bbox 2423 3593 2563 3637; x_wconf 92' lang='lat' dir='ltr'><strong>tanta</strong></span> <span class='ocrx_word' id='word_1_765' title='bbox 2593 3587 2849 3655; x_wconf 89' lang='lat' dir='ltr'><strong><em>sapientia</em></strong></span> <span class='ocrx_word' id='word_1_766' title='bbox 2887 3590 3156 3656; x_wconf 76' lang='lat' dir='ltr'><strong><em>przeditus,</em></strong></span> <span class='ocrx_word' id='word_1_767' title='bbox 3192 3594 3235 3646; x_wconf 93' lang='lat' dir='ltr'><strong><em>is</em></strong></span> <span class='ocrx_word' id='word_1_768' title='bbox 3263 3595 3427 3650; x_wconf 89' lang='lat' dir='ltr'><strong><em>brutis</em></strong></span> <span class='ocrx_word' id='word_1_769' title='bbox 3456 3598 3530 3651; x_wconf 83' lang='lat' dir='ltr'><strong><em>fa-</em></strong></span> 
     </span>
    </p>
   </div>
   <div class='ocr_carea' id='block_1_97' title="bbox 1947 3676 3531 3759">
    <p class='ocr_par' dir='ltr' id='par_1_97' title="bbox 1947 3676 3531 3759">
     <span class='ocr_line' id='line_1_97' title="bbox 1947 3676 3531 3759; baseline 0.01 -31"><span class='ocrx_word' id='word_1_770' title='bbox 1947 3685 2064 3729; x_wconf 85' lang='lat' dir='ltr'><strong><em>ctus</em></strong></span> <span class='ocrx_word' id='word_1_771' title='bbox 2094 3684 2176 3728; x_wconf 86' lang='lat' dir='ltr'><strong><em>est</em></strong></span> <span class='ocrx_word' id='word_1_772' title='bbox 2206 3676 2395 3729; x_wconf 89' lang='lat' dir='ltr'><strong>similis</strong></span> <span class='ocrx_word' id='word_1_773' title='bbox 2420 3719 2434 3741; x_wconf 94' lang='lat'><strong><em>,</em></strong></span> <span class='ocrx_word' id='word_1_774' title='bbox 2468 3677 2602 3733; x_wconf 88' lang='lat' dir='ltr'><strong><em>forte</em></strong></span> <span class='ocrx_word' id='word_1_775' title='bbox 2628 3688 2684 3733; x_wconf 88' lang='lat' dir='ltr'><strong><em>et</em></strong></span> <span class='ocrx_word' id='word_1_776' title='bbox 2719 3679 2968 3736; x_wconf 89' lang='lat' dir='ltr'><strong><em>deterior.</em></strong></span> <span class='ocrx_word' id='word_1_777' title='bbox 3004 3683 3094 3737; x_wconf 89' lang='lat' dir='ltr'><strong><em>Illa</em></strong></span> <span class='ocrx_word' id='word_1_778' title='bbox 3132 3687 3273 3740; x_wconf 90' lang='lat' dir='ltr'><strong><em>enim</em></strong></span> <span class='ocrx_word' id='word_1_779' title='bbox 3298 3726 3313 3750; x_wconf 92' lang='lat'><strong><em>,</em></strong></span> <span class='ocrx_word' id='word_1_780' title='bbox 3348 3698 3531 3759; x_wconf 83' lang='lat' dir='ltr'><strong><em>utpote</em></strong></span> 
     </span>
    </p>
   </div>
   <div class='ocr_carea' id='block_1_98' title="bbox 1949 3766 3527 3848">
    <p class='ocr_par' dir='ltr' id='par_1_98' title="bbox 1949 3766 3527 3848">
     <span class='ocr_line' id='line_1_98' title="bbox 1949 3766 3527 3848; baseline 0.012 -30"><span class='ocrx_word' id='word_1_781' title='bbox 1949 3766 2345 3829; x_wconf 84' lang='lat' dir='ltr'><strong><em>irrationabilia,</em></strong></span> <span class='ocrx_word' id='word_1_782' title='bbox 2374 3769 2531 3824; x_wconf 89' lang='lat' dir='ltr'><strong><em>nullis</em></strong></span> <span class='ocrx_word' id='word_1_783' title='bbox 2561 3772 2731 3839; x_wconf 67' lang='lat' dir='ltr'><strong><em>pinnis</em></strong></span> <span class='ocrx_word' id='word_1_784' title='bbox 2760 3772 2984 3830; x_wconf 79' lang='lat' dir='ltr'><strong><em>obnoxia</em></strong></span> <span class='ocrx_word' id='word_1_785' title='bbox 3016 3788 3199 3842; x_wconf 88' lang='lat' dir='ltr'><strong><em>erunt;</em></strong></span> <span class='ocrx_word' id='word_1_786' title='bbox 3232 3780 3319 3848; x_wconf 91' lang='lat' dir='ltr'><strong>qui</strong></span> <span class='ocrx_word' id='word_1_787' title='bbox 3350 3790 3527 3837; x_wconf 90' lang='lat' dir='ltr'><strong>autem</strong></span> 
     </span>
    </p>
   </div>
   <div class='ocr_carea' id='block_1_99' title="bbox 1948 3858 3526 3939">
    <p class='ocr_par' dir='ltr' id='par_1_99' title="bbox 1948 3858 3526 3939">
     <span class='ocr_line' id='line_1_99' title="bbox 1948 3858 3526 3939; baseline 0.01 -29"><span class='ocrx_word' id='word_1_788' title='bbox 1948 3859 2151 3911; x_wconf 89' lang='lat' dir='ltr'><strong><em>ratione</em></strong></span> <span class='ocrx_word' id='word_1_789' title='bbox 2194 3858 2357 3927; x_wconf 87' lang='lat' dir='ltr'><strong><em>pollet</em></strong></span> <span class='ocrx_word' id='word_1_790' title='bbox 2382 3901 2395 3923; x_wconf 95' lang='lat'><strong>,</strong></span> <span class='ocrx_word' id='word_1_791' title='bbox 2425 3861 2468 3913; x_wconf 89' lang='lat' dir='ltr'><strong><em>si</em></strong></span> <span class='ocrx_word' id='word_1_792' title='bbox 2498 3862 2549 3915; x_wconf 93' lang='lat' dir='ltr'><strong><em>in</em></strong></span> <span class='ocrx_word' id='word_1_793' title='bbox 2582 3862 2789 3917; x_wconf 88' lang='lat' dir='ltr'><strong><em>illorum</em></strong></span> <span class='ocrx_word' id='word_1_794' title='bbox 2833 3864 3075 3920; x_wconf 81' lang='lat' dir='ltr'><strong><em>inciderit</em></strong></span> <span class='ocrx_word' id='word_1_795' title='bbox 3108 3868 3484 3926; x_wconf 83' lang='lat' dir='ltr'><strong><em>absurditatem</em></strong></span> <span class='ocrx_word' id='word_1_796' title='bbox 3510 3914 3526 3939; x_wconf 93' lang='lat'><strong>,</strong></span> 
     </span>
    </p>
   </div>
   <div class='ocr_carea' id='block_1_100' title="bbox 1948 3951 3526 4029">
    <p class='ocr_par' dir='ltr' id='par_1_100' title="bbox 1948 3951 3526 4029">
     <span class='ocr_line' id='line_1_100' title="bbox 1948 3951 3526 4029; baseline 0.011 -26"><span class='ocrx_word' id='word_1_797' title='bbox 1948 3951 2136 4003; x_wconf 90' lang='lat' dir='ltr'><strong><em>merito</em></strong></span> <span class='ocrx_word' id='word_1_798' title='bbox 2164 3965 2349 4020; x_wconf 74' lang='lat' dir='ltr'><strong><em>punias</em></strong></span> <span class='ocrx_word' id='word_1_799' title='bbox 2378 3952 2517 4015; x_wconf 86' lang='lat' dir='ltr'><strong><em>luet,</em></strong></span> <span class='ocrx_word' id='word_1_800' title='bbox 2551 3954 2785 4025; x_wconf 85' lang='lat' dir='ltr'><strong><em>ingratus</em></strong></span> <span class='ocrx_word' id='word_1_801' title='bbox 2811 3972 2931 4011; x_wconf 89' lang='lat' dir='ltr'><strong><em>eum</em></strong></span> <span class='ocrx_word' id='word_1_802' title='bbox 2961 3959 3030 4013; x_wconf 88' lang='lat' dir='ltr'><strong>sit</strong></span> <span class='ocrx_word' id='word_1_803' title='bbox 3071 3969 3189 4029; x_wconf 85' lang='lat' dir='ltr'><strong><em>post</em></strong></span> <span class='ocrx_word' id='word_1_804' title='bbox 3218 3972 3293 4016; x_wconf 90' lang='lat' dir='ltr'><strong>tot</strong></span> <span class='ocrx_word' id='word_1_805' title='bbox 3325 3963 3526 4019; x_wconf 74' lang='lat' dir='ltr'><strong><em>benefi~</em></strong></span> 
     </span>
    </p>
   </div>
   <div class='ocr_carea' id='block_1_101' title="bbox 1944 4041 3527 4127">
    <p class='ocr_par' dir='ltr' id='par_1_101' title="bbox 1944 4041 3527 4127">
     <span class='ocr_line' id='line_1_101' title="bbox 1944 4041 3527 4127; baseline 0.011 -31"><span class='ocrx_word' id='word_1_806' title='bbox 1944 4041 2047 4097; x_wconf 85' lang='lat' dir='ltr'><strong><em>eia.</em></strong></span> <span class='ocrx_word' id='word_1_807' title='bbox 2076 4041 2208 4097; x_wconf 83' lang='lat' dir='ltr'><strong><em>[line</em></strong></span> <span class='ocrx_word' id='word_1_808' title='bbox 2232 4042 2459 4113; x_wconf 90' lang='lat' dir='ltr'><strong><em>denique</em></strong></span> <span class='ocrx_word' id='word_1_809' title='bbox 2484 4055 2537 4100; x_wconf 90' lang='lat' dir='ltr'><strong><em>et</em></strong></span> <span class='ocrx_word' id='word_1_810' title='bbox 2563 4047 2763 4117; x_wconf 86' lang='lat' dir='ltr'><strong><em>lapides</em></strong></span> <span class='ocrx_word' id='word_1_811' title='bbox 2784 4059 2835 4103; x_wconf 88' lang='lat' dir='ltr'><strong><em>et</em></strong></span> <span class='ocrx_word' id='word_1_812' title='bbox 2862 4050 2999 4120; x_wconf 78' lang='lat' dir='ltr'><strong><em>ligna</em></strong></span> <span class='ocrx_word' id='word_1_813' title='bbox 3021 4051 3150 4107; x_wconf 88' lang='lat' dir='ltr'><strong><em>deos</em></strong></span> <span class='ocrx_word' id='word_1_814' title='bbox 3174 4057 3527 4127; x_wconf 84' lang='lat' dir='ltr'><strong><em>appellarunt,</em></strong></span> 
     </span>
    </p>
   </div>
   <div class='ocr_carea' id='block_1_102' title="bbox 1944 4134 3529 4220">
    <p class='ocr_par' dir='ltr' id='par_1_102' title="bbox 1944 4134 3529 4220">
     <span class='ocr_line' id='line_1_102' title="bbox 1944 4134 3529 4220; baseline 0.013 -33"><span class='ocrx_word' id='word_1_815' title='bbox 1944 4143 2000 4188; x_wconf 91' lang='lat' dir='ltr'><strong><em>et</em></strong></span> <span class='ocrx_word' id='word_1_816' title='bbox 2039 4134 2153 4189; x_wconf 63' lang='lat' dir='ltr'><strong><em>hate</em></strong></span> <span class='ocrx_word' id='word_1_817' title='bbox 2196 4136 2417 4190; x_wconf 80' lang='lat' dir='ltr'><strong><em>visibilis</em></strong></span> <span class='ocrx_word' id='word_1_818' title='bbox 2458 4138 2717 4194; x_wconf 86' lang='lat' dir='ltr'><strong><em>elementa</em></strong></span> <span class='ocrx_word' id='word_1_819' title='bbox 2765 4141 2896 4197; x_wconf 86' lang='lat' dir='ltr'><strong><em>deos</em></strong></span> <span class='ocrx_word' id='word_1_820' title='bbox 2938 4144 3227 4202; x_wconf 74' lang='lat' dir='ltr'><strong><em>eli-ccerttnt</em></strong></span> <span class='ocrx_word' id='word_1_821' title='bbox 3264 4152 3428 4220; x_wconf 89' lang='lat' dir='ltr'><strong><em>:quia</em></strong></span> <span class='ocrx_word' id='word_1_822' title='bbox 3471 4163 3529 4208; x_wconf 90' lang='lat' dir='ltr'><strong><em>ut</em></strong></span> 
     </span>
    </p>
   </div>
   <div class='ocr_carea' id='block_1_103' title="bbox 1946 4226 3530 4311">
    <p class='ocr_par' dir='ltr' id='par_1_103' title="bbox 1946 4226 3530 4311">
     <span class='ocr_line' id='line_1_103' title="bbox 1946 4226 3530 4311; baseline 0.014 -33"><span class='ocrx_word' id='word_1_823' title='bbox 1946 4226 2110 4280; x_wconf 87' lang='lat' dir='ltr'><strong><em>semel</em></strong></span> <span class='ocrx_word' id='word_1_824' title='bbox 2140 4241 2169 4280; x_wconf 88' lang='lat' dir='ltr'><strong>a</strong></span> <span class='ocrx_word' id='word_1_825' title='bbox 2198 4238 2340 4282; x_wconf 84' lang='lat' dir='ltr'><strong><em>recta</em></strong></span> <span class='ocrx_word' id='word_1_826' title='bbox 2370 4230 2451 4283; x_wconf 82' lang='lat' dir='ltr'><strong><em>via</em></strong></span> <span class='ocrx_word' id='word_1_827' title='bbox 2479 4232 2813 4301; x_wconf 87' lang='lat' dir='ltr'><strong><em>aberrarunt,</em></strong></span> <span class='ocrx_word' id='word_1_828' title='bbox 2848 4235 2899 4290; x_wconf 89' lang='lat' dir='ltr'><strong><em>in</em></strong></span> <span class='ocrx_word' id='word_1_829' title='bbox 2934 4251 3170 4309; x_wconf 68' lang='lat' dir='ltr'><strong><em>prmceps</em></strong></span> <span class='ocrx_word' id='word_1_830' title='bbox 3205 4240 3441 4311; x_wconf 89' lang='lat' dir='ltr'><strong><em>iveruut,</em></strong></span> <span class='ocrx_word' id='word_1_831' title='bbox 3474 4254 3530 4301; x_wconf 64' lang='lat' dir='ltr'><strong><em>et</em></strong></span> 
     </span>
    </p>
   </div>
   <div class='ocr_carea' id='block_1_104' title="bbox 1949 4318 2936 4389">
    <p class='ocr_par' dir='ltr' id='par_1_104' title="bbox 1949 4318 2936 4389">
     <span class='ocr_line' id='line_1_104' title="bbox 1949 4318 2936 4389; baseline 0.011 -18"><span class='ocrx_word' id='word_1_832' title='bbox 1949 4318 1999 4372; x_wconf 92' lang='lat' dir='ltr'><strong>iu</strong></span> <span class='ocrx_word' id='word_1_833' title='bbox 2030 4319 2243 4374; x_wconf 73' lang='lat' dir='ltr'><strong><em>malitia:</em></strong></span> <span class='ocrx_word' id='word_1_834' title='bbox 2271 4320 2590 4389; x_wconf 87' lang='lat' dir='ltr'><strong><em>profundum</em></strong></span> <span class='ocrx_word' id='word_1_835' title='bbox 2617 4324 2936 4382; x_wconf 89' lang='lat' dir='ltr'><strong><em>inciderunt.</em></strong></span> 
     </span>
    </p>
   </div>
   <div class='ocr_carea' id='block_1_105' title="bbox 2018 4410 3530 4486">
    <p class='ocr_par' dir='ltr' id='par_1_105' title="bbox 2018 4410 3530 4486">
     <span class='ocr_line' id='line_1_105' title="bbox 2018 4410 3530 4486; baseline 0.013 -23"><span class='ocrx_word' id='word_1_836' title='bbox 2018 4411 2069 4465; x_wconf 89' lang='lat'><strong><em>7.</em></strong></span> <span class='ocrx_word' id='word_1_837' title='bbox 2098 4410 2478 4468; x_wconf 79' lang='lat' dir='ltr'><strong><em>Verumtamen</em></strong></span> <span class='ocrx_word' id='word_1_838' title='bbox 2510 4430 2606 4469; x_wconf 89' lang='lat' dir='ltr'><strong><em>nos</em></strong></span> <span class='ocrx_word' id='word_1_839' title='bbox 2633 4432 2803 4486; x_wconf 90' lang='lat' dir='ltr'><strong><em>neque</em></strong></span> <span class='ocrx_word' id='word_1_840' title='bbox 2823 4419 2899 4474; x_wconf 87' lang='lat' dir='ltr'><strong><em>sic</em></strong></span> <span class='ocrx_word' id='word_1_841' title='bbox 2920 4419 2988 4475; x_wconf 87' lang='lat' dir='ltr'><strong><em>de</em></strong></span> <span class='ocrx_word' id='word_1_842' title='bbox 3012 4421 3181 4477; x_wconf 89' lang='lat' dir='ltr'><strong><em>salute</em></strong></span> <span class='ocrx_word' id='word_1_843' title='bbox 3206 4423 3411 4481; x_wconf 91' lang='lat' dir='ltr'><strong><em>illorum</em></strong></span> <span class='ocrx_word' id='word_1_844' title='bbox 3436 4429 3530 4484; x_wconf 86' lang='lat' dir='ltr'><strong><em>de-</em></strong></span> 
     </span>
    </p>
   </div>
   <div class='ocr_carea' id='block_1_106' title="bbox 1945 4506 3528 4588">
    <p class='ocr_par' dir='ltr' id='par_1_106' title="bbox 1945 4506 3528 4588">
     <span class='ocr_line' id='line_1_106' title="bbox 1945 4506 3528 4588; baseline 0.013 -30"><span class='ocrx_word' id='word_1_845' title='bbox 1945 4519 2240 4572; x_wconf 82' lang='lat' dir='ltr'><strong><em>speremus,</em></strong></span> <span class='ocrx_word' id='word_1_846' title='bbox 2273 4506 2366 4561; x_wconf 90' lang='lat' dir='ltr'><strong><em>sed</em></strong></span> <span class='ocrx_word' id='word_1_847' title='bbox 2395 4508 2678 4566; x_wconf 81' lang='lat' dir='ltr'><strong><em>afferentes</em></strong></span> <span class='ocrx_word' id='word_1_848' title='bbox 2709 4512 2756 4565; x_wconf 94' lang='lat' dir='ltr'><strong><em>id</em></strong></span> <span class='ocrx_word' id='word_1_849' title='bbox 2788 4512 2926 4582; x_wconf 91' lang='lat' dir='ltr'><strong><em>quod</em></strong></span> <span class='ocrx_word' id='word_1_850' title='bbox 2959 4531 3120 4584; x_wconf 89' lang='lat' dir='ltr'><strong><em>penes</em></strong></span> <span class='ocrx_word' id='word_1_851' title='bbox 3148 4534 3245 4573; x_wconf 85' lang='lat' dir='ltr'><strong><em>nos</em></strong></span> <span class='ocrx_word' id='word_1_852' title='bbox 3273 4531 3373 4588; x_wconf 90' lang='lat' dir='ltr'><strong>est,</strong></span> <span class='ocrx_word' id='word_1_853' title='bbox 3404 4538 3528 4578; x_wconf 90' lang='lat' dir='ltr'><strong><em>eum</em></strong></span> 
     </span>
    </p>
   </div>
   <div class='ocr_carea' id='block_1_107' title="bbox 1946 4599 3533 4678">
    <p class='ocr_par' dir='ltr' id='par_1_107' title="bbox 1946 4599 3533 4678">
     <span class='ocr_line' id='line_1_107' title="bbox 1946 4599 3533 4678; baseline 0.013 -28"><span class='ocrx_word' id='word_1_854' title='bbox 1946 4599 2088 4652; x_wconf 90' lang='lat' dir='ltr'><strong><em>onmi</em></strong></span> <span class='ocrx_word' id='word_1_855' title='bbox 2116 4599 2388 4655; x_wconf 88' lang='lat' dir='ltr'><strong><em>alacritate</em></strong></span> <span class='ocrx_word' id='word_1_856' title='bbox 2414 4610 2469 4656; x_wconf 91' lang='lat' dir='ltr'><strong>et</strong></span> <span class='ocrx_word' id='word_1_857' title='bbox 2491 4603 2737 4669; x_wconf 89' lang='lat' dir='ltr'><strong><em>patientia</em></strong></span> <span class='ocrx_word' id='word_1_858' title='bbox 2765 4606 2866 4661; x_wconf 90' lang='lat' dir='ltr'><strong><em>illis</em></strong></span> <span class='ocrx_word' id='word_1_859' title='bbox 2890 4607 3169 4678; x_wconf 88' lang='lat' dir='ltr'><strong><em>loquamur</em></strong></span> <span class='ocrx_word' id='word_1_860' title='bbox 3193 4631 3206 4666; x_wconf 88' lang='lat'><strong>:</strong></span> <span class='ocrx_word' id='word_1_861' title='bbox 3229 4624 3533 4671; x_wconf 77' lang='lat' dir='ltr'><strong><em>monstran-</em></strong></span> 
     </span>
    </p>
   </div>
   <div class='ocr_carea' id='block_1_108' title="bbox 1949 4692 3625 4775">
    <p class='ocr_par' dir='ltr' id='par_1_108' title="bbox 1949 4692 3625 4775">
     <span class='ocr_line' id='line_1_108' title="bbox 1949 4692 3625 4775; baseline 0.011 -34"><span class='ocrx_word' id='word_1_862' title='bbox 1949 4699 2026 4741; x_wconf 83' lang='lat' dir='ltr'><strong><em>tes</em></strong></span> <span class='ocrx_word' id='word_1_863' title='bbox 2054 4700 2162 4743; x_wconf 89' lang='lat' dir='ltr'><strong><em>tum</em></strong></span> <span class='ocrx_word' id='word_1_864' title='bbox 2193 4692 2268 4744; x_wconf 91' lang='lat' dir='ltr'><strong><em>rei</em></strong></span> <span class='ocrx_word' id='word_1_865' title='bbox 2296 4692 2707 4760; x_wconf 88' lang='lat' dir='ltr'><strong><em>ahsurditatem,</em></strong></span> <span class='ocrx_word' id='word_1_866' title='bbox 2740 4706 2849 4750; x_wconf 91' lang='lat' dir='ltr'><strong>tum</strong></span> <span class='ocrx_word' id='word_1_867' title='bbox 2875 4702 3053 4754; x_wconf 88' lang='lat' dir='ltr'><strong><em>damni</em></strong></span> <span class='ocrx_word' id='word_1_868' title='bbox 3092 4704 3403 4771; x_wconf 82' lang='lat' dir='ltr'><strong><em>gravitatem</em></strong></span> <span class='ocrx_word' id='word_1_869' title='bbox 3432 4750 3447 4775; x_wconf 86' lang='lat'><strong><em>,</em></strong></span> <span class='ocrx_word' id='word_1_870' title='bbox 3477 4719 3533 4764; x_wconf 86' lang='lat' dir='ltr'><strong><em>et</em></strong></span> <span class='ocrx_word' id='word_1_871' title='bbox 3612 4751 3625 4759; x_wconf 86' lang='lat'><strong><em>.</em></strong></span> 
     </span>
    </p>
   </div>
   <div class='ocr_carea' id='block_1_109' title="bbox 1949 4784 3528 4862">
    <p class='ocr_par' dir='ltr' id='par_1_109' title="bbox 1949 4784 3528 4862">
     <span class='ocr_line' id='line_1_109' title="bbox 1949 4784 3528 4862; baseline 0.015 -26"><span class='ocrx_word' id='word_1_872' title='bbox 1949 4799 2232 4853; x_wconf 90' lang='lat' dir='ltr'><strong><em>numquam</em></strong></span> <span class='ocrx_word' id='word_1_873' title='bbox 2261 4784 2329 4838; x_wconf 89' lang='lat' dir='ltr'><strong><em>de</em></strong></span> <span class='ocrx_word' id='word_1_874' title='bbox 2368 4785 2577 4842; x_wconf 89' lang='lat' dir='ltr'><strong><em>illorum</em></strong></span> <span class='ocrx_word' id='word_1_875' title='bbox 2619 4790 2790 4845; x_wconf 87' lang='lat' dir='ltr'><strong><em>salute</em></strong></span> <span class='ocrx_word' id='word_1_876' title='bbox 2818 4790 3241 4862; x_wconf 87' lang='lat' dir='ltr'><strong><em>despondeamus</em></strong></span> <span class='ocrx_word' id='word_1_877' title='bbox 3270 4813 3528 4859; x_wconf 78' lang='lat' dir='ltr'><strong><em>animum.</em></strong></span> 
     </span>
    </p>
   </div>
   <div class='ocr_carea' id='block_1_110' title="bbox 1951 4875 3532 4963">
    <p class='ocr_par' dir='ltr' id='par_1_110' title="bbox 1951 4875 3532 4963">
     <span class='ocr_line' id='line_1_110' title="bbox 1951 4875 3532 4963; baseline 0.014 -35"><span class='ocrx_word' id='word_1_878' title='bbox 1951 4875 2225 4930; x_wconf 80' lang='lat' dir='ltr'><strong><em>Probabile</em></strong></span> <span class='ocrx_word' id='word_1_879' title='bbox 2255 4878 2395 4931; x_wconf 90' lang='lat' dir='ltr'><strong><em>enim</em></strong></span> <span class='ocrx_word' id='word_1_880' title='bbox 2429 4889 2530 4944; x_wconf 85' lang='lat' dir='ltr'><strong><em>est,</em></strong></span> <span class='ocrx_word' id='word_1_881' title='bbox 2565 4880 2696 4944; x_wconf 88' lang='lat' dir='ltr'><strong><em>fore,</em></strong></span> <span class='ocrx_word' id='word_1_882' title='bbox 2731 4892 2786 4938; x_wconf 92' lang='lat' dir='ltr'><strong>ut</strong></span> <span class='ocrx_word' id='word_1_883' title='bbox 2814 4888 3065 4955; x_wconf 87' lang='lat' dir='ltr'><strong><em>temporis</em></strong></span> <span class='ocrx_word' id='word_1_884' title='bbox 3095 4904 3371 4959; x_wconf 82' lang='lat' dir='ltr'><strong><em>progressu</em></strong></span> <span class='ocrx_word' id='word_1_885' title='bbox 3405 4910 3532 4963; x_wconf 86' lang='lat' dir='ltr'><strong><em>per-</em></strong></span> 
     </span>
    </p>
   </div>
   <div class='ocr_carea' id='block_1_111' title="bbox 1948 4968 3531 5046">
    <p class='ocr_par' dir='ltr' id='par_1_111' title="bbox 1948 4968 3531 5046">
     <span class='ocr_line' id='line_1_111' title="bbox 1948 4968 3531 5046; baseline 0.013 -26"><span class='ocrx_word' id='word_1_886' title='bbox 1948 4968 2298 5032; x_wconf 82' lang='lat' dir='ltr'><strong><em>suadeautur,</em></strong></span> <span class='ocrx_word' id='word_1_887' title='bbox 2329 4971 2559 5026; x_wconf 76' lang='lat' dir='ltr'><strong><em>maxime</em></strong></span> <span class='ocrx_word' id='word_1_888' title='bbox 2601 4973 2643 5026; x_wconf 92' lang='lat' dir='ltr'><strong>si</strong></span> <span class='ocrx_word' id='word_1_889' title='bbox 2688 4989 2784 5027; x_wconf 90' lang='lat' dir='ltr'><strong><em>nos</em></strong></span> <span class='ocrx_word' id='word_1_890' title='bbox 2828 4976 2895 5029; x_wconf 89' lang='lat' dir='ltr'><strong><em>ita</em></strong></span> <span class='ocrx_word' id='word_1_891' title='bbox 2931 4977 3202 5046; x_wconf 83' lang='lat' dir='ltr'><strong><em>vivamus,</em></strong></span> <span class='ocrx_word' id='word_1_892' title='bbox 3234 4993 3289 5036; x_wconf 93' lang='lat' dir='ltr'><strong><em>ut</em></strong></span> <span class='ocrx_word' id='word_1_893' title='bbox 3330 4985 3531 5042; x_wconf 88' lang='lat' dir='ltr'><strong><em>nullam</em></strong></span> 
     </span>
    </p>
   </div>
   <div class='ocr_carea' id='block_1_112' title="bbox 1949 5059 3531 5134">
    <p class='ocr_par' dir='ltr' id='par_1_112' title="bbox 1949 5059 3531 5134">
     <span class='ocr_line' id='line_1_112' title="bbox 1949 5059 3531 5134; baseline 0.013 -22"><span class='ocrx_word' id='word_1_894' title='bbox 1949 5059 2076 5128; x_wconf 90' lang='lat' dir='ltr'><strong><em>ipsis</em></strong></span> <span class='ocrx_word' id='word_1_895' title='bbox 2106 5060 2435 5129; x_wconf 73' lang='lat' dir='ltr'><strong><em>przebeamus</em></strong></span> <span class='ocrx_word' id='word_1_896' title='bbox 2470 5065 2797 5134; x_wconf 79' lang='lat' dir='ltr'><strong><em>repugnandi</em></strong></span> <span class='ocrx_word' id='word_1_897' title='bbox 2828 5082 3032 5122; x_wconf 90' lang='lat' dir='ltr'><strong><em>ansam.</em></strong></span> <span class='ocrx_word' id='word_1_898' title='bbox 3062 5070 3208 5126; x_wconf 77' lang='lat' dir='ltr'><strong><em>Multi</em></strong></span> <span class='ocrx_word' id='word_1_899' title='bbox 3238 5076 3378 5129; x_wconf 89' lang='lat' dir='ltr'><strong><em>enim</em></strong></span> <span class='ocrx_word' id='word_1_900' title='bbox 3407 5077 3531 5132; x_wconf 84' lang='lat' dir='ltr'><strong><em>illo-</em></strong></span> 
     </span>
    </p>
   </div>
   <div class='ocr_carea' id='block_1_113' title="bbox 1948 5152 3532 5237">
    <p class='ocr_par' dir='ltr' id='par_1_113' title="bbox 1948 5152 3532 5237">
     <span class='ocr_line' id='line_1_113' title="bbox 1948 5152 3532 5237; baseline 0.012 -33"><span class='ocrx_word' id='word_1_901' title='bbox 1948 5166 2066 5204; x_wconf 89' lang='lat' dir='ltr'><strong><em>rum</em></strong></span> <span class='ocrx_word' id='word_1_902' title='bbox 2105 5166 2224 5205; x_wconf 89' lang='lat' dir='ltr'><strong><em>cum</em></strong></span> <span class='ocrx_word' id='word_1_903' title='bbox 2270 5152 2497 5208; x_wconf 84' lang='lat' dir='ltr'><strong><em>\ideriut</em></strong></span> <span class='ocrx_word' id='word_1_904' title='bbox 2544 5165 2844 5211; x_wconf 89' lang='lat' dir='ltr'><strong><em>nostrorum</em></strong></span> <span class='ocrx_word' id='word_1_905' title='bbox 2881 5160 3085 5230; x_wconf 86' lang='lat' dir='ltr'><strong><em>aliquos</em></strong></span> <span class='ocrx_word' id='word_1_906' title='bbox 3125 5165 3287 5220; x_wconf 72' lang='lat' dir='ltr'><strong><em>verbo</em></strong></span> <span class='ocrx_word' id='word_1_907' title='bbox 3316 5168 3532 5237; x_wconf 88' lang='lat' dir='ltr'><strong><em>quidem</em></strong></span> 
     </span>
    </p>
   </div>
   <div class='ocr_carea' id='block_1_114' title="bbox 1946 5242 3535 5329">
    <p class='ocr_par' dir='ltr' id='par_1_114' title="bbox 1946 5242 3535 5329">
     <span class='ocr_line' id='line_1_114' title="bbox 1946 5242 3535 5329; baseline 0.014 -34"><span class='ocrx_word' id='word_1_908' title='bbox 1946 5249 2002 5295; x_wconf 85' lang='lat' dir='ltr'><strong><em>et</em></strong></span> <span class='ocrx_word' id='word_1_909' title='bbox 2023 5242 2279 5298; x_wconf 89' lang='lat' dir='ltr'><strong><em>vocabulo</em></strong></span> <span class='ocrx_word' id='word_1_910' title='bbox 2297 5243 2628 5301; x_wconf 89' lang='lat' dir='ltr'><strong><em>Christianos</em></strong></span> <span class='ocrx_word' id='word_1_911' title='bbox 2650 5249 2924 5319; x_wconf 90' lang='lat' dir='ltr'><strong><em>appellari,</em></strong></span> <span class='ocrx_word' id='word_1_912' title='bbox 2949 5262 3199 5310; x_wconf 63' lang='lat' dir='ltr'><strong><em>caeterum</em></strong></span> <span class='ocrx_word' id='word_1_913' title='bbox 3225 5258 3359 5312; x_wconf 83' lang='lat' dir='ltr'><strong><em>sicut</em></strong></span> <span class='ocrx_word' id='word_1_914' title='bbox 3388 5261 3535 5329; x_wconf 80' lang='lat' dir='ltr'><strong><em>ipsos</em></strong></span> 
     </span>
    </p>
   </div>
   <div class='ocr_carea' id='block_1_115' title="bbox 1949 5338 3529 5421">
    <p class='ocr_par' dir='ltr' id='par_1_115' title="bbox 1949 5338 3529 5421">
     <span class='ocr_line' id='line_1_115' title="bbox 1949 5338 3529 5421; baseline 0.012 -32"><span class='ocrx_word' id='word_1_915' title='bbox 1949 5350 2172 5405; x_wconf 86' lang='lat' dir='ltr'><strong><em>rapere,</em></strong></span> <span class='ocrx_word' id='word_1_916' title='bbox 2213 5338 2450 5406; x_wconf 62' lang='lat' dir='ltr'><strong><em>pecuniae</em></strong></span> <span class='ocrx_word' id='word_1_917' title='bbox 2488 5339 2706 5409; x_wconf 89' lang='lat' dir='ltr'><strong><em>cupidos</em></strong></span> <span class='ocrx_word' id='word_1_918' title='bbox 2747 5357 2900 5407; x_wconf 90' lang='lat' dir='ltr'><strong>esse,</strong></span> <span class='ocrx_word' id='word_1_919' title='bbox 2940 5345 3218 5412; x_wconf 89' lang='lat' dir='ltr'><strong><em>invidere,</em></strong></span> <span class='ocrx_word' id='word_1_920' title='bbox 3258 5350 3529 5421; x_wconf 80' lang='lat' dir='ltr'><strong><em>insidiari,</em></strong></span> 
     </span>
    </p>
   </div>
   <div class='ocr_carea' id='block_1_116' title="bbox 1947 5425 3535 5511">
    <p class='ocr_par' dir='ltr' id='par_1_116' title="bbox 1947 5425 3535 5511">
     <span class='ocr_line' id='line_1_116' title="bbox 1947 5425 3535 5511; baseline 0.011 -30"><span class='ocrx_word' id='word_1_921' title='bbox 1947 5425 2099 5482; x_wconf 90' lang='lat' dir='ltr'><strong><em>dolos</em></strong></span> <span class='ocrx_word' id='word_1_922' title='bbox 2139 5438 2383 5493; x_wconf 83' lang='lat' dir='ltr'><strong><em>nectere,</em></strong></span> <span class='ocrx_word' id='word_1_923' title='bbox 2413 5429 2621 5501; x_wconf 81' lang='lat' dir='ltr'><strong><em>aliaque</em></strong></span> <span class='ocrx_word' id='word_1_924' title='bbox 2657 5435 2832 5488; x_wconf 82' lang='lat' dir='ltr'><strong><em>omnia</em></strong></span> <span class='ocrx_word' id='word_1_925' title='bbox 2869 5435 3046 5493; x_wconf 87' lang='lat' dir='ltr'><strong><em>facere</em></strong></span> <span class='ocrx_word' id='word_1_926' title='bbox 3070 5478 3084 5506; x_wconf 90' lang='lat'><strong>,</strong></span> <span class='ocrx_word' id='word_1_927' title='bbox 3116 5443 3348 5511; x_wconf 74' lang='lat' dir='ltr'><strong><em>crapula:</em></strong></span> <span class='ocrx_word' id='word_1_928' title='bbox 3377 5445 3535 5498; x_wconf 80' lang='lat' dir='ltr'><strong><em>volu-</em></strong></span> 
     </span>
    </p>
   </div>
   <div class='ocr_carea' id='block_1_117' title="bbox 1950 5520 3531 5602">
    <p class='ocr_par' dir='ltr' id='par_1_117' title="bbox 1950 5520 3531 5602">
     <span class='ocr_line' id='line_1_117' title="bbox 1950 5520 3531 5602; baseline 0.011 -31"><span class='ocrx_word' id='word_1_929' title='bbox 1950 5520 2184 5589; x_wconf 83' lang='lat' dir='ltr'><strong><em>ptatique</em></strong></span> <span class='ocrx_word' id='word_1_930' title='bbox 2210 5535 2435 5587; x_wconf 84' lang='lat' dir='ltr'><strong><em>vacare,</em></strong></span> <span class='ocrx_word' id='word_1_931' title='bbox 2464 5524 2661 5578; x_wconf 86' lang='lat' dir='ltr'><strong><em>monita</em></strong></span> <span class='ocrx_word' id='word_1_932' title='bbox 2697 5537 2872 5581; x_wconf 85' lang='lat' dir='ltr'><strong><em>nostra</em></strong></span> <span class='ocrx_word' id='word_1_933' title='bbox 2905 5540 3008 5582; x_wconf 86' lang='lat' dir='ltr'><strong><em>non</em></strong></span> <span class='ocrx_word' id='word_1_934' title='bbox 3042 5530 3174 5583; x_wconf 87' lang='lat' dir='ltr'><strong><em>ultra</em></strong></span> <span class='ocrx_word' id='word_1_935' title='bbox 3210 5532 3493 5587; x_wconf 84' lang='lat' dir='ltr'><strong><em>admittunt</em></strong></span> <span class='ocrx_word' id='word_1_936' title='bbox 3514 5579 3531 5602; x_wconf 82' lang='grc'><em>,</em></span> 
     </span>
    </p>
   </div>
   <div class='ocr_carea' id='block_1_118' title="bbox 1950 5613 3529 5683">
    <p class='ocr_par' dir='ltr' id='par_1_118' title="bbox 1950 5613 3529 5683">
     <span class='ocr_line' id='line_1_118' title="bbox 1950 5613 3529 5683; baseline 0.008 -14"><span class='ocrx_word' id='word_1_937' title='bbox 1950 5613 2041 5669; x_wconf 86' lang='lat' dir='ltr'><strong>sed</strong></span> <span class='ocrx_word' id='word_1_938' title='bbox 2071 5614 2246 5668; x_wconf 88' lang='lat' dir='ltr'><strong><em>onmia</em></strong></span> <span class='ocrx_word' id='word_1_939' title='bbox 2278 5625 2452 5669; x_wconf 85' lang='lat' dir='ltr'><strong><em>nostra</em></strong></span> <span class='ocrx_word' id='word_1_940' title='bbox 2488 5615 2747 5673; x_wconf 66' lang='lat' dir='ltr'><strong><em>llillaciam</em></strong></span> <span class='ocrx_word' id='word_1_941' title='bbox 2776 5620 3097 5683; x_wconf 79' lang='lat' dir='ltr'><strong>existimant,</strong></span> <span class='ocrx_word' id='word_1_942' title='bbox 3133 5634 3183 5677; x_wconf 81' lang='lat' dir='ltr'><strong><em>et</em></strong></span> <span class='ocrx_word' id='word_1_943' title='bbox 3216 5624 3398 5679; x_wconf 82' lang='lat' dir='ltr'><strong><em>iisdem</em></strong></span> <span class='ocrx_word' id='word_1_944' title='bbox 3429 5628 3529 5681; x_wconf 78' lang='lat' dir='ltr'><strong><em>eri-</em></strong></span> 
     </span>
    </p>
   </div>
   <div class='ocr_carea' id='block_1_119' title="bbox 1954 5707 3532 5788">
    <p class='ocr_par' dir='ltr' id='par_1_119' title="bbox 1954 5707 3532 5788">
     <span class='ocr_line' id='line_1_119' title="bbox 1954 5707 3532 5788; baseline 0.01 -29"><span class='ocrx_word' id='word_1_945' title='bbox 1954 5707 2326 5763; x_wconf 76' lang='lat' dir='ltr'><strong><em>minationibos</em></strong></span> <span class='ocrx_word' id='word_1_946' title='bbox 2356 5725 2541 5765; x_wconf 85' lang='lat' dir='ltr'><strong><em>omnes</em></strong></span> <span class='ocrx_word' id='word_1_947' title='bbox 2567 5725 2687 5767; x_wconf 79' lang='lat' dir='ltr'><strong><em>esse</em></strong></span> <span class='ocrx_word' id='word_1_948' title='bbox 2714 5712 2988 5768; x_wconf 79' lang='lat' dir='ltr'><strong><em>obnoxios.</em></strong></span> <span class='ocrx_word' id='word_1_949' title='bbox 3019 5715 3200 5787; x_wconf 77' lang='lat' dir='ltr'><strong><em>Gegita</em></strong></span> <span class='ocrx_word' id='word_1_950' title='bbox 3230 5718 3405 5788; x_wconf 77' lang='lat' dir='ltr'><strong><em>igitur,</em></strong></span> <span class='ocrx_word' id='word_1_951' title='bbox 3432 5717 3532 5774; x_wconf 88' lang='lat' dir='ltr'><strong><em>ob-</em></strong></span> 
     </span>
    </p>
   </div>
  </div>
