3784 6240
138 250 207 308 69
369 292 378 301 .
1259 248 1327 306 IN
1363 250 1515 308 CAP.
1555 249 1596 305 I.
1637 248 1880 308 GENES.
1927 250 2153 310 IIOMIL.
2199 255 2332 312 VIII.
3373 267 3437 320 το

135 379 318 430 secto,
342 366 565 437 quantis
590 365 669 421 illi
688 363 835 436 digni
859 363 968 420 sint
992 362 1288 435 suppliciis,
1318 364 1746 436 quandoquidem

136 474 249 514 non
279 460 462 515 solum
500 459 603 515 sibi
634 460 763 529 ipsis
793 458 1277 528 inexstinguibilem
1315 457 1489 527 ignem
1528 472 1748 513 coacer-

137 564 303 621 vant,
337 554 440 609 sed
466 563 522 609 et
553 554 673 607 aliis
700 562 945 607 auctores
970 560 1095 605 sunt
1122 560 1176 605 ut
1208 551 1259 604 in
1288 565 1472 606 errore
1498 565 1749 620 persevc-

140 656 283 711 rent,
313 654 373 700 et
402 662 471 701 ne
499 645 751 700 virtutem
781 643 1075 707 addiscant,
1110 643 1359 698 obturcnt
1394 658 1572 711 aures,
1603 652 1655 697 et
1682 643 1747 697 ad

144 740 259 793 lucc
288 739 343 792 in
386 754 551 793 causa
587 747 743 801 sunt,
779 748 837 790 ut
862 737 1020 791 etiam
1052 738 1301 791 virtutum
1334 737 1557 791 studiosi
1589 753 1748 791 aecu-

143 842 354 897 sentur,
384 840 441 885 et
468 828 950 898 reprehendantur,
983 838 1036 882 et
1064 827 1204 898 quod
1232 829 1466 881 omnium
1497 828 1746 897 gravisn-

146 940 312 985 mum,
338 939 442 993 per
470 924 619 992 ipsos
648 922 903 975 Dominus
927 919 1344 989 blasphematur.
1376 918 1532 973 Vides
1556 928 1749 988 quanta

147 1018 365 1072 malitia:
400 1016 702 1085 pernicies?
731 1015 879 1069 vides
907 1013 1177 1083 quomodo
1203 1028 1308 1066 non
1341 1012 1542 1082 vulgari
1580 1028 1750 1081 poena:

148 1108 415 1163 obnoxios
444 1124 508 1162 se
536 1107 883 1168 constituant,
913 1106 1000 1175 qui
1034 1105 1228 1157 malum
1260 1113 1550 1170 sectantur,
1579 1104 1671 1158 sed
1699 1112 1753 1157 et

150 1200 315 1253 multo
360 1199 731 1267 gravissimre,
764 1197 807 1250 si
843 1196 1100 1266 supplicia
1148 1210 1243 1263 pro
1284 1194 1528 1249 omnibus
1570 1194 1751 1248 luituri

149 1304 289 1354 sunt,
320 1309 431 1346 non
460 1294 635 1346 solum
666 1306 761 1359 pro
786 1305 878 1343 sua
907 1288 1223 1355 perditione,
1250 1287 1343 1341 sed
1370 1297 1423 1341 et
1448 1303 1544 1357 pro
1568 1301 1749 1341 erran-

150 1388 275 1439 tium
308 1385 574 1440 scandalo
595 1425 609 1446 ,
639 1395 691 1438 et
722 1399 818 1452 pro
848 1383 1219 1435 criminatione
1256 1380 1543 1448 proborum
1577 1379 1751 1433 homi-

148 1496 295 1539 num.
328 1488 389 1533 et
419 1492 519 1547 pro
560 1476 885 1545 blasphemia
918 1476 968 1527 iu
1003 1473 1207 1528 Deum?
1240 1472 1362 1526 Haec
1392 1471 1549 1542 igitur
1574 1472 1749 1525 omnia

148 1574 490 1643 cogitemus,
540 1583 639 1621 nec
684 1577 921 1621 nostram
973 1564 1198 1619 salutem
1248 1563 1575 1633 negligamus
1610 1581 1623 1616 :
1657 1561 1751 1616 sed

149 1678 339 1734 magna
383 1662 542 1715 nobis
572 1662 793 1714 sitcum
831 1670 887 1713 ut
932 1658 1223 1714 secundum
1265 1657 1429 1709 Dcmn
1467 1657 1710 1709 vivamus
1734 1696 1748 1718 ,

147 1758 385 1810 scientes
434 1768 536 1806 nos
583 1751 704 1805 inde
750 1749 981 1804 maxime
1027 1749 1110 1803 vel
1155 1747 1622 1812 condemnandos,
1667 1744 1751 1799 vel

148 1848 285 1900 illius
317 1843 681 1899 beneﬁcentia
710 1840 1025 1910 dignandos.
1073 1839 1162 1894 Sic
1197 1840 1355 1909 igitur
1382 1838 1559 1892 omnia
1592 1836 1751 1891 facia-

148 1953 264 1993 mus
288 1978 303 1999 ,
335 1944 400 1989 ut
435 1943 491 1987 et
520 1949 620 1987 nos
647 1933 698 1986 in
730 1948 860 2004 pura
887 1931 1213 1986 conscientia
1243 1944 1546 1995 versemur,
1578 1937 1632 1983 et
1660 1940 1754 1982 eos

146 2032 231 2099 qui
264 2029 450 2083 adhuc
476 2034 662 2079 errant
681 2064 695 2086 ,
723 2032 905 2077 nostro
934 2020 1224 2076 secundum
1256 2022 1420 2074 Deum
1448 2019 1571 2073 vita:
1597 2017 1752 2071 insti-

146 2131 261 2175 tuto
300 2120 373 2174 ad
410 2119 693 2173 veritatem
741 2113 1189 2178 manuducamus,
1233 2120 1289 2166 ut
1322 2126 1420 2181 per
1456 2126 1555 2165 nos
1582 2119 1635 2164 et
1662 2107 1751 2161 alii

145 2226 339 2267 omnes
367 2210 458 2280 qui
489 2207 642 2262 nobis
663 2215 1134 2269 connumerantur,
1159 2203 1302 2257 bona
1324 2203 1458 2255 fama
1486 2200 1746 2262 fruantur,

145 2316 199 2361 et
222 2314 356 2359 ante
393 2302 577 2356 omnia
613 2299 941 2371 gloriﬁeetur
967 2298 1222 2351 Dominus
1252 2307 1466 2361 noster,
1498 2303 1552 2348 ct
1581 2292 1752 2361 majo-

146 2414 258 2453 rem
289 2396 466 2451 nostri
489 2410 671 2449 curam
698 2401 865 2463 gerat.
900 2391 1028 2445 Nam
1055 2406 1175 2446 cum
1201 2390 1254 2444 in
1284 2403 1381 2444 nos
1407 2388 1755 2458 respicientes

147 2491 401 2543 homines
427 2488 633 2542 lucrum
662 2483 1041 2555 reportabant,
1070 2492 1123 2537 et
1149 2480 1357 2536 laudem
1390 2480 1440 2535 in
1477 2480 1641 2535 Deum
1669 2494 1754 2534 re-

148 2584 361 2644 ferent,
393 2577 523 2633 inde
561 2585 617 2633 et
655 2593 754 2630 nos
794 2576 912 2645 plus
948 2574 1140 2629 divina:
1177 2574 1361 2644 gratia:
1386 2587 1751 2642 assequemur.

145 2675 284 2742 Quid
311 2673 463 2727 enim
494 2672 706 2726 beatius
735 2670 949 2724 homine
974 2669 1063 2738 qui
1103 2668 1179 2722 sic
1206 2668 1367 2731 vivit,
1397 2675 1455 2720 ut
1478 2676 1529 2720 et
1559 2666 1646 2735 qui
1677 2665 1755 2719 vi-

144 2771 278 2824 dent
297 2768 708 2836 obstupescant,
733 2772 785 2818 et
806 2762 1001 2827 dicant,
1028 2762 1205 2817 Gloria
1229 2761 1346 2826 tibi,
1374 2761 1545 2823 Deus;
1569 2758 1753 2829 quales

145 2872 272 2918 sunt
293 2858 592 2913 Christiani
614 2858 628 2910 l
654 2864 902 2926 quantam
928 2870 1037 2925 prie
1058 2869 1117 2908 se
1135 2854 1307 2908 ferunt
1330 2850 1713 2921 philosophiam
1736 2849 1749 2903 !

144 2950 431 3023 quomodo
456 2949 754 3018 despiciunt
786 2945 1100 3016 prmsentia!
1132 2943 1399 3014 quomodo
1424 2943 1599 2997 omnia
1626 2942 1752 3010 ipsis

144 3044 340 3098 umbra
367 3049 422 3095 et
447 3039 715 3094 somnium
742 3044 1071 3106 reputantur,
1092 3045 1145 3089 et
1167 3034 1295 3089 nulli
1319 3032 1603 3087 visibilium
1629 3041 1753 3085 sunt

145 3135 328 3197 afﬁxi;
363 3132 459 3186 sed
489 3130 667 3185 omnia
696 3128 1013 3197 transigunt,
1043 3128 1180 3181 sicut
1203 3126 1237 3180 ii
1262 3128 1349 3196 qui
1374 3126 1423 3180 in
1453 3135 1591 3179 terra
1619 3124 1751 3179 alie-

144 3243 214 3283 na
263 3232 429 3295 agunt
468 3222 769 3293 peregrini,
798 3231 852 3276 et
877 3219 1112 3289 quotidie
1141 3219 1369 3289 migrare
1404 3234 1468 3273 ex
1511 3217 1610 3271 hac
1644 3217 1749 3272 vita

145 3321 379 3388 Cupiunt
420 3327 475 3371 et
515 3314 810 3370 anhelant!
849 3314 1110 3381 Quantam
1157 3324 1308 3381 putas
1336 3313 1497 3367 verba
1537 3311 1652 3365 lucc
1686 3310 1752 3366 iis

143 3413 237 3482 qui
268 3412 351 3465 sic
377 3410 585 3473 vivunt,
614 3408 773 3460 etiam
801 3405 885 3459 hic
911 3420 940 3458 a
971 3405 1077 3459 Deo
1108 3403 1407 3459 mercedem
1431 3402 1660 3458 aﬁ'erre?
1686 3403 1752 3457 Et

146 3503 291 3571 quod
322 3500 483 3554 valde
511 3498 825 3552 admirabile
854 3513 914 3551 ac
942 3496 1280 3565 stupendum,
1311 3496 1469 3550 etiam
1499 3496 1533 3549 ii
1561 3495 1648 3564 qui
1674 3503 1753 3549 ta-

147 3596 218 3649 lia
246 3594 319 3649 de
346 3590 503 3646 nobis
526 3589 786 3661 judicant,
814 3588 959 3643 brevi
989 3587 1056 3643 ab
1089 3602 1272 3643 errore
1297 3585 1577 3651 desistent,
1605 3595 1659 3641 et
1683 3586 1749 3641 ad

148 3689 435 3741 veritatem
467 3682 734 3736 redibunt.
766 3681 876 3735 [Ioc
911 3695 1038 3735 vero
1076 3689 1326 3750 quantam
1358 3678 1464 3733 illic
1502 3678 1748 3732 ﬁduciam

146 3778 344 3832 afferat
367 3817 381 3841 ,
414 3774 547 3829 nulli
589 3788 695 3828 non
739 3771 1074 3827 manifestum
1111 3781 1210 3825 est.
1254 3769 1483 3825 Proinde
1521 3770 1750 3825 scientes

150 3885 250 3924 nos
278 3880 338 3924 et
368 3867 438 3921 de
479 3866 628 3920 lucro
666 3874 721 3919 et
757 3864 824 3919 de
860 3864 1057 3918 damno
1092 3861 1459 3932 proximorum
1490 3862 1749 3916 rationem

148 3961 377 4013 daturos
403 3972 525 4011 esse
544 3998 559 4020 ,
587 3956 665 4011 sic
691 3956 851 4009 vitam
883 3964 1119 4008 nostram
1150 3952 1488 4007 instituamus
1511 3993 1526 4016 ,
1558 3962 1613 4006 ut
1644 3968 1750 4006 non

149 4051 329 4105 solum
378 4048 534 4102 nobis
573 4046 798 4102 sufliciat
822 4088 836 4112 ,
867 4046 959 4101 sed
991 4054 1043 4101 et
1074 4044 1192 4099 aliis
1222 4044 1344 4099 inde
1372 4044 1627 4098 doctrinae
1656 4059 1750 4099 oc-

151 4146 301 4201 casio
340 4142 601 4207 accedat,
637 4149 777 4196 utet
809 4140 895 4195 hic
926 4155 1169 4211 magnam
1200 4138 1291 4192 Dei
1334 4138 1557 4209 gratiam
1600 4137 1753 4191 nobis

154 4238 544 4303 conciliemus,
574 4245 627 4290 et
658 4236 708 4289 in
741 4233 919 4305 futuro
950 4233 1041 4287 Dei
1080 4232 1402 4302 benignitate
1433 4231 1575 4298 large
1604 4232 1750 4285 frua-

154 4347 295 4397 mur,
320 4330 492 4399 gratia
520 4336 575 4382 et
597 4325 1026 4381 miserationibus
1051 4324 1305 4394 unigeniti
1331 4324 1447 4391 ejus
1470 4322 1611 4391 Filii,
1635 4322 1752 4392 qui-

155 4440 276 4477 cum
307 4422 463 4478 Patri
492 4420 651 4476 simul
679 4428 969 4488 sanctoque
998 4416 1215 4486 Spiritui
1246 4415 1314 4470 sit
1340 4415 1507 4486 gloria
1531 4456 1545 4480 ,
1578 4414 1750 4483 impe‘

159 4517 316 4581 rium,
344 4516 537 4580 honor,
562 4527 701 4566 nunc
720 4520 775 4565 et
794 4525 1026 4579 semper,
1049 4508 1172 4563 etin
1195 4507 1389 4563 saecula
1411 4507 1747 4562 smculorum.

155 4608 351 4662 Arnen.

735 4713 1009 4769 HOMILIA
1053 4710 1185 4767 VIII.

153 4837 219 4890 Et
244 4834 383 4888 dixit
407 4831 549 4886 Deus
575 4850 587 4885 :
617 4828 891 4883 Faciamus
912 4828 1162 4881 hominem
1182 4826 1456 4881 secundum
1481 4826 1752 4898 imaginem

224 4937 461 4981 nostrain
499 4935 545 4977 et
586 4922 861 4977 secundum
904 4922 1330 4974 similitudinem:
1360 4930 1403 4973 et
1432 4920 1753 4974 dominentur

231 5021 463 5090 piscibus
490 5017 645 5069 maris
665 5058 680 5081 ,
708 5024 755 5068 et
784 5014 1066 5068 volatilibus
1095 5013 1206 5066 ια’ιὶ
1228 5055 1243 5078 ,
1273 5022 1319 5066 et
1365 5011 1625 5081 pecoribus
1643 5051 1659 5078 ,
1703 5021 1751 5065 et

223 5112 400 5165 bestiis
422 5152 437 5173 ,
484 5118 529 5162 et
562 5108 805 5161 universa:
830 5116 977 5159 terra:
999 5147 1014 5170 ,
1056 5116 1100 5158 et
1126 5104 1354 5158 omnibus
1383 5105 1640 5175 reptilibus
1666 5121 1751 5159 re-

229 5203 465 5274 pentibus
494 5216 649 5270 super
676 5209 859 5251 terram
886 5198 1045 5270 (Gen.
1076 5199 1126 5252 1.
1157 5198 1226 5252 26

228 5341 280 5393 l.
326 5339 441 5405 Age
478 5344 533 5390 ct
577 5333 771 5400 hodie,
802 5334 924 5403 quia
966 5332 1168 5387 alacres
1208 5332 1321 5387 heri
1370 5348 1489 5402 qua:
1520 5332 1751 5388 diximus

155 5429 382 5484 audistis
402 5469 417 5493 ,
452 5442 570 5497 qua:
598 5440 790 5481 recens
818 5425 952 5480 lecta
980 5434 1105 5480 sunt
1126 5467 1139 5489 ,
1168 5426 1375 5480 caritati
1406 5437 1594 5480 vestrae
1625 5441 1749 5496 pro-

156 5537 444 5593 ponamus,
476 5521 623 5591 prius
652 5528 832 5574 tamen
858 5534 954 5573 vos
980 5520 1322 5574 cohortantes
1345 5559 1360 5586 ,
1389 5529 1446 5573 ut
1472 5519 1752 5588 diligenter

153 5613 471 5668 auseultetis
500 5628 561 5667 ea
590 5627 711 5682 qua:
740 5611 1009 5675 dicuntur,
1042 5620 1097 5664 et
1121 5626 1237 5680 que
1264 5611 1409 5680 prius
1439 5610 1575 5665 dicta
1604 5620 1747 5677 sunt,

156 5709 295 5765 haue
323 5709 376 5763 in
407 5719 586 5764 mente
615 5714 793 5761 vestra
836 5705 1138 5780 reponatis,
1168 5716 1225 5761 ut
1257 5721 1322 5761 ne
1362 5704 1554 5759 frustra
1585 5716 1638 5759 et
1664 5706 1749 5761 in-

1854 382 2063 425 cassum
2100 371 2337 428 laborcm
2380 382 2586 431 tantum
2616 377 2868 433 feramus.
2901 381 3012 436 Hoc
3040 385 3178 437 enim
3207 385 3439 444 studium

1854 469 2094 516 nostrum
2124 473 2237 529 est,
2271 474 2328 520 ut
2354 468 2458 521 vim
2500 484 2561 523 ac
2604 486 2820 525 sensum
2853 489 3037 529 eorum
3086 492 3203 545 qua:
3244 481 3439 548 scripta

1853 551 1960 605 sint
1984 565 2226 609 accurata
2258 558 2438 613 sciatis
2463 577 2476 613 :
2503 568 2663 629 atque
2688 563 2755 616 ita
2783 573 2966 617 utnon
2995 566 3164 619 SuIllm
3195 571 3438 633 teneatis,

1855 642 1949 697 sed
1977 652 2032 698 et
2059 645 2288 700 aliorum
2332 650 2567 718 magistri
2599 653 2714 705 sitis
2734 696 2747 718 ,
2782 664 2839 707 ut
2870 657 3082 723 possitis
3102 698 3116 721 ,
3148 660 3439 713 secundum

1857 732 2070 788 beatum
2117 735 2334 790 Paulum
2356 780 2369 801 ,
2404 755 2539 793 unus
2580 742 2802 797 alterum
2847 745 3109 800 aediﬁcare
3140 748 3157 817 (
3186 750 3231 802 l.
3262 749 3419 804 Thess

1855 821 1908 876 5.
1943 822 2061 893 ll).
2091 824 2221 878 Nam
2253 827 2295 880 si
2325 844 2417 883 vos
2444 830 2772 898 proieceritis
2800 834 2849 887 in
2883 836 3125 900 Domino,
3158 848 3212 892 et
3254 841 3303 893 in
3335 842 3436 907 Spi-

1860 914 2126 969 ritualium
2178 917 2420 971 doctrina
2469 922 2698 990 aliquem
2746 925 3036 993 profectum
3082 932 3437 1000 Ostendetitis,

1859 1004 2018 1058 etiam
2050 1023 2147 1060 nos
2178 1007 2374 1078 ingenti
2406 1011 2649 1068 aflicietis
2690 1015 2888 1069 Ιέιιιίιίιι.
2930 1018 3052 1071 Ιῐςυίξ
3079 1023 3218 1074 enim
3261 1036 3437 1078 nostra

1856 1096 2016 1152 fuerit
2043 1107 2149 1152 tota
2184 1103 2504 1171 prosperitas
2526 1146 2539 1168 ,
2570 1115 2622 1158 ct
2648 1122 2852 1161 summa
2894 1107 3173 1165 festivitas.
3207 1112 3330 1178 Qua:
3356 1132 3444 1167 no-

1856 1198 1963 1240 stra
1990 1204 2124 1257 spes,
2158 1190 2234 1244 vel
2262 1192 2530 1260 gaudium.
2561 1195 2637 1248 vel
2661 1212 2867 1263 corona,
2902 1198 3070 1268 inquit
3091 1243 3104 1265 ,
3132 1202 3446 1271 gloriationis

1864 1278 1938 1349 (1.
1967 1279 2140 1335 Thess.
2166 1281 2219 1334 2.
2248 1283 2334 1351 19)
2360 1285 2383 1337 ?
2411 1302 2579 1339 annon
2602 1297 2647 1339 et
2675 1305 2778 1352 ros,
2812 1299 2865 1343 et
2886 1302 3118 1345 vestrum
3152 1296 3443 1349 secundutn

1861 1371 2024 1425 Deum
2057 1372 2488 1429 incrementum?
2527 1378 2725 1433 Omnes
2767 1382 2908 1434 enim
2940 1382 3215 1446 doctores.
3247 1388 3335 1455 qui
3367 1388 3446 1440 vi-

1858 1461 1985 1516 dent
2010 1463 2300 1533 discipulos
2332 1467 2564 1534 priorum
2598 1470 2889 1524 lectionum
2924 1475 3236 1528 memoriam
3264 1478 3444 1530 animo

1860 1555 1993 1608 bene
2027 1562 2241 1621 tenere,
2276 1558 2630 1629 operibusque
2661 1561 2788 1630 ipsis
2832 1560 3058 1617 fructum
3090 1565 3319 1634 aliquem
3352 1582 3446 1620 ex-

1860 1644 2047 1701 hibere
2067 1688 2081 1711 ,
2116 1649 2318 1716 majore
2345 1649 2616 1705 alacritate
2642 1664 2692 1706 et
2723 1656 3055 1723 sequentium
3089 1660 3443 1726 cognitionem

1858 1738 2116 1806 przebent.
2164 1740 2229 1794 Et
2259 1756 2356 1796 nos
2406 1758 2617 1812 quoque
2646 1758 2842 1814 quanto
2879 1749 3047 1818 magis
3088 1762 3317 1805 mentem
3348 1769 3445 1805 ve-

1860 1837 2024 1882 stram
2068 1830 2235 1900 erigi,
2288 1842 2342 1887 et
2385 1833 2706 1889 desiderium
2759 1853 3033 1905 crescere,
3081 1844 3447 1914 rationemque

1857 1918 1968 1974 alas
2004 1935 2277 1977 assumere
2322 1924 2597 1993 videmus,
2634 1936 2779 1983 tanto
2818 1930 3105 1987 alacriores
3149 1935 3441 2003 reddimur,

1859 2019 1916 2064 ut
1961 2011 2263 2068 uberiorem
2307 2012 2600 2070 doctrinam
2634 2034 3011 2089 proponamus.
3058 2025 3266 2092 Quanto
3306 2030 3446 2082 enim

1861 2102 1981 2171 plus
2009 2104 2160 2161 vobis
2204 2106 2570 2175 profundimus
2602 2111 2919 2168 ﬂuentorum
2966 2114 3154 2171 horum
3199 2120 3448 2188 spiritttao

1859 2194 1988 2250 lium
2010 2238 2024 2263 ,
2057 2206 2204 2254 tanto
2235 2199 2387 2255 nobis
2417 2214 2470 2255 et
2516 2203 2707 2258 ﬂuenta
2736 2216 2862 2261 sunt
2901 2211 3168 2277 auctiora,
3198 2213 3447 2267 nimirum

1858 2297 2080 2358 prOpter
2107 2291 2513 2348 mdiﬁcatiuuem
2542 2304 2791 2362 vestram,
2826 2308 2875 2354 et
2908 2312 3125 2372 propter
3152 2314 3447 2361 vestrarum

1858 2381 2160 2436 animarum
2193 2383 2471 2439 utilitatem
2504 2405 2516 2440 :
2548 2403 2651 2441 non
2683 2390 2823 2443 enim
2849 2392 2897 2444 in
2928 2392 3027 2447 hac
3056 2410 3212 2448 causa
3242 2400 3449 2452 contin-

1855 2474 1932 2544 git
1981 2473 2033 2529 id
2084 2476 2223 2544 quod
2274 2478 2324 2531 in
2381 2480 2639 2547 pecuniis.
2692 2481 2801 2537 Illic
2845 2486 2986 2539 enint
3036 2490 3122 2557 qui
3172 2503 3446 2560 argentum

1858 2566 2032 2622 vicino
2059 2567 2449 2636 dinumeravit,
2494 2573 2758 2627 imminuit
2788 2592 2934 2629 suam
2972 2580 3352 2649 substantiam,
3399 2594 3448 2640 ct

1858 2669 2055 2729 quanto
2082 2662 2197 2731 plus
2224 2674 2489 2732 numerat,
2521 2674 2667 2720 tanto
2700 2668 2872 2721 minus
2904 2672 3137 2737 possidet
3171 2678 3443 2743 pecuniaaz

1860 2749 1945 2805 hic
1967 2760 2145 2807 autem
2198 2753 2352 2822 plane
2383 2770 2537 2810 secus
2576 2758 2767 2827 agitur.
2817 2759 2962 2814 Tunc
2999 2764 3138 2817 enim
3171 2764 3447 2821 facultates

1859 2853 2057 2898 nostrze
2104 2845 2220 2914 plus
2263 2858 2608 2913 accrescunt,
2662 2860 2784 2905 tunc
2828 2853 3138 2920 spiritualcs
3187 2856 3268 2912 ba).
3317 2874 3443 2927 opes

1860 2936 2026 3004 magis
2048 2947 2325 3006 augentur,
2352 2940 2563 3008 quando
2592 2940 2807 3003 haurire
2827 2944 3127 3002 volentibus
3150 2948 3442 3005 doctrinam

1862 3025 2152 3081 liberaliter
2178 3028 2566 3097 profundimus.
2601 3030 2763 3101 Igitur
2800 3037 2919 3103 quia
2966 3035 3067 3090 hoc
3096 3039 3249 3093 nobis
3278 3042 3447 3109 maju-

1861 3131 1979 3169 rum
2011 3116 2313 3173 divitiarum
2358 3136 2515 3175 causa
2559 3132 2680 3186 est,
2729 3133 2783 3178 et
2813 3141 2906 3180 vos
2951 3127 3308 3196 spiritualibus
3349 3135 3449 3185 ali-

1862 3211 2059 3265 mentis
2103 3214 2285 3267 satiari
2339 3230 2443 3268 non
2486 3217 2743 3285 potestis,
2794 3234 2890 3289 age
2923 3221 3193 3278 videamus
3233 3227 3356 3294 quid
3398 3239 3447 3283 et

1861 3300 2016 3357 hodie
2046 3303 2234 3359 beatus
2257 3304 2434 3361 Moses
2464 3307 2514 3360 in
2545 3308 2626 3362 his
2652 3325 2770 3379 qua:
2801 3310 2935 3365 lecta
2964 3321 3087 3367 sunt
3114 3331 3209 3369 nos
3238 3317 3445 3384 doceat,

1857 3394 1966 3448 imo
1995 3394 2120 3464 quid
2150 3396 2315 3465 gratia
2346 3398 2574 3466 Spiritus
2602 3416 2696 3469 per
2724 3401 2840 3470 ejus
2881 3402 3108 3473 linguam
3157 3408 3306 3461 nobis
3336 3424 3450 3461 om-

1858 3485 2013 3540 nibus
2041 3485 2202 3540 dicat.
2231 3486 2323 3542 26.
2352 3486 2422 3541 Et
2446 3489 2593 3553 dixit,
2626 3491 2825 3561 inquit,
2858 3492 2993 3548 Deus
3015 3511 3033 3548 :
3058 3494 3330 3552 Faciamus
3359 3501 3449 3552 lto-

1858 3578 2044 3631 minem
2070 3578 2346 3633 secundum
2371 3580 2640 3651 imaginem
2667 3592 2907 3646 nostram,
2938 3595 2982 3637 et
3011 3588 3284 3641 secundum
3311 3592 3447 3644 simi-

1858 3669 2142 3722 litudinem.
2194 3669 2274 3725 Ne
2322 3671 2635 3741 simpliciter
2687 3673 2801 3728 base
2854 3676 2992 3730 dicta
3045 3689 3444 3748 prartereannis,

1856 3760 2143 3825 carissimi,
2175 3760 2268 3816 sed
2300 3761 2659 3832 disquiramus
2686 3765 2844 3818 verba
2875 3767 3080 3835 singula
3100 3810 3113 3834 ,
3144 3780 3197 3823 et
3233 3772 3283 3824 in
3318 3789 3441 3840 pru-

1858 3852 2076 3907 fundum
2107 3852 2527 3922 descendentes,
2560 3856 2667 3909 vim
2694 3856 2747 3910 in
2776 3856 3061 3913 breviculis
3092 3860 3237 3916 hisce
3268 3864 3443 3918 verbis

1857 3946 2108 4001 latentem
2141 3946 2543 4018 investigemus.
2572 3948 2705 4003 Nam
2754 3950 2875 4005 licet
2917 3967 3081 4021 pauca
3125 3954 3231 4009 sint
3260 3957 3435 4023 verba,

1858 4054 2082 4108 magnus
2111 4047 2286 4093 tamen
2314 4039 2596 4096 thesaurus
2618 4050 2701 4097 est
2728 4043 2778 4097 in
2806 4044 2910 4097 illis
2935 4046 3262 4113 reconditus,
3285 4060 3443 4117 atque

1855 4132 2008 4187 decet
2032 4140 2260 4188 attentos
2290 4143 2343 4189 et
2367 4135 2553 4205 vigiles
2583 4151 2687 4189 non
2718 4136 2770 4189 in
2799 4139 3081 4208 superﬁcie
3110 4151 3269 4195 stare.
3303 4143 3443 4210 Quo-

1856 4226 1999 4279 niam
2030 4234 2085 4279 et
2122 4225 2156 4278 ii
2187 4226 2275 4294 qui
2308 4226 2589 4281 sensibiles
2620 4228 2716 4282 hos
2762 4228 3037 4284 thesauros
3077 4232 3309 4289 effodere
3348 4252 3442 4290 eo—

1857 4328 2084 4386 nantur,
2115 4333 2219 4373 non
2252 4320 2302 4373 in
2334 4319 2492 4389 plano
2518 4329 2572 4375 et
2602 4321 2653 4374 in
2694 4324 2975 4391 superﬁcie
3017 4326 3189 4380 solum
3234 4327 3439 4384 fodiunt

1857 4420 2017 4479 atque
2045 4411 2391 4481 perquirunt.
2422 4411 2515 4467 sed
2545 4413 2593 4465 iu
2634 4413 2950 4482 profundunt
2990 4415 3357 4485 descendunt,
3389 4432 3443 4477 et

1858 4503 2145 4572 penitiores
2172 4512 2329 4558 terra:
2360 4504 2506 4558 sinus
2531 4514 2837 4560 scrutantur
2866 4524 2880 4560 :
2912 4517 3071 4578 atque
3101 4511 3169 4566 ita
3199 4523 3315 4568 arte
3346 4530 3440 4571 sua

1857 4609 2043 4648 aurum
2072 4609 2100 4647 ει
2130 4603 2267 4648 terra
2309 4604 2621 4665 segregant,
2657 4598 2865 4652 tametsi
2904 4615 3045 4669 Saepe
3076 4612 3193 4671 post
3232 4605 3439 4661 labores

1856 4684 2182 4754 sudoresque
2208 4687 2403 4741 multos
2427 4688 2512 4740 vix
2555 4704 2715 4757 pauca
2747 4690 2988 4760 quredatn
3030 4706 3269 4751 ramenta
3311 4699 3442 4753 alic-

1858 4787 1998 4833 ruut.
2033 4779 2128 4833 llic
2153 4791 2328 4833 autem
2362 4781 2430 4833 nil
2466 4782 2566 4833 tale
2604 4791 2717 4848 est,
2747 4785 2837 4837 sed
2867 4784 3017 4839 labor
3047 4788 3251 4851 minor,
3283 4800 3332 4842 et
3366 4793 3442 4843 iu-

1858 4869 2081 4925 effabilis
2109 4870 2341 4926 ubertas.
2371 4871 2502 4927 Nam
2534 4875 2828 4943 spiritualia
2865 4878 3045 4930 omnia
3076 4879 3127 4932 in
3156 4878 3294 4934 hunc
3323 4898 3438 4934 tllO-

1857 4963 1982 5018 dum
2013 4980 2071 5018 se
2102 4963 2316 5019 habent.

1927 5056 1982 5109 2.
2023 5054 2099 5110 Ne
2130 5056 2289 5126 igitur
2313 5056 2483 5110 simus
2525 5057 2819 5113 deteriores
2850 5058 2914 5112 iis
2950 5059 3037 5128 qui
3075 5058 3141 5113 ad
3171 5060 3441 5118 sensibilia

1859 5149 2063 5204 inhiant
2095 5167 2106 5204 :
2137 5150 2230 5204 sed
2262 5150 2590 5221 inquiramus
2618 5162 2671 5207 et
2696 5167 2793 5207 nos
2823 5152 3101 5222 diligenter
3132 5153 3437 5210 thesaurum

1858 5240 2001 5297 hanc
2043 5241 2371 5311 Spiritnalem
2415 5242 2467 5295 in
2496 5243 2672 5296 verbis
2710 5243 2823 5298 istis
2862 5244 3189 5299 recouditmn
3214 5287 3228 5312 ,
3259 5255 3311 5301 et
3341 5248 3445 5316 pri-

1857 5351 2001 5388 nium
2031 5335 2305 5390 videamus
2332 5334 2455 5405 quid
2502 5351 2694 5389 novum
2743 5347 2796 5391 et
2840 5337 3208 5393 admirandum
3254 5340 3438 5396 dicat:

1861 5429 1982 5482 dein
2014 5444 2176 5497 quare
2217 5435 2358 5482 tanta
2387 5427 2667 5483 verborum
2698 5430 2993 5486 variatione
3036 5442 3217 5486 utatur
3260 5433 3445 5487 beatus

1860 5520 1947 5576 hic
1971 5520 2229 5591 pr0pbeta
2252 5561 2266 5587 ,
2299 5520 2406 5574 imo
2434 5520 2693 5591 benignus
2721 5522 2859 5577 Deus
2894 5538 2989 5591 per
3015 5522 3325 5593 prophetam
3364 5520 3443 5575 lo-

1857 5629 2043 5684 quens.
2076 5612 2141 5667 Et
2162 5614 2235 5667 ait
2261 5633 2273 5669 :
2300 5612 2573 5669 Faciamus
2598 5615 2846 5669 hominem
2872 5615 3145 5669 secundum
3170 5614 3440 5683 imaginem

1860 5716 2104 5778 nostram,
2126 5715 2171 5760 et
2191 5706 2465 5761 secundum
2488 5707 2884 5763 similitudinem.
2911 5706 3087 5778 Nuper
3107 5721 3225 5762 cum
3253 5706 3442 5760 etclam
