3784 6236
307 256 367 310 7i
1089 246 1142 303 S.
1184 243 1460 302 JOANNIS
1495 236 1967 296 CIIRYSOSTOMI
2010 238 2325 294 ABCIIIEP.
2367 238 2900 297 CONSTANTINOP.
3348 306 3353 310 _
3536 237 3569 290 7

308 382 613 439 terramque
663 366 985 429 formasset,
1031 360 1328 415 audivimus
1374 358 1521 411 illum
1574 354 1889 410 dicentem:

313 462 431 517 Fiat
473 462 564 516 lux
589 474 609 514 :
636 468 691 513 et
715 499 727 519 .
761 454 881 510 Fiat
924 455 1297 523 ﬁrmamentum
1336 450 1388 501 in
1419 446 1583 500 medio
1614 459 1798 508 aqute;
1837 452 1895 497 et

311 558 522 617 iterum,
554 550 927 620 Congregentur
954 559 1098 613 aquae
1146 543 1200 595 in
1233 538 1671 609 congregationem
1710 552 1887 600 unam,

306 656 352 697 et
378 651 623 712 appareat
662 640 809 691 arida
832 652 852 690 :
880 646 934 690 et
951 675 965 697 ,
1007 633 1157 687 Fiunt
1200 630 1472 685 luminaria
1496 642 1517 682 :
1542 638 1625 692 et,
1660 627 1890 680 Educant

307 751 451 805 aqua:
496 731 696 802 reptilia
745 728 1032 779 animarum
1076 724 1362 777 virentium.
1412 720 1598 774 Vidisti
1644 732 1891 772 sermone

308 828 421 878 5qu
452 833 503 878 et
552 830 819 890 prarcepto
859 832 1069 869 omnem
1118 824 1413 869 creaturam
1444 812 1674 881 quinque
1703 809 1890 863 diebus

308 914 569 968 formari?
618 910 751 965 Vide
801 907 959 962 hodie
1011 913 1206 976 quanta
1255 904 1538 957 verborum
1585 899 1887 956 diversitas.

306 1005 421 1061 Non
448 1004 587 1057 enim
612 1002 720 1071 jam
748 1000 875 1053 dicit
898 1016 909 1050 :
938 998 1053 1053 Fiat
1081 996 1239 1049 homo
1264 1012 1278 1049 ε
1303 994 1395 1049 sed
1424 992 1587 1064 quid?
1614 990 1891 1044 Faciamus

308 1097 557 1149 hominem
587 1090 863 1145 secundum
907 1086 1177 1158 imaginem
1226 1094 1482 1148 nostram,
1529 1092 1575 1135 et
1616 1080 1891 1135 secundum

306 1184 701 1241 similitudinem.
736 1179 869 1248 Quid
902 1179 1000 1232 hoc
1027 1178 1185 1231 novi?
1214 1175 1338 1244 quid
1369 1174 1609 1228 insoliti?
1636 1172 1887 1239 Quisnam

309 1280 395 1332 ille
421 1278 509 1336 qui
537 1274 881 1337 formandus,
914 1270 978 1325 ad
1007 1284 1163 1340 quem
1208 1266 1501 1321 faciendum
1527 1264 1712 1334 Opifici
1744 1273 1890 1317 lauto

308 1369 529 1424 consilio
556 1378 610 1421 et
630 1364 1107 1434 circumspectiooe
1128 1359 1299 1429 Opus?
1325 1358 1399 1413 Ne
1427 1358 1654 1423 mireris,
1676 1356 1885 1410 dilecte.

307 1460 478 1515 llomo
508 1459 649 1511 enim
694 1457 830 1509 inter
862 1452 1086 1508 Visibilia
1127 1451 1300 1503 omnia
1332 1448 1585 1517 dignitate
1614 1446 1885 1516 prtecellit,

307 1559 522 1619 propter
549 1562 706 1617 quem
734 1543 946 1599 condita
975 1550 1098 1595 sunt
1123 1540 1236 1594 hzec
1262 1540 1460 1601 omnia,
1486 1537 1695 1600 Caium,
1725 1547 1885 1600 terra,

306 1656 471 1703 tnare,
504 1637 606 1702 sol,
636 1636 780 1701 luna,
808 1634 996 1698 SlCiiiB,
1028 1630 1233 1702 reptilia
1256 1672 1269 1695 ,
1297 1630 1557 1699 jumenta,
1592 1629 1845 1699 brutaqne
1868 1629 1885 1660 ⁸

303 1731 552 1783 animalia
579 1727 777 1780 omnia.

373 1820 478 1875 Cur
519 1820 763 1873 elementa
801 1826 917 1869 ante
958 1814 1208 1868 hominem
1252 1821 1438 1866 creata.
1479 1841 1551 1852 —
1593 1812 1659 1866 Et
1700 1826 1884 1880 quare,

304 1912 531 1981 inquies,
558 1910 758 1965 tardius
786 1924 996 1963 ert-aus
1017 1918 1097 1961 est
1124 1909 1307 1970 homo,
1332 1906 1375 1959 si
1401 1906 1608 1960 caeteris
1634 1905 1887 1973 dignitate

306 2003 571 2074 prrcstat?
604 2004 811 2057 Merito.
843 2000 972 2054 Nam
1002 2008 1055 2052 ut
1086 2000 1390 2069 ingressum
1421 1999 1470 2052 in
1501 1999 1763 2052 civitatem
1792 2000 1885 2052 nli-

302 2114 459 2167 quam
510 2111 664 2165 rege,
715 2109 892 2162 operte
941 2092 1167 2161 pretium
1216 2100 1298 2144 cst
1345 2091 1887 2159 praemittisatelhtcs

303 2192 541 2255 alioSque
570 2201 758 2239 omnes
781 2224 796 2249 ,
826 2195 883 2237 ut
927 2182 1061 2235 bene
1102 2182 1355 2234 adornata
1400 2182 1540 2248 regia
1571 2195 1661 2235 rex
1690 2180 1740 2233 in
1768 2196 1883 2234 cum

302 2280 547 2333 adveniat
579 2296 589 2330 :
620 2276 777 2330 simili
816 2273 973 2327 modo
1005 2288 1143 2325 utine
1183 2273 1331 2340 quasi
1375 2286 1552 2340 regem
1595 2282 1647 2324 et
1692 2270 1887 2340 princi-

303 2388 420 2440 pem
450 2369 677 2437 aliquem
707 2366 868 2420 rebus
898 2364 1123 2417 terrenis
1166 2363 1509 2432 przefecturus
1531 2398 1545 2427 ,
1593 2362 1740 2430 prius
1767 2377 1883 2414 om-

304 2478 423 2517 nem
468 2462 605 2515 hunc
636 2466 879 2512 ornatum
909 2455 1214 2518 fabricavit,
1263 2462 1317 2507 et
1359 2452 1568 2507 tandem
1602 2452 1663 2507 iis
1707 2454 1885 2522 prasti-

301 2554 549 2608 ciendum
603 2551 871 2603 hominem
919 2546 1203 2617 produxit,
1249 2545 1525 2599 declarans
1572 2544 1725 2599 lactis
1769 2545 1884 2600 istis

300 2655 497 2716 quanto
541 2645 742 2697 honore
784 2639 980 2693 animal
1032 2640 1130 2692 hoc
1192 2646 1560 2707 prosequatur.
1618 2638 1882 2691 Cancrum

301 2752 549 2807 rogemus
576 2736 675 2788 hoc
702 2734 819 2787 loco
841 2731 1101 2794 Judwum,
1129 2738 1177 2784 et
1208 2730 1479 2783 videamus
1505 2728 1629 2797 quid
1661 2744 1885 2798 restion-

299 2830 439 2892 deat,
470 2826 534 2879 ad
568 2841 724 2895 quem
750 2823 882 2878 dixit
910 2822 1048 2875 Deus
1093 2838 1106 2875 :
1132 2819 1406 2874 Faciamus
1432 2821 1681 2873 hominem
1706 2837 1885 2874 secun-

298 2924 417 2973 dum
462 2919 735 2989 imaginem
778 2917 1046 2970 nostram?
1089 2914 1294 2985 Scripta
1341 2916 1482 2969 enim
1528 2924 1652 2969 sunt
1698 2914 1814 2969 hare
1849 2931 1882 2970 a

298 3012 465 3077 Mnse,
514 3013 597 3066 cui
643 3027 702 3065 se
732 3011 954 3065 credere
993 3010 1175 3064 dicunt
1222 3008 1466 3079 quidem,
1514 3023 1618 3062 non
1658 3008 1885 3062 credunt

296 3114 477 3159 autem
510 3123 521 3157 :
551 3105 690 3157 sicut
718 3112 771 3156 ct
800 3102 1040 3157 Christus
1071 3102 1240 3170 inquit
1268 3118 1281 3153 :
1321 3100 1379 3155 Si
1422 3101 1684 3154 crederetis
1728 3100 1878 3165 Mosi,

300 3197 562 3257 adoretis
590 3195 763 3260 utique
788 3203 832 3247 et
861 3193 984 3246 mihi
1014 3192 1194 3263 (Joan.
1218 3192 1269 3246 5.
1299 3192 1409 3260 46).
1441 3191 1544 3245 Sed
1576 3192 1741 3245 litera:
1768 3193 1883 3260 qui-

301 3298 417 3346 dem
446 3288 582 3356 apud
614 3288 734 3340 illos
760 3295 900 3349 sunt,
931 3301 1119 3340 sensus
1146 3300 1271 3339 vero
1299 3283 1437 3353 apud
1467 3298 1583 3337 nos.
1617 3284 1696 3336 Ad
1722 3300 1879 3352 quem

296 3374 457 3437 igitur
486 3380 682 3433 dictum
711 3389 790 3433 est
816 3420 831 3443 ,
875 3376 1152 3430 Faciamus
1195 3375 1477 3438 hominem,
1521 3383 1573 3428 et
1611 3390 1731 3427 rum
1774 3390 1881 3443 quo

290 3471 577 3526 consilium
623 3470 721 3522 huc
768 3469 947 3522 habuit
979 3466 1277 3523 Dominus?
1317 3465 1431 3520 Non
1476 3465 1615 3535 quod
1657 3466 1881 3521 consilio

290 3567 346 3611 ct
392 3561 819 3616 Consideratione
864 3575 999 3628 opus
1043 3559 1236 3613 habeat
1279 3574 1292 3612 :
1339 3558 1518 3623 absit;
1575 3556 1667 3611 sed
1715 3556 1879 3627 figura

298 3654 579 3707 verborum
610 3653 881 3705 declarare
908 3651 1103 3716 voluit,
1148 3664 1304 3719 quam
1332 3648 1679 3704 excellentem
1708 3650 1878 3702 hono-

296 3763 408 3801 rem
439 3747 667 3807 homini,
698 3746 784 3816 qui
822 3744 1182 3811 l‘ormabatur,
1218 3742 1432 3797 tribuat.
1478 3742 1612 3809 Quid
1640 3756 1768 3812 ergo
1795 3741 1877 3796 die

295 3847 422 3892 cunt
466 3838 517 3890 hi
565 3837 653 3907 qui
698 3836 871 3890 adhuc
902 3836 1098 3889 habent
1124 3835 1363 3889 velamen
1409 3848 1570 3902 super
1597 3834 1755 3888 corda
1785 3848 1878 3887 sua

298 3930 563 3998 positum,
612 3938 666 3983 et
713 3928 840 3981 nihil
888 3941 1075 3981 eorum
1125 3941 1241 3995 quze
1291 3924 1376 3978 hic
1424 3932 1548 3977 sunt
1592 3934 1877 3990 contenta,

298 4021 593 4090 intelligere
641 4018 865 4073 volunt?
922 4018 1003 4072 Ad
1055 4018 1299 4088 angelum
1351 4017 1433 4071 vel
1479 4015 1877 4086 archangelum,

300 4117 562 4185 inquiunt,
593 4112 706 4165 hcce
733 4112 867 4167 dicta
900 4121 1045 4165 sunt.
1075 4111 1118 4164 0
1146 4110 1426 4175 insaniam,
1449 4125 1482 4163 ο
1510 4125 1753 4179 magnam
1781 4110 1879 4164 im-

301 4203 645 4275 pnilentiaml
694 4203 760 4257 Et
802 4201 1067 4270 quomodo
1097 4201 1285 4255 rationi
1330 4210 1744 4255 consentaneum
1773 4212 1876 4267 est,

298 4298 434 4349 hune
466 4295 563 4358 vir,
599 4303 654 4347 ut
685 4293 855 4363 angeli
887 4292 1165 4346 Consilium
1199 4292 1376 4345 ineant
1403 4308 1523 4345 cum
1554 4293 1795 4357 Domino,
1825 4304 1881 4349 et

294 4397 551 4439 creatum!
593 4400 711 4439 cum
746 4384 1041 4438 Creatore?
1089 4383 1201 4436 Non
1252 4384 1390 4437 enim
1443 4394 1524 4437 est
1570 4384 1876 4453 angelorum

296 4476 574 4530 consilium
606 4476 763 4540 dare,
796 4475 887 4527 sed
930 4475 1215 4538 aSsistere,
1248 4482 1302 4528 et
1331 4474 1679 4528 ministeriqu
1706 4474 1878 4529 adim-

298 4570 460 4638 plere.
497 4568 559 4621 Et
586 4577 640 4620 ut
669 4567 864 4632 discas,
890 4565 1009 4619 audi
1039 4566 1428 4619 vncalissimum
1460 4565 1669 4620 Esaiam
1696 4567 1880 4623 dicen-

299 4673 402 4715 tem
445 4660 511 4713 tle
554 4660 798 4729 supernis
823 4659 1074 4729 angelicis
1100 4659 1379 4713 virtutibus
1412 4676 1424 4711 :
1461 4659 1585 4715 Vidi
1612 4658 1876 4715 Cherubim

294 4753 479 4806 stantia
505 4769 534 4803 a
559 4750 747 4804 dextris
774 4750 897 4814 Dei,
927 4761 971 4802 et
1004 4749 1295 4819 Seraphim,
1328 4760 1371 4802 et
1402 4750 1692 4821 obtegebant
1719 4755 1876 4825 facies

296 4846 545 4913 pedesque
567 4861 684 4898 suos
714 4845 810 4896 alis
840 4840 992 4913 (Isai.
1020 4843 1071 4896 6.
1101 4840 1180 4912 Ξ).
1208 4840 1357 4908 Quod
1390 4842 1506 4895 ideo
1534 4842 1728 4898 factum
1759 4860 1879 4901 esse

286 4939 493 5007 liquet,
520 4937 643 5008 quia
688 4935 859 5005 fulgur
907 4934 1199 5003 maiestatis
1232 4934 1422 4987 divinae
1452 4934 1573 4989 inde
1600 4937 1877 5003 egrediens

287 5038 436 5086 terra
456 5046 559 5084 non
585 5036 820 5099 possent,
844 5025 935 5081 sed
959 5035 1161 5080 starent
1180 5040 1300 5080 cum
1332 5025 1524 5080 timore
1546 5037 1597 5080 et
1623 5036 1874 5083 tremore.

296 5123 506 5177 Etenim
538 5123 796 5175 creaturis
823 5120 1087 5190 peculiare
1115 5128 1191 5173 est
1226 5119 1447 5172 Domino
1472 5120 1741 5174 assistere.

366 5215 418 5269 5.
448 5214 662 5267 Arianos
687 5226 733 5267 et
773 5212 1320 5285 Anthropomarphitas
1359 5212 1630 5265 insectatur
1657 5212 1877 5284 Chryso-

294 5318 507 5362 stomus.
531 5336 599 5347 —-
621 5307 814 5361 Verum
844 5309 914 5361 illi
945 5309 1073 5361 nihil
1103 5323 1285 5362 eorum
1314 5322 1432 5377 quin
1452 5306 1736 5377 Scriptura:
1760 5324 1876 5361 vcr-

298 5400 378 5453 bis
407 5397 747 5452 continentur
790 5398 1145 5468 intelligemus
1170 5440 1185 5463 ,
1235 5406 1436 5451 temere
1472 5397 1611 5466 quod
1645 5398 1879 5453 occurrit

295 5493 561 5548 effutiunt.
594 5490 659 5545 Et
690 5491 811 5545 ideo
842 5490 1078 5544 refutatis
1109 5490 1319 5543 illorum
1349 5489 1712 5544 deliramentis
1737 5531 1751 5556 ,
1791 5489 1869 5543 di-

362 5628 374 5657 ι
414 5627 657 5682 υυυλιεκ..
684 5622 892 5684 rrptilin,
919 5634 1025 5685 quin
1046 5626 1231 5676 natant,
1259 5618 1525 5685 brutaq‘ue;
1548 5621 1759 5681 Cai.~lia.,
1794 5636 1873 5674 rc-

290 5687 450 5755 ptt'ltu,
473 5696 517 5739 ct
541 5681 992 5751 quatnw'rcntnr,’ct
1016 5694 1123 5745 quae
1146 5686 1331 5743 natant,
1355 5681 1604 5747 (nataque,
1631 5694 1709 5734 etc

2003 360 2211 408 ciorum
2239 354 2433 407 veritas
2454 354 2707 409 Ecclesia:
2728 354 2853 410 ﬁliis
2872 354 3120 410 discenda
3144 366 3243 413 est.
3272 357 3403 427 Quis
3424 362 3597 432 igtur

1999 442 2106 507 hic,
2134 443 2199 497 ad
2219 458 2379 512 quem
2406 444 2595 513 inquit,
2622 443 2899 498 Faciamus
2924 446 3175 500 hominem
3192 446 3219 501 .9
3242 448 3375 515 Quis
3402 462 3589 506 autem

1997 534 2132 588 alius
2156 576 2171 601 ,
2203 551 2359 604 quam
2392 535 2480 590 ille
2509 536 2684 607 magni
2710 537 2919 590 consilii
2943 540 3164 608 angelus
3187 579 3201 603 ,
3236 542 3324 597 ille
3346 542 3587 597 admira-

1999 624 2121 679 bilis
2144 626 2497 691 consiliarius,
2528 637 2736 696 potens,
2767 628 3010 696 princeps
3039 631 3204 697 pacis,
3237 643 3387 699 pater
3418 633 3585 688 futuri

2002 717 2179 771 szeculi
2213 717 2365 787 (Isai.
2390 719 2445 775 9.
2473 720 2551 789 6),
2581 720 2885 790 unigenitus
2908 720 2999 776 Dei
3027 722 3212 790 Filius,
3242 724 3377 778 Patri
3403 741 3572 794 mqua-

1998 807 2064 861 lis
2087 811 2377 865 secundum
2408 810 2779 879 substantiam,
2808 827 2905 882 per
2933 828 3091 881 quem
3121 816 3296 869 omnia
3325 818 3582 886 producta

1997 902 2163 955 sunt?
2201 902 2335 958 lluic
2360 902 2489 958 dicit
2517 922 2530 957 :
2558 902 2835 959 Faciamus
2861 905 3111 959 hominem
3138 908 3410 962 secundum
3448 912 3583 963 ima-

1995 994 2161 1064 ginem
2185 1004 2426 1060 nostram,
2454 1007 2500 1050 et
2524 998 2797 1051 secundum
2822 998 3225 1053 similitudinem.
3253 1000 3349 1055 llic
3368 1003 3582 1058 Arianis

1997 1088 2207 1142 letalem
2238 1089 2443 1158 plagam
2486 1090 2692 1160 infligit.
2737 1090 2852 1145 Non
2896 1091 3039 1146 enim
3084 1093 3391 1163 imperando
3418 1094 3579 1162 dixit,

1998 1177 2120 1243 Fac,
2151 1188 2206 1233 ut
2230 1179 2443 1234 subdito
2471 1189 2522 1235 ct
2552 1180 2789 1235 inferiori
2814 1223 2829 1249 ,
2863 1182 2944 1235 vel
2974 1193 3033 1237 ut
3062 1183 3253 1238 minori
3284 1186 3578 1240 secundum

1994 1271 2302 1329 essentiam.
2331 1270 2423 1325 sed
2448 1287 2568 1325 cum
2596 1272 2899 1327 omnimoda
2924 1274 3247 1342 :equalitate,
3272 1273 3581 1331 Faciamus:

1993 1372 2048 1414 et
2090 1361 2230 1429 quod
2281 1362 2523 1431 sequitur
2576 1377 2759 1417 rursus
2812 1364 3209 1417 similitudinem
3267 1366 3582 1421 substantia

1994 1451 2246 1505 ostendit.
2272 1450 2549 1505 Faciamus
2570 1453 2735 1516 enim,
2761 1454 2852 1517 ait,
2879 1454 3130 1506 hominem
3156 1457 3426 1509 secundum
3448 1459 3583 1510 ima-

1993 1540 2159 1611 ginem
2187 1551 2428 1605 nostram,
2464 1550 2508 1595 et
2532 1543 2806 1595 secundum
2835 1544 3237 1597 similitudinem.
3270 1546 3458 1602 Iterum
3490 1549 3582 1604 hic

1994 1632 2273 1702 insurgunt
2303 1633 2536 1686 haeretici
2568 1633 2677 1698 alii,
2712 1634 2957 1687 Ecclesiae
2986 1637 3227 1702 dogmata
3259 1636 3578 1707 impugnau-

1996 1732 2074 1776 les
2097 1764 2111 1789 ,
2142 1737 2191 1777 et
2221 1722 2405 1777 dicunt
2431 1740 2444 1777 :
2480 1723 2617 1777 Ecce
2661 1723 2826 1789 dicit,
2860 1723 3151 1778 Secundum
3182 1726 3447 1797 imaginem
3474 1745 3576 1782 no-

1992 1825 2147 1869 stram
2183 1831 2200 1870 :
2231 1825 2284 1870 et
2327 1815 2450 1870 inde
2497 1816 2677 1869 volunt
2723 1816 2833 1869 Deo
2880 1816 3159 1871 humanam
3206 1818 3427 1873 formam
3476 1822 3577 1875 tri-

1995 1906 2159 1962 buere
2192 1925 2203 1960 :
2238 1907 2287 1961 id
2317 1907 2455 1975 quod
2486 1917 2740 1962 extremm
2771 1906 2927 1962 fuerit
2972 1910 3248 1975 amentiae,
3283 1920 3339 1965 ut
3369 1914 3442 1975 is,
3482 1914 3579 1983 qui

1995 1997 2159 2051 forma
2194 1999 2477 2068 specieque
2521 2009 2705 2060 caret,
2752 2008 2805 2052 et
2835 1998 2966 2053 nulli
3013 2002 3284 2055 mutationi
3314 2003 3579 2060 obnoxius

1993 2099 2075 2143 est
2097 2130 2111 2153 ,
2140 2091 2243 2144 sub
2272 2089 2555 2143 humanam
2588 2090 2855 2159 redigatur
2886 2090 3109 2144 formam
3134 2134 3147 2155 ,
3181 2102 3234 2146 et
3262 2093 3581 2164 incorporeo

1995 2181 2231 2235 membra
2254 2190 2308 2235 et
2337 2182 2652 2237 lineamenta
2675 2182 3048 2236 attribuantur.
3072 2184 3199 2250 Qua:
3223 2183 3346 2241 huic
3371 2187 3577 2241 insania

1995 2287 2089 2341 par
2133 2273 2325 2337 fuerit,
2375 2287 2494 2326 cum
2537 2288 2640 2326 non
2685 2273 2854 2325 solum
2889 2274 3019 2327 nihil
3052 2274 3181 2328 lucri
3227 2291 3255 2327 a
3286 2277 3578 2346 Scriptus-is

1990 2362 2246 2417 divinitus
2290 2363 2562 2431 inspiratis
2609 2361 2875 2429 referant,
2919 2364 3010 2417 sed
3055 2374 3109 2417 et
3137 2366 3418 2433 plurimmu
3449 2368 3578 2424 inde

1990 2453 2374 2509 ofl‘endantur?
2403 2454 2571 2509 Simili
2603 2457 2744 2509 enim
2779 2454 2938 2508 modo
2966 2456 3137 2509 allecti
3166 2469 3315 2521 sunt,
3348 2470 3503 2529 atque
3528 2462 3577 2515 si

1990 2545 2077 2614 qui
2106 2545 2293 2598 morbo
2322 2545 2596 2612 laborant,
2629 2554 2683 2600 et
2709 2546 3073 2613 corporalibus
3103 2549 3270 2602 oculis
3299 2550 3577 2606 inlirtnan-

1992 2647 2093 2691 tur.
2146 2637 2213 2693 Ut
2241 2638 2383 2692 enim
2431 2637 2503 2691 illi
2542 2637 2610 2692 ob
2653 2637 2928 2691 oculorum
2960 2654 3179 2693 suorum
3211 2639 3575 2698 infirmitatem

1990 2731 2121 2786 solis
2146 2730 2315 2784 lucem
2343 2745 2485 2799 :rgre
2513 2729 2719 2797 ferunt,
2750 2739 2804 2785 et
2834 2731 2960 2801 a‘gri
2987 2732 3146 2785 etiam
3178 2733 3406 2801 optimos
3431 2736 3579 2789 stilo-

1992 2824 2353 2893 berrimosque
2381 2823 2529 2878 cibos
2550 2834 2866 2878 aversantur
2899 2842 2912 2878 :
2947 2825 3015 2877 ita
3042 2834 3094 2880 et
3121 2825 3173 2878 hi
3198 2828 3371 2880 anima
3400 2842 3575 2899 :rgro-

1989 2926 2200 2981 tautes,
2247 2924 2301 2969 et
2339 2916 2533 2970 mentis
2571 2914 2741 2968 oculis
2782 2913 2961 2984 capti,
3007 2914 3072 2969 ad
3119 2916 3295 2970 lumen
3337 2919 3576 2974 veritatis

1989 3009 2255 3079 respicere
2295 3022 2400 3062 non
2432 3015 2670 3077 possunt.
2706 3006 2910 3062 Idcirco
2937 3019 3119 3061 nostro
3149 3009 3427 3079 fungentes
3455 3026 3578 3065 mu-

1988 3116 2138 3166 nere,
2173 3116 2362 3156 manus
2388 3102 2466 3157 eis
2494 3102 2858 3173 porrigamus,
2891 3118 3185 3173 magnaque
3214 3105 3293 3159 eis
3323 3121 3575 3162 mansue-

1989 3193 2170 3248 tudine
2199 3194 2497 3264 loquamur.
2538 3193 2670 3248 Nam
2698 3205 2753 3248 et
2782 3194 2968 3248 beatus
2995 3196 3188 3252 Paulus
3229 3198 3298 3251 ita
3327 3212 3423 3252 nos
3453 3215 3575 3254 mo-

1988 3286 2100 3338 nuit
2126 3285 2309 3338 diceus
2332 3304 2344 3338 :
2374 3284 2440 3340 Ut
2460 3286 2513 3338 in
2542 3285 2930 3339 mansuetudine
2955 3287 3250 3342 erudiuntur
3272 3291 3571 3359 adversarii,

1988 3377 2029 3428 si
2060 3379 2192 3446 forte
2215 3375 2298 3429 det
2325 3376 2395 3429 eis
2425 3375 2564 3430 Deus
2593 3378 2937 3448 penitentiam
2979 3380 3028 3432 in
3059 3380 3363 3449 agnitionem
3391 3384 3574 3437 verita-

1987 3466 2069 3532 tis,
2099 3476 2148 3520 et
2175 3467 2245 3519 ad
2268 3467 2586 3521 sobrietatem
2613 3470 2795 3522 mentis
2821 3468 3028 3523 redeant
3062 3471 3125 3525 de
3152 3472 3329 3542 laqueo
3357 3474 3570 3543 diaboli,

1987 3576 2017 3612 a
2045 3576 2142 3631 quo
2184 3560 2369 3630 captivi
2414 3569 2677 3625 tenentur,
2721 3560 2789 3613 ad
2817 3561 2955 3613 illius
2988 3562 3289 3616 voluntatem
3319 3565 3406 3631 (2.
3430 3565 3568 3620 Tim.

1985 3653 2039 3706 2.
2070 3651 2198 3724 25).
2233 3651 2393 3707 Vides
2420 3651 2691 3721 quomodo
2720 3652 2896 3707 verbis
2924 3652 3211 3707 declaravit
3235 3696 3249 3718 ,
3296 3670 3389 3709 eos
3416 3659 3571 3726 quasi

1986 3744 2243 3799 ebrietate
2289 3744 2536 3813 quapiam
2582 3742 2802 3796 obrutos
2846 3744 3015 3797 esse?
3060 3743 3191 3798 Nam
3236 3746 3379 3814 quod
3419 3748 3569 3813 dicit,

1986 3835 2067 3889 Ad
2094 3835 2410 3889 sobrietatem
2441 3833 2619 3887 mentis
2666 3833 2873 3887 redeant
2900 3875 2915 3897 ,
2948 3836 3180 3890 ostendit
3222 3852 3316 3891 eos
3356 3838 3407 3891 in
3441 3854 3567 3906 pro-

1986 3926 2152 3982 fundo
2179 3927 2358 3997 aliquo
2383 3943 2591 3982 mersos
2619 3941 2759 3981 esse.
2790 3927 2855 3981 Et
2884 3928 3077 3981 iterum
3100 3969 3114 3993 ,
3152 3929 3300 4000 Capti
3320 3970 3336 3991 .
3376 3932 3568 3999 inquit,

1986 4034 2015 4073 a
2042 4018 2275 4083 diabolo,
2301 4019 2449 4088 quasi
2477 4017 2697 4083 diceret,
2728 4027 2993 4087 tamquam
3024 4019 3228 4088 laqueis
3250 4021 3568 4091 quibusdam

1986 4110 2175 4165 irretiti
2203 4119 2343 4163 sunt.
2381 4108 2530 4164 Unde
2554 4118 2610 4163 ct
2652 4108 2804 4162 nobis
2831 4125 3019 4179 magna
3048 4125 3179 4179 opus
3206 4120 3288 4165 est
3317 4128 3567 4168 mansue-

1988 4202 2168 4257 tudine
2193 4211 2248 4257 et
2290 4201 2539 4272 patientia
2566 4242 2579 4265 ,
2611 4209 2669 4255 ut
2708 4202 2975 4270 possimus
3002 4217 3096 4256 eos
3120 4204 3325 4273 eripere
3355 4215 3409 4259 et
3434 4207 3569 4261 edu-

1985 4309 2108 4349 cere
2134 4308 2201 4348 ex
2233 4293 2434 4362 laqueis
2474 4292 2691 4347 diaboli.
2726 4292 2973 4346 Dicamus
3015 4294 3173 4363 igitur
3208 4296 3327 4350 eis:
3362 4296 3570 4366 Resipi-

1985 4388 2116 4441 scite
2162 4387 2462 4455 paulisper,
2512 4387 2731 4454 aspicite
2780 4386 2955 4439 lumen
2994 4386 3251 4455 justitim,
3284 4391 3569 4458 expendite

1984 4480 2256 4534 vobiscum
2286 4479 2565 4534 verborum
2594 4478 3007 4532 accurationem.
3050 4478 3234 4547 Neque
3274 4483 3415 4535 enim
3442 4497 3566 4537 cum

1985 4572 2113 4627 dicit
2136 4588 2147 4624 :
2167 4570 2438 4624 Faciamus
2461 4569 2708 4622 hominem
2730 4570 3002 4623 secundum
3026 4570 3293 4639 imaginem
3316 4582 3566 4638 nostram,

1985 4673 2031 4717 et
2060 4662 2335 4717 secundum
2366 4661 2783 4726 similitudinem,
2820 4660 2905 4715 hic
2931 4676 3231 4715 sermonem
3263 4662 3404 4716 sistit
3424 4704 3437 4727 ,
3471 4664 3566 4717 sed

1987 4772 2081 4826 per
2107 4771 2168 4810 ea
2212 4772 2329 4825 qua:
2371 4753 2610 4823 adiungit
2651 4752 2823 4821 palam
2855 4753 3007 4806 nobis
3052 4753 3207 4815 facit,
3257 4770 3362 4822 quo
3405 4769 3568 4809 sensu

1986 4862 2178 4902 nomen
2211 4847 2456 4915 imaginis
2484 4845 2739 4915 posuerit.
2770 4843 2904 4911 Quid
2933 4844 3073 4897 enim
3114 4844 3280 4897 dicit?
3311 4844 3372 4897 Et
3403 4846 3567 4898 domi-

1989 4950 2171 4994 nentur
2200 4938 2417 5008 piscibus
2446 4937 2599 4990 maris
2624 4977 2638 5002 ,
2685 4946 2731 4989 et
2759 4935 3041 4988 volatilibus
3070 4936 3181 4989 (α’ιί
3202 4978 3217 5001 ,
3264 4948 3308 4989 rt
3338 4939 3567 4993 omnibus

1984 5031 2245 5103 reptilibus
2269 5030 2551 5100 repentibus
2572 5044 2721 5099 super
2749 5038 2952 5083 terram.
2982 5026 3259 5099 Imaginem
3286 5044 3413 5098 ergo
3435 5030 3567 5084 dixit

1986 5124 2277 5181 secundum
2311 5122 2663 5192 principatum
2694 5130 2747 5175 et
2775 5121 3065 5175 dominium
3093 5162 3109 5186 ,
3139 5136 3241 5175 non
3272 5122 3565 5177 secundum

1984 5220 2123 5273 aliud
2157 5217 2425 5288 quidpiam
2454 5236 2467 5271 :
2496 5215 2692 5269 etenim
2728 5215 2867 5268 Deus
2913 5208 3033 5267 fecit
3068 5214 3333 5268 hominem
3368 5217 3567 5284 princi-

1986 5326 2104 5381 pem
2135 5309 2371 5365 omnium
2401 5324 2519 5377 qute
2549 5314 2672 5359 sunt
2700 5321 2861 5373 super
2893 5317 3087 5360 terram
3108 5347 3123 5371 ,
3165 5318 3217 5360 et
3250 5306 3377 5360 nihil
3406 5324 3570 5375 snper

1986 5413 2182 5457 terram
2216 5400 2433 5454 homine
2462 5398 2634 5467 majus
2674 5408 2792 5462 est,
2837 5398 2929 5452 sed
2960 5398 3135 5451 omnia
3166 5398 3267 5451 sub
3310 5407 3569 5467 potestate

1984 5492 2127 5547 illius
2151 5500 2293 5544 sunt.

2055 5586 2108 5637 4.
2149 5582 2300 5649 Quod
2351 5581 2394 5635 si
2444 5590 2564 5651 post
2612 5589 2808 5634 tantam
2861 5579 3121 5634 dictorum
3172 5580 3571 5636 accurationem

1986 5675 2159 5731 adhuc
2188 5690 2249 5730 ea
2278 5674 2415 5730 dieta
2444 5689 2565 5729 esse
2608 5673 2934 5729 contendant
2978 5672 3045 5729 tle
3089 5672 3274 5729 forma:
3319 5673 3571 5743 imagine.
