3784 6236
278 198 346 252 73
1081 197 1136 252 S.
1177 193 1460 252 JOANNIS
1499 183 1987 248 CHRYSOS'IOMI
2023 181 2338 238 ARCIIIEP.
2383 182 2918 237 CONSTANTINOP.

279 311 412 367 κδνα
445 313 716 383 εῑρῆσθαι,
753 313 986 383 ἐροῦμεν
1027 315 1161 384 πρὸς
1194 313 1415 374 αὐτούς·
1445 309 1642 363 οὐκοῦν
1685 306 1745 358 οὐ
1786 303 1942 374 μόνον

3645 172 3723 226 ’14

2044 298 2361 369 λεγομένοις
2391 302 2532 354 οὕτω
2564 301 2941 372 προσέχουσιν.
2970 298 3044 360 ὡς
3073 296 3185 358 τοῖς
3225 293 3316 362 ὑφ’
3345 290 3502 362 ἡμῶν
3535 305 3724 358 πρᾶτ’

277 399 305 448 ὁ
339 371 640 466 ἅνθρωπος,
662 371 811 449 ἀλλά
840 371 932 450 κάλ
964 399 995 466 ἡ
1038 371 1173 464 γυνῆ
1203 371 1475 464 δηλονότι·
1507 391 1606 462 τὴν
1640 371 1808 456 αὐτὴν
1835 386 1943 455 γὰρ
2041 384 2304 452 τομένοις.
2331 385 2438 466 καὶ
2469 385 2554 436 ἵνα
2589 371 2786 454 μάθῃς.
2819 379 3087 466 atAt-10510
3116 373 3288 466 Offth
3313 376 3424 466 ἔχει
3448 372 3574 466 (ξᾶν
3603 371 3727 466 γὰρ

283 481 497 549 μορφὴν
518 479 767 549 ἑκάτεροι
791 479 1024 547 ἔχουσιν.
1063 479 1199 530 Ἀλλ’
1232 480 1331 530 οὐκ
1354 479 1418 530 ἂν
1446 477 1558 546 ἔχοι
1588 473 1744 526 τοῦτο
1765 470 1940 536 λόγον.

287 563 483 614 Ἀκουε
515 564 621 634 γὰρ
650 562 741 616 τοῦ
783 563 994 616 Παύλου
1025 562 1300 628 λέγοντοςο
1343 562 1515 629 Ἀνὴρ
1551 558 1667 628 μὲν
1695 556 1805 624 γὰρ
1837 556 1946 606 οὐκ

284 646 508 713 ὀφείλει
544 648 1104 699 κατακαλύπτεσθαι
1145 645 1259 710 τὴν
1309 642 1604 712 κεφαλὴν,
1635 639 1812 693 εἰκὼν
1849 636 1946 690 καί

285 727 435 791 δόξα
462 728 609 780 Θεοῦ
629 726 912 795 ὑπάρχων
937 745 948 756 ·
977 730 1013 794 ἡ
1048 727 1114 780 δὲ
1137 727 1289 796 γυνὴ
1328 727 1476 790 δόξα
1503 724 1719 791 ἀνδρός
1756 723 1944 774 ἐστιν.

297 809 355 861 ’0
388 810 484 878 μὲν
516 808 623 879 γάρ
656 809 832 879 ἄρχει,
871 813 902 878 ἡ
938 811 994 861 δὲ
1022 811 1402 871 ὑποτέτακται,
1433 807 1613 868 καθὼς
1643 807 1735 859 καί
1759 805 1786 856 ὁ
1819 803 1949 862 Θεὸς

287 890 344 955 ἐξ
378 891 551 960 ἀρχῆς
591 892 726 962 πρὸς
759 893 927 962 αὐτὴν
965 911 1126 963 φησι,
1177 893 1330 958 Πρὸς
1372 893 1478 944 τὸν
1519 889 1706 957 ἄνδρα
1750 903 1866 940 σου
1907 885 1945 949 ’ὴ

286 975 638 1043 ἀποστροφή
684 993 820 1033 σου,
858 977 954 1028 κ(ιί
999 980 1180 1041 αὑτός
1210 990 1325 1028 σου
1365 975 1685 1041 κυριεύσει.
1732 969 1948 1040 Ἐπειδὴ

288 1057 396 1126 γὰρ
423 1058 560 1110 κατά
581 1059 670 1111 τδν
690 1060 787 1125 τῆς
813 1061 986 1130 ἀρχῆς
1008 1059 1162 1125 λόγον
1184 1060 1244 1110 :0
1268 1059 1366 1126 τῆς
1390 1057 1594 1118 εἰκόνος
1626 1055 1946 1125 παρείληφε,

291 1139 382 1189 καὶ
409 1139 468 1190 οὐ
503 1140 641 1193 κατά
675 1141 770 1210 τὴν
800 1143 1030 1211 μορφὴν,
1061 1144 1088 1193 ὁ
1114 1141 1170 1192 δέ
1204 1140 1485 1209 ἄνθρωπος
1515 1139 1671 1208 ἄρχει
1712 1137 1946 1197 πάντων,

291 1221 325 1288 ἡ
351 1219 407 1270 δὲ
429 1219 562 1290 γυνὴ
591 1222 967 1284 ὑποτέτακται,
1003 1222 1088 1275 διὰ
1121 1221 1279 1275 τοῦτό
1309 1237 1440 1291 φησι
1479 1220 1605 1288 περὶ
1633 1217 1725 1270 τοῦ
1762 1217 1950 1286 ἀνδρὸς

291 1298 320 1348 ὁ
354 1297 580 1362 Παῦλος,
611 1301 693 1352 δτι
731 1302 893 1354 εἰκὼν
925 1303 1016 1354 καὶ
1048 1303 1173 1368 δόξα
1201 1301 1335 1354 Θεοῦ
1370 1301 1621 1369 ὑπάρχει.
1650 1301 1683 1368 ἡ
1719 1297 1775 1350 δὲ
1813 1295 1951 1367 γυνὴ

291 1379 415 1443 δόξα
454 1381 645 1451 ἀνδρός
680 1384 846 1437 ἐστιν.
880 1387 941 1438 El
970 1386 1026 1438 δὲ
1070 1385 1196 1455 περ)⁸
1245 1385 1454 1454 μορφῆς
1486 1383 1668 1449 ἔλεγεν
1689 1423 1702 1443 ,
1735 1381 1834 1432 οὐκ
1887 1379 1952 1432 ἂν

293 1463 516 1517 διεῖλεν·
557 1468 585 1518 ὁ
620 1465 727 1536 γὰρ
764 1467 926 1529 αὐτὸς
971 1466 1140 1529 τύπος
1189 1467 1281 1518 καὶ
1310 1464 1501 1534 ἀνδρὸς
1547 1463 1641 1515 καὶ
1671 1461 1948 1531 γυναικός.

298 1543 445 1609 Εἶδες
469 1548 565 1617 τῆς
595 1549 849 1619 ἀληθείας
877 1551 974 1620 τὴν
1003 1551 1336 1620 περιουσίαν,
1363 1549 1477 1611 πῶς
1505 1547 1758 1617 οὐδεμίαν
1784 1561 1950 1598 κατα-

297 1629 552 1695 λιμπάνει
593 1632 885 1700 ἀπολογίας
923 1633 1188 1704 πρόφασιν
1222 1635 1332 1695 τοῖς
1369 1633 1741 1700 ἀναισχυντεῖν
1774 1629 1956 1698 βνουλο⁴

301 1711 510 1776 μένοιςς
546 1713 682 1766 Ἀλλ’
718 1716 865 1784 ὅμως
897 1717 990 1768 καὶ
1018 1716 1216 1768 τούτων
1255 1715 1424 1776 οὕτως
1456 1715 1685 1783 ἐχόντων
1719 1712 1794 1783 μὴ
1820 1729 1956 1765 παυ-

300 1793 520 1862 σώμεθα
554 1797 722 1866 πολλῇ
758 1800 821 1867 τῇ
853 1798 1199 1868 μακροθυμίᾳ
1223 1797 1354 1868 πρὸς
1375 1797 1571 1858 αὐτοὺς
1603 1795 1952 1866 κεχρημένοι,

300 1877 392 1945 Μή
433 1894 576 1930 ποτε
623 1878 706 1943 δῷ
737 1880 942 1945 αὐτοῖς
975 1883 1007 1933 ό
1051 1881 1194 1946 Θεὸς
1228 1879 1551 1948 μετάνοιαν
1582 1881 1667 1943 είς
1705 1878 1956 1946 ἐπίγνω-

297 1961 739 2027 σιι·’ἀ.1ηθείας.
789 1964 880 2033 Μὴ
931 1964 1108 2016 τοίνυν
1157 1965 1514 2032 ναρκήσωμεν
1556 1975 1581 2001 ι
1615 1962 1812 2032 πολλὴν
1859 1961 1956 2030 τὴν

300 2043 593 2095 ἐπιείκειαν
646 2043 1108 2115 ἐπιδεικνύμενοι,
1160 2049 1328 2108 εἴπως
1367 2046 1722 2114 δυνηθείημεν
1763 2045 1958 2107 αὐτοὺς

301 2125 605 2195 ἐξαρπάσαι
639 2127 738 2194 τῆς
778 2127 871 2179 τοῦ
917 2129 1162 2180 διαὸόλου
1219 2130 1432 2197 ἀπάτης
1457 2147 1468 2158 ³
1505 2129 1632 2185 καὶ.
1681 2129 1729 2180 εί
1779 2128 1956 2188 δοκεῖ,

303 2209 461 2261 πάλιν
509 2211 888 2280 ἐπιστήσωμεν
930 2212 1111 2274 αὐτοῖς
1148 2211 1238 2264 τὸν
1276 2212 1538 2281 μακάριον
1574 2210 1782 2263 Παῦλον
1819 2209 1958 2262 οῦτω

301 2292 528 2359 λέγοντα
553 2293 687 2362 πρὸς
733 2297 860 2357 τοὺς
889 2294 985 2356 τὰς
1031 2295 1258 2362 Ἀθήνας
1297 2294 1606 2356 οἰκοῦντας·
1649 2296 1770 2346 Οὐκ
1802 2295 1960 2362 ὀφεί-

300 2378 486 2442 λομεν
520 2375 775 2444 νομίζειν
813 2376 1038 2444 χρυσῷ,
1069 2378 1106 2445 ἢ
1141 2378 1392 2445 ἀργύρῳ,
1429 2378 1467 2445 ἣ
1511 2379 1676 2443 λίθῳ,
1704 2377 1742 2444 ἢ
1781 2375 1964 2445 χαρά-

301 2479 473 2528 γματι
496 2459 712 2528 τέχνης
732 2463 768 2529 ἢ
793 2463 1178 2531 ἐνθυμήσεως
1199 2461 1510 2529 ἀνθρώπου
1534 2461 1598 2514 τὸ
1623 2462 1792 2514 Θεῖον
1810 2458 1961 2514 εἶναι

304 2541 524 2610 ὅμοιον.
545 2541 694 2607 Εἶδες
721 2545 810 2597 τὸν
835 2545 994 2613 σοφὸν
1021 2545 1352 2607 διδάσκαλον,
1380 2545 1496 2614 μεθ’
1519 2545 1650 2614 ὅσης
1679 2544 1961 2616 ἀκριϐείας

304 2625 482 2679 πᾶσαν
514 2627 691 2679 αὐτῶν
717 2627 937 2696 ἐξέκοψε
960 2629 1056 2698 τὴν
1084 2629 1296 2697 ἀπάτην
1320 2645 1334 2692 ;
1367 2628 1440 2680 Οὐ
1474 2628 1631 2698 μόνον
1657 2628 1765 2698 γάρ
1791 2628 1960 2680 τύπου

305 2708 857 2778 σωματικοῦ.ἔφησεν
877 2709 1218 2781 ἀπηλλάχθαι
1243 2711 1302 2762 :0
1333 2710 1506 2774 Θεῖον,
1539 2709 1676 2763 ἀλλά
1717 2710 1848 2781 μηδὲ
1879 2713 1965 2764 ἐν-

307 2791 543 2863 θύμησιν
569 2792 856 2863 ἀνθρώπου
877 2793 1103 2864 δυνατὴν
1129 2789 1267 2846 εἶναι
1290 2793 1594 2847 ἀναπλάσαι
1625 2811 1676 2845 τι
1701 2793 1960 2846 τοιοῦτον.

307 2875 489 2927 Ταῦτα
519 2875 654 2946 πρὸς
675 2877 870 2939 αὐτοὺς
899 2877 1132 2947 συνεχῶς
1157 2876 1545 2945 διαλεγόμενοι.
1582 2876 1655 2946 μὴ
1682 2875 1963 2945 παύσησθε

307 2958 375 3008 τά
412 2960 540 3026 παρ’
576 2957 782 3009 ἑαυτῶν
807 2958 1144 3027 εἰσφέροντες
1163 2998 1176 3020 ,
1211 2958 1276 3012 ἃν
1305 2960 1410 3029 ἄρα
1443 2959 1662 3011 ἑνδῶσιν
1682 2958 1731 3021 1),
1765 2958 1830 3010 ἂν
1860 2958 1964 3028 ἄρα

313 3037 610 3108 βουληθῶσι
658 3039 942 3107 διαϐλέψαι
998 3041 1132 3109 7:90;
1160 3043 1257 3111 τὴν
1283 3040 1559 3110 ἀλήθειαν.
1591 3041 1696 3093 Ka‘:
1739 3041 1966 3103 ἐκείνοις

313 3118 411 3183 μὲν
440 3119 578 3189 μετὰ
607 3119 803 3190 πολλῆς
834 3122 1130 3183 ἐπιεικείας
1163 3123 1254 3174 καὶ
1275 3121 1374 3188 τῆς
1403 3122 1700 3187 ἀσφαλείας
1728 3122 1966 3190 διαλεγό-

314 3218 462 3270 μενοι
514 3202 588 3274 μὴ
641 3203 944 3271 παύσησθε,
1005 3205 1154 3258 αὐτοὶ
1185 3205 1276 3270 δέ,
1309 3203 1420 3275 [62]
1454 3205 1774 3275 παρακαλῶ,
1831 3205 1967 3275 μετά

312 3286 595 3355 ἀκρεδείας
622 3286 980 3356 ’τὰ-,δόγματα
1029 3287 1127 3357 τῆς
1181 3288 1503 3357 Ἐκκλησίας
1559 3289 1836 3357 κατέχετε,
1895 3289 1966 3358 μὴ

315 3370 633 3437 συγχέοντες
659 3369 766 3422 τῶν
789 3369 1091 3440 εἰρημένων
1139 3370 1238 3439 τὴν
1271 3369 1590 3424 ἀκολουθίαν
1617 3411 1631 3434 ,
1669 3371 1802 3423 ἀλλὰ
1834 3372 1969 3441 7:90;

319 3451 416 3521 μὲν
441 3451 722 3515 Ἰουδαίους
748 3451 1090 3522 καταλλήλως
1113 3452 1503 3523 διαλεγόμενοι,
1523 3455 1616 3508 καὶ
1643 3454 1966 3518 δεικνύντες,

313 3536 397 3586 ὅτι
425 3535 484 3586 οὐ
527 3535 661 3605 πρός
689 3553 809 3588 τινα
833 3536 940 3589 τῶν
983 3537 1368 3606 λειτουργικῶν
1396 3537 1677 3607 δυνάμεων
1707 3539 1876 3591 ταῦτα
1904 3539 1971 3592 τὰ

317 3620 436 3690 είρη
447 3619 600 3688 μένα,
634 3619 770 3672 ἀλλά
798 3620 931 3690 πρὸς
965 3619 1126 3673 αὐτὸν
1149 3619 1238 3672 τὸν
1259 3621 1521 3690 μονογενῆ
1546 3621 1639 3674 τοῦ
1665 3621 1798 3673 Θεοῦ
1827 3621 1968 3673 Υἰόν·
2033 3677 2040 3680 _

320 3702 454 3772 7:90;
483 3702 540 3755 δέ
566 3703 691 3765 τοὺς
715 3702 782 3756 τά
821 3703 1041 3772 Ἀρείου,
1059 3702 1384 3773 φρονοῦντας
1424 3703 1584 3756 πάλιν
1608 3702 1853 3756 ἐντεῦθεν
1875 3705 1972 3775 τὴν

317 3785 608 3855 ὁμοτιμίαν
661 3785 754 3838 τοῦ
801 3784 928 3837 Υίοῦ
967 3785 1101 3856 7:90;
1136 3785 1224 3838 τὸν
1259 3785 1475 3856 Πατέρα
1521 3785 1931 3849 ἀποδεικνύντες
1957 3803 1971 3817 ·

320 3869 414 3921 καὶ
445 3868 579 3938 πρὸς
607 3869 732 3931 τοὺς
755 3868 1218 3938 ἀνθρωπόμορφον
1251 3868 1342 3920 τὸν
1371 3868 1520 3920 Θεῖον
1545 3863 1684 3921 εἶναι
1713 3867 1975 3936 φανταζο-

325 3953 517 4020 μένους
546 3953 615 4005 τά
644 3951 794 4022 παρὰ
832 3951 925 4005 τοῦ
959 3953 1226 4022 μακαρίου
1261 3951 1472 4004 Παύλου
1495 3951 1759 4020 εἰρημένα
1784 3953 1863 4015 είς
1891 3952 1977 4020 μέ·

324 4050 414 4085 σον
459 4035 892 4104 παραγαγόντες,
949 4034 1279 4104 ἀνατρέπετε
1313 4033 1409 4101 μέν
1441 4033 1508 4085 τὰ
1543 4033 1791 4097 ζιζανίων
1821 4036 1976 4102 δίκην

322 4117 660 4186 ἑπιφυόμενα
692 4116 907 4186 ὀλέθρια
941 4117 1221 4186 νοσήματα
1243 4119 1351 4178 τοῖς
1387 4115 1486 4184 τῆς
1534 4117 1856 4186 Ἐκκληαίας
1894 4117 1978 4170 δόο

325 4214 515 4266 γμασι·
548 4197 870 4261 σπουδάζετε
904 4208 926 4234 ο
950 4197 1006 4249 δὲ
1032 4197 1316 4268 κρατύνειν
1338 4199 1392 4248 ἐν
1425 4198 1635 4260 ἑαυτοῖς
1682 4199 1751 4250 τά
1781 4199 1977 4266 εὐσεϐῆ

325 4281 643 4351 διδάγματα.
673 4282 938 4352 Βούλομαι
960 4282 1064 4354 γὰρ
1094 4281 1188 4334 καὶ
1221 4279 1448 4350 εὐχομαι
1488 4281 1693 4344 πάντας
1730 4283 1872 4352 ὑμᾶς
1911 4284 1982 4337 δι-

327 4361 608 4414 δασκάλων
633 4361 782 4425 τάξιν
817 4362 1051 4432 ἐπέχειν,
1085 4361 1178 4414 καὶ
1211 4360 1284 4430 μὴ
1335 4363 1491 4432 μόνον
1519 4361 1791 4433 ἀκροατὰς
1842 4359 1978 4418 εἶναι

329 4445 436 4496 τῶν
480 4446 605 4515 παρ’
662 4443 816 4514 ἡμῶν
845 4443 1169 4513 λεγομένων,
1222 4443 1356 4496 ἀλλά
1391 4445 1482 4496 καὶ
1509 4445 1716 4515 ἑτέροις
1763 4445 1980 4517 διαπορ-

331 4525 573 4596 θμεύειν,
605 4527 698 4579 καὶ
721 4525 1035 4597 σαγηνεύειν
1063 4527 1186 4589 τούς
1209 4525 1288 4579 ἔτι
1311 4527 1691 4596 πλανωμένους
1717 4529 1852 4597 7:90;
1883 4531 1980 4600 τὴν

329 4611 428 4680 τῆς
455 4610 707 4680 ἀληθείας
734 4609 880 4664 ὀδόνι
907 4609 1156 4680 καθάπερ
1177 4613 1268 4663 καὶ
1291 4609 1497 4672 Παῦλός
1528 4627 1711 4680 φησιν,
1745 4608 1847 4678 Εἷς
1879 4615 1985 4667 τὸν

329 4696 437 4749 ἕνα
473 4694 845 4764 οἰκοδομεῖτε,
897 4695 1005 4756 καὶ,
1046 4694 1204 4747 Μετὰ
1236 4695 1420 4762 φόϐου
1470 4695 1567 4747 καὶ
1609 4698 1825 4765 τρόμου
1870 4697 1984 4764 τὴν

329 4777 560 4833 ἑαυτῶν
601 4777 899 4844 σωτηρίαν
941 4774 1376 4844 Μτεργάζεσθε.
1425 4777 1609 4842 Οῦτως
1659 4782 1788 4850 ἡμῖν
1819 4782 1911 4833 καὶ
1951 4782 1983 4852 ἡ

343 4862 636 4932 Ἐκκλησία
686 4863 762 4924 εἰς
822 4861 1020 4930 πλῆθος
1071 4861 1356 4922 ἐπιδώσει,
1391 4863 1486 4914 καὶ
1536 4863 1690 4931 ὑμεῖς
1743 4863 1983 4930 πλείονος

331 4943 700 5000 ἀπολαύσεσθε
727 4944 827 5014 τῆς
864 4944 1066 4997 ἄνωθεν
1104 4945 1296 5014 ῥοπῆς,
1328 4944 1525 5015 πολλὴν
1565 4945 1674 4998 τῶν
1709 4947 1983 5016 ὑμετέρων

335 5029 511 5097 μελῶν
543 5029 640 5098 τὴν
664 5029 916 5098 πρόνοιαν
946 5027 1278 5096 ποιούμενοι.

401 5111 460 5162 ε’.
499 5111 630 5163 Οὐδέ
658 5112 764 5181 γὰρ
791 5109 968 5178 ἑαυτῷ
1001 5110 1157 5178 μόνον
1197 5113 1384 5179 ἀρκεῖν
1412 5113 1439 5162 ὀ
1470 5112 1598 5174 Θεὸς
1627 5111 1867 5180 βούλεται
1895 5115 1985 5168 τὸν

335 5194 687 5262 Χριστιανὸν,
716 5193 850 5246 ἀλλά
883 5195 976 5246 καὶ
1010 5194 1230 5264 ἑτέρους
1258 5184 1556 5263 οἰκοδομεῖν
1580 5196 1640 5247 οὐ
1664 5197 1750 5250 διὰ
1783 5198 1882 5268 τῆς
1906 5199 1985 5252 δι-

335 5275 628 5337 δασκαλίας
661 5275 836 5344 μόνον,
872 5276 1006 5328 ἀλλὰ
1046 5277 1140 5329 καὶ
1161 5275 1247 5328 διὰ
1295 5276 1386 5328 τοῦ
1429 5276 1563 5344 βίου,
1597 5279 1689 5331 καὶ
1726 5280 1826 5349 τῆς
1865 5283 1986 5334 ἀνα-

337 5358 572 5429 στροφῆς
593 5375 606 5388 ·
624 5356 772 5410 οὐδὲν
793 5357 900 5427 γὰρ
925 5358 1097 5422 οῦτως
1127 5360 1310 5427 ἐνάγει
1339 5361 1472 5430 πρὸς
1501 5361 1596 5430 τὴν
1613 5362 1710 5431 τῆς
1737 5363 1988 5432 ἀληθείας

334 5440 473 5497 ὁδὸν.
503 5441 576 5501 ὡς
611 5439 882 5501 πολιτείας
912 5441 1166 5511 ἀκρίϐεια
1187 5459 1201 5472 '
1235 5443 1353 5496 οὐδέ
1398 5443 1505 5514 γὰρ
1537 5448 1646 5508 τοῖς
1677 5451 1802 5517 παρ’
1833 5448 1987 5518 ἡμῶν

396 5609 421 5670 f’
451 5604 556 5655 Duo
582 5605 773 5670 "155.931
810 5605 960 5670 τοίνυν
986 5606 1284 5670 ἀρκὴσωμεν.

394 5667 426 5706 b
457 5671 583 5731 Ηενιτ.
609 5686 665 5716 αν
689 5668 788 5731 ἂρ’,
807 5668 995 5725 ἐνόῶσι,
1021 5667 1200 5717 desunt
1221 5673 1267 5717 in
1295 5669 1479 5718 duobus
1497 5684 1606 5718 mss.

393 5733 418 5764 ‘
448 5730 628 5781 Omnes
648 5729 950 5791 σπουδάζετε,
975 5739 1154 5793 prmler
1183 5731 1370 5790 Morel.,
1393 5733 1476 5793 qui
1499 5731 1647 5780 habet
1669 5733 1983 5790 σπουδάσατε.

2047 466 2304 534 μυριάκις
2333 465 2708 534 φιλοσοφῶμεν
2742 467 2852 527 τοῖς
2874 463 3071 530 λόγοις,
3096 461 3185 512 καί
3209 476 3274 511 πε
3285 460 3336 528 9‘:
3361 456 3728 520 ἀνεξικακίας

2044 545 2440 616 διαλεγώμεθα,
2470 546 2660 617 καιροῦ
2677 547 2732 599 δὲ
2758 543 3165 616 παραπεσόντος
3191 543 3264 608 μὴ
3291 539 3381 592 διὰ
3399 538 3508 590 τῶν
3534 537 3728 606 ἔργων

2044 629 2246 696 ταύτην
2291 620 2702 699 ἐπιδειξώμεθα,
2759 630 2820 681 οὐ
2856 625 3110 681 τοσοῦτον
3139 626 3168 676 ὁ
3195 623 3352 689 λόγος
3405 619 3726 688 ὠφέλησεν,

2044 713 2167 764 ὅσον
2195 713 2226 781 ἡ
2260 712 2457 780 πρᾶξις
2495 711 2726 780 ἔϐλαψεν
2750 728 2764 740 ο
2796 711 2861 764 ἂν
2885 710 2940 762 δὲ
2991 710 3084 760 καὶ
3123 705 3229 777 7:90
3272 704 3379 757 τῶν
3415 702 3591 768 λόγων
3623 700 3730 751 καὶ

2049 794 2187 862 μετὰ
2211 795 2334 855 τοὺς
2360 793 2551 862 λόγους
2572 793 2667 864 τὴν
2688 792 2776 846 διὰ
2792 792 2898 845 τῶν
2918 792 3092 862 ἔργων
3118 785 3376 850 ἐπίδειξιν
3400 782 3724 852 ποιώμεθα,

2047 875 2347 940 ἀξιόπιστοι
2375 877 2608 947 ἐσόμεθα
2635 879 2816 929 ἐκεῖνα
2848 874 3257 945 παραινοῦντες,
3282 870 3317 923 ἀ
3361 868 3455 921 καὶ
3481 867 3574 919 διὰ
3605 865 3727 919 τῶν

2047 959 2222 1028 ἔργων
2250 959 2582 1030 πληροῦμεν,
2604 960 2724 1010 ἐπεὶ
2752 957 2846 1010 καὶ
2866 959 2894 1009 ὁ
2912 954 3141 1026 Χριστὸς
3159 954 3376 1012 τούτους
3405 948 3727 1018 ἐμακάρισε

2047 1040 2237 1108 λέγων,
2285 1044 2586 1109 Μακάριος
2617 1045 2649 1095 ὸ
2683 1039 2960 1105 ποιήσας.
3016 1037 3110 1089 καὶ
3164 1032 3467 1100 διδάξας)’
3518 1031 3728 1084 σκόπει

2048 1124 2164 1187 πῶς
2206 1125 2468 1195 πρότερον
2502 1123 2596 1194 τὴν
2627 1123 2841 1192 ποίησιν
2887 1119 3101 1188 έθηκεν,
3154 1116 3247 1168 καί¹
3282 1114 3400 1166 τότε
3438 1112 3538 1183 τὴν
3569 1111 3728 1163 διδα-

2050 1207 2295 1259 σκαλίαν.
2329 1207 2439 1275 Τῆς
2466 1206 2715 1274 πράξεως
2735 1204 2845 1274 γὰρ
2880 1199 3318 1272 προηγουμένης,
3344 1196 3445 1248 κᾶν
3478 1196 3555 1265 μὴ
3586 1195 3728 1262 ἓιιτη⁶

2048 1307 2135 1342 ται
2182 1291 2214 1358 ἡ
2245 1288 2578 1349 διδασκαλία,
2615 1288 2777 1356 ἀρκεῖ
2832 1284 2897 1336 τά
2932 1283 3066 1353 ἔργα
3113 1279 3296 1358 φωνῆς
3330 1276 3728 1347 λαμπρότερον

2048 1357 2251 1435 διδάξαι
2281 1371 2405 1434 τοὺς
2432 1373 2508 1432 είς
2530 1371 2675 1441 ἡμᾶς
2695 1366 2956 1439 ὁρῶντας.
2986 1363 3156 1416 Τοῦτο
3177 1357 3267 1414 οῦν
3286 1358 3559 1427 πανταχοῦ
3588 1375 3728 1410 σκο-

2050 1455 2239 1524 πῶμεν
2285 1455 2549 1524 πρότερον
2575 1455 2687 1514 τοῖς
2739 1451 2920 1520 ἔργοις
2961 1448 3254 1506 διδάσκειν,
3305 1445 3397 1496 καί
3443 1445 3565 1494 τότε
3604 1446 3727 1505 τοῖς

2048 1537 2246 1604 λόγοις,
2279 1537 2362 1589 ἵνα
2390 1538 2462 1607 μὴ
2502 1538 2596 1588 καὶ
2623 1536 2786 1605 ἡμεῖς
2815 1532 3137 1600 ἀκούσωμεν
3172 1527 3321 1599 παρά
3353 1525 3445 1578 τοῦ
3474 1524 3724 1583 Παύλου,

2061 1620 2113 1672 '0
2143 1619 2447 1672 διδάσκων
2472 1618 2695 1686 ἕτερον,
2731 1618 2990 1670 σεαυτὸν
3013 1617 3082 1667 οὐ
3105 1611 3408 1673 διδάσκεις
3427 1625 3444 1670 ;
3460 1609 3571 1660 Καὶ
3589 1608 3728 1659 ὅταν

2055 1702 2374 1772 βουλώμεθά
2419 1719 2526 1754 τινι
2580 1701 2930 1772 παραινέσαι,
2959 1699 3099 1751 ὥστε
3133 1694 3474 1768 κατορθῶσαί
3525 1709 3581 1743 τι
3608 1689 3728 1743 τῶν

2053 1785 2385 1852 ἀναγκαίων,
2420 1785 2680 1854 πρότερον
2708 1784 2860 1836 αὐτοὶ
2901 1779 3288 1849 σπουδάζωμεν
3331 1777 3488 1830 τοῦτο
3518 1791 3730 1844 κατορ-

2052 1869 2198 1931 θοῦν,
2225 1869 2310 1921 ἴνα
2345 1867 2485 1939 μετά
2521 1867 2762 1928 πλείονος
2779 1865 2879 1934 τῆς
2907 1862 3218 1933 παρρησίας
3249 1859 3346 1929 τὴν
3367 1856 3730 1911 διδασκαλίαν

2052 1950 2354 2021 ποιώμεθα,
2417 1949 2510 2002 καὶ
2549 1951 2698 2002 πᾶσα
2747 1947 2904 2019 ἡμῶν
2935 1948 2967 2015 ἡ
2995 1944 3212 2015 φροντὶς
3263 1943 3403 1994 ἔστω
3456 1940 3587 2008 περὶ
3620 1939 3729 2007 τῆς

2053 2039 2191 2091 κατὰ
2219 2039 2396 2108 ψυχὴν
2427 2036 2716 2106 σωτηρίας,
2748 2034 2841 2087 καὶ
2874 2033 3020 2094 ὅπως
3059 2029 3416 2100 δυνηθείημεν
3446 2030 3515 2079 τὰ
3565 2043 3732 2095 σκιρ-

2052 2129 2267 2195 τήματα
2296 2125 2397 2194 τῆς
2451 2123 2651 2193 σαρκὸς
2685 2119 3081 2192 χαλινώσαντες
3112 2119 3209 2186 τὴν
3252 2115 3509 2185 ἀληθινὴν
3555 2113 3584 2154 (ι
3621 2131 3731 2183 νη-

2057 2213 2238 2264 στείαν
2267 2209 2654 2276 ἐπιδείξασθαι,
2701 2208 2844 2275 λέγω
2870 2207 2934 2278 δὴ
2965 2205 3062 2274 τὴν
3102 2203 3210 2256 τῶν
3246 2202 3430 2256 κακῶν
3467 2201 3689 2270 ἀποχήν
3712 2214 3726 2228 ·

2053 2299 2211 2352 τοῦτο
2231 2299 2336 2368 γὰρ
2361 2298 2604 2367 νηστεία.
2623 2298 2735 2349 Καὶ
2765 2294 2872 2365 γάρ
2895 2297 2926 2365 ὴ
2951 2293 3062 2366 [65]
3082 2292 3189 2344 τῶν
3214 2289 3514 2361 βρωμάτων
3539 2287 3734 2358 ἀποχὴ

2054 2385 2140 2438 διὰ
2171 2386 2327 2439 τοῦτο
2356 2385 2743 2455 παρείληπται,
2795 2383 2881 2435 ἵνα
2907 2382 2997 2434 τὸν
3023 2381 3176 2433 τόνον
3221 2379 3317 2448 τῆς
3346 2377 3547 2448 σαρκὸς
3577 2376 3736 2444 χαλι‹

2057 2472 2223 2544 νώσῃ.
2255 2474 2350 2526 καὶ
2377 2474 2590 2542 εὐήνιον
2611 2474 2744 2541 ἡμῖν
2778 2470 2868 2524 τὸν
2897 2470 3062 2522 ἵππον
3091 2467 3414 2540 ἐργάσηται.
3469 2465 3576 2516 Τὸν
3624 2480 3735 2532 νη⁴

2060 2560 2315 2612 στεύοντα
2340 2559 2570 2628 μάλιστα
2599 2559 2812 2610 πάντων
2845 2557 3106 2626 προσήκει
3133 2555 3223 2608 τὸν
3248 2553 3415 2622 θυμὸν
3443 2551 3730 2621 χαλινοῦν,

2061 2648 2338 2717 πραότητα
2371 2645 2763 2699 πεπαιδεῦσθαι
2790 2645 2882 2696 καί
2903 2643 3221 2705 ἐπιείκειαν,
3252 2639 3732 2710 συντετριμμένην

2059 2735 2202 2804 ἔχειν
2232 2737 2328 2803 τὴν
2364 2734 2609 2805 καρδίαν,
2634 2732 2739 2785 τῶν
2760 2731 3062 2800 ἐπιθυμιῶν
3077 2730 3186 2782 τῶν
3213 2728 3424 2781 ἀτόπων
3454 2726 3733 2795 ἐξορίζειν

2059 2823 2155 2884 τὰς
2185 2821 2524 2890 ἐνθυμήσεις.
2563 2819 2667 2890 πρὸ
2687 2817 2979 2888 ὀφθαλμῶν
3009 2816 3353 2886 λαμϐάνοντα
3374 2815 3461 2866 τὸν
3485 2813 3734 2884 ἀκοίμη-

2059 2925 2149 2960 τον
2181 2909 2384 2960 έκεῖνον
2421 2905 2717 2976 ὀφθαλμὸν,
2757 2905 2852 2956 καὶ
2875 2903 2936 2955 :0
2966 2903 3243 2973 κριτήριον
3285 2901 3345 2953 τὸ
3389 2899 3694 2953 ἀδέκαστον
3716 2917 3732 2929 ο

2060 2993 2357 3065 χρημάτων
2401 2995 2686 3063 κρείττονα
2722 2990 3006 3059 γίνεσθαι,
3045 2990 3170 3058 περὶ
3201 2988 3298 3058 τὴν
3354 2985 3738 3056 ἐλεημοσύνην

2063 3081 2259 3152 πολλὴν
2292 3083 2392 3151 τὴν
2421 3079 2702 3149 δαψίλειαν
2732 3075 3158 3142 ἐπιδείκνυσθαι,
3194 3076 3371 3128 πᾶσαν
3405 3073 3604 3126 κακίαν
3627 3075 3736 3145 τὴν
3778 3121 3779 3130 η

2063 3171 2188 3239 περί
2214 3167 2320 3220 τῶν
2350 3167 2572 3235 πλησίον
2604 3168 2668 3218 ἐκ
2696 3165 2792 3233 τῆς
2827 3164 3002 3234 ψυχῆς
3031 3161 3374 3215 ἀπελαύνειν.
3409 3161 3558 3230 Αὐτη
3592 3160 3737 3231 ἀλη-

2065 3256 2161 3325 θὴς
2194 3257 2226 3326 ἡ
2256 3255 2498 3325 νηστεία,
2523 3247 2772 3316 καθάπερ
2792 3251 2886 3303 καὶ
2911 3251 3135 3309 Ἡσαΐας
3153 3249 3314 3318 φησὶν
3339 3250 3402 3300 ἐκ
3431 3248 3736 3318 προσώπου

2062 3344 2152 3396 τοῦ
2188 3343 2320 3394 Θεοῦ
2352 3341 2747 3409 φθεγγόμενος·
2781 3341 2860 3391 Ob
2893 3338 3115 3402 ταύτην
3144 3335 3259 3403 τὴν
3281 3337 3575 3402 νηστείαν
3625 3336 3737 3401 ἐξ·

2065 3430 2386 3498 ελεξιὶμην,
2423 3429 2583 3496 λέγει
2631 3428 2859 3494 Κύριος,
2889 3423 3012 3478 οὐδ’
3045 3422 3118 3476 ἂν
3140 3422 3383 3491 κάμψῃς
3415 3423 3494 3487 ὡς
3520 3425 3742 3478 κλοιέν

2065 3517 2170 3568 τὸν
2197 3514 2499 3582 τράχηλον
2518 3531 2654 3577 σου,
2671 3513 2765 3566 καί
2796 3511 3027 3565 σάκκον
3050 3509 3148 3562 καὶ
3169 3508 3399 3562 σποδὸν
3420 3512 3740 3577 ὐποστρὼο

2067 3621 2170 3672 σῃ,
2199 3602 2322 3656 οὐδ’
2359 3602 2510 3654 οὕτω
2539 3600 2828 3653 καλέσετε
2850 3598 3139 3663 νηστείαν
3163 3596 3401 3662 δεκτήν,
3430 3596 3592 3664 ,λέγει
3616 3599 3741 3651 Κύ-

2059 3711 2212 3760 ριος.
2261 3692 2418 3744 Ἀλλά
2471 3691 2648 3750 ποίαν,
2704 3687 2860 3752 εἰπέ;
2919 3687 3075 3748 Λύε,
3128 3685 3280 3753 φησί,
3327 3687 3740 3754 στραγγαλιὰς

2063 3782 2279 3847 βιαίων
2319 3771 2877 3845 συναλλαγμάτων,
2933 3772 3254 3841 διάθρυπτε
3310 3772 3589 3826 πεινῶντι
3627 3774 3740 3827 τὸν

2070 3869 2249 3936 ἄρτον
2279 3883 2412 3927 σου,
2450 3862 2686 3930 πτωχόν
2721 3860 2979 3930 ἅστεγον
3009 3859 3288 3929 εἰσάγαγε
3312 3862 3398 3926 εἰς
3424 3859 3531 3912 τὸν
3563 3855 3742 3914 οἶκόν

2072 3973 2206 4008 σου.
2248 3953 2354 4006 Καὶ
2394 3952 2486 4003 ἐὰν
2533 3949 2704 4001 ταῦτα
2755 3947 2986 4019 πράξῃς,
3030 3947 3192 4016 φησὶ,
3241 3947 3371 4000 τότε
3402 3947 3742 4017 ῥαγήσεται

2073 4043 2334 4110 πρώῖμον
2358 4039 2422 4092 τὸ
2453 4035 2576 4106 φῶς
2594 4051 2732 4103 σου,
2759 4037 2855 4088 καὶ
2885 4037 2956 4090 τὰ
2984 4034 3196 4105 ίάματά
3220 4030 3334 4088 σοὺ
3361 4045 3385 4074 θ
3415 4035 3568 4104 ταχὺ
3593 4037 3740 4089 ἀνα-

2073 4128 2247 4184 τελεῖ.

2147 4216 2221 4280 ς’.
2248 4211 2420 4276 Εἶδες,
2450 4213 2722 4281 ἀγαπητὲ,
2755 4212 2881 4264 ποία
2905 4211 3048 4264 ἐστὶν
3073 4209 3277 4280 ἀληθὴς
3315 4208 3561 4278 νηστείας
3595 4211 3744 4264 Ταύ-

2074 4320 2172 4372 την
2206 4303 2552 4371 ἀσκήσωμεν,
2578 4300 2670 4352 καὶ
2697 4299 2770 4370 μὴ
2797 4299 2977 4362 ἁπλῶς
3010 4298 3151 4350 κατά
3181 4299 3306 4362 τούς
3334 4297 3558 4360 πολλοὺς
3583 4300 3741 4367 νομί-

2077 4392 2254 4460 ζωμεν
2291 4392 2348 4442 ἐν
2373 4389 2544 4457 τούτῳ
2572 4387 2640 4440 τὰ
2672 4389 2770 4457 τῆς
2805 4387 3056 4455 νηστείας
3087 4388 3216 4457 ἡμῖν
3249 4384 3655 4456 περιορίζεσθαι
3695 4385 3741 4449 ι,

2077 4479 2171 4531 ἐὰν
2196 4477 2350 4548 μέχρι
2371 4475 2470 4544 τῆς
2493 4474 2727 4544 ἑσπέρας
2751 4473 2920 4528 ἄσιτοι
2947 4474 3328 4543 διαμείνωμεν.
3349 4472 3422 4522 υύ
3444 4471 3604 4524 τοῦτό
3625 4475 3744 4524 ἐστι

2077 4568 2138 4620 :0
2164 4565 2510 4636 ζητούμενον,
2539 4562 2653 4616 ἀλλ’
2682 4562 2769 4615 ἴνα
2790 4561 2927 4632 μετά
2946 4562 3041 4631 τῆς
3060 4561 3164 4614 τῶν
3194 4561 3495 4631 βρωμάτων
3522 4562 3744 4630 ἀποχῆς

2079 4657 2170 4708 καὶ
2194 4654 2290 4724 τὴν
2313 4651 2520 4722 ἀποχὴν
2549 4649 2656 4702 τῶν
2687 4649 3028 4718 βλαπτόντων
3047 4648 3459 4718 ὲπιδειξώμεθα,
3487 4648 3582 4700 καὶ
3612 4653 3745 4721 περὶ

2080 4744 2176 4814 τὴν
2209 4743 2316 4795 τῶν
2347 4736 2731 4810 πνευματικῶν
2778 4737 3037 4809 ἐργασίαν
3095 4737 3291 4807 πολλὴν
3327 4737 3562 4804 σπουδὴν
3589 4753 3749 4805 ποιη-

2084 4829 2324 4897 σώμεθα.
2359 4827 2461 4880 Τὸν
2490 4824 2817 4894 νηστεύοντα
2846 4823 3276 4892 κατεσταλμένον
3299 4817 3434 4874 εἶναι
3457 4824 3583 4893 χρὴ,
3610 4824 3748 4892 ησύ-

2081 4934 2213 4988 χιον,
2255 4917 2482 4986 ἥμερον,
2506 4910 2780 4971 ταπεινὸν,
2803 4909 3153 4980 ὑπερορῶντα
3180 4908 3279 4977 τῆς
3303 4908 3455 4976 δόξης
3476 4907 3569 4960 τοῦ
3600 4927 3748 4979 παρ-

2080 5006 2231 5063 όντος
2272 5002 2406 5071 βίου.
2441 4999 2651 5068 Ὥσπερ
2709 4996 2816 5068 γάρ
2876 4998 2972 5067 τῆς
3033 4995 3207 5066 ψυχῆς
3241 4995 3552 5064 ὑπερεῖδεν,
3598 4995 3748 5048 οὕτω

2081 5093 2346 5162 προσήκει
2377 5090 2470 5141 καὶ
2497 5088 2596 5157 τῆς
2631 5087 2791 5155 κενῆς
2814 5086 2968 5156 δόξης
2990 5084 3284 5156 ὑπεριδεῖν,
3311 5083 3403 5135 καὶ
3432 5083 3567 5153 πρὸς
3597 5085 3748 5136 ἐκεῖ-

2086 5197 2173 5234 νον
2201 5179 2356 5250 μόνον
2384 5177 2517 5247 ὁρᾷν
2544 5175 2631 5227 τὸν
2664 5173 2922 5238 ἐτάζοντα
2964 5171 3184 5241 καρδίας
3216 5171 3308 5222 καί⁵
3353 5171 3606 5241 νεφροὺς,
3648 5172 3748 5223 καὶ

2087 5267 2222 5339 μετὰ
2253 5264 2450 5334 πολλῆς
2490 5263 2584 5332 τῆς
2611 5261 2888 5332 ἀκριϐείας
2919 5261 3017 5323 τὰς
3044 5258 3207 5329 εὐχὰς
3231 5258 3324 5311 καὶ
3354 5259 3450 5320 τὰς
3489 5257 3746 5328 ἐξομολο-

2147 5425 2173 5465 d
2200 5425 2348 5475 Savil.
2383 5431 2435 5473 et
2471 5424 2657 5484 aliquot
2702 5435 2816 5470 mss.
2845 5423 2926 5478 τὴν
2963 5421 3130 5484 ἀληθῆ.
3171 5417 3295 5484 Infra
3324 5418 3473 5484 savii.
3512 5420 3749 5484 (“fnum

2087 5503 2196 5538 mss.
2221 5489 2302 5536 καὶ
2329 5487 2510 5542 εὐήνιον
2532 5481 2644 5544 ἡμῖν
2665 5485 2746 5531 τὸν
2770 5484 2928 5531 ἵππον.
2971 5481 3171 5531 Coislin.
3206 5481 3490 5544 xuiiefrizywv
3508 5481 3644 5544 ἡμῖν.
3663 5482 3749 5528 τὸν

2082 5550 2276 5614 ἂρόμον.
2319 5541 2487 5614 Ποῖ-81.
2531 5541 2618 5614 καί
2636 5546 2816 5614 εὐήνιον
2834 5546 2970 5604 ἡμῶν
2991 5544 3071 5590 τὸν
3093 5545 3250 5590 ἵππον.
3286 5542 3440 5590 Paulo
3463 5550 3575 5603 post
3617 5541 3745 5603 Reg.

2091 5607 2826 5680 n'mis_n9am:0.7:0::8:0e06a:.

2162 5685 2185 5712 ε
2202 5669 2400 5722 Coislin.
2413 5670 2473 5716 τὰ
2493 5669 2653 5729 ἱμάτιά
2672 5684 2778 5723 σου,
2803 5678 3079 5728 perperam.

2161 5733 2178 5771 ί
2205 5733 2354 5784 Savil.
2376 5738 2429 5781 ει
2448 5723 2632 5792 aliquot
2654 5741 2768 5778 mss.
2790 5723 3108 5791 περιωρίσθω.
3131 5723 3300 5778 Morel.
3326 5725 3683 5789 περιορίζεσθαι.
