3752 6258
64 180 115 234 π,
1075 161 1137 219 fN
1178 164 1329 218 car.
1371 164 1409 218 l.
1454 162 1629 218 cana

1819 160 1972 217 NlL.
2015 162 2148 218 Vlll.
3225 170 3291 225 τι

62 298 257 345 lien-tuus
282 288 353 343 eis
384 305 395 339 :
442 285 602 355 igitur
633 284 774 339 Deus
819 298 925 337 non
971 282 1140 336 solum
1187 280 1348 333 homo
1371 321 1385 346 ,
1418 277 1510 333 sed
1542 286 1596 332 et

63 384 219 435 mulier
241 380 371 443 erit;
419 378 539 446 quia
568 374 807 430 eamdem
858 374 1077 427 formam
1112 381 1333 441 uterque
1379 370 1595 424 habent.

65 475 222 526 Verum
256 469 350 522 hoc
393 466 680 521 absurdum
721 472 882 519 esset.
916 463 1053 518 Audi
1099 462 1238 516 enim
1270 461 1487 515 Paulum
1516 460 1595 513 di-

62 572 269 617 tentcm:
304 558 390 611 Vir
433 560 563 611 enim
612 573 710 610 non
741 556 882 607 debet
927 553 1092 607 velare
1128 562 1314 622 caput,
1355 552 1522 620 imago
1551 559 1599 603 et

62 654 194 725 gloria
236 649 322 703 Dei
362 650 604 703 exsistcns
652 662 670 699 .'
718 647 898 698 mulier
948 655 1115 697 autem
1178 643 1339 714 gloria
1384 642 1479 694 viri
1529 650 1600 694 est

64 749 136 805 tl.
164 742 271 796 Cor.
307 739 391 795 il.
435 740 524 807 7).
558 738 649 791 Vir
695 738 837 791 enim
886 737 1148 805 imperat,
1193 733 1385 788 mulier
1422 743 1601 786 autem

65 835 263 904 subjecta
290 841 407 886 est:
439 830 575 883 sicut
604 840 658 883 et
684 829 824 882 Deus
870 827 935 881 ab
982 825 1133 879 initio
1158 825 1223 877 ad
1268 840 1391 884 eam.
1430 823 1599 877 dixit:

66 930 126 983 Ad
152 928 295 980 virum
317 932 456 976 tuum
486 922 742 975 conversio
772 931 857 973 tua
881 961 896 984 ,
939 928 984 972 et
1010 918 1118 987 ipse
1145 917 1232 971 tibi
1261 915 1605 969 dominabitur

68 1019 189 1077 (Cen.
215 1018 261 1072 3.
289 1014 399 1083 16).
428 1014 559 1081 Quia
587 1013 727 1067 enim
756 1009 1047 1065 secundum
1079 1009 1340 1063 rationem
1384 1004 1604 1061 dotninii

67 1114 115 1165 ad
140 1108 397 1177 imaginem
437 1105 605 1159 factus
635 1114 714 1159 est
736 1145 751 1171 ,
782 1118 887 1157 non
920 1102 985 1157 ad
1021 1104 1242 1155 formam
1264 1142 1278 1166 ,
1321 1100 1403 1153 vir
1426 1107 1604 1152 autem

72 1201 329 1253 dominatur
372 1197 657 1261 erunibus,
692 1195 884 1249 mulier
911 1208 1041 1248 vero
1085 1192 1323 1260 subjecta
1368 1199 1449 1244 est
1478 1208 1491 1243 :
1525 1188 1605 1243 id-

69 1296 180 1344 circo
204 1290 321 1342 dicit
359 1288 426 1343 de
454 1290 565 1341 viro
597 1287 820 1350 Paulus,
856 1284 995 1355 quod
1025 1285 1197 1353 imago
1240 1294 1293 1337 et
1319 1282 1483 1351 gloria
1516 1280 1607 1335 Dei

72 1398 153 1445 si,
182 1380 358 1434 mulier
383 1389 559 1434 autem
599 1380 765 1448 gloria
797 1378 913 1430 viri.
955 1376 1105 1441 Quod
1155 1376 1200 1427 si
1230 1375 1297 1429 de
1330 1377 1495 1428 forma
1528 1372 1609 1425 vel

75 1485 204 1543 trgum
248 1474 501 1538 dixisset,
552 1488 657 1525 non
703 1472 884 1541 utique
930 1485 991 1524 ea
1040 1469 1311 1522 divisisset
1357 1483 1370 1519 :
1422 1465 1609 1522 eadem

69 1570 183 1620 t'nittt
210 1568 362 1636 ﬁgura
390 1573 475 1621 est
499 1564 598 1618 viri
627 1572 681 1618 et
720 1563 981 1618 mulieris.
1015 1561 1203 1616 Vidisti
1235 1560 1445 1631 plenam
1477 1558 1614 1613 veri-

76 1659 241 1712 ιιιιυιηῖ
283 1657 551 1727 quomodo
580 1656 781 1710 nullum
818 1654 1144 1709 defensionis
1172 1662 1488 1721 praatcxtum
1527 1665 1614 1704 re—

78 1754 229 1823 llutlllll
269 1754 328 1807 iis
355 1753 447 1822 qui
496 1754 690 1805 frustra
736 1749 1070 1819 impudentes
1114 1762 1233 1801 esse
1261 1744 1487 1798 volunt?
1517 1742 1616 1796 Ve-

78 1855 329 1900 nuntamen
358 1844 520 1897 etiam
556 1844 658 1896 illis
685 1844 756 1895 ita
787 1857 845 1895 se
873 1840 1187 1894 habentibus
1207 1879 1219 1900 ,
1250 1854 1317 1892 ne
1342 1848 1616 1890 cessemus

82 1955 231 2007 magna
257 1953 369 1991 cum
401 1936 620 1990 lenitate
650 1951 770 1989 cum
803 1934 931 2003 ipsis
960 1946 1137 2003 agere,
1169 1930 1228 1985 Si
1255 1935 1383 2001 {orte
1404 1929 1485 1981 det
1515 1928 1617 1980 illis

82 2030 188 2083 llrus
216 2029 543 2096 ptenitentiam
577 2028 645 2080 ad
669 2028 975 2097 agnitionem
1019 2025 1240 2078 veritatis
1274 2021 1363 2093 (Ξ.
1397 2020 1529 2075 Tim.
1559 2019 1614 2075 2.

80 2124 131 2175 25
152 2126 184 2191 ).
212 2121 278 2175 Ne
305 2135 431 2190 ergo
455 2129 839 2189 torpescamus,
870 2117 912 2170 si
942 2131 1048 2187 quo
1077 2125 1230 2185 pacto
1263 2130 1355 2184 per
1381 2128 1620 2167 mansuc-

87 2213 247 2266 tudinis
274 2212 501 2266 studium
536 2210 800 2279 possimus
840 2210 983 2279 ipsos
1012 2209 1219 2277 eripere
1250 2224 1279 2261 a
1306 2206 1622 2274 deceptione

85 2305 274 2368 «lillmli;
301 2314 369 2367 et,
398 2305 441 2357 si
476 2302 667 2372 placet,
698 2302 1025 2356 adducamus
1050 2301 1240 2354 iterum
1275 2300 1376 2352 illis
1407 2298 1621 2352 beatum

88 2397 284 2463 Paulum,
307 2396 395 2466 qui
420 2396 837 2450 Atheniensibus
863 2393 940 2448 sic
966 2392 1175 2448 dicebat
1201 2409 1215 2447 :
1242 2390 1363 2446 Non
1390 2390 1624 2444 debemus

88 2489 325 2540 t‘IiSlllllﬂf'e
355 2503 484 2540 auro
504 2529 519 2551 ,
548 2486 624 2540 vel
650 2496 855 2556 argento
879 2526 892 2546 ,
926 2486 1001 2537 vel
1029 2484 1219 2553 lapidi,
1250 2482 1328 2537 vel
1355 2483 1626 2553 sculptura:

92 2595 185 2632 mas
211 2579 279 2633 vel
304 2579 600 2633 inventionis
647 2579 863 2631 hominis
892 2575 1093 2630 Numen
1142 2591 1247 2628 esse
1274 2574 1437 2628 simile
1469 2573 1622 2644 (Act.

95 2672 304 2741 l129).
352 2670 542 2725 Vidisti
592 2679 787 2739 quanta
836 2668 1104 2737 diligentia
1150 2681 1364 2721 omnem
1414 2665 1624 2719 illorum

94 2779 280 2816 t'lt'Iu‘CfP
325 2764 539 2832 sapiens
582 2761 836 2831 magister
874 2758 1269 2829 amputaverit?
1308 2757 1426 2812 Non
1457 2756 1625 2811 solum

96 2858 201 2905 emt
244 2869 271 2908 a
310 2852 575 2923 corporali
620 2862 745 2922 typo
789 2852 1020 2905 alienum
1074 2850 1202 2905 dicit
1242 2848 1447 2903 Numen
1473 2890 1489 2915 ,
1535 2846 1629 2902 sed

99 2961 232 3009 tneque
257 2945 371 3015 quid
398 2946 576 2998 simile
608 2958 763 3014 posse
794 2942 1026 2996 humana
1068 2941 1387 3010 cogitatione
1427 2937 1627 3009 efﬁngi.

100 3037 191 3088 lluc
212 3037 419 3090 subinde
466 3037 573 3090 illis
611 3035 849 3089 dicentes
873 3076 887 3099 ,
924 3033 1056 3087 nihil
1083 3032 1223 3102 quod
1254 3046 1417 3101 penes
1444 3046 1539 3085 vos
1564 3031 1632 3084 sit

103 3142 153 3191 ιιι-ι
175 3126 291 3181 ferre
333 3126 721 3191 intermittatis,
771 3125 814 3179 si
861 3126 996 3178 forte
1038 3123 1261 3187 cedant,
1305 3122 1349 3176 si
1393 3120 1527 3175 forte
1565 3120 1631 3174 ad

105 3222 325 3273 κε-ηιειιειη
354 3218 624 3287 respicere
655 3216 840 3271 velint.
869 3215 1132 3269 (Steterunt
1180 3222 1234 3267 ut
1273 3213 1341 3267 ab
1372 3211 1632 3266 benevola

106 3313 267 3363 Illorum
308 3311 659 3366 instructione
690 3311 840 3364 vobis
871 3306 1234 3363 desistendum
1266 3322 1372 3361 non
1414 3315 1529 3373 est,
1562 3307 1634 3359 ita

104 3418 200 3465 om,
236 3415 283 3455 ut
322 3406 570 3473 dogmata
617 3402 974 3458 ecclesiastica
1022 3400 1189 3470 probe
1233 3399 1457 3453 teneatis
1480 3437 1495 3464 ,
1529 3412 1635 3451 non

104 3496 435 3551 counmdeutes
474 3496 741 3549 dictorum
770 3493 1201 3564 consequentiam
1223 3534 1239 3555 ,
1268 3490 1362 3547 sed
1392 3505 1516 3546 cum
1543 3489 1639 3545 Ju-

106 3588 203 3641 ilasis
226 3600 275 3641 ut
300 3599 507 3657 oportet
537 3587 803 3657 disputate
823 3627 836 3649 ,
878 3601 940 3640 ac
965 3585 1357 3649 demonstrate,
1391 3582 1507 3638 haec
1533 3596 1637 3636 non

109 3694 193 3730 isse
216 3680 339 3734 dicta
365 3685 616 3750 cuiquam
639 3697 706 3734 ex
728 3677 1057 3732 administris
1079 3674 1379 3739 virtutibus,
1402 3674 1497 3729 sed
1525 3673 1641 3727 uni-

108 3772 241 3837 genito
267 3774 350 3828 Dei
395 3773 574 3837 Filio;
623 3771 837 3826 Arianis
874 3784 1085 3840 quoque
1133 3768 1253 3822 hinc
1299 3782 1479 3837 parem
1520 3765 1641 3820 Filii

110 3879 195 3916 cum
223 3866 360 3921 Patre
388 3866 700 3936 dignitatem
739 3864 1003 3927 indicate;
1036 3861 1130 3916 scd
1158 3870 1211 3916 et
1240 3861 1303 3915 iis
1331 3860 1421 3931 qui
1449 3859 1641 3913 huma-

113 3972 199 4007 nam
227 3958 428 4011 formam
451 3957 702 4012 Numinis
730 3956 1105 4025 imaginantur,
1128 3952 1300 4007 allatis
1326 3951 1377 4005 in
1409 3950 1643 4005 medium

115 4046 159 4096 iis
178 4064 274 4114 quzc
301 4064 326 4101 a
354 4050 507 4103 beato
538 4048 704 4103 Paulo
745 4055 867 4101 sunt
895 4046 1066 4111 dicta,
1098 4044 1314 4099 evellite
1344 4059 1437 4113 per
1464 4041 1647 4096 Eccle-

116 4138 179 4189 size
215 4139 438 4209 dogmata
486 4140 817 4211 perniciosos
855 4137 1071 4192 morbos
1116 4138 1281 4191 instar
1322 4135 1643 4190 zizaniorum

117 4232 411 4298 pullulautes,
453 4246 783 4303 operamque
824 4230 945 4284 date
985 4238 1039 4283 ut
1082 4229 1162 4298 pia
1204 4227 1442 4282 doctrina
1485 4228 1537 4281 in
1568 4226 1647 4281 eis

121 4324 332 4386 pluuii-[ur
354 4335 404 4379 et
434 4325 739 4379 roboretur.
772 4322 905 4377 Volo
944 4322 1084 4376 enim
1108 4363 1123 4385 ,
1155 4329 1211 4376 et
1251 4335 1438 4390 precor
1462 4333 1648 4373 omnes

122 4426 185 4459 im
210 4433 246 4463 ιιι
272 4415 539 4469 doctorum
566 4416 752 4468 ordine
776 4429 893 4468 esse
922 4432 933 4467 :
962 4424 1016 4468 et
1044 4428 1151 4467 non
1179 4413 1349 4467 solum
1379 4411 1649 4466 auditores

124 4516 369 4559 nmtrurum
407 4522 530 4560 esse
578 4521 922 4567 sermonum,
964 4503 1057 4559 St‘d
1104 4515 1157 4558 et
1200 4504 1319 4558 aliis
1350 4502 1647 4557 doctrinam

127 4606 306 4649 uestram
336 4597 558 4665 aﬂ'crre,
595 4598 891 4666 piscarique
918 4604 1156 4651 errantes
1181 4636 1196 4662 ,
1231 4605 1287 4648 ut
1314 4596 1366 4649 in
1394 4595 1531 4648 viam
1560 4609 1650 4648 re-

125 4682 245 4740 deant
268 4690 516 4755 veritatis,
554 4690 694 4743 sicut
718 4698 772 4744 et
798 4688 995 4743 Paulus
1026 4688 1197 4757 inquit
1229 4704 1240 4739 :
1269 4686 1411 4741 Unus
1437 4687 1653 4740 alterunt

126 4778 289 4843 rdiﬁcet
316 4781 386 4851 (ι.
412 4781 591 4835 Thess.
617 4781 670 4836 5.
700 4781 759 4836 Η
788 4781 805 4850 )
830 4797 844 4844 ;
878 4788 953 4843 et,
996 4778 1120 4835 Cum
1167 4780 1343 4832 timore
1369 4787 1414 4833 et
1443 4787 1656 4831 tremore

126 4868 290 4922 salutem
315 4883 525 4926 vestram
550 4872 826 4941 operentini
848 4870 1110 4940 (Philipp.
1138 4869 1192 4923 2.
1224 4869 1335 4941 12).
1362 4869 1449 4923 Sic
1470 4868 1657 4923 Eccle-

127 4959 181 5009 tia
204 4962 332 5018 nobis
356 4964 693 5019 multitudine
718 4964 1015 5034 augebitur,
1039 4972 1093 5018 et
1114 4977 1207 5017 vos
1230 4962 1441 5016 uberius
1470 4976 1658 5031 super-

128 5064 175 5103 na
198 5055 411 5112 lruemini
442 5059 613 5129 gratia
637 5098 654 5126 ,
683 5073 928 5128 magnam
970 5056 1332 5112 membrorum
1357 5063 1655 5110 vestrorum

106 5156 268 5201 ~cnram
296 5150 566 5206 habentes.
1659 5170 1664 5209 ε

110 5244 111 5247 “
184 5238 225 5291 5.
257 5239 423 5313 Neque
473 5244 621 5298 enim
666 5242 805 5298 Deus
844 5241 959 5297 vult
986 5249 1047 5295 ut
1092 5239 1425 5297 Christianus
1482 5240 1660 5311 seipse

134 5331 290 5385 tantum
310 5343 587 5389 contentus
616 5334 704 5399 sit,
730 5334 825 5388 sed
870 5343 927 5388 ut
972 5334 1107 5388 alios
1152 5333 1377 5388 aedificet
1417 5347 1522 5386 non
1568 5346 1663 5402 per

114 5418 372 5517 Idoctrinam
399 5428 595 5493 Solum,
626 5427 720 5481 sed
752 5437 806 5481 et
849 5443 943 5496 per
982 5428 1168 5494 vitam,
1201 5436 1254 5481 et
1278 5425 1523 5481 versandi
1572 5441 1661 5479 ra-

114 5519 305 5581 (ttmmu.
332 5518 465 5572 Nihil
501 5520 647 5574 enim
688 5520 767 5573 sic
808 5519 861 5573 in
903 5520 1145 5575 veritatis
1180 5519 1319 5574 viam
1348 5519 1578 5580 inducit,
1606 5526 1665 5572 ut

116 5598 355 5673 'integritas
381 5612 504 5667 vim
531 5629 547 5668 :
576 5626 695 5667 nam
726 5626 899 5682 neque
939 5620 1047 5667 tam
1071 5626 1136 5668 ea
1162 5612 1504 5670 considerant
1543 5630 1662 5688 qua:

1712 294 1740 331 a
1771 279 1922 332 nobis
1945 278 2213 346 dicuntur,
2256 294 2413 349 quam
2445 297 2563 351 qua:
2601 296 2631 337 a
2671 282 2823 337 nobis
2858 294 3103 355 aguntur.
3136 287 3203 342 Et
3240 300 3294 341 ut

1706 368 1845 422 scias
1876 386 1987 423 rem
2020 370 2087 424 ita
2118 386 2176 425 se
2204 371 2401 427 habere
2448 374 2467 445 (
2492 375 2613 429 licet
2644 377 2938 431 sexcenties
2968 377 3147 433 Verbis
3175 389 3293 434 tan-

1707 469 1817 513 tum
1853 462 2310 532 philosophentur,
2340 475 2393 520 et
2419 466 2485 521 de
2511 465 2821 536 injuriarum
2840 470 3291 528 ob'ivionedisse-

1707 565 1991 615 ramus,ac
2011 567 2130 607 cum
2166 565 2372 625 tempus
2418 556 2667 623 adfuerit,
2721 575 2837 613 eam
2886 562 3135 630 operibus
3185 579 3291 618 non

1708 641 2158 711 demonstremus,
2189 662 2292 700 non
2323 657 2525 702 tantum
2568 650 2862 719 proderunt
2899 654 3059 708 verba
3082 696 3096 721 ,
3126 670 3296 725 quan-

1710 740 1820 787 tum
1851 733 2117 789 nocebunt
2142 752 2332 805 opera;
2359 738 2440 792 sin
2473 751 2596 795 ante
2637 750 2691 795 et
2720 751 2837 809 post
2877 746 3038 799 verba
3073 760 3293 815 operum

1708 827 1976 895 specimen
2010 827 2428 896 cxhibuerimus,
2465 831 2566 886 fide
2599 833 2743 901 digni
2783 834 3150 903 habebimur‘,
3174 853 3295 894 cum

1709 918 2113 973 admonehimus
2133 920 2264 975 alios
2285 920 2353 975 de
2384 922 2447 976 iis
2473 938 2590 992 qum
2610 939 2704 992 per
2732 939 2893 995 Opera
2921 928 3297 997 adimplemus,

1710 1010 1831 1077 quia
1863 1020 1917 1064 et
1942 1010 2184 1066 Christus
2202 1012 2505 1081 hujusmodi
2538 1015 2780 1070 homines
2821 1017 3005 1072 beatos
3020 1019 3187 1087 dixit,
3223 1021 3303 1075 iu-

1711 1102 1899 1169 quiens
1932 1101 2150 1157 :Beatus
2170 1106 2255 1173 qui
2281 1106 2472 1173 fecerit,
2506 1116 2552 1160 et
2580 1107 2802 1162 docuerit
2827 1108 3039 1180 (Matth.
3067 1113 3122 1166 5.
3154 1114 3221 1169 19
3244 1118 3259 1183 )
3282 1134 3300 1171 :

1713 1191 1832 1245 vide
1881 1193 2150 1262 quomodo
2181 1211 2318 1265 opus
2349 1199 2730 1266 prmposuerit,
2763 1209 2816 1254 et
2862 1210 3044 1270 postea
3087 1204 3291 1260 doctri-

1716 1300 1858 1336 nam.
1894 1286 2103 1339 Alenim
2145 1290 2479 1356 praecedente
2505 1306 2689 1359 opere,
2720 1292 2923 1346 etiamsi
2971 1309 3074 1349 non
3103 1311 3300 1366 sequa-

1718 1377 2085 1443 turdoctriua,
2118 1377 2393 1433 sufficiunt
2416 1396 2576 1449 opera
2623 1381 2735 1450 ipsa
2776 1384 2946 1453 magis
2992 1401 3150 1455 quam
3194 1386 3299 1441 ulla

1716 1480 1816 1518 vox
1848 1466 1911 1519 ad
1942 1466 2239 1521 docendum
2268 1484 2361 1523 eos
2383 1471 2471 1539 qui
2506 1472 2556 1524 in
2588 1487 2684 1525 nos
2708 1476 3014 1543 respiciunt.

1790 1555 2004 1610 Moralis
2029 1558 2311 1616 exhortatio
2336 1560 2403 1612 ad
2428 1576 2596 1613 verum
2610 1564 2884 1633 jejunium.
2917 1596 2987 1606 ν-
3018 1567 3128 1623 lloc
3146 1567 3307 1639 igitur

1719 1647 1917 1718 ubique
1945 1647 2313 1717 observemus,
2337 1660 2395 1705 ut
2422 1653 2567 1721 prius
2594 1655 2848 1723 operibus
2886 1658 3174 1714 doceamus
3201 1700 3215 1724 ,
3252 1669 3307 1715 et

1722 1748 1903 1809 postea
1944 1742 2282 1798 sermonibus
2317 1761 2329 1797 :
2362 1752 2417 1798 ut
2446 1761 2513 1798 ne
2539 1755 2592 1800 et
2623 1764 2719 1801 nos
2749 1748 3028 1804 audiamus
3070 1766 3100 1805 a
3152 1753 3308 1807 beato

1723 1832 1888 1885 Paulo
1922 1853 1934 1887 :
1963 1832 2043 1886 Tu
2069 1835 2157 1905 qui
2181 1836 2327 1889 doces
2357 1836 2537 1904 alium,
2571 1839 2783 1909 teipsum
2813 1859 2912 1895 non
2938 1844 3087 1897 doces
3116 1845 3304 1916 (Rom.

1720 1924 1774 1977 2.
1803 1924 1935 1994 2|)?
1962 1926 2027 1979 Et
2052 1940 2172 1980 cum
2202 1928 2447 1983 volumus
2471 1930 2763 1987 admouere
2811 1934 2994 2000 alium,
3025 1945 3080 1990 ut
3110 1937 3310 2007 aliquid

1723 2033 1788 2071 ex
1816 2018 1879 2071 iis
1895 2033 2014 2088 qua:
2046 2020 2347 2079 necessaria
2398 2031 2522 2075 sunt
2576 2022 2794 2088 efficiat,
2830 2025 2976 2093 prius
3002 2026 3315 2083 Studeamus

1724 2118 1780 2163 et
1807 2126 1903 2164 nos
1932 2110 2033 2166 hoc
2057 2111 2229 2180 ipsum
2258 2128 2418 2182 agere
2442 2154 2457 2178 ,
2494 2129 2599 2184 quo
2630 2117 2785 2169 nobis
2823 2127 2877 2170 et
2930 2117 3103 2184 major
3128 2120 3196 2173 sit
3229 2120 3312 2174 lo-

1727 2202 1921 2271 σιιιριιάἱ
1953 2218 2015 2258 ac
2041 2203 2267 2258 docendi
2290 2204 2502 2272 fiducia,
2536 2214 2591 2260 et
2632 2208 2808 2261 omnis
2850 2217 3030 2262 nostra
3075 2224 3202 2264 cura
3247 2211 3318 2266 sit

1728 2295 1792 2348 de
1820 2296 2118 2349 animarum
2147 2296 2318 2352 salute
2338 2338 2351 2362 ,
2383 2306 2437 2351 et
2463 2298 2730 2368 quomodo
2752 2301 3043 2368 poterimus
3073 2301 3319 2357 lascivias

1729 2388 1906 2441 carnis
1937 2387 2239 2456 refrenare,
2291 2399 2350 2442 ut
2395 2404 2579 2444 verum
2621 2389 2969 2446 exhibeamus
3013 2392 3318 2462 jejunium;

1726 2478 1989 2547 jejunium
2026 2486 2205 2533 autem
2256 2478 2398 2545 dico,
2432 2479 2805 2535 abstinentiam
2846 2497 2876 2535 a
2924 2482 3085 2537 vitiis.
3113 2483 3321 2537 Etenim

1731 2572 1799 2623 ab
1834 2570 2051 2624 tiuentia
2079 2585 2108 2623 a
2131 2571 2265 2626 cibis
2292 2582 2509 2641 propter
2539 2572 2641 2627 hoc
2669 2584 2883 2642 recepta
2912 2582 2994 2628 est
3013 2615 3028 2641 ,
3074 2582 3131 2628 ut
3167 2574 3317 2645 vigo-

1734 2678 1843 2715 rein
1873 2662 2049 2716 carnis
2075 2662 2346 2729 refrenet,
2376 2672 2429 2718 et
2454 2678 2648 2733 equum
2678 2664 2902 2720 docilem
2934 2664 3140 2721 reddat.
3172 2666 3323 2737 Jeju-

1734 2769 1769 2807 n
1792 2764 1951 2807 intem
1982 2762 2106 2808 ante
2131 2754 2307 2809 omnia
2335 2763 2547 2823 oportet
2576 2756 2706 2809 iram
2738 2754 2948 2810 frenare
2976 2798 2991 2825 ,
3018 2768 3323 2813 mansuetu-

1734 2845 1913 2898 dinem
1945 2853 1997 2899 et
2029 2843 2298 2898 lenitatem
2325 2845 2623 2910 addiscere,
2648 2861 2743 2899 cor
2770 2846 2965 2901 habere
3002 2849 3326 2916 contritum,

1735 2935 1994 2989 absurdas
2018 2935 2479 3003 concupiscentias
2508 2936 2769 3004 repellere
2791 2978 2806 3003 ,
2837 2948 2961 2992 ante
2988 2938 3171 2992 oculos
3191 2954 3322 2993 con-

1741 3028 1889 3081 tinuo
1921 3026 2119 3082 habere
2146 3029 2357 3083 ocolum
2400 3028 2547 3082 illttm
2586 3044 2874 3098 numquam
2927 3030 3325 3107 dormitantem,

1739 3131 1791 3175 ct
1821 3120 2047 3176 tribunal
2099 3120 2227 3174 illud
2282 3121 2684 3191 incorruptum;
2737 3122 2972 3191 pecuniis
2994 3124 3327 3193 superiorem

1741 3227 1881 3273 esse,
1912 3212 2293 3282 liberalemquc
2337 3212 2623 3266 admodum
2660 3213 2711 3266 in
2743 3212 2917 3268 danda
2965 3214 3327 3287 elecmosyna,

1742 3304 2032 3374 nequitiam
2062 3320 2273 3359 omnem
2297 3305 2552 3359 adversus
2581 3307 2877 3375 proximum
2916 3322 2983 3361 ex
3031 3310 3211 3365 animo
3236 3310 3333 3366 eli-

1744 3397 1969 3449 minare.
2001 3394 2113 3450 Hoc
2144 3411 2330 3450 verum
2370 3395 2630 3465 jejunium
2661 3406 2774 3465 est,
2822 3397 2960 3453 sicut
2989 3407 3041 3454 et
3077 3398 3238 3454 lsaias
3265 3416 3334 3457 ex

1745 3502 1972 3557 pcr~ona
2004 3487 2097 3541 Dei
2119 3488 2365 3556 loquens,
2395 3488 2563 3542 dicit:
2604 3486 2721 3541 Non
2750 3488 2843 3541 hoc
2881 3490 3137 3560 jejunium
3182 3492 3330 3562 elegi,

1744 3579 1865 3631 dicit
1899 3577 2167 3631 Dominus.
2214 3576 2338 3631 Non
2376 3580 2419 3631 si
2460 3589 2691 3649 torqueas
2724 3589 2777 3631 ut
2804 3580 3049 3634 circulum
3096 3583 3333 3636 cervicem

1747 3680 1905 3734 luant,
1930 3680 1974 3724 et
1996 3687 2197 3725 saccum
2223 3682 2269 3724 et
2298 3673 2512 3725 cinerem
2537 3674 2823 3727 substernas
2846 3715 2861 3739 ,
2914 3691 3075 3744 neque
3093 3677 3164 3729 sic
3190 3692 3338 3730 voca-

1748 3762 1861 3816 bitis
1881 3762 2135 3833 jejunium
2164 3772 2445 3831 acceptum,
2477 3764 2597 3816 dicit
2620 3763 2868 3819 Dominus
2896 3764 2914 3838 (
2939 3764 3065 3819 lsai.
3110 3766 3198 3821 58.
3226 3767 3259 3821 5
3286 3766 3331 3836 ).

1747 3853 1876 3918 Sed,
1896 3852 2087 3922 quale?
2113 3853 2220 3908 dic.
2247 3853 2419 3922 Solve,
2445 3854 2635 3925 inquit,
2654 3857 2980 3926 obligationes
3008 3858 3339 3912 violentorum

1751 3954 2122 4015 contrartuum,
2178 3951 2357 4018 frange
2387 3950 2624 4002 esurienti
2664 3966 2844 4018 panem
2872 3960 3031 4016 tuum,
3065 3969 3340 4022 pauperem

1751 4042 1938 4107 absque
1964 4049 2089 4094 tecto
2106 4041 2259 4094 induc
2286 4042 2338 4095 in
2360 4042 2564 4095 domum
2590 4034 2767 4097 tuam.'
2794 4043 2860 4099 Et
2888 4046 2933 4099 si
2963 4045 3077 4101 htec
3114 4046 3303 4104 feceris
3320 4090 3338 4116 ,

1753 4132 1944 4201 inquit,
1976 4126 2117 4186 Tunc
2136 4143 2361 4203 erumpet
2388 4136 2633 4189 matutina
2660 4133 2753 4190 lux
2780 4146 2889 4205 tua,
2911 4146 2956 4192 et
2980 4140 3221 4194 sanitates
3246 4152 3346 4197 tute

1753 4226 1919 4279 statim
1943 4226 2165 4280 orientur
2183 4226 2286 4296 (Ib.
2315 4242 2362 4280 υ.
2390 4227 2550 4297 6—8.)

1826 4320 1879 4374 6.
1922 4319 2134 4383 Vidisti,
2170 4320 2383 4387 dilecte,
2421 4322 2578 4391 quale
2604 4322 2674 4375 sit
2700 4337 2883 4377 verum
2904 4322 3198 4393 jejunium?
3236 4325 3347 4380 lloc

1756 4427 2121 4478 exerceamus,
2150 4422 2201 4466 et
2228 4422 2424 4489 non.ut
2464 4413 2703 4484 plerique
2732 4416 3099 4485 existimemus
3135 4419 3347 4472 deliniri

1758 4505 1811 4559 in
1841 4506 1940 4559 hoc
1952 4504 2235 4574 jejunium,
2260 4506 2302 4559 si
2330 4505 2395 4559 ad
2418 4521 2693 4574 vesperam
2716 4521 2883 4577 usque
2928 4508 3182 4578 imprausi
3231 4526 3343 4563 ma-

1759 4612 1999 4652 neamus.
2030 4595 2143 4650 Non
2168 4597 2268 4651 hoc
2292 4597 2535 4666 estquod
2552 4598 2826 4667 quaeritur,
2854 4600 2945 4654 sed
2971 4608 3029 4655 ut
3049 4616 3169 4654 cum
3196 4601 3347 4654 cibo-

1761 4705 1877 4743 rum
1907 4688 2228 4743 abstinentia
2259 4696 2314 4743 et
2358 4703 2385 4741 a
2410 4691 2621 4743 caeteris
2651 4688 2982 4744 abstineatur
3006 4706 3124 4760 qua:
3153 4705 3348 4745 nocere

1763 4796 2003 4852 possunt,
2032 4791 2087 4837 et
2111 4783 2461 4852 spiritualium
2493 4772 2713 4852 operu'm
2743 4799 2987 4853 magnam
3027 4798 3210 4837 curam
3250 4783 3347 4837 ha-

1761 4875 2000 4930 beamus.
2029 4873 2365 4945 Jejunantem
2392 4888 2510 4930 esse
2530 4884 2740 4944 oportet
2760 4876 3349 4946 demissum,quietum,

1763 4968 2266 5034 mitem,humilem,
2316 4968 2498 5038 gloriae
2551 4968 2708 5038 hujus
2738 4970 2857 5022 vita:
2898 4979 3343 5038 contemptorem.

1764 5060 1897 5115 Nam
1927 5061 2063 5115 sicut
2082 5061 2274 5114 animre
2299 5076 2409 5115 sua:
2437 5076 2618 5115 curam
2642 5060 2920 5130 despexit,
2947 5061 3017 5115 ita
3048 5071 3103 5116 ct
3132 5062 3347 5120 inanem

1766 5154 1987 5222 gloriam
2009 5152 2285 5222 despicere
2338 5160 2571 5223 oportet,
2619 5162 2674 5207 et
2724 5153 2789 5206 ad
2834 5152 2980 5206 illum
3031 5153 3205 5208 solum
3259 5171 3350 5226 qut

1767 5254 2032 5301 scrutatur
2059 5245 2218 5300 corda
2246 5253 2301 5300 et
2343 5258 2499 5300 renes
2529 5242 2550 5317 (
2582 5242 2728 5298 Psal.
2768 5244 2822 5298 7.
2855 5244 2919 5299 iO
2952 5245 2970 5314 )
3001 5285 3017 5311 ,
3058 5244 3346 5316 respicere,

1750 5353 2069 5407 magnoque
2120 5335 2297 5391 studio
2344 5348 2532 5406 preces
2587 5344 2641 5389 et
2688 5334 3056 5391 confessiones
3103 5336 3354 5394 emittere

1773 5432 1905 5499 Deo,
1929 5440 1983 5487 et
2010 5430 2472 5502 eleemosynarum
2502 5428 2701 5483 auxilio
2726 5443 2825 5499 pro
2868 5429 3070 5484 viribus
3113 5430 3349 5501 seipsum

1842 5558 2018 5625 tunam,
2040 5555 2297 5625 [idediqni
2310 5556 2617 5625 habebimttr,
2639 5560 2903 5625 etEto’marot
2925 5562 3145 5625 ἐσόμεθα,
3168 5563 3347 5614 desunt

1778 5620 1828 5671 in
1856 5618 2049 5681 ωσι-(ξω
2070 5622 2157 5671 sed
2184 5618 2235 5670 in
2258 5618 2370 5671 aliis
2389 5620 2618 5671 omnibus
2643 5622 2903 5673 habentur.
