  <div class='ocr_page' id='page_1' title='image "/cluster/home/n/w/nwhite01/storage/ocr_20150623/53-54/hvd.32044012465829/075.png"; bbox 0 0 3784 6238; ppageno 0'>
   <div class='ocr_carea' id='block_1_1' title="bbox 359 177 3649 269">
    <p class='ocr_par' dir='ltr' id='par_1_1' title="bbox 359 177 3649 269">
     <span class='ocr_line' id='line_1_1' title="bbox 359 177 3649 269; baseline -0.017 0"><span class='ocrx_word' id='word_1_1' title='bbox 359 215 425 269; x_wconf 72' lang='grc' dir='ltr'><strong>τις</strong></span> <span class='ocrx_word' id='word_1_2' title='bbox 1098 201 1156 257; x_wconf 91' lang='lat' dir='ltr'><strong>s.</strong></span> <span class='ocrx_word' id='word_1_3' title='bbox 1197 195 1470 252; x_wconf 67' lang='lat' dir='ltr'><strong>totaNts</strong></span> <span class='ocrx_word' id='word_1_4' title='bbox 1497 179 1966 246; x_wconf 52' lang='lat' dir='ltr'><strong>cunuosvostt</strong></span> <span class='ocrx_word' id='word_1_5' title='bbox 2007 177 2322 234; x_wconf 79' lang='lat' dir='ltr'><strong>ARClllEP.</strong></span> <span class='ocrx_word' id='word_1_6' title='bbox 2361 177 2892 236; x_wconf 66' lang='lat' dir='ltr'><strong>CONSTANTINOP.</strong></span> <span class='ocrx_word' id='word_1_7' title='bbox 3574 179 3649 232; x_wconf 70' lang='grc' dir='ltr'><strong>τε</strong></span> 
     </span>
    </p>
   </div>
   <div class='ocr_carea' id='block_1_2' title="bbox 329 295 1942 395">
    <p class='ocr_par' dir='ltr' id='par_1_2' title="bbox 329 295 1942 395">
     <span class='ocr_line' id='line_1_2' title="bbox 329 295 1942 395; baseline -0.023 -10"><span class='ocrx_word' id='word_1_8' title='bbox 329 324 699 395; x_wconf 79' lang='lat' dir='ltr'><strong>‘juvare.lloc</strong></span> <span class='ocrx_word' id='word_1_9' title='bbox 727 322 894 387; x_wconf 84' lang='lat' dir='ltr'><strong>enim,</strong></span> <span class='ocrx_word' id='word_1_10' title='bbox 952 317 1052 371; x_wconf 92' lang='lat' dir='ltr'><strong>hoc</strong></span> <span class='ocrx_word' id='word_1_11' title='bbox 1094 313 1398 369; x_wconf 88' lang='lat' dir='ltr'><strong>mandatum</strong></span> <span class='ocrx_word' id='word_1_12' title='bbox 1443 307 1672 362; x_wconf 76' lang='lat' dir='ltr'><strong>maxime</strong></span> <span class='ocrx_word' id='word_1_13' title='bbox 1717 301 1856 353; x_wconf 86' lang='lat' dir='ltr'><strong>valet</strong></span> <span class='ocrx_word' id='word_1_14' title='bbox 1878 295 1942 349; x_wconf 87' lang='lat' dir='ltr'><strong>ad</strong></span> 
     </span>
    </p>
   </div>
   <div class='ocr_carea' id='block_1_3' title="bbox 363 392 1944 488">
    <p class='ocr_par' dir='ltr' id='par_1_3' title="bbox 363 392 1944 488">
     <span class='ocr_line' id='line_1_3' title="bbox 363 392 1944 488; baseline -0.022 -12"><span class='ocrx_word' id='word_1_15' title='bbox 363 417 621 476; x_wconf 81' lang='lat' dir='ltr'><strong>abolenda</strong></span> <span class='ocrx_word' id='word_1_16' title='bbox 651 421 863 488; x_wconf 88' lang='lat' dir='ltr'><strong>peccata</strong></span> <span class='ocrx_word' id='word_1_17' title='bbox 889 417 1068 465; x_wconf 92' lang='lat' dir='ltr'><strong>nostra</strong></span> <span class='ocrx_word' id='word_1_18' title='bbox 1109 405 1309 465; x_wconf 83' lang='lat' dir='ltr'><strong>omnia,</strong></span> <span class='ocrx_word' id='word_1_19' title='bbox 1334 412 1385 455; x_wconf 91' lang='lat' dir='ltr'><strong>et</strong></span> <span class='ocrx_word' id='word_1_20' title='bbox 1407 399 1472 454; x_wconf 87' lang='lat' dir='ltr'><strong>ad</strong></span> <span class='ocrx_word' id='word_1_21' title='bbox 1515 392 1824 464; x_wconf 88' lang='lat' dir='ltr'><strong>eripiendos</strong></span> <span class='ocrx_word' id='word_1_22' title='bbox 1849 404 1944 444; x_wconf 92' lang='lat' dir='ltr'><strong>nos</strong></span> 
     </span>
    </p>
   </div>
   <div class='ocr_carea' id='block_1_4' title="bbox 363 489 1944 582">
    <p class='ocr_par' dir='ltr' id='par_1_4' title="bbox 363 489 1944 582">
     <span class='ocr_line' id='line_1_4' title="bbox 363 489 1944 582; baseline -0.023 -13"><span class='ocrx_word' id='word_1_23' title='bbox 363 531 428 569; x_wconf 79' lang='lat' dir='ltr'><strong>ex</strong></span> <span class='ocrx_word' id='word_1_24' title='bbox 455 515 712 582; x_wconf 75' lang='lat' dir='ltr'><strong>gehennze</strong></span> <span class='ocrx_word' id='word_1_25' title='bbox 762 507 881 576; x_wconf 84' lang='lat' dir='ltr'><strong>igne</strong></span> <span class='ocrx_word' id='word_1_26' title='bbox 913 505 953 566; x_wconf 77' lang='grc' dir='ltr'><strong>ί,</strong></span> <span class='ocrx_word' id='word_1_27' title='bbox 987 499 1143 554; x_wconf 87' lang='lat' dir='ltr'><strong>modo</strong></span> <span class='ocrx_word' id='word_1_28' title='bbox 1169 498 1339 566; x_wconf 86' lang='lat' dir='ltr'><strong>ipsum</strong></span> <span class='ocrx_word' id='word_1_29' title='bbox 1381 489 1703 548; x_wconf 79' lang='lat' dir='ltr'><strong>liberaliter,</strong></span> <span class='ocrx_word' id='word_1_30' title='bbox 1749 493 1798 538; x_wconf 93' lang='lat' dir='ltr'><strong>et</strong></span> <span class='ocrx_word' id='word_1_31' title='bbox 1843 498 1944 582; x_wconf 76' lang='lat' dir='ltr'><strong>nou</strong></span> 
     </span>
    </p>
   </div>
   <div class='ocr_carea' id='block_1_5' title="bbox 365 571 1947 657">
    <p class='ocr_par' dir='ltr' id='par_1_5' title="bbox 365 571 1947 657">
     <span class='ocr_line' id='line_1_5' title="bbox 365 571 1947 657; baseline -0.021 0"><span class='ocrx_word' id='word_1_32' title='bbox 365 571 892 657; x_wconf 50' lang='lat' dir='ltr'><strong>advostcntatiouem</strong></span> <span class='ocrx_word' id='word_1_33' title='bbox 938 590 1212 646; x_wconf 84' lang='lat' dir='ltr'><strong>hominum</strong></span> <span class='ocrx_word' id='word_1_34' title='bbox 1281 595 1654 652; x_wconf 80' lang='lat' dir='ltr'><strong>exsequamur.</strong></span> <span class='ocrx_word' id='word_1_35' title='bbox 1707 577 1771 630; x_wconf 83' lang='lat' dir='ltr'><strong>Et</strong></span> <span class='ocrx_word' id='word_1_36' title='bbox 1824 571 1947 642; x_wconf 88' lang='lat' dir='ltr'><strong>quid</strong></span> 
     </span>
    </p>
   </div>
   <div class='ocr_carea' id='block_1_6' title="bbox 365 668 1943 759">
    <p class='ocr_par' dir='ltr' id='par_1_6' title="bbox 365 668 1943 759">
     <span class='ocr_line' id='line_1_6' title="bbox 365 668 1943 759; baseline -0.022 -9"><span class='ocrx_word' id='word_1_37' title='bbox 365 695 507 759; x_wconf 82' lang='lat' dir='ltr'><strong>dico,</strong></span> <span class='ocrx_word' id='word_1_38' title='bbox 543 707 646 746; x_wconf 93' lang='lat' dir='ltr'><strong>non</strong></span> <span class='ocrx_word' id='word_1_39' title='bbox 675 689 740 742; x_wconf 89' lang='lat' dir='ltr'><strong>ad</strong></span> <span class='ocrx_word' id='word_1_40' title='bbox 781 679 1235 738; x_wconf 66' lang='lat' dir='ltr'><strong>ostentationem?</strong></span> <span class='ocrx_word' id='word_1_41' title='bbox 1259 677 1389 732; x_wconf 88' lang='lat' dir='ltr'><strong>Nam</strong></span> <span class='ocrx_word' id='word_1_42' title='bbox 1428 673 1471 729; x_wconf 90' lang='lat' dir='ltr'><strong>si</strong></span> <span class='ocrx_word' id='word_1_43' title='bbox 1515 681 1661 726; x_wconf 91' lang='lat' dir='ltr'><strong>recte</strong></span> <span class='ocrx_word' id='word_1_44' title='bbox 1687 668 1943 738; x_wconf 81' lang='lat' dir='ltr'><strong>sapimus,</strong></span> 
     </span>
    </p>
   </div>
   <div class='ocr_carea' id='block_1_7' title="bbox 366 761 1948 848">
    <p class='ocr_par' dir='ltr' id='par_1_7' title="bbox 366 761 1948 848">
     <span class='ocr_line' id='line_1_7' title="bbox 366 761 1948 848; baseline -0.02 -8"><span class='ocrx_word' id='word_1_45' title='bbox 366 787 435 840; x_wconf 93' lang='lat' dir='ltr'><strong>ob</strong></span> <span class='ocrx_word' id='word_1_46' title='bbox 461 785 560 838; x_wconf 86' lang='lat' dir='ltr'><strong>hoc</strong></span> <span class='ocrx_word' id='word_1_47' title='bbox 592 781 763 835; x_wconf 87' lang='lat' dir='ltr'><strong>solum</strong></span> <span class='ocrx_word' id='word_1_48' title='bbox 789 777 928 848; x_wconf 92' lang='lat' dir='ltr'><strong>quod</strong></span> <span class='ocrx_word' id='word_1_49' title='bbox 960 775 1095 829; x_wconf 88' lang='lat' dir='ltr'><strong>bona</strong></span> <span class='ocrx_word' id='word_1_50' title='bbox 1146 786 1233 826; x_wconf 91' lang='lat' dir='ltr'><strong>res</strong></span> <span class='ocrx_word' id='word_1_51' title='bbox 1285 768 1384 830; x_wconf 88' lang='lat' dir='ltr'><strong>sit,</strong></span> <span class='ocrx_word' id='word_1_52' title='bbox 1414 778 1468 821; x_wconf 90' lang='lat' dir='ltr'><strong>et</strong></span> <span class='ocrx_word' id='word_1_53' title='bbox 1494 765 1564 820; x_wconf 92' lang='lat' dir='ltr'><strong>ob</strong></span> <span class='ocrx_word' id='word_1_54' title='bbox 1605 761 1948 816; x_wconf 82' lang='lat' dir='ltr'><strong>commisera-</strong></span> 
     </span>
    </p>
   </div>
   <div class='ocr_carea' id='block_1_8' title="bbox 365 860 1952 942">
    <p class='ocr_par' dir='ltr' id='par_1_8' title="bbox 365 860 1952 942">
     <span class='ocr_line' id='line_1_8' title="bbox 365 860 1952 942; baseline -0.017 -10"><span class='ocrx_word' id='word_1_55' title='bbox 365 879 565 932; x_wconf 86' lang='lat' dir='ltr'><strong>tionem</strong></span> <span class='ocrx_word' id='word_1_56' title='bbox 596 873 647 927; x_wconf 93' lang='lat' dir='ltr'><strong>in</strong></span> <span class='ocrx_word' id='word_1_57' title='bbox 677 871 966 942; x_wconf 79' lang='lat' dir='ltr'><strong>proximos,</strong></span> <span class='ocrx_word' id='word_1_58' title='bbox 999 868 1249 919; x_wconf 76' lang='lat' dir='ltr'><strong>virtutem</strong></span> <span class='ocrx_word' id='word_1_59' title='bbox 1295 860 1431 914; x_wconf 93' lang='lat' dir='ltr'><strong>hanc</strong></span> <span class='ocrx_word' id='word_1_60' title='bbox 1455 872 1705 912; x_wconf 76' lang='lat' dir='ltr'><strong>exercere</strong></span> <span class='ocrx_word' id='word_1_61' title='bbox 1736 860 1952 921; x_wconf 82' lang='lat' dir='ltr'><strong>Oporte-</strong></span> 
     </span>
    </p>
   </div>
   <div class='ocr_carea' id='block_1_9' title="bbox 369 945 1946 1034">
    <p class='ocr_par' dir='ltr' id='par_1_9' title="bbox 369 945 1946 1034">
     <span class='ocr_line' id='line_1_9' title="bbox 369 945 1946 1034; baseline -0.018 -9"><span class='ocrx_word' id='word_1_62' title='bbox 369 971 469 1034; x_wconf 93' lang='lat' dir='ltr'><strong>bit,</strong></span> <span class='ocrx_word' id='word_1_63' title='bbox 502 983 605 1022; x_wconf 90' lang='lat' dir='ltr'><strong>non</strong></span> <span class='ocrx_word' id='word_1_64' title='bbox 635 965 704 1017; x_wconf 92' lang='lat' dir='ltr'><strong>oh</strong></span> <span class='ocrx_word' id='word_1_65' title='bbox 751 960 1041 1032; x_wconf 87' lang='lat' dir='ltr'><strong>promissas</strong></span> <span class='ocrx_word' id='word_1_66' title='bbox 1084 972 1112 1010; x_wconf 93' lang='lat' dir='ltr'><strong>a</strong></span> <span class='ocrx_word' id='word_1_67' title='bbox 1156 955 1380 1008; x_wconf 89' lang='lat' dir='ltr'><strong>Domino</strong></span> <span class='ocrx_word' id='word_1_68' title='bbox 1421 947 1716 1003; x_wconf 75' lang='lat' dir='ltr'><strong>mercedes.</strong></span> <span class='ocrx_word' id='word_1_69' title='bbox 1752 945 1946 999; x_wconf 76' lang='lat' dir='ltr'><strong>Verum</strong></span> 
     </span>
    </p>
   </div>
   <div class='ocr_carea' id='block_1_10' title="bbox 369 1039 1946 1133">
    <p class='ocr_par' dir='ltr' id='par_1_10' title="bbox 369 1039 1946 1133">
     <span class='ocr_line' id='line_1_10' title="bbox 369 1039 1946 1133; baseline -0.018 -16"><span class='ocrx_word' id='word_1_70' title='bbox 369 1062 583 1133; x_wconf 89' lang='lat' dir='ltr'><strong>quando</strong></span> <span class='ocrx_word' id='word_1_71' title='bbox 611 1059 674 1112; x_wconf 86' lang='lat' dir='ltr'><strong>ad</strong></span> <span class='ocrx_word' id='word_1_72' title='bbox 698 1057 826 1111; x_wconf 82' lang='lat' dir='ltr'><strong>nihil</strong></span> <span class='ocrx_word' id='word_1_73' title='bbox 874 1053 1101 1108; x_wconf 85' lang='lat' dir='ltr'><strong>sublime</strong></span> <span class='ocrx_word' id='word_1_74' title='bbox 1131 1056 1362 1102; x_wconf 90' lang='lat' dir='ltr'><strong>mentem</strong></span> <span class='ocrx_word' id='word_1_75' title='bbox 1394 1042 1639 1098; x_wconf 91' lang='lat' dir='ltr'><strong>attollere</strong></span> <span class='ocrx_word' id='word_1_76' title='bbox 1664 1039 1946 1133; x_wconf 80' lang='lat' dir='ltr'><strong>valemus,</strong></span> 
     </span>
    </p>
   </div>
   <div class='ocr_carea' id='block_1_11' title="bbox 368 1129 1951 1216">
    <p class='ocr_par' dir='ltr' id='par_1_11' title="bbox 368 1129 1951 1216">
     <span class='ocr_line' id='line_1_11' title="bbox 368 1129 1951 1216; baseline -0.018 -9"><span class='ocrx_word' id='word_1_77' title='bbox 368 1129 452 1207; x_wconf 72' lang='lat' dir='ltr'><strong>vel</strong></span> <span class='ocrx_word' id='word_1_78' title='bbox 479 1151 548 1205; x_wconf 91' lang='lat' dir='ltr'><strong>ob</strong></span> <span class='ocrx_word' id='word_1_79' title='bbox 568 1147 697 1204; x_wconf 87' lang='lat' dir='ltr'><strong>illud</strong></span> <span class='ocrx_word' id='word_1_80' title='bbox 728 1148 900 1216; x_wconf 90' lang='lat' dir='ltr'><strong>ipsum</strong></span> <span class='ocrx_word' id='word_1_81' title='bbox 929 1141 1139 1211; x_wconf 79' lang='lat' dir='ltr'><strong>benigni</strong></span> <span class='ocrx_word' id='word_1_82' title='bbox 1168 1141 1353 1198; x_wconf 88' lang='lat' dir='ltr'><strong>simus,</strong></span> <span class='ocrx_word' id='word_1_83' title='bbox 1391 1135 1586 1188; x_wconf 90' lang='lat' dir='ltr'><strong>nullam</strong></span> <span class='ocrx_word' id='word_1_84' title='bbox 1627 1131 1693 1184; x_wconf 91' lang='lat' dir='ltr'><strong>ab</strong></span> <span class='ocrx_word' id='word_1_85' title='bbox 1720 1129 1951 1182; x_wconf 90' lang='lat' dir='ltr'><strong>homini-</strong></span> 
     </span>
    </p>
   </div>
   <div class='ocr_carea' id='block_1_12' title="bbox 368 1224 1954 1307">
    <p class='ocr_par' dir='ltr' id='par_1_12' title="bbox 368 1224 1954 1307">
     <span class='ocr_line' id='line_1_12' title="bbox 368 1224 1954 1307; baseline -0.016 -7"><span class='ocrx_word' id='word_1_86' title='bbox 368 1245 466 1300; x_wconf 86' lang='lat' dir='ltr'><strong>bus</strong></span> <span class='ocrx_word' id='word_1_87' title='bbox 496 1249 750 1296; x_wconf 75' lang='lat' dir='ltr'><strong>venantes</strong></span> <span class='ocrx_word' id='word_1_88' title='bbox 773 1236 1019 1307; x_wconf 82' lang='lat' dir='ltr'><strong>gloriam,</strong></span> <span class='ocrx_word' id='word_1_89' title='bbox 1049 1243 1194 1285; x_wconf 92' lang='lat' dir='ltr'><strong>utne</strong></span> <span class='ocrx_word' id='word_1_90' title='bbox 1217 1239 1266 1282; x_wconf 92' lang='lat' dir='ltr'><strong>et</strong></span> <span class='ocrx_word' id='word_1_91' title='bbox 1289 1235 1532 1295; x_wconf 87' lang='lat' dir='ltr'><strong>sumptus</strong></span> <span class='ocrx_word' id='word_1_92' title='bbox 1565 1224 1849 1287; x_wconf 78' lang='lat' dir='ltr'><strong>faciamus,</strong></span> <span class='ocrx_word' id='word_1_93' title='bbox 1899 1227 1954 1274; x_wconf 89' lang='lat' dir='ltr'><strong>et</strong></span> 
     </span>
    </p>
   </div>
   <div class='ocr_carea' id='block_1_13' title="bbox 372 1313 1950 1403">
    <p class='ocr_par' dir='ltr' id='par_1_13' title="bbox 372 1313 1950 1403">
     <span class='ocr_line' id='line_1_13' title="bbox 372 1313 1950 1403; baseline -0.016 -11"><span class='ocrx_word' id='word_1_94' title='bbox 372 1335 617 1392; x_wconf 76' lang='lat' dir='ltr'><strong>mercede</strong></span> <span class='ocrx_word' id='word_1_95' title='bbox 666 1333 865 1403; x_wconf 84' lang='lat' dir='ltr'><strong>pariter</strong></span> <span class='ocrx_word' id='word_1_96' title='bbox 898 1329 1191 1398; x_wconf 89' lang='lat' dir='ltr'><strong>privemur.</strong></span> <span class='ocrx_word' id='word_1_97' title='bbox 1251 1321 1304 1375; x_wconf 91' lang='lat' dir='ltr'><strong>Id</strong></span> <span class='ocrx_word' id='word_1_98' title='bbox 1353 1318 1495 1390; x_wconf 91' lang='lat' dir='ltr'><strong>quod</strong></span> <span class='ocrx_word' id='word_1_99' title='bbox 1543 1333 1649 1372; x_wconf 89' lang='lat' dir='ltr'><strong>non</strong></span> <span class='ocrx_word' id='word_1_100' title='bbox 1692 1316 1864 1369; x_wconf 89' lang='lat' dir='ltr'><strong>solum</strong></span> <span class='ocrx_word' id='word_1_101' title='bbox 1899 1313 1950 1368; x_wconf 92' lang='lat' dir='ltr'><strong>in</strong></span> 
     </span>
    </p>
   </div>
   <div class='ocr_carea' id='block_1_14' title="bbox 371 1406 1951 1496">
    <p class='ocr_par' dir='ltr' id='par_1_14' title="bbox 371 1406 1951 1496">
     <span class='ocr_line' id='line_1_14' title="bbox 371 1406 1951 1496; baseline -0.015 -13"><span class='ocrx_word' id='word_1_102' title='bbox 371 1429 736 1496; x_wconf 84' lang='lat' dir='ltr'><strong>cleemosyna,</strong></span> <span class='ocrx_word' id='word_1_103' title='bbox 765 1422 859 1479; x_wconf 91' lang='lat' dir='ltr'><strong>sed</strong></span> <span class='ocrx_word' id='word_1_104' title='bbox 887 1421 937 1474; x_wconf 93' lang='lat' dir='ltr'><strong>iu</strong></span> <span class='ocrx_word' id='word_1_105' title='bbox 966 1431 1286 1485; x_wconf 89' lang='lat' dir='ltr'><strong>unoquoque</strong></span> <span class='ocrx_word' id='word_1_106' title='bbox 1330 1413 1469 1467; x_wconf 91' lang='lat' dir='ltr'><strong>bono</strong></span> <span class='ocrx_word' id='word_1_107' title='bbox 1496 1426 1658 1481; x_wconf 89' lang='lat' dir='ltr'><strong>opere</strong></span> <span class='ocrx_word' id='word_1_108' title='bbox 1689 1406 1951 1476; x_wconf 88' lang='lat' dir='ltr'><strong>spirituali</strong></span> 
     </span>
    </p>
   </div>
   <div class='ocr_carea' id='block_1_15' title="bbox 371 1499 1956 1582">
    <p class='ocr_par' dir='ltr' id='par_1_15' title="bbox 371 1499 1956 1582">
     <span class='ocr_line' id='line_1_15' title="bbox 371 1499 1956 1582; baseline -0.015 -9"><span class='ocrx_word' id='word_1_109' title='bbox 371 1517 774 1582; x_wconf 89' lang='lat' dir='ltr'><strong>attendendum,</strong></span> <span class='ocrx_word' id='word_1_110' title='bbox 799 1523 855 1568; x_wconf 93' lang='lat' dir='ltr'><strong>ttt</strong></span> <span class='ocrx_word' id='word_1_111' title='bbox 878 1511 1008 1566; x_wconf 88' lang='lat' dir='ltr'><strong>nihil</strong></span> <span class='ocrx_word' id='word_1_112' title='bbox 1055 1508 1120 1564; x_wconf 89' lang='lat' dir='ltr'><strong>ad</strong></span> <span class='ocrx_word' id='word_1_113' title='bbox 1150 1507 1426 1561; x_wconf 88' lang='lat' dir='ltr'><strong>hominum</strong></span> <span class='ocrx_word' id='word_1_114' title='bbox 1468 1502 1731 1573; x_wconf 75' lang='lat' dir='ltr'><strong>prmconia</strong></span> <span class='ocrx_word' id='word_1_115' title='bbox 1786 1499 1956 1568; x_wconf 88' lang='lat' dir='ltr'><strong>respi-</strong></span> 
     </span>
    </p>
   </div>
   <div class='ocr_carea' id='block_1_16' title="bbox 371 1591 1951 1671">
    <p class='ocr_par' dir='ltr' id='par_1_16' title="bbox 371 1591 1951 1671">
     <span class='ocr_line' id='line_1_16' title="bbox 371 1591 1951 1671; baseline -0.015 -4"><span class='ocrx_word' id='word_1_116' title='bbox 371 1614 573 1667; x_wconf 89' lang='lat' dir='ltr'><strong>cientes</strong></span> <span class='ocrx_word' id='word_1_117' title='bbox 621 1608 874 1662; x_wconf 91' lang='lat' dir='ltr'><strong>faciamus</strong></span> <span class='ocrx_word' id='word_1_118' title='bbox 907 1622 920 1655; x_wconf 90' lang='lat'><strong>:</strong></span> <span class='ocrx_word' id='word_1_119' title='bbox 950 1601 1183 1671; x_wconf 91' lang='lat' dir='ltr'><strong>alioquin</strong></span> <span class='ocrx_word' id='word_1_120' title='bbox 1217 1598 1359 1652; x_wconf 89' lang='lat' dir='ltr'><strong>nulla</strong></span> <span class='ocrx_word' id='word_1_121' title='bbox 1391 1595 1544 1650; x_wconf 88' lang='lat' dir='ltr'><strong>nobis</strong></span> <span class='ocrx_word' id='word_1_122' title='bbox 1582 1593 1781 1647; x_wconf 86' lang='lat' dir='ltr'><strong>utilitas</strong></span> <span class='ocrx_word' id='word_1_123' title='bbox 1829 1591 1951 1655; x_wconf 91' lang='lat' dir='ltr'><strong>erit,</strong></span> 
     </span>
    </p>
   </div>
   <div class='ocr_carea' id='block_1_17' title="bbox 372 1683 1955 1772">
    <p class='ocr_par' dir='ltr' id='par_1_17' title="bbox 372 1683 1955 1772">
     <span class='ocr_line' id='line_1_17' title="bbox 372 1683 1955 1772; baseline -0.017 -11"><span class='ocrx_word' id='word_1_124' title='bbox 372 1702 824 1772; x_wconf 84' lang='lat' dir='ltr'><strong>sivejejuncmus,</strong></span> <span class='ocrx_word' id='word_1_125' title='bbox 855 1697 964 1751; x_wconf 82' lang='lat' dir='ltr'><strong>sive</strong></span> <span class='ocrx_word' id='word_1_126' title='bbox 995 1707 1290 1764; x_wconf 90' lang='lat' dir='ltr'><strong>precemur,</strong></span> <span class='ocrx_word' id='word_1_127' title='bbox 1317 1689 1428 1743; x_wconf 88' lang='lat' dir='ltr'><strong>sive</strong></span> <span class='ocrx_word' id='word_1_128' title='bbox 1449 1687 1815 1745; x_wconf 88' lang='lat' dir='ltr'><strong>misereamur,</strong></span> <span class='ocrx_word' id='word_1_129' title='bbox 1841 1683 1955 1742; x_wconf 82' lang='lat' dir='ltr'><strong>sive</strong></span> 
     </span>
    </p>
   </div>
   <div class='ocr_carea' id='block_1_18' title="bbox 375 1774 1956 1866">
    <p class='ocr_par' dir='ltr' id='par_1_18' title="bbox 375 1774 1956 1866">
     <span class='ocr_line' id='line_1_18' title="bbox 375 1774 1956 1866; baseline -0.015 -17"><span class='ocrx_word' id='word_1_130' title='bbox 375 1795 600 1866; x_wconf 81' lang='lat' dir='ltr'><strong>quodvis</strong></span> <span class='ocrx_word' id='word_1_131' title='bbox 645 1789 786 1844; x_wconf 89' lang='lat' dir='ltr'><strong>aliud</strong></span> <span class='ocrx_word' id='word_1_132' title='bbox 837 1787 1132 1848; x_wconf 82' lang='lat' dir='ltr'><strong>faciamus,</strong></span> <span class='ocrx_word' id='word_1_133' title='bbox 1184 1781 1284 1836; x_wconf 91' lang='lat' dir='ltr'><strong>nisi</strong></span> <span class='ocrx_word' id='word_1_134' title='bbox 1332 1788 1548 1850; x_wconf 86' lang='lat' dir='ltr'><strong>propter</strong></span> <span class='ocrx_word' id='word_1_135' title='bbox 1590 1778 1737 1830; x_wconf 90' lang='lat' dir='ltr'><strong>illum</strong></span> <span class='ocrx_word' id='word_1_136' title='bbox 1781 1774 1956 1828; x_wconf 90' lang='lat' dir='ltr'><strong>solum</strong></span> 
     </span>
    </p>
   </div>
   <div class='ocr_carea' id='block_1_19' title="bbox 376 1867 1957 1955">
    <p class='ocr_par' dir='ltr' id='par_1_19' title="bbox 376 1867 1957 1955">
     <span class='ocr_line' id='line_1_19' title="bbox 376 1867 1957 1955; baseline -0.013 -14"><span class='ocrx_word' id='word_1_137' title='bbox 376 1889 523 1950; x_wconf 84' lang='lat' dir='ltr'><strong>fiant,</strong></span> <span class='ocrx_word' id='word_1_138' title='bbox 554 1883 813 1955; x_wconf 74' lang='lat' dir='ltr'><strong>quinm-it</strong></span> <span class='ocrx_word' id='word_1_139' title='bbox 858 1888 909 1934; x_wconf 90' lang='lat' dir='ltr'><strong>et</strong></span> <span class='ocrx_word' id='word_1_140' title='bbox 957 1874 1290 1937; x_wconf 91' lang='lat' dir='ltr'><strong>abscondita,</strong></span> <span class='ocrx_word' id='word_1_141' title='bbox 1340 1882 1394 1927; x_wconf 92' lang='lat' dir='ltr'><strong>et</strong></span> <span class='ocrx_word' id='word_1_142' title='bbox 1438 1886 1556 1942; x_wconf 71' lang='lat' dir='ltr'><strong>quae</strong></span> <span class='ocrx_word' id='word_1_143' title='bbox 1601 1870 1651 1923; x_wconf 93' lang='lat' dir='ltr'><strong>in</strong></span> <span class='ocrx_word' id='word_1_144' title='bbox 1698 1867 1957 1938; x_wconf 83' lang='lat' dir='ltr'><strong>profundo</strong></span> 
     </span>
    </p>
   </div>
   <div class='ocr_carea' id='block_1_20' title="bbox 375 1961 1955 2032">
    <p class='ocr_par' dir='ltr' id='par_1_20' title="bbox 375 1961 1955 2032">
     <span class='ocr_line' id='line_1_20' title="bbox 375 1961 1955 2032; baseline -0.013 -2"><span class='ocrx_word' id='word_1_145' title='bbox 375 1976 570 2032; x_wconf 87' lang='lat' dir='ltr'><strong>mentis</strong></span> <span class='ocrx_word' id='word_1_146' title='bbox 599 1982 720 2028; x_wconf 93' lang='lat' dir='ltr'><strong>sunt</strong></span> <span class='ocrx_word' id='word_1_147' title='bbox 751 1969 1045 2026; x_wconf 91' lang='lat' dir='ltr'><strong>recondita.</strong></span> <span class='ocrx_word' id='word_1_148' title='bbox 1077 1966 1207 2020; x_wconf 88' lang='lat' dir='ltr'><strong>Nam</strong></span> <span class='ocrx_word' id='word_1_149' title='bbox 1229 1965 1273 2019; x_wconf 89' lang='lat' dir='ltr'><strong>si</strong></span> <span class='ocrx_word' id='word_1_150' title='bbox 1305 1963 1371 2017; x_wconf 89' lang='lat' dir='ltr'><strong>ab</strong></span> <span class='ocrx_word' id='word_1_151' title='bbox 1401 1962 1494 2018; x_wconf 86' lang='lat' dir='ltr'><strong>illo</strong></span> <span class='ocrx_word' id='word_1_152' title='bbox 1527 1961 1740 2030; x_wconf 68' lang='lat' dir='ltr'><strong>prmmia</strong></span> <span class='ocrx_word' id='word_1_153' title='bbox 1761 1973 1955 2029; x_wconf 60' lang='lat' dir='ltr'><strong>exspe-</strong></span> 
     </span>
    </p>
   </div>
   <div class='ocr_carea' id='block_1_21' title="bbox 373 2050 1960 2130">
    <p class='ocr_par' dir='ltr' id='par_1_21' title="bbox 373 2050 1960 2130">
     <span class='ocr_line' id='line_1_21' title="bbox 373 2050 1960 2130; baseline -0.013 -8"><span class='ocrx_word' id='word_1_154' title='bbox 373 2077 506 2128; x_wconf 84' lang='lat' dir='ltr'><strong>ctas,</strong></span> <span class='ocrx_word' id='word_1_155' title='bbox 539 2066 753 2127; x_wconf 88' lang='lat' dir='ltr'><strong>dilecte,</strong></span> <span class='ocrx_word' id='word_1_156' title='bbox 783 2063 934 2130; x_wconf 87' lang='lat' dir='ltr'><strong>cujus</strong></span> <span class='ocrx_word' id='word_1_157' title='bbox 973 2058 1142 2130; x_wconf 87' lang='lat' dir='ltr'><strong>gratia</strong></span> <span class='ocrx_word' id='word_1_158' title='bbox 1173 2057 1240 2110; x_wconf 90' lang='lat' dir='ltr'><strong>ab</strong></span> <span class='ocrx_word' id='word_1_159' title='bbox 1269 2055 1358 2109; x_wconf 91' lang='lat' dir='ltr'><strong>illo</strong></span> <span class='ocrx_word' id='word_1_160' title='bbox 1396 2054 1484 2125; x_wconf 92' lang='lat' dir='ltr'><strong>qui</strong></span> <span class='ocrx_word' id='word_1_161' title='bbox 1517 2061 1700 2106; x_wconf 91' lang='lat' dir='ltr'><strong>natura</strong></span> <span class='ocrx_word' id='word_1_162' title='bbox 1749 2050 1841 2104; x_wconf 86' lang='lat' dir='ltr'><strong>tibi</strong></span> <span class='ocrx_word' id='word_1_163' title='bbox 1869 2063 1960 2104; x_wconf 86' lang='lat' dir='ltr'><strong>co-</strong></span> 
     </span>
    </p>
   </div>
   <div class='ocr_carea' id='block_1_22' title="bbox 372 2143 1959 2230">
    <p class='ocr_par' dir='ltr' id='par_1_22' title="bbox 372 2143 1959 2230">
     <span class='ocr_line' id='line_1_22' title="bbox 372 2143 1959 2230; baseline -0.009 -20"><span class='ocrx_word' id='word_1_164' title='bbox 372 2168 564 2230; x_wconf 87' lang='lat' dir='ltr'><strong>gnatus</strong></span> <span class='ocrx_word' id='word_1_165' title='bbox 595 2165 697 2222; x_wconf 89' lang='lat' dir='ltr'><strong>est,</strong></span> <span class='ocrx_word' id='word_1_166' title='bbox 721 2153 926 2209; x_wconf 89' lang='lat' dir='ltr'><strong>laudari</strong></span> <span class='ocrx_word' id='word_1_167' title='bbox 966 2151 1084 2205; x_wconf 86' lang='lat' dir='ltr'><strong>vis?</strong></span> <span class='ocrx_word' id='word_1_168' title='bbox 1113 2149 1254 2216; x_wconf 87' lang='lat' dir='ltr'><strong>Quid</strong></span> <span class='ocrx_word' id='word_1_169' title='bbox 1282 2147 1402 2204; x_wconf 90' lang='lat' dir='ltr'><strong>dico</strong></span> <span class='ocrx_word' id='word_1_170' title='bbox 1441 2145 1685 2200; x_wconf 86' lang='lat' dir='ltr'><strong>laudari?</strong></span> <span class='ocrx_word' id='word_1_171' title='bbox 1732 2159 1874 2214; x_wconf 60' lang='lat' dir='ltr'><strong>sa‘pe</strong></span> <span class='ocrx_word' id='word_1_172' title='bbox 1915 2143 1959 2196; x_wconf 89' lang='lat' dir='ltr'><strong>is</strong></span> 
     </span>
    </p>
   </div>
   <div class='ocr_carea' id='block_1_23' title="bbox 379 2235 1960 2307">
    <p class='ocr_par' dir='ltr' id='par_1_23' title="bbox 379 2235 1960 2307">
     <span class='ocr_line' id='line_1_23' title="bbox 379 2235 1960 2307; baseline -0.008 -3"><span class='ocrx_word' id='word_1_173' title='bbox 379 2265 484 2304; x_wconf 90' lang='lat' dir='ltr'><strong>non</strong></span> <span class='ocrx_word' id='word_1_174' title='bbox 518 2247 716 2307; x_wconf 85' lang='lat' dir='ltr'><strong>laudat,</strong></span> <span class='ocrx_word' id='word_1_175' title='bbox 745 2245 838 2300; x_wconf 91' lang='lat' dir='ltr'><strong>sed</strong></span> <span class='ocrx_word' id='word_1_176' title='bbox 866 2252 920 2298; x_wconf 91' lang='lat' dir='ltr'><strong>et</strong></span> <span class='ocrx_word' id='word_1_177' title='bbox 951 2242 1168 2296; x_wconf 84' lang='lat' dir='ltr'><strong>invidet.</strong></span> <span class='ocrx_word' id='word_1_178' title='bbox 1193 2241 1328 2296; x_wconf 85' lang='lat' dir='ltr'><strong>Sunt</strong></span> <span class='ocrx_word' id='word_1_179' title='bbox 1353 2240 1496 2294; x_wconf 90' lang='lat' dir='ltr'><strong>enim</strong></span> <span class='ocrx_word' id='word_1_180' title='bbox 1529 2237 1680 2292; x_wconf 92' lang='lat' dir='ltr'><strong>multi</strong></span> <span class='ocrx_word' id='word_1_181' title='bbox 1727 2236 1796 2290; x_wconf 90' lang='lat' dir='ltr'><strong>ita</strong></span> <span class='ocrx_word' id='word_1_182' title='bbox 1821 2235 1960 2291; x_wconf 87' lang='lat' dir='ltr'><strong>male</strong></span> 
     </span>
    </p>
   </div>
   <div class='ocr_carea' id='block_1_24' title="bbox 375 2331 1958 2408">
    <p class='ocr_par' dir='ltr' id='par_1_24' title="bbox 375 2331 1958 2408">
     <span class='ocr_line' id='line_1_24' title="bbox 375 2331 1958 2408; baseline -0.009 -11"><span class='ocrx_word' id='word_1_183' title='bbox 375 2342 572 2407; x_wconf 85' lang='lat' dir='ltr'><strong>affecti,</strong></span> <span class='ocrx_word' id='word_1_184' title='bbox 599 2350 655 2394; x_wconf 83' lang='lat' dir='ltr'><strong>tit</strong></span> <span class='ocrx_word' id='word_1_185' title='bbox 685 2348 739 2394; x_wconf 89' lang='lat' dir='ltr'><strong>et</strong></span> <span class='ocrx_word' id='word_1_186' title='bbox 759 2354 819 2394; x_wconf 91' lang='lat' dir='ltr'><strong>ea</strong></span> <span class='ocrx_word' id='word_1_187' title='bbox 849 2354 966 2408; x_wconf 80' lang='lat' dir='ltr'><strong>quae</strong></span> <span class='ocrx_word' id='word_1_188' title='bbox 991 2337 1124 2391; x_wconf 89' lang='lat' dir='ltr'><strong>bene</strong></span> <span class='ocrx_word' id='word_1_189' title='bbox 1145 2350 1174 2387; x_wconf 91' lang='lat' dir='ltr'><strong>a</strong></span> <span class='ocrx_word' id='word_1_190' title='bbox 1205 2333 1358 2389; x_wconf 90' lang='lat' dir='ltr'><strong>nobis</strong></span> <span class='ocrx_word' id='word_1_191' title='bbox 1387 2340 1633 2402; x_wconf 84' lang='lat' dir='ltr'><strong>aguntur,</strong></span> <span class='ocrx_word' id='word_1_192' title='bbox 1667 2331 1717 2383; x_wconf 92' lang='lat' dir='ltr'><strong>in</strong></span> <span class='ocrx_word' id='word_1_193' title='bbox 1746 2337 1958 2383; x_wconf 86' lang='lat' dir='ltr'><strong>contra-</strong></span> 
     </span>
    </p>
   </div>
   <div class='ocr_carea' id='block_1_25' title="bbox 377 2421 1957 2504">
    <p class='ocr_par' dir='ltr' id='par_1_25' title="bbox 377 2421 1957 2504">
     <span class='ocr_line' id='line_1_25' title="bbox 377 2421 1957 2504; baseline -0.011 -13"><span class='ocrx_word' id='word_1_194' title='bbox 377 2435 515 2492; x_wconf 83' lang='lat' dir='ltr'><strong>rium</strong></span> <span class='ocrx_word' id='word_1_195' title='bbox 547 2436 979 2504; x_wconf 81' lang='lat' dir='ltr'><strong>interpretentur.</strong></span> <span class='ocrx_word' id='word_1_196' title='bbox 1011 2427 1175 2499; x_wconf 84' lang='lat' dir='ltr'><strong>Cujus</strong></span> <span class='ocrx_word' id='word_1_197' title='bbox 1202 2425 1560 2497; x_wconf 82' lang='lat' dir='ltr'><strong>igitttrgratia,</strong></span> <span class='ocrx_word' id='word_1_198' title='bbox 1587 2424 1691 2489; x_wconf 92' lang='lat' dir='ltr'><strong>dic,</strong></span> <span class='ocrx_word' id='word_1_199' title='bbox 1715 2421 1957 2486; x_wconf 83' lang='lat' dir='ltr'><strong>obsecro,</strong></span> 
     </span>
    </p>
   </div>
   <div class='ocr_carea' id='block_1_26' title="bbox 380 2513 1962 2598">
    <p class='ocr_par' dir='ltr' id='par_1_26' title="bbox 380 2513 1962 2598">
     <span class='ocr_line' id='line_1_26' title="bbox 380 2513 1962 2598; baseline -0.011 -15"><span class='ocrx_word' id='word_1_200' title='bbox 380 2539 687 2598; x_wconf 88' lang='lat' dir='ltr'><strong>perversum</strong></span> <span class='ocrx_word' id='word_1_201' title='bbox 720 2522 1096 2593; x_wconf 84' lang='lat' dir='ltr'><strong>hocjudicium</strong></span> <span class='ocrx_word' id='word_1_202' title='bbox 1124 2519 1255 2580; x_wconf 77' lang='lat' dir='ltr'><strong>tanti</strong></span> <span class='ocrx_word' id='word_1_203' title='bbox 1287 2518 1452 2573; x_wconf 84' lang='lat' dir='ltr'><strong>facis?</strong></span> <span class='ocrx_word' id='word_1_204' title='bbox 1500 2515 1791 2586; x_wconf 89' lang='lat' dir='ltr'><strong>lnsopitum</strong></span> <span class='ocrx_word' id='word_1_205' title='bbox 1819 2513 1962 2568; x_wconf 90' lang='lat' dir='ltr'><strong>enim</strong></span> 
     </span>
    </p>
   </div>
   <div class='ocr_carea' id='block_1_27' title="bbox 377 2609 1962 2692">
    <p class='ocr_par' dir='ltr' id='par_1_27' title="bbox 377 2609 1962 2692">
     <span class='ocr_line' id='line_1_27' title="bbox 377 2609 1962 2692; baseline -0.01 -18"><span class='ocrx_word' id='word_1_206' title='bbox 377 2629 432 2674; x_wconf 92' lang='lat' dir='ltr'><strong>ct</strong></span> <span class='ocrx_word' id='word_1_207' title='bbox 458 2627 712 2692; x_wconf 89' lang='lat' dir='ltr'><strong>perpetuo</strong></span> <span class='ocrx_word' id='word_1_208' title='bbox 742 2617 955 2688; x_wconf 78' lang='lat' dir='ltr'><strong>vigilem</strong></span> <span class='ocrx_word' id='word_1_209' title='bbox 987 2615 1132 2668; x_wconf 92' lang='lat' dir='ltr'><strong>illum</strong></span> <span class='ocrx_word' id='word_1_210' title='bbox 1163 2611 1376 2666; x_wconf 91' lang='lat' dir='ltr'><strong>oculum</strong></span> <span class='ocrx_word' id='word_1_211' title='bbox 1409 2609 1538 2664; x_wconf 86' lang='lat' dir='ltr'><strong>nihil</strong></span> <span class='ocrx_word' id='word_1_212' title='bbox 1567 2623 1752 2663; x_wconf 89' lang='lat' dir='ltr'><strong>eorum</strong></span> <span class='ocrx_word' id='word_1_213' title='bbox 1784 2622 1903 2677; x_wconf 69' lang='lat' dir='ltr'><strong>qua:</strong></span> <span class='ocrx_word' id='word_1_214' title='bbox 1933 2621 1962 2658; x_wconf 89' lang='lat' dir='ltr'><strong>a</strong></span> 
     </span>
    </p>
   </div>
   <div class='ocr_carea' id='block_1_28' title="bbox 380 2699 1960 2776">
    <p class='ocr_par' dir='ltr' id='par_1_28' title="bbox 380 2699 1960 2776">
     <span class='ocr_line' id='line_1_28' title="bbox 380 2699 1960 2776; baseline -0.008 -11"><span class='ocrx_word' id='word_1_215' title='bbox 380 2709 536 2765; x_wconf 88' lang='lat' dir='ltr'><strong>nobis</strong></span> <span class='ocrx_word' id='word_1_216' title='bbox 564 2710 695 2763; x_wconf 87' lang='lat' dir='ltr'><strong>fiunt</strong></span> <span class='ocrx_word' id='word_1_217' title='bbox 718 2709 888 2763; x_wconf 88' lang='lat' dir='ltr'><strong>latere</strong></span> <span class='ocrx_word' id='word_1_218' title='bbox 923 2714 1118 2776; x_wconf 87' lang='lat' dir='ltr'><strong>potest,</strong></span> <span class='ocrx_word' id='word_1_219' title='bbox 1166 2711 1221 2760; x_wconf 91' lang='lat' dir='ltr'><strong>et</strong></span> <span class='ocrx_word' id='word_1_220' title='bbox 1252 2710 1463 2772; x_wconf 85' lang='lat' dir='ltr'><strong>oportet</strong></span> <span class='ocrx_word' id='word_1_221' title='bbox 1507 2700 1607 2754; x_wconf 92' lang='lat' dir='ltr'><strong>hoc</strong></span> <span class='ocrx_word' id='word_1_222' title='bbox 1644 2699 1960 2770; x_wconf 78' lang='lat' dir='ltr'><strong>cogitantes,</strong></span> 
     </span>
    </p>
   </div>
   <div class='ocr_carea' id='block_1_29' title="bbox 382 2789 1964 2861">
    <p class='ocr_par' dir='ltr' id='par_1_29' title="bbox 382 2789 1964 2861">
     <span class='ocr_line' id='line_1_29' title="bbox 382 2789 1964 2861; baseline -0.008 -6"><span class='ocrx_word' id='word_1_223' title='bbox 382 2808 530 2855; x_wconf 89' lang='lat' dir='ltr'><strong>tanto</strong></span> <span class='ocrx_word' id='word_1_224' title='bbox 566 2798 743 2854; x_wconf 87' lang='lat' dir='ltr'><strong>studio</strong></span> <span class='ocrx_word' id='word_1_225' title='bbox 777 2799 938 2852; x_wconf 89' lang='lat' dir='ltr'><strong>vitam</strong></span> <span class='ocrx_word' id='word_1_226' title='bbox 967 2805 1204 2850; x_wconf 87' lang='lat' dir='ltr'><strong>nostram</strong></span> <span class='ocrx_word' id='word_1_227' title='bbox 1251 2793 1555 2855; x_wconf 85' lang='lat' dir='ltr'><strong>instituere,</strong></span> <span class='ocrx_word' id='word_1_228' title='bbox 1581 2790 1800 2861; x_wconf 88' lang='lat' dir='ltr'><strong>perinde</strong></span> <span class='ocrx_word' id='word_1_229' title='bbox 1828 2804 1890 2843; x_wconf 89' lang='lat' dir='ltr'><strong>ac</strong></span> <span class='ocrx_word' id='word_1_230' title='bbox 1919 2789 1964 2842; x_wconf 92' lang='lat' dir='ltr'><strong>si</strong></span> 
     </span>
    </p>
   </div>
   <div class='ocr_carea' id='block_1_30' title="bbox 382 2880 1966 2964">
    <p class='ocr_par' dir='ltr' id='par_1_30' title="bbox 382 2880 1966 2964">
     <span class='ocr_line' id='line_1_30' title="bbox 382 2880 1966 2964; baseline -0.009 -17"><span class='ocrx_word' id='word_1_231' title='bbox 382 2893 663 2964; x_wconf 74' lang='lat' dir='ltr'><strong>pauiopost</strong></span> <span class='ocrx_word' id='word_1_232' title='bbox 687 2891 753 2945; x_wconf 93' lang='lat' dir='ltr'><strong>de</strong></span> <span class='ocrx_word' id='word_1_233' title='bbox 775 2889 1021 2944; x_wconf 90' lang='lat' dir='ltr'><strong>omnibus</strong></span> <span class='ocrx_word' id='word_1_234' title='bbox 1051 2887 1228 2941; x_wconf 85' lang='lat' dir='ltr'><strong>verbis</strong></span> <span class='ocrx_word' id='word_1_235' title='bbox 1256 2893 1309 2940; x_wconf 92' lang='lat' dir='ltr'><strong>et</strong></span> <span class='ocrx_word' id='word_1_236' title='bbox 1338 2883 1589 2954; x_wconf 88' lang='lat' dir='ltr'><strong>operibus</strong></span> <span class='ocrx_word' id='word_1_237' title='bbox 1612 2890 1667 2936; x_wconf 92' lang='lat' dir='ltr'><strong>et</strong></span> <span class='ocrx_word' id='word_1_238' title='bbox 1692 2880 1966 2951; x_wconf 84' lang='lat' dir='ltr'><strong>cogitatio-</strong></span> 
     </span>
    </p>
   </div>
   <div class='ocr_carea' id='block_1_31' title="bbox 385 2972 1965 3044">
    <p class='ocr_par' dir='ltr' id='par_1_31' title="bbox 385 2972 1965 3044">
     <span class='ocr_line' id='line_1_31' title="bbox 385 2972 1965 3044; baseline -0.01 -4"><span class='ocrx_word' id='word_1_239' title='bbox 385 2986 541 3040; x_wconf 87' lang='lat' dir='ltr'><strong>nibus</strong></span> <span class='ocrx_word' id='word_1_240' title='bbox 568 2984 832 3038; x_wconf 88' lang='lat' dir='ltr'><strong>rationcm</strong></span> <span class='ocrx_word' id='word_1_241' title='bbox 863 2979 1120 3035; x_wconf 87' lang='lat' dir='ltr'><strong>reddituri</strong></span> <span class='ocrx_word' id='word_1_242' title='bbox 1166 2991 1426 3032; x_wconf 86' lang='lat' dir='ltr'><strong>essemus.</strong></span> <span class='ocrx_word' id='word_1_243' title='bbox 1476 2973 1553 3029; x_wconf 89' lang='lat' dir='ltr'><strong>Ne</strong></span> <span class='ocrx_word' id='word_1_244' title='bbox 1595 2974 1752 3044; x_wconf 82' lang='lat' dir='ltr'><strong>igitur</strong></span> <span class='ocrx_word' id='word_1_245' title='bbox 1781 2972 1965 3026; x_wconf 88' lang='lat' dir='ltr'><strong>salutis</strong></span> 
     </span>
    </p>
   </div>
   <div class='ocr_carea' id='block_1_32' title="bbox 387 3063 1968 3140">
    <p class='ocr_par' dir='ltr' id='par_1_32' title="bbox 387 3063 1968 3140">
     <span class='ocr_line' id='line_1_32' title="bbox 387 3063 1968 3140; baseline -0.009 -10"><span class='ocrx_word' id='word_1_246' title='bbox 387 3085 586 3130; x_wconf 64' lang='lat' dir='ltr'><strong>nostra:</strong></span> <span class='ocrx_word' id='word_1_247' title='bbox 611 3079 1008 3140; x_wconf 85' lang='lat' dir='ltr'><strong>contemptores</strong></span> <span class='ocrx_word' id='word_1_248' title='bbox 1057 3068 1243 3122; x_wconf 90' lang='lat' dir='ltr'><strong>simus.</strong></span> <span class='ocrx_word' id='word_1_249' title='bbox 1292 3065 1433 3120; x_wconf 88' lang='lat' dir='ltr'><strong>Nihil</strong></span> <span class='ocrx_word' id='word_1_250' title='bbox 1477 3064 1618 3119; x_wconf 90' lang='lat' dir='ltr'><strong>enim</strong></span> <span class='ocrx_word' id='word_1_251' title='bbox 1661 3063 1841 3118; x_wconf 82' lang='lat' dir='ltr'><strong>virtuti</strong></span> <span class='ocrx_word' id='word_1_252' title='bbox 1874 3077 1968 3133; x_wconf 87' lang='lat' dir='ltr'><strong>par</strong></span> 
     </span>
    </p>
   </div>
   <div class='ocr_carea' id='block_1_33' title="bbox 385 3155 1968 3231">
    <p class='ocr_par' dir='ltr' id='par_1_33' title="bbox 385 3155 1968 3231">
     <span class='ocr_line' id='line_1_33' title="bbox 385 3155 1968 3231; baseline -0.008 -10"><span class='ocrx_word' id='word_1_253' title='bbox 385 3177 488 3231; x_wconf 85' lang='lat' dir='ltr'><strong>est,</strong></span> <span class='ocrx_word' id='word_1_254' title='bbox 540 3164 839 3228; x_wconf 68' lang='lat' dir='ltr'><strong>carissime,</strong></span> <span class='ocrx_word' id='word_1_255' title='bbox 863 3177 980 3231; x_wconf 82' lang='lat' dir='ltr'><strong>quae</strong></span> <span class='ocrx_word' id='word_1_256' title='bbox 1015 3176 1113 3214; x_wconf 91' lang='lat' dir='ltr'><strong>nos</strong></span> <span class='ocrx_word' id='word_1_257' title='bbox 1148 3169 1200 3214; x_wconf 88' lang='lat' dir='ltr'><strong>et</strong></span> <span class='ocrx_word' id='word_1_258' title='bbox 1245 3160 1295 3211; x_wconf 92' lang='lat' dir='ltr'><strong>in</strong></span> <span class='ocrx_word' id='word_1_259' title='bbox 1328 3157 1506 3211; x_wconf 90' lang='lat' dir='ltr'><strong>futuro</strong></span> <span class='ocrx_word' id='word_1_260' title='bbox 1553 3155 1748 3209; x_wconf 86' lang='lat' dir='ltr'><strong>sacculo</strong></span> <span class='ocrx_word' id='word_1_261' title='bbox 1791 3172 1821 3210; x_wconf 92' lang='lat' dir='ltr'><strong>e</strong></span> <span class='ocrx_word' id='word_1_262' title='bbox 1875 3170 1968 3224; x_wconf 83' lang='lat' dir='ltr'><strong>ge-</strong></span> 
     </span>
    </p>
   </div>
   <div class='ocr_carea' id='block_1_34' title="bbox 390 3245 1964 3323">
    <p class='ocr_par' dir='ltr' id='par_1_34' title="bbox 390 3245 1964 3323">
     <span class='ocr_line' id='line_1_34' title="bbox 390 3245 1964 3323; baseline -0.007 -14"><span class='ocrx_word' id='word_1_263' title='bbox 390 3258 562 3311; x_wconf 85' lang='lat' dir='ltr'><strong>henna</strong></span> <span class='ocrx_word' id='word_1_264' title='bbox 588 3255 765 3323; x_wconf 89' lang='lat' dir='ltr'><strong>eripit,</strong></span> <span class='ocrx_word' id='word_1_265' title='bbox 799 3261 852 3306; x_wconf 91' lang='lat' dir='ltr'><strong>et</strong></span> <span class='ocrx_word' id='word_1_266' title='bbox 876 3265 1042 3321; x_wconf 86' lang='lat' dir='ltr'><strong>regno</strong></span> <span class='ocrx_word' id='word_1_267' title='bbox 1085 3250 1338 3304; x_wconf 62' lang='lat' dir='ltr'><strong>caelorum</strong></span> <span class='ocrx_word' id='word_1_268' title='bbox 1372 3247 1525 3301; x_wconf 86' lang='lat' dir='ltr'><strong>nobis</strong></span> <span class='ocrx_word' id='word_1_269' title='bbox 1556 3245 1657 3299; x_wconf 84' lang='lat' dir='ltr'><strong>frui</strong></span> <span class='ocrx_word' id='word_1_270' title='bbox 1699 3246 1964 3311; x_wconf 87' lang='lat' dir='ltr'><strong>concedit,</strong></span> 
     </span>
    </p>
   </div>
   <div class='ocr_carea' id='block_1_35' title="bbox 386 3337 1969 3416">
    <p class='ocr_par' dir='ltr' id='par_1_35' title="bbox 386 3337 1969 3416">
     <span class='ocr_line' id='line_1_35' title="bbox 386 3337 1969 3416; baseline -0.008 -14"><span class='ocrx_word' id='word_1_271' title='bbox 386 3357 441 3402; x_wconf 89' lang='lat' dir='ltr'><strong>et</strong></span> <span class='ocrx_word' id='word_1_272' title='bbox 484 3348 534 3401; x_wconf 93' lang='lat' dir='ltr'><strong>in</strong></span> <span class='ocrx_word' id='word_1_273' title='bbox 579 3344 830 3416; x_wconf 73' lang='lat' dir='ltr'><strong>prmsenti</strong></span> <span class='ocrx_word' id='word_1_274' title='bbox 875 3355 1086 3413; x_wconf 87' lang='lat' dir='ltr'><strong>quoque</strong></span> <span class='ocrx_word' id='word_1_275' title='bbox 1125 3339 1319 3394; x_wconf 65' lang='lat' dir='ltr'><strong>sarculo</strong></span> <span class='ocrx_word' id='word_1_276' title='bbox 1366 3338 1614 3392; x_wconf 89' lang='lat' dir='ltr'><strong>omnibus</strong></span> <span class='ocrx_word' id='word_1_277' title='bbox 1666 3337 1969 3407; x_wconf 83' lang='lat' dir='ltr'><strong>superiores</strong></span> 
     </span>
    </p>
   </div>
   <div class='ocr_carea' id='block_1_36' title="bbox 392 3428 1968 3504">
    <p class='ocr_par' dir='ltr' id='par_1_36' title="bbox 392 3428 1968 3504">
     <span class='ocr_line' id='line_1_36' title="bbox 392 3428 1968 3504; baseline -0.008 -12"><span class='ocrx_word' id='word_1_278' title='bbox 392 3435 691 3498; x_wconf 86' lang='lat' dir='ltr'><strong>constituit,</strong></span> <span class='ocrx_word' id='word_1_279' title='bbox 715 3435 806 3504; x_wconf 89' lang='lat' dir='ltr'><strong>qui</strong></span> <span class='ocrx_word' id='word_1_280' title='bbox 850 3433 1003 3487; x_wconf 90' lang='lat' dir='ltr'><strong>nobis</strong></span> <span class='ocrx_word' id='word_1_281' title='bbox 1037 3431 1155 3485; x_wconf 91' lang='lat' dir='ltr'><strong>sine</strong></span> <span class='ocrx_word' id='word_1_282' title='bbox 1196 3445 1356 3484; x_wconf 89' lang='lat' dir='ltr'><strong>causa</strong></span> <span class='ocrx_word' id='word_1_283' title='bbox 1400 3428 1748 3492; x_wconf 90' lang='lat' dir='ltr'><strong>insidiantur,</strong></span> <span class='ocrx_word' id='word_1_284' title='bbox 1781 3436 1835 3482; x_wconf 91' lang='lat' dir='ltr'><strong>et</strong></span> <span class='ocrx_word' id='word_1_285' title='bbox 1864 3442 1968 3481; x_wconf 89' lang='lat' dir='ltr'><strong>non</strong></span> 
     </span>
    </p>
   </div>
   <div class='ocr_carea' id='block_1_37' title="bbox 389 3519 1972 3589">
    <p class='ocr_par' dir='ltr' id='par_1_37' title="bbox 389 3519 1972 3589">
     <span class='ocr_line' id='line_1_37' title="bbox 389 3519 1972 3589; baseline -0.008 -4"><span class='ocrx_word' id='word_1_286' title='bbox 389 3529 695 3586; x_wconf 75' lang='lat' dir='ltr'><strong>hominibus</strong></span> <span class='ocrx_word' id='word_1_287' title='bbox 723 3527 915 3588; x_wconf 92' lang='lat' dir='ltr'><strong>solum,</strong></span> <span class='ocrx_word' id='word_1_288' title='bbox 946 3523 1038 3578; x_wconf 88' lang='lat' dir='ltr'><strong>sed</strong></span> <span class='ocrx_word' id='word_1_289' title='bbox 1066 3524 1227 3577; x_wconf 88' lang='lat' dir='ltr'><strong>etiam</strong></span> <span class='ocrx_word' id='word_1_290' title='bbox 1255 3520 1586 3574; x_wconf 81' lang='lat' dir='ltr'><strong>daemonibus</strong></span> <span class='ocrx_word' id='word_1_291' title='bbox 1603 3529 1657 3574; x_wconf 90' lang='lat' dir='ltr'><strong>et</strong></span> <span class='ocrx_word' id='word_1_292' title='bbox 1681 3520 1796 3589; x_wconf 80' lang='lat' dir='ltr'><strong>ipso</strong></span> <span class='ocrx_word' id='word_1_293' title='bbox 1828 3519 1972 3573; x_wconf 84' lang='lat' dir='ltr'><strong>salu-</strong></span> 
     </span>
    </p>
   </div>
   <div class='ocr_carea' id='block_1_38' title="bbox 390 3611 1972 3679">
    <p class='ocr_par' dir='ltr' id='par_1_38' title="bbox 390 3611 1972 3679">
     <span class='ocr_line' id='line_1_38' title="bbox 390 3611 1972 3679; baseline -0.007 -3"><span class='ocrx_word' id='word_1_294' title='bbox 390 3623 459 3676; x_wconf 85' lang='lat' dir='ltr'><strong>tis</strong></span> <span class='ocrx_word' id='word_1_295' title='bbox 489 3628 684 3675; x_wconf 66' lang='lat' dir='ltr'><strong>nostra:</strong></span> <span class='ocrx_word' id='word_1_296' title='bbox 710 3618 924 3672; x_wconf 91' lang='lat' dir='ltr'><strong>inimico</strong></span> <span class='ocrx_word' id='word_1_297' title='bbox 943 3615 1155 3670; x_wconf 88' lang='lat' dir='ltr'><strong>diabolo</strong></span> <span class='ocrx_word' id='word_1_298' title='bbox 1175 3612 1423 3668; x_wconf 91' lang='lat' dir='ltr'><strong>fortiores</strong></span> <span class='ocrx_word' id='word_1_299' title='bbox 1451 3613 1632 3668; x_wconf 85' lang='lat' dir='ltr'><strong>efficit.</strong></span> <span class='ocrx_word' id='word_1_300' title='bbox 1654 3611 1790 3678; x_wconf 87' lang='lat' dir='ltr'><strong>Qttid</strong></span> <span class='ocrx_word' id='word_1_301' title='bbox 1815 3611 1972 3679; x_wconf 77' lang='lat' dir='ltr'><strong>igitur</strong></span> 
     </span>
    </p>
   </div>
   <div class='ocr_carea' id='block_1_39' title="bbox 391 3705 1972 3783">
    <p class='ocr_par' dir='ltr' id='par_1_39' title="bbox 391 3705 1972 3783">
     <span class='ocr_line' id='line_1_39' title="bbox 391 3705 1972 3783; baseline -0.006 -16"><span class='ocrx_word' id='word_1_302' title='bbox 391 3714 467 3768; x_wconf 86' lang='lat' dir='ltr'><strong>illi</strong></span> <span class='ocrx_word' id='word_1_303' title='bbox 495 3728 586 3783; x_wconf 92' lang='lat' dir='ltr'><strong>par</strong></span> <span class='ocrx_word' id='word_1_304' title='bbox 611 3711 790 3775; x_wconf 89' lang='lat' dir='ltr'><strong>fuerit,</strong></span> <span class='ocrx_word' id='word_1_305' title='bbox 819 3726 936 3780; x_wconf 85' lang='lat' dir='ltr'><strong>quac</strong></span> <span class='ocrx_word' id='word_1_306' title='bbox 965 3724 1070 3762; x_wconf 89' lang='lat' dir='ltr'><strong>non</strong></span> <span class='ocrx_word' id='word_1_307' title='bbox 1111 3708 1282 3762; x_wconf 90' lang='lat' dir='ltr'><strong>solum</strong></span> <span class='ocrx_word' id='word_1_308' title='bbox 1329 3707 1630 3761; x_wconf 89' lang='lat' dir='ltr'><strong>hominibus</strong></span> <span class='ocrx_word' id='word_1_309' title='bbox 1680 3705 1972 3759; x_wconf 80' lang='lat' dir='ltr'><strong>insidianti-</strong></span> 
     </span>
    </p>
   </div>
   <div class='ocr_carea' id='block_1_40' title="bbox 393 3797 1974 3871">
    <p class='ocr_par' dir='ltr' id='par_1_40' title="bbox 393 3797 1974 3871">
     <span class='ocr_line' id='line_1_40' title="bbox 393 3797 1974 3871; baseline -0.006 -10"><span class='ocrx_word' id='word_1_310' title='bbox 393 3807 514 3871; x_wconf 87' lang='lat' dir='ltr'><strong>bus,</strong></span> <span class='ocrx_word' id='word_1_311' title='bbox 545 3804 638 3859; x_wconf 90' lang='lat' dir='ltr'><strong>sed</strong></span> <span class='ocrx_word' id='word_1_312' title='bbox 663 3812 716 3859; x_wconf 90' lang='lat' dir='ltr'><strong>et</strong></span> <span class='ocrx_word' id='word_1_313' title='bbox 754 3802 1090 3858; x_wconf 79' lang='lat' dir='ltr'><strong>daemonibus</strong></span> <span class='ocrx_word' id='word_1_314' title='bbox 1118 3800 1421 3870; x_wconf 88' lang='lat' dir='ltr'><strong>superiores</strong></span> <span class='ocrx_word' id='word_1_315' title='bbox 1455 3801 1535 3854; x_wconf 92' lang='lat' dir='ltr'><strong>sui</strong></span> <span class='ocrx_word' id='word_1_316' title='bbox 1568 3799 1834 3853; x_wconf 85' lang='lat' dir='ltr'><strong>studiosos</strong></span> <span class='ocrx_word' id='word_1_317' title='bbox 1864 3797 1974 3852; x_wconf 87' lang='lat' dir='ltr'><strong>effi-</strong></span> 
     </span>
    </p>
   </div>
   <div class='ocr_carea' id='block_1_41' title="bbox 390 3889 1972 3959">
    <p class='ocr_par' dir='ltr' id='par_1_41' title="bbox 390 3889 1972 3959">
     <span class='ocr_line' id='line_1_41' title="bbox 390 3889 1972 3959; baseline -0.006 -6"><span class='ocrx_word' id='word_1_318' title='bbox 390 3899 501 3954; x_wconf 85' lang='lat' dir='ltr'><strong>cit?</strong></span> <span class='ocrx_word' id='word_1_319' title='bbox 526 3898 703 3952; x_wconf 84' lang='lat' dir='ltr'><strong>Virtus</strong></span> <span class='ocrx_word' id='word_1_320' title='bbox 731 3905 908 3948; x_wconf 85' lang='lat' dir='ltr'><strong>autem</strong></span> <span class='ocrx_word' id='word_1_321' title='bbox 935 3902 1037 3958; x_wconf 90' lang='lat' dir='ltr'><strong>est,</strong></span> <span class='ocrx_word' id='word_1_322' title='bbox 1063 3893 1293 3945; x_wconf 84' lang='lat' dir='ltr'><strong>humana</strong></span> <span class='ocrx_word' id='word_1_323' title='bbox 1327 3892 1505 3944; x_wconf 85' lang='lat' dir='ltr'><strong>omnia</strong></span> <span class='ocrx_word' id='word_1_324' title='bbox 1547 3891 1822 3959; x_wconf 86' lang='lat' dir='ltr'><strong>despicere</strong></span> <span class='ocrx_word' id='word_1_325' title='bbox 1845 3932 1859 3956; x_wconf 92' lang='lat'><strong>,</strong></span> <span class='ocrx_word' id='word_1_326' title='bbox 1889 3889 1972 3944; x_wconf 88' lang='lat' dir='ltr'><strong>fu-</strong></span> 
     </span>
    </p>
   </div>
   <div class='ocr_carea' id='block_1_42' title="bbox 393 3982 1970 4056">
    <p class='ocr_par' dir='ltr' id='par_1_42' title="bbox 393 3982 1970 4056">
     <span class='ocr_line' id='line_1_42' title="bbox 393 3982 1970 4056; baseline -0.005 -14"><span class='ocrx_word' id='word_1_327' title='bbox 393 3998 509 4042; x_wconf 84' lang='lat' dir='ltr'><strong>tura</strong></span> <span class='ocrx_word' id='word_1_328' title='bbox 535 3986 759 4056; x_wconf 81' lang='lat' dir='ltr'><strong>singulis</strong></span> <span class='ocrx_word' id='word_1_329' title='bbox 790 3985 938 4038; x_wconf 90' lang='lat' dir='ltr'><strong>horis</strong></span> <span class='ocrx_word' id='word_1_330' title='bbox 983 3985 1220 4052; x_wconf 86' lang='lat' dir='ltr'><strong>cogitare</strong></span> <span class='ocrx_word' id='word_1_331' title='bbox 1248 4025 1262 4048; x_wconf 91' lang='lat'><strong>,</strong></span> <span class='ocrx_word' id='word_1_332' title='bbox 1293 3983 1455 4036; x_wconf 92' lang='lat' dir='ltr'><strong>nullis</strong></span> <span class='ocrx_word' id='word_1_333' title='bbox 1489 3982 1844 4048; x_wconf 78' lang='lat' dir='ltr'><strong>praesentibus</strong></span> <span class='ocrx_word' id='word_1_334' title='bbox 1887 3982 1970 4036; x_wconf 83' lang='lat' dir='ltr'><strong>in-</strong></span> 
     </span>
    </p>
   </div>
   <div class='ocr_carea' id='block_1_43' title="bbox 394 4073 1976 4133">
    <p class='ocr_par' dir='ltr' id='par_1_43' title="bbox 394 4073 1976 4133">
     <span class='ocr_line' id='line_1_43' title="bbox 394 4073 1976 4133; baseline -0.004 0"><span class='ocrx_word' id='word_1_335' title='bbox 394 4079 547 4133; x_wconf 75' lang='lat' dir='ltr'><strong>hiare</strong></span> <span class='ocrx_word' id='word_1_336' title='bbox 592 4094 606 4131; x_wconf 92' lang='lat'><strong>:</strong></span> <span class='ocrx_word' id='word_1_337' title='bbox 649 4076 743 4131; x_wconf 89' lang='lat' dir='ltr'><strong>sed</strong></span> <span class='ocrx_word' id='word_1_338' title='bbox 787 4075 926 4130; x_wconf 91' lang='lat' dir='ltr'><strong>scire</strong></span> <span class='ocrx_word' id='word_1_339' title='bbox 974 4074 1153 4127; x_wconf 90' lang='lat' dir='ltr'><strong>omnia</strong></span> <span class='ocrx_word' id='word_1_340' title='bbox 1203 4073 1431 4126; x_wconf 90' lang='lat' dir='ltr'><strong>humana</strong></span> <span class='ocrx_word' id='word_1_341' title='bbox 1474 4073 1715 4126; x_wconf 91' lang='lat' dir='ltr'><strong>umbram</strong></span> <span class='ocrx_word' id='word_1_342' title='bbox 1756 4088 1874 4127; x_wconf 90' lang='lat' dir='ltr'><strong>esse</strong></span> <span class='ocrx_word' id='word_1_343' title='bbox 1921 4081 1976 4128; x_wconf 89' lang='lat' dir='ltr'><strong>et</strong></span> 
     </span>
    </p>
   </div>
   <div class='ocr_carea' id='block_1_44' title="bbox 351 4163 1976 4235">
    <p class='ocr_par' dir='ltr' id='par_1_44' title="bbox 351 4163 1976 4235">
     <span class='ocr_line' id='line_1_44' title="bbox 351 4163 1976 4235; baseline -0.003 -12"><span class='ocrx_word' id='word_1_344' title='bbox 351 4175 357 4181; x_wconf 84' lang='lat'><strong><em>‘</em></strong></span> <span class='ocrx_word' id='word_1_345' title='bbox 397 4169 684 4234; x_wconf 64' lang='lat' dir='ltr'><strong>somnium,</strong></span> <span class='ocrx_word' id='word_1_346' title='bbox 711 4173 763 4221; x_wconf 89' lang='lat' dir='ltr'><strong>et</strong></span> <span class='ocrx_word' id='word_1_347' title='bbox 792 4166 834 4219; x_wconf 87' lang='lat' dir='ltr'><strong>si</strong></span> <span class='ocrx_word' id='word_1_348' title='bbox 866 4164 993 4235; x_wconf 92' lang='lat' dir='ltr'><strong>quid</strong></span> <span class='ocrx_word' id='word_1_349' title='bbox 1026 4163 1108 4217; x_wconf 90' lang='lat' dir='ltr'><strong>his</strong></span> <span class='ocrx_word' id='word_1_350' title='bbox 1136 4164 1311 4218; x_wconf 90' lang='lat' dir='ltr'><strong>vilius.</strong></span> <span class='ocrx_word' id='word_1_351' title='bbox 1345 4163 1524 4225; x_wconf 81' lang='lat' dir='ltr'><strong>Virtus</strong></span> <span class='ocrx_word' id='word_1_352' title='bbox 1572 4171 1687 4226; x_wconf 85' lang='lat' dir='ltr'><strong>est,</strong></span> <span class='ocrx_word' id='word_1_353' title='bbox 1735 4179 1858 4234; x_wconf 88' lang='lat' dir='ltr'><strong>erga</strong></span> <span class='ocrx_word' id='word_1_354' title='bbox 1891 4180 1976 4219; x_wconf 86' lang='lat' dir='ltr'><strong>nc-</strong></span> 
     </span>
    </p>
   </div>
   <div class='ocr_carea' id='block_1_45' title="bbox 394 4256 1978 4334">
    <p class='ocr_par' dir='ltr' id='par_1_45' title="bbox 394 4256 1978 4334">
     <span class='ocr_line' id='line_1_45' title="bbox 394 4256 1978 4334; baseline 0.001 -23"><span class='ocrx_word' id='word_1_355' title='bbox 394 4262 538 4334; x_wconf 78' lang='lat' dir='ltr'><strong>gotia</strong></span> <span class='ocrx_word' id='word_1_356' title='bbox 563 4260 720 4329; x_wconf 88' lang='lat' dir='ltr'><strong>hujus</strong></span> <span class='ocrx_word' id='word_1_357' title='bbox 748 4259 867 4312; x_wconf 64' lang='lat' dir='ltr'><strong>vitae</strong></span> <span class='ocrx_word' id='word_1_358' title='bbox 895 4272 1000 4312; x_wconf 91' lang='lat' dir='ltr'><strong>non</strong></span> <span class='ocrx_word' id='word_1_359' title='bbox 1029 4257 1198 4326; x_wconf 85' lang='lat' dir='ltr'><strong>magis</strong></span> <span class='ocrx_word' id='word_1_360' title='bbox 1223 4256 1383 4322; x_wconf 90' lang='lat' dir='ltr'><strong>affici,</strong></span> <span class='ocrx_word' id='word_1_361' title='bbox 1414 4271 1570 4326; x_wconf 88' lang='lat' dir='ltr'><strong>quam</strong></span> <span class='ocrx_word' id='word_1_362' title='bbox 1609 4256 1838 4312; x_wconf 84' lang='lat' dir='ltr'><strong>cadaver</strong></span> <span class='ocrx_word' id='word_1_363' title='bbox 1865 4257 1978 4312; x_wconf 88' lang='lat' dir='ltr'><strong>affi-</strong></span> 
     </span>
    </p>
   </div>
   <div class='ocr_carea' id='block_1_46' title="bbox 397 4347 1974 4420">
    <p class='ocr_par' dir='ltr' id='par_1_46' title="bbox 397 4347 1974 4420">
     <span class='ocr_line' id='line_1_46' title="bbox 397 4347 1974 4420; baseline -0.003 -12"><span class='ocrx_word' id='word_1_364' title='bbox 397 4353 557 4416; x_wconf 89' lang='lat' dir='ltr'><strong>citur,</strong></span> <span class='ocrx_word' id='word_1_365' title='bbox 581 4361 635 4406; x_wconf 89' lang='lat' dir='ltr'><strong>et</strong></span> <span class='ocrx_word' id='word_1_366' title='bbox 657 4350 722 4405; x_wconf 89' lang='lat' dir='ltr'><strong>ad</strong></span> <span class='ocrx_word' id='word_1_367' title='bbox 744 4365 806 4405; x_wconf 87' lang='lat' dir='ltr'><strong>ea</strong></span> <span class='ocrx_word' id='word_1_368' title='bbox 832 4364 952 4420; x_wconf 66' lang='lat' dir='ltr'><strong>qua:</strong></span> <span class='ocrx_word' id='word_1_369' title='bbox 989 4349 1180 4403; x_wconf 66' lang='lat' dir='ltr'><strong>animae</strong></span> <span class='ocrx_word' id='word_1_370' title='bbox 1214 4349 1437 4402; x_wconf 88' lang='lat' dir='ltr'><strong>salutem</strong></span> <span class='ocrx_word' id='word_1_371' title='bbox 1491 4347 1810 4404; x_wconf 86' lang='lat' dir='ltr'><strong>labefactare</strong></span> <span class='ocrx_word' id='word_1_372' title='bbox 1849 4365 1974 4420; x_wconf 88' lang='lat' dir='ltr'><strong>pos-</strong></span> 
     </span>
    </p>
   </div>
   <div class='ocr_carea' id='block_1_47' title="bbox 397 4439 1973 4513">
    <p class='ocr_par' dir='ltr' id='par_1_47' title="bbox 397 4439 1973 4513">
     <span class='ocr_line' id='line_1_47' title="bbox 397 4439 1973 4513; baseline -0.003 -12"><span class='ocrx_word' id='word_1_373' title='bbox 397 4455 543 4510; x_wconf 88' lang='lat' dir='ltr'><strong>sunt,</strong></span> <span class='ocrx_word' id='word_1_374' title='bbox 569 4441 721 4513; x_wconf 91' lang='lat' dir='ltr'><strong>quasi</strong></span> <span class='ocrx_word' id='word_1_375' title='bbox 751 4449 1041 4504; x_wconf 88' lang='lat' dir='ltr'><strong>ntortuum,</strong></span> <span class='ocrx_word' id='word_1_376' title='bbox 1070 4439 1138 4493; x_wconf 84' lang='lat' dir='ltr'><strong>ita</strong></span> <span class='ocrx_word' id='word_1_377' title='bbox 1161 4440 1489 4508; x_wconf 87' lang='lat' dir='ltr'><strong>operationis</strong></span> <span class='ocrx_word' id='word_1_378' title='bbox 1518 4451 1790 4510; x_wconf 80' lang='lat' dir='ltr'><strong>expertem</strong></span> <span class='ocrx_word' id='word_1_379' title='bbox 1818 4458 1937 4498; x_wconf 91' lang='lat' dir='ltr'><strong>esse</strong></span> <span class='ocrx_word' id='word_1_380' title='bbox 1957 4485 1973 4509; x_wconf 92' lang='lat'><strong>,</strong></span> 
     </span>
    </p>
   </div>
   <div class='ocr_carea' id='block_1_48' title="bbox 402 4532 1979 4602">
    <p class='ocr_par' dir='ltr' id='par_1_48' title="bbox 402 4532 1979 4602">
     <span class='ocr_line' id='line_1_48' title="bbox 402 4532 1979 4602; baseline 0.001 -15"><span class='ocrx_word' id='word_1_381' title='bbox 402 4537 578 4589; x_wconf 85' lang='lat' dir='ltr'><strong>vivere</strong></span> <span class='ocrx_word' id='word_1_382' title='bbox 602 4541 779 4587; x_wconf 86' lang='lat' dir='ltr'><strong>autem</strong></span> <span class='ocrx_word' id='word_1_383' title='bbox 807 4541 860 4586; x_wconf 91' lang='lat' dir='ltr'><strong>et</strong></span> <span class='ocrx_word' id='word_1_384' title='bbox 880 4533 1086 4602; x_wconf 87' lang='lat' dir='ltr'><strong>operari</strong></span> <span class='ocrx_word' id='word_1_385' title='bbox 1113 4541 1313 4585; x_wconf 89' lang='lat' dir='ltr'><strong>tantum</strong></span> <span class='ocrx_word' id='word_1_386' title='bbox 1338 4532 1476 4586; x_wconf 87' lang='lat' dir='ltr'><strong>circa</strong></span> <span class='ocrx_word' id='word_1_387' title='bbox 1503 4534 1815 4602; x_wconf 86' lang='lat' dir='ltr'><strong>spiritualia,</strong></span> <span class='ocrx_word' id='word_1_388' title='bbox 1841 4535 1979 4589; x_wconf 88' lang='lat' dir='ltr'><strong>sicut</strong></span> 
     </span>
    </p>
   </div>
   <div class='ocr_carea' id='block_1_49' title="bbox 393 4621 1975 4694">
    <p class='ocr_par' dir='ltr' id='par_1_49' title="bbox 393 4621 1975 4694">
     <span class='ocr_line' id='line_1_49' title="bbox 393 4621 1975 4694; baseline 0 -14"><span class='ocrx_word' id='word_1_389' title='bbox 393 4635 444 4680; x_wconf 87' lang='lat' dir='ltr'><strong>et</strong></span> <span class='ocrx_word' id='word_1_390' title='bbox 478 4624 672 4679; x_wconf 83' lang='lat' dir='ltr'><strong>Paulus</strong></span> <span class='ocrx_word' id='word_1_391' title='bbox 697 4622 912 4678; x_wconf 82' lang='lat' dir='ltr'><strong>dicebat</strong></span> <span class='ocrx_word' id='word_1_392' title='bbox 940 4641 954 4676; x_wconf 89' lang='lat'><strong>:</strong></span> <span class='ocrx_word' id='word_1_393' title='bbox 995 4621 1118 4676; x_wconf 82' lang='lat' dir='ltr'><strong>Vivo</strong></span> <span class='ocrx_word' id='word_1_394' title='bbox 1139 4634 1324 4684; x_wconf 84' lang='lat' dir='ltr'><strong>autem,</strong></span> <span class='ocrx_word' id='word_1_395' title='bbox 1346 4624 1458 4694; x_wconf 83' lang='lat' dir='ltr'><strong>jam</strong></span> <span class='ocrx_word' id='word_1_396' title='bbox 1484 4641 1582 4678; x_wconf 84' lang='lat' dir='ltr'><strong>non</strong></span> <span class='ocrx_word' id='word_1_397' title='bbox 1605 4641 1712 4694; x_wconf 80' lang='lat' dir='ltr'><strong>ego,</strong></span> <span class='ocrx_word' id='word_1_398' title='bbox 1743 4626 1833 4679; x_wconf 70' lang='lat' dir='ltr'><strong>sed</strong></span> <span class='ocrx_word' id='word_1_399' title='bbox 1862 4628 1975 4680; x_wconf 80' lang='lat' dir='ltr'><strong>vivit</strong></span> 
     </span>
    </p>
   </div>
   <div class='ocr_carea' id='block_1_50' title="bbox 393 4714 1972 4786">
    <p class='ocr_par' dir='ltr' id='par_1_50' title="bbox 393 4714 1972 4786">
     <span class='ocr_line' id='line_1_50' title="bbox 393 4714 1972 4786; baseline 0 -12"><span class='ocrx_word' id='word_1_400' title='bbox 393 4720 450 4774; x_wconf 85' lang='lat' dir='ltr'><strong>in</strong></span> <span class='ocrx_word' id='word_1_401' title='bbox 475 4732 554 4771; x_wconf 83' lang='lat' dir='ltr'><strong>me</strong></span> <span class='ocrx_word' id='word_1_402' title='bbox 579 4714 805 4772; x_wconf 72' lang='lat' dir='ltr'><strong>Christus</strong></span> <span class='ocrx_word' id='word_1_403' title='bbox 831 4717 849 4786; x_wconf 94' lang='lat'><strong>(</strong></span> <span class='ocrx_word' id='word_1_404' title='bbox 881 4714 999 4769; x_wconf 82' lang='lat' dir='ltr'><strong>Gal.</strong></span> <span class='ocrx_word' id='word_1_405' title='bbox 1022 4714 1076 4768; x_wconf 72' lang='grc'><strong>2.</strong></span> <span class='ocrx_word' id='word_1_406' title='bbox 1093 4715 1174 4784; x_wconf 46' lang='grc'><strong>,20</strong></span> <span class='ocrx_word' id='word_1_407' title='bbox 1197 4716 1237 4784; x_wconf 92' lang='grc'><strong>).</strong></span> <span class='ocrx_word' id='word_1_408' title='bbox 1265 4716 1518 4782; x_wconf 85' lang='lat' dir='ltr'><strong>Proinde,</strong></span> <span class='ocrx_word' id='word_1_409' title='bbox 1543 4717 1896 4784; x_wconf 87' lang='lat' dir='ltr'><strong>dilectissimi,</strong></span> <span class='ocrx_word' id='word_1_410' title='bbox 1924 4728 1972 4774; x_wconf 71' lang='lat' dir='ltr'><strong>et</strong></span> 
     </span>
    </p>
   </div>
   <div class='ocr_carea' id='block_1_51' title="bbox 400 4807 1981 4878">
    <p class='ocr_par' dir='ltr' id='par_1_51' title="bbox 400 4807 1981 4878">
     <span class='ocr_line' id='line_1_51' title="bbox 400 4807 1981 4878; baseline 0.002 -13"><span class='ocrx_word' id='word_1_411' title='bbox 400 4826 497 4865; x_wconf 87' lang='lat' dir='ltr'><strong>nos</strong></span> <span class='ocrx_word' id='word_1_412' title='bbox 547 4818 814 4878; x_wconf 85' lang='lat' dir='ltr'><strong>tamquam</strong></span> <span class='ocrx_word' id='word_1_413' title='bbox 865 4807 1134 4862; x_wconf 89' lang='lat' dir='ltr'><strong>Christum</strong></span> <span class='ocrx_word' id='word_1_414' title='bbox 1176 4809 1341 4862; x_wconf 92' lang='lat' dir='ltr'><strong>induti</strong></span> <span class='ocrx_word' id='word_1_415' title='bbox 1391 4810 1569 4865; x_wconf 87' lang='lat' dir='ltr'><strong>omnia</strong></span> <span class='ocrx_word' id='word_1_416' title='bbox 1609 4809 1896 4878; x_wconf 85' lang='lat' dir='ltr'><strong>faciamus,</strong></span> <span class='ocrx_word' id='word_1_417' title='bbox 1927 4822 1981 4868; x_wconf 88' lang='lat' dir='ltr'><strong>et</strong></span> 
     </span>
    </p>
   </div>
   <div class='ocr_carea' id='block_1_52' title="bbox 391 4902 1980 4977">
    <p class='ocr_par' dir='ltr' id='par_1_52' title="bbox 391 4902 1980 4977">
     <span class='ocr_line' id='line_1_52' title="bbox 391 4902 1980 4977; baseline 0.003 -21"><span class='ocrx_word' id='word_1_418' title='bbox 391 4917 503 4957; x_wconf 89' lang='lat' dir='ltr'><strong>non</strong></span> <span class='ocrx_word' id='word_1_419' title='bbox 527 4903 903 4957; x_wconf 79' lang='lat' dir='ltr'><strong>contristemus</strong></span> <span class='ocrx_word' id='word_1_420' title='bbox 931 4902 1186 4972; x_wconf 89' lang='lat' dir='ltr'><strong>Spiritum</strong></span> <span class='ocrx_word' id='word_1_421' title='bbox 1235 4913 1498 4959; x_wconf 91' lang='lat' dir='ltr'><strong>sanctum.</strong></span> <span class='ocrx_word' id='word_1_422' title='bbox 1551 4905 1773 4973; x_wconf 86' lang='lat' dir='ltr'><strong>Quando</strong></span> <span class='ocrx_word' id='word_1_423' title='bbox 1822 4907 1980 4977; x_wconf 78' lang='lat' dir='ltr'><strong>igitur</strong></span> 
     </span>
    </p>
   </div>
   <div class='ocr_carea' id='block_1_53' title="bbox 395 4993 1976 5068">
    <p class='ocr_par' dir='ltr' id='par_1_53' title="bbox 395 4993 1976 5068">
     <span class='ocr_line' id='line_1_53' title="bbox 395 4993 1976 5068; baseline 0.004 -20"><span class='ocrx_word' id='word_1_424' title='bbox 395 4997 682 5052; x_wconf 86' lang='lat' dir='ltr'><strong>turbamur</strong></span> <span class='ocrx_word' id='word_1_425' title='bbox 710 5012 738 5050; x_wconf 88' lang='lat' dir='ltr'><strong>a</strong></span> <span class='ocrx_word' id='word_1_426' title='bbox 761 4993 1211 5066; x_wconf 78' lang='lat' dir='ltr'><strong>concupiscentia,</strong></span> <span class='ocrx_word' id='word_1_427' title='bbox 1258 4998 1341 5051; x_wconf 90' lang='lat' dir='ltr'><strong>vel</strong></span> <span class='ocrx_word' id='word_1_428' title='bbox 1387 4997 1670 5054; x_wconf 86' lang='lat' dir='ltr'><strong>affectione</strong></span> <span class='ocrx_word' id='word_1_429' title='bbox 1709 4999 1938 5056; x_wconf 89' lang='lat' dir='ltr'><strong>absurda</strong></span> <span class='ocrx_word' id='word_1_430' title='bbox 1959 5042 1976 5068; x_wconf 90' lang='lat'><strong>,</strong></span> 
     </span>
    </p>
   </div>
   <div class='ocr_carea' id='block_1_54' title="bbox 401 5093 1975 5166">
    <p class='ocr_par' dir='ltr' id='par_1_54' title="bbox 401 5093 1975 5166">
     <span class='ocr_line' id='line_1_54' title="bbox 401 5093 1975 5166; baseline 0.003 -20"><span class='ocrx_word' id='word_1_431' title='bbox 401 5095 484 5148; x_wconf 77' lang='lat' dir='ltr'><strong>vel</strong></span> <span class='ocrx_word' id='word_1_432' title='bbox 509 5096 602 5158; x_wconf 90' lang='lat' dir='ltr'><strong>ira,</strong></span> <span class='ocrx_word' id='word_1_433' title='bbox 635 5095 718 5149; x_wconf 88' lang='lat' dir='ltr'><strong>vel</strong></span> <span class='ocrx_word' id='word_1_434' title='bbox 753 5094 950 5161; x_wconf 89' lang='lat' dir='ltr'><strong>furore,</strong></span> <span class='ocrx_word' id='word_1_435' title='bbox 983 5093 1067 5147; x_wconf 87' lang='lat' dir='ltr'><strong>vel</strong></span> <span class='ocrx_word' id='word_1_436' title='bbox 1119 5093 1343 5158; x_wconf 86' lang='lat' dir='ltr'><strong>invidia,</strong></span> <span class='ocrx_word' id='word_1_437' title='bbox 1379 5097 1676 5164; x_wconf 82' lang='lat' dir='ltr'><strong>cogitemus</strong></span> <span class='ocrx_word' id='word_1_438' title='bbox 1717 5113 1838 5151; x_wconf 88' lang='lat' dir='ltr'><strong>eutn</strong></span> <span class='ocrx_word' id='word_1_439' title='bbox 1887 5097 1975 5166; x_wconf 92' lang='lat' dir='ltr'><strong>qui</strong></span> 
     </span>
    </p>
   </div>
   <div class='ocr_carea' id='block_1_55' title="bbox 400 5185 1976 5258">
    <p class='ocr_par' dir='ltr' id='par_1_55' title="bbox 400 5185 1976 5258">
     <span class='ocr_line' id='line_1_55' title="bbox 400 5185 1976 5258; baseline 0.004 -20"><span class='ocrx_word' id='word_1_440' title='bbox 400 5185 453 5240; x_wconf 75' lang='lat' dir='ltr'><strong>in</strong></span> <span class='ocrx_word' id='word_1_441' title='bbox 481 5185 634 5238; x_wconf 85' lang='lat' dir='ltr'><strong>nobis</strong></span> <span class='ocrx_word' id='word_1_442' title='bbox 659 5185 882 5248; x_wconf 87' lang='lat' dir='ltr'><strong>habitat,</strong></span> <span class='ocrx_word' id='word_1_443' title='bbox 913 5194 967 5240; x_wconf 88' lang='lat' dir='ltr'><strong>et</strong></span> <span class='ocrx_word' id='word_1_444' title='bbox 990 5186 1316 5257; x_wconf 78' lang='lat' dir='ltr'><strong>expellamus</strong></span> <span class='ocrx_word' id='word_1_445' title='bbox 1345 5188 1526 5258; x_wconf 89' lang='lat' dir='ltr'><strong>procul</strong></span> <span class='ocrx_word' id='word_1_446' title='bbox 1567 5203 1780 5244; x_wconf 90' lang='lat' dir='ltr'><strong>omnem</strong></span> <span class='ocrx_word' id='word_1_447' title='bbox 1817 5191 1976 5245; x_wconf 83' lang='lat' dir='ltr'><strong>talem</strong></span> 
     </span>
    </p>
   </div>
   <div class='ocr_carea' id='block_1_56' title="bbox 397 5276 1976 5352">
    <p class='ocr_par' dir='ltr' id='par_1_56' title="bbox 397 5276 1976 5352">
     <span class='ocr_line' id='line_1_56' title="bbox 397 5276 1976 5352; baseline 0.006 -24"><span class='ocrx_word' id='word_1_448' title='bbox 397 5276 796 5344; x_wconf 74' lang='lat' dir='ltr'><strong>cogitationem.</strong></span> <span class='ocrx_word' id='word_1_449' title='bbox 834 5276 1193 5332; x_wconf 80' lang='lat' dir='ltr'><strong>Revereamur</strong></span> <span class='ocrx_word' id='word_1_450' title='bbox 1220 5279 1544 5335; x_wconf 85' lang='lat' dir='ltr'><strong>eminentem</strong></span> <span class='ocrx_word' id='word_1_451' title='bbox 1574 5280 1666 5335; x_wconf 87' lang='lat' dir='ltr'><strong>Dei</strong></span> <span class='ocrx_word' id='word_1_452' title='bbox 1715 5284 1938 5352; x_wconf 78' lang='lat' dir='ltr'><strong>gratiam</strong></span> <span class='ocrx_word' id='word_1_453' title='bbox 1960 5324 1976 5349; x_wconf 95' lang='lat'><strong>,</strong></span> 
     </span>
    </p>
   </div>
   <div class='ocr_carea' id='block_1_57' title="bbox 399 5366 1980 5436">
    <p class='ocr_par' dir='ltr' id='par_1_57' title="bbox 399 5366 1980 5436">
     <span class='ocr_line' id='line_1_57' title="bbox 399 5366 1980 5436; baseline 0.008 -20"><span class='ocrx_word' id='word_1_454' title='bbox 399 5379 556 5432; x_wconf 78' lang='lat' dir='ltr'><strong>quam</strong></span> <span class='ocrx_word' id='word_1_455' title='bbox 589 5366 741 5419; x_wconf 83' lang='lat' dir='ltr'><strong>nobis</strong></span> <span class='ocrx_word' id='word_1_456' title='bbox 769 5367 989 5436; x_wconf 89' lang='lat' dir='ltr'><strong>largitus</strong></span> <span class='ocrx_word' id='word_1_457' title='bbox 1015 5378 1115 5432; x_wconf 88' lang='lat' dir='ltr'><strong>est,</strong></span> <span class='ocrx_word' id='word_1_458' title='bbox 1138 5379 1192 5423; x_wconf 91' lang='lat' dir='ltr'><strong>et</strong></span> <span class='ocrx_word' id='word_1_459' title='bbox 1219 5369 1553 5426; x_wconf 88' lang='lat' dir='ltr'><strong>refrenemus</strong></span> <span class='ocrx_word' id='word_1_460' title='bbox 1582 5387 1770 5428; x_wconf 89' lang='lat' dir='ltr'><strong>omnes</strong></span> <span class='ocrx_word' id='word_1_461' title='bbox 1799 5375 1980 5429; x_wconf 90' lang='lat' dir='ltr'><strong>carnis</strong></span> 
     </span>
    </p>
   </div>
   <div class='ocr_carea' id='block_1_58' title="bbox 397 5456 1980 5554">
    <p class='ocr_par' dir='ltr' id='par_1_58' title="bbox 397 5456 1980 5554">
     <span class='ocr_line' id='line_1_58' title="bbox 397 5456 1980 5554; baseline 0.007 -42"><span class='ocrx_word' id='word_1_462' title='bbox 397 5456 726 5522; x_wconf 78' lang='lat' dir='ltr'><strong>affectiones,</strong></span> <span class='ocrx_word' id='word_1_463' title='bbox 758 5466 834 5524; x_wconf 90' lang='lat' dir='ltr'><strong>ut,</strong></span> <span class='ocrx_word' id='word_1_464' title='bbox 863 5474 984 5514; x_wconf 88' lang='lat' dir='ltr'><strong>cum</strong></span> <span class='ocrx_word' id='word_1_465' title='bbox 1025 5461 1258 5532; x_wconf 79' lang='lat' dir='ltr'><strong>legitime</strong></span> <span class='ocrx_word' id='word_1_466' title='bbox 1301 5464 1354 5518; x_wconf 88' lang='lat' dir='ltr'><strong>in</strong></span> <span class='ocrx_word' id='word_1_467' title='bbox 1395 5464 1542 5520; x_wconf 86' lang='lat' dir='ltr'><strong>brevi</strong></span> <span class='ocrx_word' id='word_1_468' title='bbox 1578 5465 1679 5520; x_wconf 90' lang='lat' dir='ltr'><strong>hac</strong></span> <span class='ocrx_word' id='word_1_469' title='bbox 1722 5476 1776 5554; x_wconf 53' lang='lat' dir='ltr'><strong>et</strong></span> <span class='ocrx_word' id='word_1_470' title='bbox 1807 5466 1980 5539; x_wconf 82' lang='lat' dir='ltr'><strong>fragili</strong></span> 
     </span>
    </p>
   </div>
   <div class='ocr_carea' id='block_1_59' title="bbox 460 5614 1977 5695">
    <p class='ocr_par' dir='ltr' id='par_1_59' title="bbox 460 5614 1977 5695">
     <span class='ocr_line' id='line_1_59' title="bbox 460 5614 1977 5695; baseline 0.013 -31"><span class='ocrx_word' id='word_1_471' title='bbox 460 5616 480 5648; x_wconf 73' lang='grc' dir='ltr'><strong>ι</strong></span> <span class='ocrx_word' id='word_1_472' title='bbox 513 5614 721 5681; x_wconf 68' lang='lat' dir='ltr'><strong>misum,</strong></span> <span class='ocrx_word' id='word_1_473' title='bbox 746 5629 811 5670; x_wconf 77' lang='lat' dir='ltr'><strong>ea:</strong></span> <span class='ocrx_word' id='word_1_474' title='bbox 831 5617 940 5683; x_wconf 73' lang='lat' dir='ltr'><strong>igne</strong></span> <span class='ocrx_word' id='word_1_475' title='bbox 956 5619 1354 5684; x_wconf 48' lang='lat' dir='ltr'><strong>mutuniati,</strong></span> <span class='ocrx_word' id='word_1_476' title='bbox 1386 5638 1493 5688; x_wconf 83' lang='lat' dir='ltr'><strong>pro,</strong></span> <span class='ocrx_word' id='word_1_477' title='bbox 1515 5639 1580 5678; x_wconf 69' lang='lat' dir='ltr'><strong>ex</strong></span> <span class='ocrx_word' id='word_1_478' title='bbox 1601 5628 1830 5692; x_wconf 69' lang='lat' dir='ltr'><strong>gehennae</strong></span> <span class='ocrx_word' id='word_1_479' title='bbox 1851 5632 1977 5695; x_wconf 73' lang='lat' dir='ltr'><strong>iam.</strong></span> 
     </span>
    </p>
   </div>
   <div class='ocr_carea' id='block_1_60' title="bbox 2055 291 3652 361">
    <p class='ocr_par' dir='ltr' id='par_1_60' title="bbox 2055 291 3652 361">
     <span class='ocr_line' id='line_1_60' title="bbox 2055 291 3652 361; baseline 0.002 -18"><span class='ocrx_word' id='word_1_480' title='bbox 2055 294 2160 346; x_wconf 90' lang='lat' dir='ltr'><strong>vita</strong></span> <span class='ocrx_word' id='word_1_481' title='bbox 2187 295 2589 358; x_wconf 87' lang='lat' dir='ltr'><strong>certaverimus,</strong></span> <span class='ocrx_word' id='word_1_482' title='bbox 2621 308 2850 347; x_wconf 81' lang='lat' dir='ltr'><strong>coronas</strong></span> <span class='ocrx_word' id='word_1_483' title='bbox 2895 291 3011 346; x_wconf 88' lang='lat' dir='ltr'><strong>illas</strong></span> <span class='ocrx_word' id='word_1_484' title='bbox 3039 292 3261 347; x_wconf 83' lang='lat' dir='ltr'><strong>eximtas</strong></span> <span class='ocrx_word' id='word_1_485' title='bbox 3286 307 3652 361; x_wconf 70' lang='lat' dir='ltr'><strong>assequamur</strong></span> 
     </span>
    </p>
   </div>
   <div class='ocr_carea' id='block_1_61' title="bbox 2053 383 3650 455">
    <p class='ocr_par' dir='ltr' id='par_1_61' title="bbox 2053 383 3650 455">
     <span class='ocr_line' id='line_1_61' title="bbox 2053 383 3650 455; baseline -0.003 -15"><span class='ocrx_word' id='word_1_486' title='bbox 2053 385 2104 440; x_wconf 83' lang='lat' dir='ltr'><strong>in</strong></span> <span class='ocrx_word' id='word_1_487' title='bbox 2135 383 2309 438; x_wconf 88' lang='lat' dir='ltr'><strong>futuro</strong></span> <span class='ocrx_word' id='word_1_488' title='bbox 2335 383 2554 450; x_wconf 87' lang='lat' dir='ltr'><strong>dieillo,</strong></span> <span class='ocrx_word' id='word_1_489' title='bbox 2585 383 2807 438; x_wconf 83' lang='lat' dir='ltr'><strong>terribili</strong></span> <span class='ocrx_word' id='word_1_490' title='bbox 2837 383 3048 455; x_wconf 85' lang='lat' dir='ltr'><strong>quidem</strong></span> <span class='ocrx_word' id='word_1_491' title='bbox 3079 383 3463 453; x_wconf 82' lang='lat' dir='ltr'><strong>peccatoribus,</strong></span> <span class='ocrx_word' id='word_1_492' title='bbox 3493 383 3650 439; x_wconf 81' lang='lat' dir='ltr'><strong>desi-</strong></span> 
     </span>
    </p>
   </div>
   <div class='ocr_carea' id='block_1_62' title="bbox 2053 475 3653 540">
    <p class='ocr_par' dir='ltr' id='par_1_62' title="bbox 2053 475 3653 540">
     <span class='ocr_line' id='line_1_62' title="bbox 2053 475 3653 540; baseline -0.001 -11"><span class='ocrx_word' id='word_1_493' title='bbox 2053 475 2278 530; x_wconf 85' lang='lat' dir='ltr'><strong>derabili</strong></span> <span class='ocrx_word' id='word_1_494' title='bbox 2299 485 2476 529; x_wconf 82' lang='lat' dir='ltr'><strong>autem</strong></span> <span class='ocrx_word' id='word_1_495' title='bbox 2530 477 2726 528; x_wconf 90' lang='lat' dir='ltr'><strong>virtute</strong></span> <span class='ocrx_word' id='word_1_496' title='bbox 2781 475 3000 540; x_wconf 90' lang='lat' dir='ltr'><strong>indutis,</strong></span> <span class='ocrx_word' id='word_1_497' title='bbox 3033 485 3086 528; x_wconf 92' lang='lat' dir='ltr'><strong>et</strong></span> <span class='ocrx_word' id='word_1_498' title='bbox 3116 490 3416 530; x_wconf 87' lang='lat' dir='ltr'><strong>mercamur</strong></span> <span class='ocrx_word' id='word_1_499' title='bbox 3455 475 3653 536; x_wconf 76' lang='lat' dir='ltr'><strong>ineffa-</strong></span> 
     </span>
    </p>
   </div>
   <div class='ocr_carea' id='block_1_63' title="bbox 2056 565 3649 638">
    <p class='ocr_par' dir='ltr' id='par_1_63' title="bbox 2056 565 3649 638">
     <span class='ocr_line' id='line_1_63' title="bbox 2056 565 3649 638; baseline -0.001 -18"><span class='ocrx_word' id='word_1_500' title='bbox 2056 567 2178 622; x_wconf 72' lang='lat' dir='ltr'><strong>bilia</strong></span> <span class='ocrx_word' id='word_1_501' title='bbox 2212 568 2298 621; x_wconf 86' lang='lat' dir='ltr'><strong>illa</strong></span> <span class='ocrx_word' id='word_1_502' title='bbox 2327 567 2462 622; x_wconf 89' lang='lat' dir='ltr'><strong>bona</strong></span> <span class='ocrx_word' id='word_1_503' title='bbox 2487 608 2500 630; x_wconf 92' lang='lat'><strong>,</strong></span> <span class='ocrx_word' id='word_1_504' title='bbox 2532 568 2698 638; x_wconf 87' lang='lat' dir='ltr'><strong>gratia</strong></span> <span class='ocrx_word' id='word_1_505' title='bbox 2753 576 2806 621; x_wconf 89' lang='lat' dir='ltr'><strong>et</strong></span> <span class='ocrx_word' id='word_1_506' title='bbox 2855 567 3176 636; x_wconf 73' lang='lat' dir='ltr'><strong>benignitate</strong></span> <span class='ocrx_word' id='word_1_507' title='bbox 3223 565 3427 622; x_wconf 87' lang='lat' dir='ltr'><strong>Domini</strong></span> <span class='ocrx_word' id='word_1_508' title='bbox 3472 566 3649 620; x_wconf 79' lang='lat' dir='ltr'><strong>nosui</strong></span> 
     </span>
    </p>
   </div>
   <div class='ocr_carea' id='block_1_64' title="bbox 2055 658 3655 730">
    <p class='ocr_par' dir='ltr' id='par_1_64' title="bbox 2055 658 3655 730">
     <span class='ocr_line' id='line_1_64' title="bbox 2055 658 3655 730; baseline -0.004 -16"><span class='ocrx_word' id='word_1_509' title='bbox 2055 660 2180 714; x_wconf 85' lang='lat' dir='ltr'><strong>Jesu</strong></span> <span class='ocrx_word' id='word_1_510' title='bbox 2203 661 2421 726; x_wconf 77' lang='lat' dir='ltr'><strong>Christi,</strong></span> <span class='ocrx_word' id='word_1_511' title='bbox 2454 675 2572 722; x_wconf 85' lang='lat' dir='ltr'><strong>cum</strong></span> <span class='ocrx_word' id='word_1_512' title='bbox 2605 675 2709 730; x_wconf 92' lang='lat' dir='ltr'><strong>quo</strong></span> <span class='ocrx_word' id='word_1_513' title='bbox 2737 661 2803 712; x_wconf 87' lang='lat' dir='ltr'><strong>sit</strong></span> <span class='ocrx_word' id='word_1_514' title='bbox 2835 659 2972 712; x_wconf 83' lang='lat' dir='ltr'><strong>Patri</strong></span> <span class='ocrx_word' id='word_1_515' title='bbox 2991 667 3046 713; x_wconf 89' lang='lat' dir='ltr'><strong>et</strong></span> <span class='ocrx_word' id='word_1_516' title='bbox 3067 658 3283 727; x_wconf 83' lang='lat' dir='ltr'><strong>Spiritui</strong></span> <span class='ocrx_word' id='word_1_517' title='bbox 3309 669 3499 723; x_wconf 84' lang='lat' dir='ltr'><strong>sancto</strong></span> <span class='ocrx_word' id='word_1_518' title='bbox 3527 660 3655 728; x_wconf 83' lang='lat' dir='ltr'><strong>glo-</strong></span> 
     </span>
    </p>
   </div>
   <div class='ocr_carea' id='block_1_65' title="bbox 2059 752 3652 823">
    <p class='ocr_par' dir='ltr' id='par_1_65' title="bbox 2059 752 3652 823">
     <span class='ocr_line' id='line_1_65' title="bbox 2059 752 3652 823; baseline -0.001 -16"><span class='ocrx_word' id='word_1_519' title='bbox 2059 752 2154 816; x_wconf 89' lang='lat' dir='ltr'><strong>ria,</strong></span> <span class='ocrx_word' id='word_1_520' title='bbox 2191 754 2490 823; x_wconf 87' lang='lat' dir='ltr'><strong>itnperium,</strong></span> <span class='ocrx_word' id='word_1_521' title='bbox 2517 758 2707 818; x_wconf 88' lang='lat' dir='ltr'><strong>honor,</strong></span> <span class='ocrx_word' id='word_1_522' title='bbox 2739 769 2877 808; x_wconf 89' lang='lat' dir='ltr'><strong>nunc</strong></span> <span class='ocrx_word' id='word_1_523' title='bbox 2909 763 2962 807; x_wconf 89' lang='lat' dir='ltr'><strong>et</strong></span> <span class='ocrx_word' id='word_1_524' title='bbox 2981 769 3194 823; x_wconf 85' lang='lat' dir='ltr'><strong>semper</strong></span> <span class='ocrx_word' id='word_1_525' title='bbox 3220 793 3236 820; x_wconf 86' lang='lat'><strong>,</strong></span> <span class='ocrx_word' id='word_1_526' title='bbox 3278 761 3332 816; x_wconf 85' lang='lat' dir='ltr'><strong>et</strong></span> <span class='ocrx_word' id='word_1_527' title='bbox 3360 753 3414 809; x_wconf 90' lang='lat' dir='ltr'><strong>in</strong></span> <span class='ocrx_word' id='word_1_528' title='bbox 3442 753 3652 808; x_wconf 73' lang='lat' dir='ltr'><strong>sarcula</strong></span> 
     </span>
    </p>
   </div>
   <div class='ocr_carea' id='block_1_66' title="bbox 2056 845 2624 900">
    <p class='ocr_par' dir='ltr' id='par_1_66' title="bbox 2056 845 2624 900">
     <span class='ocr_line' id='line_1_66' title="bbox 2056 845 2624 900; baseline -0.004 0"><span class='ocrx_word' id='word_1_529' title='bbox 2056 845 2399 900; x_wconf 69' lang='lat' dir='ltr'><strong>surculorum.</strong></span> <span class='ocrx_word' id='word_1_530' title='bbox 2432 847 2624 900; x_wconf 81' lang='lat' dir='ltr'><strong>Amen.</strong></span> 
     </span>
    </p>
   </div>
   <div class='ocr_carea' id='block_1_67' title="bbox 2636 953 3042 1015">
    <p class='ocr_par' dir='ltr' id='par_1_67' title="bbox 2636 953 3042 1015">
     <span class='ocr_line' id='line_1_67' title="bbox 2636 953 3042 1015; baseline 0.005 -7"><span class='ocrx_word' id='word_1_531' title='bbox 2636 953 2908 1014; x_wconf 67' lang='lat' dir='ltr'><strong>IlDMlLlA</strong></span> <span class='ocrx_word' id='word_1_532' title='bbox 2951 955 3042 1015; x_wconf 74' lang='lat' dir='ltr'><strong>IX.</strong></span> 
     </span>
    </p>
   </div>
   <div class='ocr_carea' id='block_1_68' title="bbox 2060 1068 3650 1139">
    <p class='ocr_par' dir='ltr' id='par_1_68' title="bbox 2060 1068 3650 1139">
     <span class='ocr_line' id='line_1_68' title="bbox 2060 1068 3650 1139; baseline 0.002 -15"><span class='ocrx_word' id='word_1_533' title='bbox 2060 1068 2136 1124; x_wconf 81' lang='lat' dir='ltr'><strong>De</strong></span> <span class='ocrx_word' id='word_1_534' title='bbox 2159 1069 2222 1124; x_wconf 71' lang='lat' dir='ltr'><strong>iis</strong></span> <span class='ocrx_word' id='word_1_535' title='bbox 2249 1083 2359 1139; x_wconf 69' lang='lat' dir='ltr'><strong>qum</strong></span> <span class='ocrx_word' id='word_1_536' title='bbox 2395 1081 2667 1138; x_wconf 77' lang='lat' dir='ltr'><strong>sequuntur</strong></span> <span class='ocrx_word' id='word_1_537' title='bbox 2705 1070 2811 1121; x_wconf 74' lang='lat' dir='ltr'><strong>liazc</strong></span> <span class='ocrx_word' id='word_1_538' title='bbox 2852 1069 3017 1130; x_wconf 78' lang='lat' dir='ltr'><strong>verba,</strong></span> <span class='ocrx_word' id='word_1_539' title='bbox 3051 1069 3329 1124; x_wconf 84' lang='lat' dir='ltr'><strong>Faciamus</strong></span> <span class='ocrx_word' id='word_1_540' title='bbox 3371 1071 3650 1127; x_wconf 84' lang='lat' dir='ltr'><strong>hominem</strong></span> 
     </span>
    </p>
   </div>
   <div class='ocr_carea' id='block_1_69' title="bbox 2129 1160 3654 1230">
    <p class='ocr_par' dir='ltr' id='par_1_69' title="bbox 2129 1160 3654 1230">
     <span class='ocr_line' id='line_1_69' title="bbox 2129 1160 3654 1230; baseline 0 -14"><span class='ocrx_word' id='word_1_541' title='bbox 2129 1161 2420 1216; x_wconf 82' lang='lat' dir='ltr'><strong>secundum</strong></span> <span class='ocrx_word' id='word_1_542' title='bbox 2455 1160 2739 1228; x_wconf 79' lang='lat' dir='ltr'><strong>imaginem</strong></span> <span class='ocrx_word' id='word_1_543' title='bbox 2771 1170 3007 1214; x_wconf 86' lang='lat' dir='ltr'><strong>nostram</strong></span> <span class='ocrx_word' id='word_1_544' title='bbox 3045 1179 3058 1214; x_wconf 90' lang='lat'>:</span> <span class='ocrx_word' id='word_1_545' title='bbox 3085 1171 3132 1215; x_wconf 84' lang='lat' dir='ltr'><strong>et</strong></span> <span class='ocrx_word' id='word_1_546' title='bbox 3161 1163 3399 1216; x_wconf 74' lang='lat' dir='ltr'><strong>adversus</strong></span> <span class='ocrx_word' id='word_1_547' title='bbox 3442 1180 3526 1216; x_wconf 78' lang='lat' dir='ltr'><strong>eos</strong></span> <span class='ocrx_word' id='word_1_548' title='bbox 3558 1165 3654 1230; x_wconf 71' lang='lat' dir='ltr'><strong>qui</strong></span> 
     </span>
    </p>
   </div>
   <div class='ocr_carea' id='block_1_70' title="bbox 2129 1252 3650 1322">
    <p class='ocr_par' dir='ltr' id='par_1_70' title="bbox 2129 1252 3650 1322">
     <span class='ocr_line' id='line_1_70' title="bbox 2129 1252 3650 1322; baseline 0.003 -16"><span class='ocrx_word' id='word_1_549' title='bbox 2129 1253 2319 1318; x_wconf 69' lang='lat' dir='ltr'><strong>dicunt,</strong></span> <span class='ocrx_word' id='word_1_550' title='bbox 2357 1252 2460 1304; x_wconf 88' lang='lat' dir='ltr'><strong>Cur</strong></span> <span class='ocrx_word' id='word_1_551' title='bbox 2481 1253 2650 1306; x_wconf 73' lang='lat' dir='ltr'><strong>brstite</strong></span> <span class='ocrx_word' id='word_1_552' title='bbox 2672 1253 2824 1322; x_wconf 66' lang='lat' dir='ltr'><strong>farm</strong></span> <span class='ocrx_word' id='word_1_553' title='bbox 2848 1265 2984 1317; x_wconf 71' lang='lat' dir='ltr'><strong>sunt,</strong></span> <span class='ocrx_word' id='word_1_554' title='bbox 3010 1263 3054 1306; x_wconf 80' lang='lat' dir='ltr'><strong>et</strong></span> <span class='ocrx_word' id='word_1_555' title='bbox 3083 1255 3192 1322; x_wconf 81' lang='lat' dir='ltr'><strong>quis</strong></span> <span class='ocrx_word' id='word_1_556' title='bbox 3221 1272 3337 1308; x_wconf 78' lang='lat' dir='ltr'><strong>usus</strong></span> <span class='ocrx_word' id='word_1_557' title='bbox 3377 1253 3650 1311; x_wconf 68' lang='lat' dir='ltr'><strong>errationis</strong></span> 
     </span>
    </p>
   </div>
   <div class='ocr_carea' id='block_1_71' title="bbox 2129 1343 3653 1414">
    <p class='ocr_par' dir='ltr' id='par_1_71' title="bbox 2129 1343 3653 1414">
     <span class='ocr_line' id='line_1_71' title="bbox 2129 1343 3653 1414; baseline 0.002 -15"><span class='ocrx_word' id='word_1_558' title='bbox 2129 1345 2338 1399; x_wconf 77' lang='lat' dir='ltr'><strong>eorum?</strong></span> <span class='ocrx_word' id='word_1_559' title='bbox 2363 1343 2430 1398; x_wconf 85' lang='lat' dir='ltr'><strong>Et</strong></span> <span class='ocrx_word' id='word_1_560' title='bbox 2457 1345 2593 1414; x_wconf 84' lang='lat' dir='ltr'><strong>quod</strong></span> <span class='ocrx_word' id='word_1_561' title='bbox 2613 1346 2690 1399; x_wconf 84' lang='lat' dir='ltr'><strong>vel</strong></span> <span class='ocrx_word' id='word_1_562' title='bbox 2720 1346 2794 1399; x_wconf 75' lang='lat' dir='ltr'><strong>sic</strong></span> <span class='ocrx_word' id='word_1_563' title='bbox 2817 1347 3037 1400; x_wconf 71' lang='lat' dir='ltr'><strong>niaxime</strong></span> <span class='ocrx_word' id='word_1_564' title='bbox 3061 1348 3341 1400; x_wconf 80' lang='lat' dir='ltr'><strong>declaretur</strong></span> <span class='ocrx_word' id='word_1_565' title='bbox 3361 1349 3523 1401; x_wconf 82' lang='lat' dir='ltr'><strong>honor</strong></span> <span class='ocrx_word' id='word_1_566' title='bbox 3553 1352 3653 1402; x_wconf 78' lang='lat' dir='ltr'><strong>Ito-</strong></span> 
     </span>
    </p>
   </div>
   <div class='ocr_carea' id='block_1_72' title="bbox 2130 1436 3649 1511">
    <p class='ocr_par' dir='ltr' id='par_1_72' title="bbox 2130 1436 3649 1511">
     <span class='ocr_line' id='line_1_72' title="bbox 2130 1436 3649 1511; baseline 0.004 -22"><span class='ocrx_word' id='word_1_567' title='bbox 2130 1437 2255 1490; x_wconf 83' lang='lat' dir='ltr'><strong>mini</strong></span> <span class='ocrx_word' id='word_1_568' title='bbox 2279 1438 2498 1505; x_wconf 76' lang='lat' dir='ltr'><strong>habitur,</strong></span> <span class='ocrx_word' id='word_1_569' title='bbox 2526 1448 2676 1510; x_wconf 77' lang='lat' dir='ltr'><strong>atque</strong></span> <span class='ocrx_word' id='word_1_570' title='bbox 2711 1437 2984 1504; x_wconf 62' lang='lat' dir='ltr'><strong>ineffabili:</strong></span> <span class='ocrx_word' id='word_1_571' title='bbox 3023 1436 3123 1492; x_wconf 79' lang='lat' dir='ltr'><strong>Dei</strong></span> <span class='ocrx_word' id='word_1_572' title='bbox 3150 1456 3269 1511; x_wconf 80' lang='lat' dir='ltr'><strong>erga</strong></span> <span class='ocrx_word' id='word_1_573' title='bbox 3295 1440 3461 1510; x_wconf 73' lang='lat' dir='ltr'><strong>ipsum</strong></span> <span class='ocrx_word' id='word_1_574' title='bbox 3489 1443 3649 1495; x_wconf 79' lang='lat' dir='ltr'><strong>bene-</strong></span> 
     </span>
    </p>
   </div>
   <div class='ocr_carea' id='block_1_73' title="bbox 2129 1528 2365 1582">
    <p class='ocr_par' dir='ltr' id='par_1_73' title="bbox 2129 1528 2365 1582">
     <span class='ocr_line' id='line_1_73' title="bbox 2129 1528 2365 1582; baseline 0 0"><span class='ocrx_word' id='word_1_575' title='bbox 2129 1528 2365 1582; x_wconf 79' lang='lat' dir='ltr'><strong>volentia.</strong></span> 
     </span>
    </p>
   </div>
   <div class='ocr_carea' id='block_1_74' title="bbox 2133 1641 3655 1714">
    <p class='ocr_par' dir='ltr' id='par_1_74' title="bbox 2133 1641 3655 1714">
     <span class='ocr_line' id='line_1_74' title="bbox 2133 1641 3655 1714; baseline 0.004 -18"><span class='ocrx_word' id='word_1_576' title='bbox 2133 1643 2186 1697; x_wconf 77' lang='grc' dir='ltr'><strong>Ι.</strong></span> <span class='ocrx_word' id='word_1_577' title='bbox 2227 1641 2488 1712; x_wconf 66' lang='lat' dir='ltr'><strong>Agricolae</strong></span> <span class='ocrx_word' id='word_1_578' title='bbox 2538 1643 2916 1708; x_wconf 88' lang='lat' dir='ltr'><strong>studiosiores,</strong></span> <span class='ocrx_word' id='word_1_579' title='bbox 2948 1657 3071 1698; x_wconf 92' lang='lat' dir='ltr'><strong>cum</strong></span> <span class='ocrx_word' id='word_1_580' title='bbox 3118 1644 3310 1714; x_wconf 86' lang='lat' dir='ltr'><strong>pingue</strong></span> <span class='ocrx_word' id='word_1_581' title='bbox 3339 1645 3568 1700; x_wconf 88' lang='lat' dir='ltr'><strong>viderint</strong></span> <span class='ocrx_word' id='word_1_582' title='bbox 3593 1657 3655 1702; x_wconf 90' lang='lat' dir='ltr'><strong>et</strong></span> 
     </span>
    </p>
   </div>
   <div class='ocr_carea' id='block_1_75' title="bbox 2062 1735 3653 1810">
    <p class='ocr_par' dir='ltr' id='par_1_75' title="bbox 2062 1735 3653 1810">
     <span class='ocr_line' id='line_1_75' title="bbox 2062 1735 3653 1810; baseline 0.005 -24"><span class='ocrx_word' id='word_1_583' title='bbox 2062 1735 2381 1806; x_wconf 86' lang='lat' dir='ltr'><strong>profundum</strong></span> <span class='ocrx_word' id='word_1_584' title='bbox 2399 1751 2606 1800; x_wconf 84' lang='lat' dir='ltr'><strong>arvum,</strong></span> <span class='ocrx_word' id='word_1_585' title='bbox 2629 1735 2846 1806; x_wconf 88' lang='lat' dir='ltr'><strong>largiter</strong></span> <span class='ocrx_word' id='word_1_586' title='bbox 2861 1739 3061 1790; x_wconf 86' lang='lat' dir='ltr'><strong>semina</strong></span> <span class='ocrx_word' id='word_1_587' title='bbox 3081 1748 3352 1808; x_wconf 85' lang='lat' dir='ltr'><strong>spargunt,</strong></span> <span class='ocrx_word' id='word_1_588' title='bbox 3375 1755 3653 1810; x_wconf 87' lang='lat' dir='ltr'><strong>magnam-</strong></span> 
     </span>
    </p>
   </div>
   <div class='ocr_carea' id='block_1_76' title="bbox 2062 1827 3654 1901">
    <p class='ocr_par' dir='ltr' id='par_1_76' title="bbox 2062 1827 3654 1901">
     <span class='ocr_line' id='line_1_76' title="bbox 2062 1827 3654 1901; baseline 0.006 -22"><span class='ocrx_word' id='word_1_589' title='bbox 2062 1843 2164 1897; x_wconf 92' lang='lat' dir='ltr'><strong>que</strong></span> <span class='ocrx_word' id='word_1_590' title='bbox 2191 1835 2243 1880; x_wconf 86' lang='lat' dir='ltr'><strong>et</strong></span> <span class='ocrx_word' id='word_1_591' title='bbox 2265 1827 2534 1881; x_wconf 83' lang='lat' dir='ltr'><strong>assiduam</strong></span> <span class='ocrx_word' id='word_1_592' title='bbox 2560 1827 2882 1897; x_wconf 84' lang='lat' dir='ltr'><strong>diligentiam</strong></span> <span class='ocrx_word' id='word_1_593' title='bbox 2910 1829 3244 1891; x_wconf 80' lang='lat' dir='ltr'><strong>adhibentes,</strong></span> <span class='ocrx_word' id='word_1_594' title='bbox 3279 1833 3514 1901; x_wconf 84' lang='lat' dir='ltr'><strong>quotidie</strong></span> <span class='ocrx_word' id='word_1_595' title='bbox 3553 1850 3654 1888; x_wconf 78' lang='lat' dir='ltr'><strong>ex-</strong></span> 
     </span>
    </p>
   </div>
   <div class='ocr_carea' id='block_1_77' title="bbox 2065 1920 3651 1992">
    <p class='ocr_par' dir='ltr' id='par_1_77' title="bbox 2065 1920 3651 1992">
     <span class='ocr_line' id='line_1_77' title="bbox 2065 1920 3651 1992; baseline 0.006 -20"><span class='ocrx_word' id='word_1_596' title='bbox 2065 1920 2292 1987; x_wconf 78' lang='lat' dir='ltr'><strong>plorant,</strong></span> <span class='ocrx_word' id='word_1_597' title='bbox 2327 1935 2452 1972; x_wconf 89' lang='lat' dir='ltr'><strong>num</strong></span> <span class='ocrx_word' id='word_1_598' title='bbox 2485 1921 2618 1973; x_wconf 89' lang='lat' dir='ltr'><strong>forte</strong></span> <span class='ocrx_word' id='word_1_599' title='bbox 2642 1920 2833 1975; x_wconf 90' lang='lat' dir='ltr'><strong>alicubi</strong></span> <span class='ocrx_word' id='word_1_600' title='bbox 2859 1921 2946 1986; x_wconf 91' lang='lat' dir='ltr'><strong>sit,</strong></span> <span class='ocrx_word' id='word_1_601' title='bbox 2971 1922 3110 1989; x_wconf 87' lang='lat' dir='ltr'><strong>quod</strong></span> <span class='ocrx_word' id='word_1_602' title='bbox 3133 1925 3297 1992; x_wconf 80' lang='lat' dir='ltr'><strong>segeti</strong></span> <span class='ocrx_word' id='word_1_603' title='bbox 3349 1939 3563 1989; x_wconf 90' lang='lat' dir='ltr'><strong>nocere,</strong></span> <span class='ocrx_word' id='word_1_604' title='bbox 3592 1936 3651 1981; x_wconf 91' lang='lat' dir='ltr'><strong>et</strong></span> 
     </span>
    </p>
   </div>
   <div class='ocr_carea' id='block_1_78' title="bbox 2063 2011 3646 2082">
    <p class='ocr_par' dir='ltr' id='par_1_78' title="bbox 2063 2011 3646 2082">
     <span class='ocr_line' id='line_1_78' title="bbox 2063 2011 3646 2082; baseline 0.005 -18"><span class='ocrx_word' id='word_1_605' title='bbox 2063 2011 2298 2066; x_wconf 82' lang='lat' dir='ltr'><strong>laborem</strong></span> <span class='ocrx_word' id='word_1_606' title='bbox 2337 2025 2494 2080; x_wconf 89' lang='lat' dir='ltr'><strong>quem</strong></span> <span class='ocrx_word' id='word_1_607' title='bbox 2526 2022 2873 2080; x_wconf 87' lang='lat' dir='ltr'><strong>susceperunt</strong></span> <span class='ocrx_word' id='word_1_608' title='bbox 2906 2012 3144 2066; x_wconf 78' lang='lat' dir='ltr'><strong>inutilem</strong></span> <span class='ocrx_word' id='word_1_609' title='bbox 3194 2015 3360 2082; x_wconf 90' lang='lat' dir='ltr'><strong>possit</strong></span> <span class='ocrx_word' id='word_1_610' title='bbox 3402 2016 3646 2072; x_wconf 88' lang='lat' dir='ltr'><strong>reddere.</strong></span> 
     </span>
    </p>
   </div>
   <div class='ocr_carea' id='block_1_79' title="bbox 2063 2101 3655 2171">
    <p class='ocr_par' dir='ltr' id='par_1_79' title="bbox 2063 2101 3655 2171">
     <span class='ocr_line' id='line_1_79' title="bbox 2063 2101 3655 2171; baseline 0.004 -15"><span class='ocrx_word' id='word_1_611' title='bbox 2063 2101 2233 2156; x_wconf 82' lang='lat' dir='ltr'><strong>Situli</strong></span> <span class='ocrx_word' id='word_1_612' title='bbox 2263 2101 2421 2155; x_wconf 91' lang='lat' dir='ltr'><strong>modo</strong></span> <span class='ocrx_word' id='word_1_613' title='bbox 2442 2110 2496 2156; x_wconf 89' lang='lat' dir='ltr'><strong>et</strong></span> <span class='ocrx_word' id='word_1_614' title='bbox 2527 2117 2622 2156; x_wconf 86' lang='lat' dir='ltr'><strong>nos</strong></span> <span class='ocrx_word' id='word_1_615' title='bbox 2644 2103 2916 2171; x_wconf 90' lang='lat' dir='ltr'><strong>spirituale</strong></span> <span class='ocrx_word' id='word_1_616' title='bbox 2945 2103 3266 2158; x_wconf 82' lang='lat' dir='ltr'><strong>desiderium</strong></span> <span class='ocrx_word' id='word_1_617' title='bbox 3300 2117 3532 2160; x_wconf 80' lang='lat' dir='ltr'><strong>vesti-unt</strong></span> <span class='ocrx_word' id='word_1_618' title='bbox 3555 2149 3570 2171; x_wconf 92' lang='lat'><strong>,</strong></span> <span class='ocrx_word' id='word_1_619' title='bbox 3595 2115 3655 2162; x_wconf 89' lang='lat' dir='ltr'><strong>et</strong></span> 
     </span>
    </p>
   </div>
   <div class='ocr_carea' id='block_1_80' title="bbox 2067 2193 3654 2265">
    <p class='ocr_par' dir='ltr' id='par_1_80' title="bbox 2067 2193 3654 2265">
     <span class='ocr_line' id='line_1_80' title="bbox 2067 2193 3654 2265; baseline 0.004 -17"><span class='ocrx_word' id='word_1_620' title='bbox 2067 2195 2251 2263; x_wconf 83' lang='lat' dir='ltr'><strong>ingens</strong></span> <span class='ocrx_word' id='word_1_621' title='bbox 2276 2193 2520 2249; x_wconf 88' lang='lat' dir='ltr'><strong>audiendi</strong></span> <span class='ocrx_word' id='word_1_622' title='bbox 2543 2196 2772 2250; x_wconf 91' lang='lat' dir='ltr'><strong>studium</strong></span> <span class='ocrx_word' id='word_1_623' title='bbox 2805 2195 3066 2260; x_wconf 87' lang='lat' dir='ltr'><strong>videntes,</strong></span> <span class='ocrx_word' id='word_1_624' title='bbox 3097 2213 3313 2265; x_wconf 84' lang='lat' dir='ltr'><strong>operam</strong></span> <span class='ocrx_word' id='word_1_625' title='bbox 3359 2199 3550 2254; x_wconf 90' lang='lat' dir='ltr'><strong>damus</strong></span> <span class='ocrx_word' id='word_1_626' title='bbox 3591 2212 3654 2254; x_wconf 88' lang='lat' dir='ltr'><strong>ut</strong></span> 
     </span>
    </p>
   </div>
   <div class='ocr_carea' id='block_1_81' title="bbox 2067 2287 3654 2358">
    <p class='ocr_par' dir='ltr' id='par_1_81' title="bbox 2067 2287 3654 2358">
     <span class='ocr_line' id='line_1_81' title="bbox 2067 2287 3654 2358; baseline 0.006 -20"><span class='ocrx_word' id='word_1_627' title='bbox 2067 2287 2300 2357; x_wconf 88' lang='lat' dir='ltr'><strong>quotidie</strong></span> <span class='ocrx_word' id='word_1_628' title='bbox 2325 2289 2616 2342; x_wconf 87' lang='lat' dir='ltr'><strong>sententias</strong></span> <span class='ocrx_word' id='word_1_629' title='bbox 2637 2287 2890 2358; x_wconf 86' lang='lat' dir='ltr'><strong>quasdam</strong></span> <span class='ocrx_word' id='word_1_630' title='bbox 2919 2289 3109 2342; x_wconf 75' lang='lat' dir='ltr'><strong>divina:</strong></span> <span class='ocrx_word' id='word_1_631' title='bbox 3146 2290 3433 2358; x_wconf 65' lang='lat' dir='ltr'><strong>Scriptura:</strong></span> <span class='ocrx_word' id='word_1_632' title='bbox 3456 2302 3654 2347; x_wconf 71' lang='lat' dir='ltr'><strong>vestra:</strong></span> 
     </span>
    </p>
   </div>
   <div class='ocr_carea' id='block_1_82' title="bbox 2068 2379 3655 2451">
    <p class='ocr_par' dir='ltr' id='par_1_82' title="bbox 2068 2379 3655 2451">
     <span class='ocr_line' id='line_1_82' title="bbox 2068 2379 3655 2451; baseline 0.004 -21"><span class='ocrx_word' id='word_1_633' title='bbox 2068 2379 2242 2431; x_wconf 85' lang='lat' dir='ltr'><strong>menti.</strong></span> <span class='ocrx_word' id='word_1_634' title='bbox 2276 2379 2573 2432; x_wconf 87' lang='lat' dir='ltr'><strong>inseramus</strong></span> <span class='ocrx_word' id='word_1_635' title='bbox 2596 2421 2610 2444; x_wconf 97' lang='lat'><strong>,</strong></span> <span class='ocrx_word' id='word_1_636' title='bbox 2640 2380 2896 2448; x_wconf 89' lang='lat' dir='ltr'><strong>vobisque</strong></span> <span class='ocrx_word' id='word_1_637' title='bbox 2925 2380 3084 2432; x_wconf 89' lang='lat' dir='ltr'><strong>etiam</strong></span> <span class='ocrx_word' id='word_1_638' title='bbox 3120 2380 3414 2434; x_wconf 87' lang='lat' dir='ltr'><strong>indicemus</strong></span> <span class='ocrx_word' id='word_1_639' title='bbox 3445 2397 3503 2436; x_wconf 87' lang='lat' dir='ltr'><strong>ea</strong></span> <span class='ocrx_word' id='word_1_640' title='bbox 3529 2397 3655 2451; x_wconf 77' lang='lat' dir='ltr'><strong>qua:</strong></span> 
     </span>
    </p>
   </div>
   <div class='ocr_carea' id='block_1_83' title="bbox 2067 2469 3657 2538">
    <p class='ocr_par' dir='ltr' id='par_1_83' title="bbox 2067 2469 3657 2538">
     <span class='ocr_line' id='line_1_83' title="bbox 2067 2469 3657 2538; baseline 0.003 -16"><span class='ocrx_word' id='word_1_641' title='bbox 2067 2469 2324 2537; x_wconf 76' lang='lat' dir='ltr'><strong>Spirituali</strong></span> <span class='ocrx_word' id='word_1_642' title='bbox 2351 2471 2538 2524; x_wconf 87' lang='lat' dir='ltr'><strong>semini</strong></span> <span class='ocrx_word' id='word_1_643' title='bbox 2569 2471 2722 2524; x_wconf 83' lang='lat' dir='ltr'><strong>noxia</strong></span> <span class='ocrx_word' id='word_1_644' title='bbox 2754 2485 2871 2524; x_wconf 89' lang='lat' dir='ltr'><strong>csse</strong></span> <span class='ocrx_word' id='word_1_645' title='bbox 2899 2481 3136 2538; x_wconf 86' lang='lat' dir='ltr'><strong>possunt,</strong></span> <span class='ocrx_word' id='word_1_646' title='bbox 3169 2487 3236 2524; x_wconf 91' lang='lat' dir='ltr'><strong>ne</strong></span> <span class='ocrx_word' id='word_1_647' title='bbox 3265 2471 3396 2527; x_wconf 90' lang='lat' dir='ltr'><strong>forte</strong></span> <span class='ocrx_word' id='word_1_648' title='bbox 3423 2474 3657 2529; x_wconf 89' lang='lat' dir='ltr'><strong>circum-</strong></span> 
     </span>
    </p>
   </div>
   <div class='ocr_carea' id='block_1_84' title="bbox 2069 2563 3654 2633">
    <p class='ocr_par' dir='ltr' id='par_1_84' title="bbox 2069 2563 3654 2633">
     <span class='ocr_line' id='line_1_84' title="bbox 2069 2563 3654 2633; baseline 0.004 -17"><span class='ocrx_word' id='word_1_649' title='bbox 2069 2563 2372 2627; x_wconf 89' lang='lat' dir='ltr'><strong>vcuiamini,</strong></span> <span class='ocrx_word' id='word_1_650' title='bbox 2404 2579 2536 2618; x_wconf 90' lang='lat' dir='ltr'><strong>neve</strong></span> <span class='ocrx_word' id='word_1_651' title='bbox 2564 2579 2690 2618; x_wconf 90' lang='lat' dir='ltr'><strong>sana</strong></span> <span class='ocrx_word' id='word_1_652' title='bbox 2713 2564 2967 2619; x_wconf 80' lang='lat' dir='ltr'><strong>doctrinze</strong></span> <span class='ocrx_word' id='word_1_653' title='bbox 2987 2566 3228 2633; x_wconf 74' lang='lat' dir='ltr'><strong>dogmata</strong></span> <span class='ocrx_word' id='word_1_654' title='bbox 3262 2566 3654 2629; x_wconf 66' lang='lat' dir='ltr'><strong>labefhctentur</strong></span> 
     </span>
    </p>
   </div>
   <div class='ocr_carea' id='block_1_85' title="bbox 2072 2658 3653 2731">
    <p class='ocr_par' dir='ltr' id='par_1_85' title="bbox 2072 2658 3653 2731">
     <span class='ocr_line' id='line_1_85' title="bbox 2072 2658 3653 2731; baseline 0.006 -21"><span class='ocrx_word' id='word_1_655' title='bbox 2072 2672 2167 2725; x_wconf 87' lang='lat' dir='ltr'><strong>per</strong></span> <span class='ocrx_word' id='word_1_656' title='bbox 2213 2658 2561 2727; x_wconf 86' lang='lat' dir='ltr'><strong>quorumdam</strong></span> <span class='ocrx_word' id='word_1_657' title='bbox 2609 2671 2878 2722; x_wconf 91' lang='lat' dir='ltr'><strong>conatum,</strong></span> <span class='ocrx_word' id='word_1_658' title='bbox 2916 2661 3005 2729; x_wconf 89' lang='lat' dir='ltr'><strong>qui</strong></span> <span class='ocrx_word' id='word_1_659' title='bbox 3051 2659 3306 2715; x_wconf 76' lang='lat' dir='ltr'><strong>Ecclesia:</strong></span> <span class='ocrx_word' id='word_1_660' title='bbox 3335 2663 3653 2731; x_wconf 88' lang='lat' dir='ltr'><strong>placitorum</strong></span> 
     </span>
    </p>
   </div>
   <div class='ocr_carea' id='block_1_86' title="bbox 2073 2746 3656 2819">
    <p class='ocr_par' dir='ltr' id='par_1_86' title="bbox 2073 2746 3656 2819">
     <span class='ocr_line' id='line_1_86' title="bbox 2073 2746 3656 2819; baseline 0.006 -19"><span class='ocrx_word' id='word_1_661' title='bbox 2073 2746 2186 2800; x_wconf 90' lang='lat' dir='ltr'><strong>loco</strong></span> <span class='ocrx_word' id='word_1_662' title='bbox 2213 2748 2470 2802; x_wconf 88' lang='lat' dir='ltr'><strong>ratiocinii</strong></span> <span class='ocrx_word' id='word_1_663' title='bbox 2495 2750 2573 2801; x_wconf 91' lang='lat' dir='ltr'><strong>sui</strong></span> <span class='ocrx_word' id='word_1_664' title='bbox 2599 2749 2842 2819; x_wconf 80' lang='lat' dir='ltr'><strong>figmenta</strong></span> <span class='ocrx_word' id='word_1_665' title='bbox 2868 2750 3117 2806; x_wconf 89' lang='lat' dir='ltr'><strong>inducere</strong></span> <span class='ocrx_word' id='word_1_666' title='bbox 3145 2761 3372 2806; x_wconf 90' lang='lat' dir='ltr'><strong>tentant.</strong></span> <span class='ocrx_word' id='word_1_667' title='bbox 3407 2752 3656 2810; x_wconf 73' lang='lat' dir='ltr'><strong>Vestrum</strong></span> 
     </span>
    </p>
   </div>
   <div class='ocr_carea' id='block_1_87' title="bbox 2072 2840 3659 2915">
    <p class='ocr_par' dir='ltr' id='par_1_87' title="bbox 2072 2840 3659 2915">
     <span class='ocr_line' id='line_1_87' title="bbox 2072 2840 3659 2915; baseline 0.008 -23"><span class='ocrx_word' id='word_1_668' title='bbox 2072 2850 2249 2895; x_wconf 87' lang='lat' dir='ltr'><strong>autem</strong></span> <span class='ocrx_word' id='word_1_669' title='bbox 2275 2840 2457 2907; x_wconf 84' lang='lat' dir='ltr'><strong>fuerit,</strong></span> <span class='ocrx_word' id='word_1_670' title='bbox 2482 2842 2720 2912; x_wconf 84' lang='lat' dir='ltr'><strong>deposita</strong></span> <span class='ocrx_word' id='word_1_671' title='bbox 2767 2845 2988 2912; x_wconf 89' lang='lat' dir='ltr'><strong>posthac</strong></span> <span class='ocrx_word' id='word_1_672' title='bbox 3032 2845 3316 2915; x_wconf 76' lang='lat' dir='ltr'><strong>diligenter</strong></span> <span class='ocrx_word' id='word_1_673' title='bbox 3355 2863 3570 2903; x_wconf 86' lang='lat' dir='ltr'><strong>servare</strong></span> <span class='ocrx_word' id='word_1_674' title='bbox 3599 2860 3659 2904; x_wconf 85' lang='lat' dir='ltr'><strong>et</strong></span> 
     </span>
    </p>
   </div>
   <div class='ocr_carea' id='block_1_88' title="bbox 2075 2923 3658 3012">
    <p class='ocr_par' dir='ltr' id='par_1_88' title="bbox 2075 2923 3658 3012">
     <span class='ocr_line' id='line_1_88' title="bbox 2075 2923 3658 3012; baseline 0.008 -25"><span class='ocrx_word' id='word_1_675' title='bbox 2075 2935 2222 2987; x_wconf 83' lang='lat' dir='ltr'><strong>firma</strong></span> <span class='ocrx_word' id='word_1_676' title='bbox 2275 2936 2527 2989; x_wconf 89' lang='lat' dir='ltr'><strong>memoria</strong></span> <span class='ocrx_word' id='word_1_677' title='bbox 2577 2939 2867 3000; x_wconf 89' lang='lat' dir='ltr'><strong>custodire,</strong></span> <span class='ocrx_word' id='word_1_678' title='bbox 2923 2952 2977 2992; x_wconf 92' lang='lat' dir='ltr'><strong>ut</strong></span> <span class='ocrx_word' id='word_1_679' title='bbox 3021 2923 3224 2995; x_wconf 84' lang='lat' dir='ltr'><strong>facilius</strong></span> <span class='ocrx_word' id='word_1_680' title='bbox 3273 2948 3328 2994; x_wconf 91' lang='lat' dir='ltr'><strong>et</strong></span> <span class='ocrx_word' id='word_1_681' title='bbox 3379 2944 3658 3012; x_wconf 83' lang='lat' dir='ltr'><strong>sequentia</strong></span> 
     </span>
    </p>
   </div>
   <div class='ocr_carea' id='block_1_89' title="bbox 2073 3025 3656 3105">
    <p class='ocr_par' dir='ltr' id='par_1_89' title="bbox 2073 3025 3656 3105">
     <span class='ocr_line' id='line_1_89' title="bbox 2073 3025 3656 3105; baseline 0.008 -28"><span class='ocrx_word' id='word_1_682' title='bbox 2073 3025 2326 3094; x_wconf 88' lang='lat' dir='ltr'><strong>consequi</strong></span> <span class='ocrx_word' id='word_1_683' title='bbox 2362 3027 2599 3098; x_wconf 88' lang='lat' dir='ltr'><strong>possitis.</strong></span> <span class='ocrx_word' id='word_1_684' title='bbox 2653 3028 2784 3082; x_wconf 88' lang='lat' dir='ltr'><strong>Nam</strong></span> <span class='ocrx_word' id='word_1_685' title='bbox 2843 3029 2944 3088; x_wconf 84' lang='lat' dir='ltr'><strong>nisi</strong></span> <span class='ocrx_word' id='word_1_686' title='bbox 2993 3048 3130 3086; x_wconf 93' lang='lat' dir='ltr'><strong>nunc</strong></span> <span class='ocrx_word' id='word_1_687' title='bbox 3183 3032 3250 3086; x_wconf 88' lang='lat' dir='ltr'><strong>ad</strong></span> <span class='ocrx_word' id='word_1_688' title='bbox 3311 3033 3656 3105; x_wconf 63' lang='lat' dir='ltr'><strong>profundiore</strong></span> 
     </span>
    </p>
   </div>
   <div class='ocr_carea' id='block_1_90' title="bbox 2075 3116 3653 3189">
    <p class='ocr_par' dir='ltr' id='par_1_90' title="bbox 2075 3116 3653 3189">
     <span class='ocr_line' id='line_1_90' title="bbox 2075 3116 3653 3189; baseline 0.006 -19"><span class='ocrx_word' id='word_1_689' title='bbox 2075 3116 2470 3183; x_wconf 86' lang='lat' dir='ltr'><strong>Scripturarum</strong></span> <span class='ocrx_word' id='word_1_690' title='bbox 2493 3133 2645 3172; x_wconf 76' lang='lat' dir='ltr'><strong>sensa</strong></span> <span class='ocrx_word' id='word_1_691' title='bbox 2679 3135 2776 3173; x_wconf 91' lang='lat' dir='ltr'><strong>nos</strong></span> <span class='ocrx_word' id='word_1_692' title='bbox 2803 3119 3259 3189; x_wconf 80' lang='lat' dir='ltr'><strong>descenderimus,</strong></span> <span class='ocrx_word' id='word_1_693' title='bbox 3289 3134 3341 3178; x_wconf 89' lang='lat' dir='ltr'><strong>et</strong></span> <span class='ocrx_word' id='word_1_694' title='bbox 3373 3141 3464 3179; x_wconf 88' lang='lat' dir='ltr'><strong>vos</strong></span> <span class='ocrx_word' id='word_1_695' title='bbox 3499 3142 3653 3180; x_wconf 86' lang='lat' dir='ltr'><strong>men-</strong></span> 
     </span>
    </p>
   </div>
   <div class='ocr_carea' id='block_1_91' title="bbox 2077 3213 3655 3285">
    <p class='ocr_par' dir='ltr' id='par_1_91' title="bbox 2077 3213 3655 3285">
     <span class='ocr_line' id='line_1_91' title="bbox 2077 3213 3655 3285; baseline 0.008 -25"><span class='ocrx_word' id='word_1_696' title='bbox 2077 3217 2183 3262; x_wconf 88' lang='lat' dir='ltr'><strong>tem</strong></span> <span class='ocrx_word' id='word_1_697' title='bbox 2204 3219 2433 3262; x_wconf 87' lang='lat' dir='ltr'><strong>vestram</strong></span> <span class='ocrx_word' id='word_1_698' title='bbox 2451 3213 2843 3279; x_wconf 88' lang='lat' dir='ltr'><strong>eoaptavcritis,</strong></span> <span class='ocrx_word' id='word_1_699' title='bbox 2873 3213 3084 3280; x_wconf 88' lang='lat' dir='ltr'><strong>quando</strong></span> <span class='ocrx_word' id='word_1_700' title='bbox 3102 3213 3290 3284; x_wconf 87' lang='lat' dir='ltr'><strong>jejuuii</strong></span> <span class='ocrx_word' id='word_1_701' title='bbox 3318 3227 3524 3285; x_wconf 88' lang='lat' dir='ltr'><strong>tempus</strong></span> <span class='ocrx_word' id='word_1_702' title='bbox 3549 3227 3655 3282; x_wconf 83' lang='lat' dir='ltr'><strong>est,</strong></span> 
     </span>
    </p>
   </div>
   <div class='ocr_carea' id='block_1_92' title="bbox 2075 3299 3664 3373">
    <p class='ocr_par' dir='ltr' id='par_1_92' title="bbox 2075 3299 3664 3373">
     <span class='ocr_line' id='line_1_92' title="bbox 2075 3299 3664 3373; baseline 0.008 -21"><span class='ocrx_word' id='word_1_703' title='bbox 2075 3299 2288 3368; x_wconf 88' lang='lat' dir='ltr'><strong>quando</strong></span> <span class='ocrx_word' id='word_1_704' title='bbox 2309 3301 2372 3354; x_wconf 91' lang='lat' dir='ltr'><strong>ad</strong></span> <span class='ocrx_word' id='word_1_705' title='bbox 2403 3303 2689 3356; x_wconf 89' lang='lat' dir='ltr'><strong>natandum</strong></span> <span class='ocrx_word' id='word_1_706' title='bbox 2714 3305 2948 3359; x_wconf 91' lang='lat' dir='ltr'><strong>membra</strong></span> <span class='ocrx_word' id='word_1_707' title='bbox 2981 3316 3160 3361; x_wconf 90' lang='lat' dir='ltr'><strong>nostra</strong></span> <span class='ocrx_word' id='word_1_708' title='bbox 3191 3309 3480 3373; x_wconf 77' lang='lat' dir='ltr'><strong>Sttntievia,</strong></span> <span class='ocrx_word' id='word_1_709' title='bbox 3509 3326 3664 3364; x_wconf 85' lang='lat' dir='ltr'><strong>men-</strong></span> 
     </span>
    </p>
   </div>
   <div class='ocr_carea' id='block_1_93' title="bbox 2077 3391 3664 3476">
    <p class='ocr_par' dir='ltr' id='par_1_93' title="bbox 2077 3391 3664 3476">
     <span class='ocr_line' id='line_1_93' title="bbox 2077 3391 3664 3476; baseline 0.008 -32"><span class='ocrx_word' id='word_1_710' title='bbox 2077 3391 2144 3445; x_wconf 85' lang='lat' dir='ltr'><strong>tis</strong></span> <span class='ocrx_word' id='word_1_711' title='bbox 2169 3401 2346 3445; x_wconf 88' lang='lat' dir='ltr'><strong>autem</strong></span> <span class='ocrx_word' id='word_1_712' title='bbox 2371 3393 2554 3447; x_wconf 92' lang='lat' dir='ltr'><strong>oculus</strong></span> <span class='ocrx_word' id='word_1_713' title='bbox 2579 3395 2803 3476; x_wconf 63' lang='lat' dir='ltr'><strong>acutior,</strong></span> <span class='ocrx_word' id='word_1_714' title='bbox 2820 3405 3000 3465; x_wconf 83' lang='lat' dir='ltr'><strong>utpote</strong></span> <span class='ocrx_word' id='word_1_715' title='bbox 3022 3413 3124 3451; x_wconf 92' lang='lat' dir='ltr'><strong>non</strong></span> <span class='ocrx_word' id='word_1_716' title='bbox 3151 3400 3664 3461; x_wconf 82' lang='lat' dir='ltr'><strong>turbatusdatnnosn</strong></span> 
     </span>
    </p>
   </div>
   <div class='ocr_carea' id='block_1_94' title="bbox 2078 3485 3661 3560">
    <p class='ocr_par' dir='ltr' id='par_1_94' title="bbox 2078 3485 3661 3560">
     <span class='ocr_line' id='line_1_94' title="bbox 2078 3485 3661 3560; baseline 0.008 -23"><span class='ocrx_word' id='word_1_717' title='bbox 2078 3485 2364 3554; x_wconf 88' lang='lat' dir='ltr'><strong>voluptatis</strong></span> <span class='ocrx_word' id='word_1_718' title='bbox 2396 3485 2539 3542; x_wconf 79' lang='lat' dir='ltr'><strong>ﬂuxu</strong></span> <span class='ocrx_word' id='word_1_719' title='bbox 2566 3505 2578 3552; x_wconf 95' lang='lat'>;</span> <span class='ocrx_word' id='word_1_720' title='bbox 2611 3489 2831 3558; x_wconf 88' lang='lat' dir='ltr'><strong>spiritus</strong></span> <span class='ocrx_word' id='word_1_721' title='bbox 2852 3506 3083 3560; x_wconf 89' lang='lat' dir='ltr'><strong>quoque,</strong></span> <span class='ocrx_word' id='word_1_722' title='bbox 3115 3508 3183 3548; x_wconf 90' lang='lat' dir='ltr'><strong>ne</strong></span> <span class='ocrx_word' id='word_1_723' title='bbox 3210 3492 3496 3547; x_wconf 87' lang='lat' dir='ltr'><strong>soffocctur</strong></span> <span class='ocrx_word' id='word_1_724' title='bbox 3517 3537 3530 3559; x_wconf 95' lang='lat'><strong>,</strong></span> <span class='ocrx_word' id='word_1_725' title='bbox 3558 3511 3661 3549; x_wconf 79' lang='lat' dir='ltr'><strong>ex—</strong></span> 
     </span>
    </p>
   </div>
   <div class='ocr_carea' id='block_1_95' title="bbox 2080 3577 3664 3652">
    <p class='ocr_par' dir='ltr' id='par_1_95' title="bbox 2080 3577 3664 3652">
     <span class='ocr_line' id='line_1_95' title="bbox 2080 3577 3664 3652; baseline 0.006 -21"><span class='ocrx_word' id='word_1_726' title='bbox 2080 3577 2307 3646; x_wconf 90' lang='lat' dir='ltr'><strong>peditior</strong></span> <span class='ocrx_word' id='word_1_727' title='bbox 2367 3596 2380 3632; x_wconf 92' lang='lat'><strong>:</strong></span> <span class='ocrx_word' id='word_1_728' title='bbox 2439 3580 2778 3650; x_wconf 90' lang='lat' dir='ltr'><strong>quandonam</strong></span> <span class='ocrx_word' id='word_1_729' title='bbox 2839 3584 3118 3637; x_wconf 88' lang='lat' dir='ltr'><strong>commode</strong></span> <span class='ocrx_word' id='word_1_730' title='bbox 3197 3585 3486 3652; x_wconf 85' lang='lat' dir='ltr'><strong>poterimus</strong></span> <span class='ocrx_word' id='word_1_731' title='bbox 3544 3585 3664 3640; x_wconf 75' lang='lat' dir='ltr'><strong>lucc</strong></span> 
     </span>
    </p>
   </div>
   <div class='ocr_carea' id='block_1_96' title="bbox 2080 3670 3660 3745">
    <p class='ocr_par' dir='ltr' id='par_1_96' title="bbox 2080 3670 3660 3745">
     <span class='ocr_line' id='line_1_96' title="bbox 2080 3670 3660 3745; baseline 0.004 -21"><span class='ocrx_word' id='word_1_732' title='bbox 2080 3670 2292 3725; x_wconf 85' lang='lat' dir='ltr'><strong>facere?</strong></span> <span class='ocrx_word' id='word_1_733' title='bbox 2314 3688 2438 3726; x_wconf 90' lang='lat' dir='ltr'><strong>num</strong></span> <span class='ocrx_word' id='word_1_734' title='bbox 2463 3672 2674 3742; x_wconf 88' lang='lat' dir='ltr'><strong>quando</strong></span> <span class='ocrx_word' id='word_1_735' title='bbox 2696 3673 2898 3728; x_wconf 69' lang='lat' dir='ltr'><strong>delicicc</strong></span> <span class='ocrx_word' id='word_1_736' title='bbox 2915 3715 2929 3736; x_wconf 95' lang='lat'><strong>,</strong></span> <span class='ocrx_word' id='word_1_737' title='bbox 2975 3683 3029 3728; x_wconf 91' lang='lat' dir='ltr'><strong>ct</strong></span> <span class='ocrx_word' id='word_1_738' title='bbox 3055 3674 3305 3745; x_wconf 78' lang='lat' dir='ltr'><strong>ebrietas</strong></span> <span class='ocrx_word' id='word_1_739' title='bbox 3325 3717 3340 3741; x_wconf 95' lang='lat'><strong>,</strong></span> <span class='ocrx_word' id='word_1_740' title='bbox 3370 3678 3660 3741; x_wconf 89' lang='lat' dir='ltr'><strong>voracitas,</strong></span> 
     </span>
    </p>
   </div>
   <div class='ocr_carea' id='block_1_97' title="bbox 2079 3765 3664 3839">
    <p class='ocr_par' dir='ltr' id='par_1_97' title="bbox 2079 3765 3664 3839">
     <span class='ocr_line' id='line_1_97' title="bbox 2079 3765 3664 3839; baseline 0.005 -25"><span class='ocrx_word' id='word_1_741' title='bbox 2079 3765 2319 3831; x_wconf 84' lang='lat' dir='ltr'><strong>crapula,</strong></span> <span class='ocrx_word' id='word_1_742' title='bbox 2344 3774 2396 3818; x_wconf 89' lang='lat' dir='ltr'><strong>et</strong></span> <span class='ocrx_word' id='word_1_743' title='bbox 2423 3765 2524 3818; x_wconf 85' lang='lat' dir='ltr'><strong>alia</strong></span> <span class='ocrx_word' id='word_1_744' title='bbox 2567 3781 2684 3835; x_wconf 71' lang='lat' dir='ltr'><strong>qua:</strong></span> <span class='ocrx_word' id='word_1_745' title='bbox 2726 3765 2847 3819; x_wconf 89' lang='lat' dir='ltr'><strong>inde</strong></span> <span class='ocrx_word' id='word_1_746' title='bbox 2878 3779 3166 3820; x_wconf 80' lang='lat' dir='ltr'><strong>nascantur</strong></span> <span class='ocrx_word' id='word_1_747' title='bbox 3208 3769 3342 3821; x_wconf 88' lang='lat' dir='ltr'><strong>mala</strong></span> <span class='ocrx_word' id='word_1_748' title='bbox 3389 3771 3664 3839; x_wconf 77' lang='lat' dir='ltr'><strong>regnant?</strong></span> 
     </span>
    </p>
   </div>
   <div class='ocr_carea' id='block_1_98' title="bbox 2079 3853 3666 3927">
    <p class='ocr_par' dir='ltr' id='par_1_98' title="bbox 2079 3853 3666 3927">
     <span class='ocr_line' id='line_1_98' title="bbox 2079 3853 3666 3927; baseline 0.005 -19"><span class='ocrx_word' id='word_1_749' title='bbox 2079 3853 2194 3908; x_wconf 80' lang='lat' dir='ltr'><strong>Non</strong></span> <span class='ocrx_word' id='word_1_750' title='bbox 2232 3855 2440 3917; x_wconf 87' lang='lat' dir='ltr'><strong>videtis,</strong></span> <span class='ocrx_word' id='word_1_751' title='bbox 2488 3872 2581 3911; x_wconf 91' lang='lat' dir='ltr'><strong>eos</strong></span> <span class='ocrx_word' id='word_1_752' title='bbox 2623 3857 2710 3926; x_wconf 90' lang='lat' dir='ltr'><strong>qui</strong></span> <span class='ocrx_word' id='word_1_753' title='bbox 2755 3858 2850 3910; x_wconf 91' lang='lat' dir='ltr'><strong>hos</strong></span> <span class='ocrx_word' id='word_1_754' title='bbox 2877 3859 3138 3926; x_wconf 90' lang='lat' dir='ltr'><strong>pretiosos</strong></span> <span class='ocrx_word' id='word_1_755' title='bbox 3178 3859 3381 3927; x_wconf 86' lang='lat' dir='ltr'><strong>lapides</strong></span> <span class='ocrx_word' id='word_1_756' title='bbox 3419 3876 3482 3913; x_wconf 83' lang='lat' dir='ltr'><strong>ex</strong></span> <span class='ocrx_word' id='word_1_757' title='bbox 3527 3863 3666 3916; x_wconf 86' lang='lat' dir='ltr'><strong>mari</strong></span> 
     </span>
    </p>
   </div>
   <div class='ocr_carea' id='block_1_99' title="bbox 2081 3949 3666 4020">
    <p class='ocr_par' dir='ltr' id='par_1_99' title="bbox 2081 3949 3666 4020">
     <span class='ocr_line' id='line_1_99' title="bbox 2081 3949 3666 4020; baseline 0.003 -17"><span class='ocrx_word' id='word_1_758' title='bbox 2081 3949 2311 4004; x_wconf 89' lang='lat' dir='ltr'><strong>educere</strong></span> <span class='ocrx_word' id='word_1_759' title='bbox 2337 3960 2600 4017; x_wconf 72' lang='lat' dir='ltr'><strong>qureruut,</strong></span> <span class='ocrx_word' id='word_1_760' title='bbox 2637 3967 2740 4004; x_wconf 91' lang='lat' dir='ltr'><strong>non</strong></span> <span class='ocrx_word' id='word_1_761' title='bbox 2764 3950 2952 4006; x_wconf 84' lang='lat' dir='ltr'><strong>sedere</strong></span> <span class='ocrx_word' id='word_1_762' title='bbox 2987 3951 3133 4020; x_wconf 81' lang='lat' dir='ltr'><strong>juxta</strong></span> <span class='ocrx_word' id='word_1_763' title='bbox 3168 3951 3310 4006; x_wconf 85' lang='lat' dir='ltr'><strong>littus</strong></span> <span class='ocrx_word' id='word_1_764' title='bbox 3342 3954 3533 4019; x_wconf 87' lang='lat' dir='ltr'><strong>maris,</strong></span> <span class='ocrx_word' id='word_1_765' title='bbox 3565 3953 3666 4008; x_wconf 87' lang='lat' dir='ltr'><strong>flu-</strong></span> 
     </span>
    </p>
   </div>
   <div class='ocr_carea' id='block_1_100' title="bbox 2081 4042 3667 4112">
    <p class='ocr_par' dir='ltr' id='par_1_100' title="bbox 2081 4042 3667 4112">
     <span class='ocr_line' id='line_1_100' title="bbox 2081 4042 3667 4112; baseline 0.005 -18"><span class='ocrx_word' id='word_1_766' title='bbox 2081 4051 2198 4094; x_wconf 87' lang='lat' dir='ltr'><strong>ctus</strong></span> <span class='ocrx_word' id='word_1_767' title='bbox 2228 4051 2602 4105; x_wconf 87' lang='lat' dir='ltr'><strong>numerantes;</strong></span> <span class='ocrx_word' id='word_1_768' title='bbox 2629 4042 2720 4096; x_wconf 91' lang='lat' dir='ltr'><strong>sed</strong></span> <span class='ocrx_word' id='word_1_769' title='bbox 2743 4043 2793 4096; x_wconf 91' lang='lat' dir='ltr'><strong>in</strong></span> <span class='ocrx_word' id='word_1_770' title='bbox 2816 4043 3136 4112; x_wconf 90' lang='lat' dir='ltr'><strong>profundum</strong></span> <span class='ocrx_word' id='word_1_771' title='bbox 3176 4059 3233 4097; x_wconf 90' lang='lat' dir='ltr'><strong>se</strong></span> <span class='ocrx_word' id='word_1_772' title='bbox 3277 4044 3576 4110; x_wconf 84' lang='lat' dir='ltr'><strong>demittere,</strong></span> <span class='ocrx_word' id='word_1_773' title='bbox 3609 4057 3667 4102; x_wconf 90' lang='lat' dir='ltr'><strong>et</strong></span> 
     </span>
    </p>
   </div>
   <div class='ocr_carea' id='block_1_101' title="bbox 2084 4133 3663 4204">
    <p class='ocr_par' dir='ltr' id='par_1_101' title="bbox 2084 4133 3663 4204">
     <span class='ocr_line' id='line_1_101' title="bbox 2084 4133 3663 4204; baseline 0.004 -19"><span class='ocrx_word' id='word_1_774' title='bbox 2084 4143 2140 4186; x_wconf 89' lang='lat' dir='ltr'><strong>ttt</strong></span> <span class='ocrx_word' id='word_1_775' title='bbox 2159 4134 2227 4187; x_wconf 90' lang='lat' dir='ltr'><strong>ita</strong></span> <span class='ocrx_word' id='word_1_776' title='bbox 2253 4133 2448 4201; x_wconf 84' lang='lat' dir='ltr'><strong>dicam,</strong></span> <span class='ocrx_word' id='word_1_777' title='bbox 2477 4135 2626 4203; x_wconf 86' lang='lat' dir='ltr'><strong>quasi</strong></span> <span class='ocrx_word' id='word_1_778' title='bbox 2649 4137 2698 4189; x_wconf 91' lang='lat' dir='ltr'><strong>in</strong></span> <span class='ocrx_word' id='word_1_779' title='bbox 2721 4137 2861 4204; x_wconf 86' lang='lat' dir='ltr'><strong>ipsos</strong></span> <span class='ocrx_word' id='word_1_780' title='bbox 2879 4137 3026 4189; x_wconf 89' lang='lat' dir='ltr'><strong>sinus</strong></span> <span class='ocrx_word' id='word_1_781' title='bbox 3049 4136 3224 4203; x_wconf 73' lang='lat' dir='ltr'><strong>abyssi</strong></span> <span class='ocrx_word' id='word_1_782' title='bbox 3253 4135 3663 4203; x_wconf 81' lang='lat' dir='ltr'><strong>descendentes,</strong></span> 
     </span>
    </p>
   </div>
   <div class='ocr_carea' id='block_1_102' title="bbox 2082 4226 3665 4300">
    <p class='ocr_par' dir='ltr' id='par_1_102' title="bbox 2082 4226 3665 4300">
     <span class='ocr_line' id='line_1_102' title="bbox 2082 4226 3665 4300; baseline 0.005 -22"><span class='ocrx_word' id='word_1_783' title='bbox 2082 4227 2293 4294; x_wconf 87' lang='lat' dir='ltr'><strong>assequi</strong></span> <span class='ocrx_word' id='word_1_784' title='bbox 2341 4226 2483 4295; x_wconf 86' lang='lat' dir='ltr'><strong>quod</strong></span> <span class='ocrx_word' id='word_1_785' title='bbox 2537 4237 2677 4280; x_wconf 89' lang='lat' dir='ltr'><strong>tanta</strong></span> <span class='ocrx_word' id='word_1_786' title='bbox 2732 4243 2894 4295; x_wconf 77' lang='lat' dir='ltr'><strong>opera</strong></span> <span class='ocrx_word' id='word_1_787' title='bbox 2942 4229 3265 4298; x_wconf 78' lang='lat' dir='ltr'><strong>exquirunt?</strong></span> <span class='ocrx_word' id='word_1_788' title='bbox 3333 4230 3665 4300; x_wconf 87' lang='lat' dir='ltr'><strong>Quamquam</strong></span> 
     </span>
    </p>
   </div>
   <div class='ocr_carea' id='block_1_103' title="bbox 2083 4317 3665 4392">
    <p class='ocr_par' dir='ltr' id='par_1_103' title="bbox 2083 4317 3665 4392">
     <span class='ocr_line' id='line_1_103' title="bbox 2083 4317 3665 4392; baseline 0.006 -24"><span class='ocrx_word' id='word_1_789' title='bbox 2083 4317 2211 4386; x_wconf 89' lang='lat' dir='ltr'><strong>qttid</strong></span> <span class='ocrx_word' id='word_1_790' title='bbox 2237 4333 2441 4386; x_wconf 76' lang='lat' dir='ltr'><strong>magna:</strong></span> <span class='ocrx_word' id='word_1_791' title='bbox 2469 4319 2708 4372; x_wconf 89' lang='lat' dir='ltr'><strong>utilitatis</strong></span> <span class='ocrx_word' id='word_1_792' title='bbox 2736 4321 2854 4372; x_wconf 79' lang='lat' dir='ltr'><strong>vita:</strong></span> <span class='ocrx_word' id='word_1_793' title='bbox 2886 4319 3007 4373; x_wconf 88' lang='lat' dir='ltr'><strong>huic</strong></span> <span class='ocrx_word' id='word_1_794' title='bbox 3032 4321 3270 4392; x_wconf 74' lang='lat' dir='ltr'><strong>attulerit</strong></span> <span class='ocrx_word' id='word_1_795' title='bbox 3297 4323 3502 4376; x_wconf 89' lang='lat' dir='ltr'><strong>illorqu</strong></span> <span class='ocrx_word' id='word_1_796' title='bbox 3535 4325 3665 4392; x_wconf 80' lang='lat' dir='ltr'><strong>lapi-</strong></span> 
     </span>
    </p>
   </div>
   <div class='ocr_carea' id='block_1_104' title="bbox 2083 4389 3669 4482">
    <p class='ocr_par' dir='ltr' id='par_1_104' title="bbox 2083 4389 3669 4482">
     <span class='ocr_line' id='line_1_104' title="bbox 2083 4389 3669 4482; baseline 0.004 -20"><span class='ocrx_word' id='word_1_797' title='bbox 2083 4409 2208 4462; x_wconf 86' lang='lat' dir='ltr'><strong>dum</strong></span> <span class='ocrx_word' id='word_1_798' title='bbox 2233 4411 2506 4464; x_wconf 87' lang='lat' dir='ltr'><strong>inventio?</strong></span> <span class='ocrx_word' id='word_1_799' title='bbox 2540 4411 2750 4465; x_wconf 82' lang='lat' dir='ltr'><strong>Utiuam</strong></span> <span class='ocrx_word' id='word_1_800' title='bbox 2797 4426 2925 4466; x_wconf 88' lang='lat' dir='ltr'><strong>vero</strong></span> <span class='ocrx_word' id='word_1_801' title='bbox 2955 4427 3058 4466; x_wconf 91' lang='lat' dir='ltr'><strong>non</strong></span> <span class='ocrx_word' id='word_1_802' title='bbox 3108 4389 3336 4482; x_wconf 48' lang='lat' dir='ltr'><strong>iugentia</strong></span> <span class='ocrx_word' id='word_1_803' title='bbox 3365 4414 3554 4468; x_wconf 88' lang='lat' dir='ltr'><strong>damna</strong></span> <span class='ocrx_word' id='word_1_804' title='bbox 3589 4389 3669 4469; x_wconf 85' lang='lat' dir='ltr'><strong>in-</strong></span> 
     </span>
    </p>
   </div>
   <div class='ocr_carea' id='block_1_105' title="bbox 2087 4499 3669 4568">
    <p class='ocr_par' dir='ltr' id='par_1_105' title="bbox 2087 4499 3669 4568">
     <span class='ocr_line' id='line_1_105' title="bbox 2087 4499 3669 4568; baseline 0.003 -13"><span class='ocrx_word' id='word_1_805' title='bbox 2087 4499 2306 4556; x_wconf 85' lang='lat' dir='ltr'><strong>ferrent.</strong></span> <span class='ocrx_word' id='word_1_806' title='bbox 2339 4501 2472 4556; x_wconf 85' lang='lat' dir='ltr'><strong>llinc</strong></span> <span class='ocrx_word' id='word_1_807' title='bbox 2494 4504 2635 4556; x_wconf 89' lang='lat' dir='ltr'><strong>enim</strong></span> <span class='ocrx_word' id='word_1_808' title='bbox 2667 4505 2944 4558; x_wconf 91' lang='lat' dir='ltr'><strong>innumera</strong></span> <span class='ocrx_word' id='word_1_809' title='bbox 2969 4517 3258 4559; x_wconf 90' lang='lat' dir='ltr'><strong>nascuntur</strong></span> <span class='ocrx_word' id='word_1_810' title='bbox 3289 4507 3448 4568; x_wconf 90' lang='lat' dir='ltr'><strong>mala,</strong></span> <span class='ocrx_word' id='word_1_811' title='bbox 3485 4521 3549 4560; x_wconf 81' lang='lat' dir='ltr'><strong>ex</strong></span> <span class='ocrx_word' id='word_1_812' title='bbox 3582 4506 3669 4560; x_wconf 84' lang='lat' dir='ltr'><strong>in-</strong></span> 
     </span>
    </p>
   </div>
   <div class='ocr_carea' id='block_1_106' title="bbox 2085 4595 3670 4666">
    <p class='ocr_par' dir='ltr' id='par_1_106' title="bbox 2085 4595 3670 4666">
     <span class='ocr_line' id='line_1_106' title="bbox 2085 4595 3670 4666; baseline 0.003 -18"><span class='ocrx_word' id='word_1_813' title='bbox 2085 4608 2218 4648; x_wconf 88' lang='lat' dir='ltr'><strong>sano</strong></span> <span class='ocrx_word' id='word_1_814' title='bbox 2243 4609 2431 4662; x_wconf 82' lang='lat' dir='ltr'><strong>nempe</strong></span> <span class='ocrx_word' id='word_1_815' title='bbox 2454 4595 2690 4664; x_wconf 76' lang='lat' dir='ltr'><strong>pecunia:</strong></span> <span class='ocrx_word' id='word_1_816' title='bbox 2713 4611 2895 4650; x_wconf 91' lang='lat' dir='ltr'><strong>amore</strong></span> <span class='ocrx_word' id='word_1_817' title='bbox 2919 4605 2972 4651; x_wconf 89' lang='lat' dir='ltr'><strong>et</strong></span> <span class='ocrx_word' id='word_1_818' title='bbox 2997 4611 3060 4651; x_wconf 86' lang='lat' dir='ltr'><strong>ex</strong></span> <span class='ocrx_word' id='word_1_819' title='bbox 3087 4596 3234 4651; x_wconf 77' lang='lat' dir='ltr'><strong>rabie</strong></span> <span class='ocrx_word' id='word_1_820' title='bbox 3253 4597 3392 4651; x_wconf 89' lang='lat' dir='ltr'><strong>circa</strong></span> <span class='ocrx_word' id='word_1_821' title='bbox 3406 4613 3670 4666; x_wconf 86' lang='lat' dir='ltr'><strong>gemmas.</strong></span> 
     </span>
    </p>
   </div>
   <div class='ocr_carea' id='block_1_107' title="bbox 2091 4687 3669 4754">
    <p class='ocr_par' dir='ltr' id='par_1_107' title="bbox 2091 4687 3669 4754">
     <span class='ocr_line' id='line_1_107' title="bbox 2091 4687 3669 4754; baseline -0.001 -12"><span class='ocrx_word' id='word_1_822' title='bbox 2091 4691 2334 4742; x_wconf 83' lang='lat' dir='ltr'><strong>Attamen</strong></span> <span class='ocrx_word' id='word_1_823' title='bbox 2367 4687 2490 4742; x_wconf 91' lang='lat' dir='ltr'><strong>licet</strong></span> <span class='ocrx_word' id='word_1_824' title='bbox 2542 4700 2684 4742; x_wconf 82' lang='lat' dir='ltr'><strong>tanta</strong></span> <span class='ocrx_word' id='word_1_825' title='bbox 2725 4689 2846 4742; x_wconf 90' lang='lat' dir='ltr'><strong>inde</strong></span> <span class='ocrx_word' id='word_1_826' title='bbox 2878 4699 3162 4744; x_wconf 81' lang='lat' dir='ltr'><strong>nascantur</strong></span> <span class='ocrx_word' id='word_1_827' title='bbox 3199 4690 3333 4744; x_wconf 89' lang='lat' dir='ltr'><strong>mala</strong></span> <span class='ocrx_word' id='word_1_828' title='bbox 3359 4700 3412 4744; x_wconf 93' lang='lat' dir='ltr'><strong>et</strong></span> <span class='ocrx_word' id='word_1_829' title='bbox 3449 4688 3669 4754; x_wconf 86' lang='lat' dir='ltr'><strong>damna,</strong></span> 
     </span>
    </p>
   </div>
   <div class='ocr_carea' id='block_1_108' title="bbox 2088 4781 3669 4852">
    <p class='ocr_par' dir='ltr' id='par_1_108' title="bbox 2088 4781 3669 4852">
     <span class='ocr_line' id='line_1_108' title="bbox 2088 4781 3669 4852; baseline 0 -17"><span class='ocrx_word' id='word_1_830' title='bbox 2088 4783 2233 4836; x_wconf 87' lang='lat' dir='ltr'><strong>nullo</strong></span> <span class='ocrx_word' id='word_1_831' title='bbox 2259 4781 2418 4836; x_wconf 91' lang='lat' dir='ltr'><strong>modo</strong></span> <span class='ocrx_word' id='word_1_832' title='bbox 2439 4796 2630 4852; x_wconf 82' lang='lat' dir='ltr'><strong>segnes</strong></span> <span class='ocrx_word' id='word_1_833' title='bbox 2645 4790 2768 4835; x_wconf 86' lang='lat' dir='ltr'><strong>sunt</strong></span> <span class='ocrx_word' id='word_1_834' title='bbox 2793 4782 2828 4836; x_wconf 91' lang='lat' dir='ltr'><strong>ii</strong></span> <span class='ocrx_word' id='word_1_835' title='bbox 2849 4782 2935 4852; x_wconf 89' lang='lat' dir='ltr'><strong>qui</strong></span> <span class='ocrx_word' id='word_1_836' title='bbox 2957 4783 3058 4836; x_wconf 93' lang='lat' dir='ltr'><strong>illis</strong></span> <span class='ocrx_word' id='word_1_837' title='bbox 3076 4793 3282 4847; x_wconf 88' lang='lat' dir='ltr'><strong>vacant,</strong></span> <span class='ocrx_word' id='word_1_838' title='bbox 3311 4781 3403 4836; x_wconf 91' lang='lat' dir='ltr'><strong>sed</strong></span> <span class='ocrx_word' id='word_1_839' title='bbox 3431 4782 3669 4851; x_wconf 85' lang='lat' dir='ltr'><strong>pericula</strong></span> 
     </span>
    </p>
   </div>
   <div class='ocr_carea' id='block_1_109' title="bbox 2086 4877 3672 4947">
    <p class='ocr_par' dir='ltr' id='par_1_109' title="bbox 2086 4877 3672 4947">
     <span class='ocr_line' id='line_1_109' title="bbox 2086 4877 3672 4947; baseline 0.001 -17"><span class='ocrx_word' id='word_1_840' title='bbox 2086 4877 2285 4931; x_wconf 89' lang='lat' dir='ltr'><strong>adeunt</strong></span> <span class='ocrx_word' id='word_1_841' title='bbox 2335 4877 2676 4947; x_wconf 87' lang='lat' dir='ltr'><strong>laboremque</strong></span> <span class='ocrx_word' id='word_1_842' title='bbox 2711 4877 2934 4930; x_wconf 87' lang='lat' dir='ltr'><strong>multum</strong></span> <span class='ocrx_word' id='word_1_843' title='bbox 2987 4877 3302 4945; x_wconf 86' lang='lat' dir='ltr'><strong>suscipiunt,</strong></span> <span class='ocrx_word' id='word_1_844' title='bbox 3341 4884 3395 4929; x_wconf 89' lang='lat' dir='ltr'><strong>ut</strong></span> <span class='ocrx_word' id='word_1_845' title='bbox 3428 4877 3672 4932; x_wconf 84' lang='lat' dir='ltr'><strong>invenire</strong></span> 
     </span>
    </p>
   </div>
   <div class='ocr_carea' id='block_1_110' title="bbox 2089 4970 3667 5042">
    <p class='ocr_par' dir='ltr' id='par_1_110' title="bbox 2089 4970 3667 5042">
     <span class='ocr_line' id='line_1_110' title="bbox 2089 4970 3667 5042; baseline -0.001 -17"><span class='ocrx_word' id='word_1_846' title='bbox 2089 4971 2294 5042; x_wconf 89' lang='lat' dir='ltr'><strong>possint</strong></span> <span class='ocrx_word' id='word_1_847' title='bbox 2327 4971 2375 5024; x_wconf 88' lang='lat' dir='ltr'><strong>id</strong></span> <span class='ocrx_word' id='word_1_848' title='bbox 2398 4971 2537 5040; x_wconf 91' lang='lat' dir='ltr'><strong>quod</strong></span> <span class='ocrx_word' id='word_1_849' title='bbox 2563 4981 2825 5039; x_wconf 72' lang='lat' dir='ltr'><strong>qumrunt.</strong></span> <span class='ocrx_word' id='word_1_850' title='bbox 2854 4971 2909 5024; x_wconf 85' lang='lat' dir='ltr'><strong>fu</strong></span> <span class='ocrx_word' id='word_1_851' title='bbox 2939 4970 3128 5023; x_wconf 84' lang='lat' dir='ltr'><strong>divinis</strong></span> <span class='ocrx_word' id='word_1_852' title='bbox 3153 4979 3328 5023; x_wconf 88' lang='lat' dir='ltr'><strong>autem</strong></span> <span class='ocrx_word' id='word_1_853' title='bbox 3351 4970 3667 5038; x_wconf 81' lang='lat' dir='ltr'><strong>Scripturis,</strong></span> 
     </span>
    </p>
   </div>
   <div class='ocr_carea' id='block_1_111' title="bbox 2087 5061 3672 5133">
    <p class='ocr_par' dir='ltr' id='par_1_111' title="bbox 2087 5061 3672 5133">
     <span class='ocr_line' id='line_1_111' title="bbox 2087 5061 3672 5133; baseline -0.001 -17"><span class='ocrx_word' id='word_1_854' title='bbox 2087 5074 2141 5116; x_wconf 81' lang='lat' dir='ltr'><strong>et</strong></span> <span class='ocrx_word' id='word_1_855' title='bbox 2169 5065 2217 5116; x_wconf 93' lang='lat' dir='ltr'><strong>in</strong></span> <span class='ocrx_word' id='word_1_856' title='bbox 2247 5063 2615 5133; x_wconf 68' lang='lat' dir='ltr'><strong>spit&#39;itualibus</strong></span> <span class='ocrx_word' id='word_1_857' title='bbox 2657 5074 2710 5117; x_wconf 93' lang='lat' dir='ltr'><strong>ct</strong></span> <span class='ocrx_word' id='word_1_858' title='bbox 2744 5063 2989 5130; x_wconf 84' lang='lat' dir='ltr'><strong>pretiosis</strong></span> <span class='ocrx_word' id='word_1_859' title='bbox 3037 5063 3137 5116; x_wconf 89' lang='lat' dir='ltr'><strong>illis</strong></span> <span class='ocrx_word' id='word_1_860' title='bbox 3179 5061 3462 5130; x_wconf 88' lang='lat' dir='ltr'><strong>lapidibus,</strong></span> <span class='ocrx_word' id='word_1_861' title='bbox 3496 5077 3672 5130; x_wconf 84' lang='lat' dir='ltr'><strong>neque</strong></span> 
     </span>
    </p>
   </div>
   <div class='ocr_carea' id='block_1_112' title="bbox 2089 5152 3670 5226">
    <p class='ocr_par' dir='ltr' id='par_1_112' title="bbox 2089 5152 3670 5226">
     <span class='ocr_line' id='line_1_112' title="bbox 2089 5152 3670 5226; baseline -0.001 -16"><span class='ocrx_word' id='word_1_862' title='bbox 2089 5157 2382 5226; x_wconf 81' lang='lat' dir='ltr'><strong>perieulum</strong></span> <span class='ocrx_word' id='word_1_863' title='bbox 2414 5157 2670 5226; x_wconf 86' lang='lat' dir='ltr'><strong>suspicari</strong></span> <span class='ocrx_word' id='word_1_864' title='bbox 2702 5156 2846 5218; x_wconf 88' lang='lat' dir='ltr'><strong>licet,</strong></span> <span class='ocrx_word' id='word_1_865' title='bbox 2877 5172 3048 5224; x_wconf 88' lang='lat' dir='ltr'><strong>neque</strong></span> <span class='ocrx_word' id='word_1_866' title='bbox 3066 5155 3261 5210; x_wconf 84' lang='lat' dir='ltr'><strong>multus</strong></span> <span class='ocrx_word' id='word_1_867' title='bbox 3277 5153 3543 5215; x_wconf 80' lang='lat' dir='ltr'><strong>estlabor,</strong></span> <span class='ocrx_word' id='word_1_868' title='bbox 3574 5152 3670 5208; x_wconf 79' lang='lat' dir='ltr'><strong>sed</strong></span> 
     </span>
    </p>
   </div>
   <div class='ocr_carea' id='block_1_113' title="bbox 2089 5247 3672 5315">
    <p class='ocr_par' dir='ltr' id='par_1_113' title="bbox 2089 5247 3672 5315">
     <span class='ocr_line' id='line_1_113' title="bbox 2089 5247 3672 5315; baseline -0.003 -13"><span class='ocrx_word' id='word_1_869' title='bbox 2089 5250 2291 5302; x_wconf 91' lang='lat' dir='ltr'><strong>lucrum</strong></span> <span class='ocrx_word' id='word_1_870' title='bbox 2325 5247 2610 5308; x_wconf 84' lang='lat' dir='ltr'><strong>ineffabile,</strong></span> <span class='ocrx_word' id='word_1_871' title='bbox 2644 5249 2686 5301; x_wconf 92' lang='lat' dir='ltr'><strong>si</strong></span> <span class='ocrx_word' id='word_1_872' title='bbox 2713 5262 2773 5302; x_wconf 83' lang='lat' dir='ltr'><strong>ea</strong></span> <span class='ocrx_word' id='word_1_873' title='bbox 2807 5256 3009 5301; x_wconf 90' lang='lat' dir='ltr'><strong>tantum</strong></span> <span class='ocrx_word' id='word_1_874' title='bbox 3038 5262 3154 5315; x_wconf 79' lang='lat' dir='ltr'><strong>qua:</strong></span> <span class='ocrx_word' id='word_1_875' title='bbox 3185 5255 3366 5300; x_wconf 80' lang='lat' dir='ltr'><strong>ucstra</strong></span> <span class='ocrx_word' id='word_1_876' title='bbox 3397 5255 3519 5299; x_wconf 92' lang='lat' dir='ltr'><strong>sunt</strong></span> <span class='ocrx_word' id='word_1_877' title='bbox 3547 5259 3672 5300; x_wconf 85' lang='lat' dir='ltr'><strong>cunt</strong></span> 
     </span>
    </p>
   </div>
   <div class='ocr_carea' id='block_1_114' title="bbox 2089 5339 2690 5394">
    <p class='ocr_par' dir='ltr' id='par_1_114' title="bbox 2089 5339 2690 5394">
     <span class='ocr_line' id='line_1_114' title="bbox 2089 5339 2690 5394; baseline -0.005 -1"><span class='ocrx_word' id='word_1_878' title='bbox 2089 5339 2360 5394; x_wconf 80' lang='lat' dir='ltr'><strong>alacritate</strong></span> <span class='ocrx_word' id='word_1_879' title='bbox 2388 5339 2690 5393; x_wconf 84' lang='lat' dir='ltr'><strong>aﬂ&#39;erauttts.</strong></span> 
     </span>
    </p>
   </div>
   <div class='ocr_carea' id='block_1_115' title="bbox 2163 5429 3674 5505">
    <p class='ocr_par' dir='ltr' id='par_1_115' title="bbox 2163 5429 3674 5505">
     <span class='ocr_line' id='line_1_115' title="bbox 2163 5429 3674 5505; baseline -0.005 -17"><span class='ocrx_word' id='word_1_880' title='bbox 2163 5433 2340 5488; x_wconf 78' lang='lat' dir='ltr'><strong>Gratia</strong></span> <span class='ocrx_word' id='word_1_881' title='bbox 2364 5434 2540 5505; x_wconf 65' lang='lat' dir='ltr'><strong>quierit</strong></span> <span class='ocrx_word' id='word_1_882' title='bbox 2565 5449 2647 5487; x_wconf 82' lang='lat' dir='ltr'><strong>eos</strong></span> <span class='ocrx_word' id='word_1_883' title='bbox 2673 5431 2758 5501; x_wconf 86' lang='lat' dir='ltr'><strong>qui</strong></span> <span class='ocrx_word' id='word_1_884' title='bbox 2784 5448 2838 5486; x_wconf 77' lang='lat' dir='ltr'><strong>se</strong></span> <span class='ocrx_word' id='word_1_885' title='bbox 2857 5431 3131 5499; x_wconf 76' lang='lat' dir='ltr'><strong>suscipiant</strong></span> <span class='ocrx_word' id='word_1_886' title='bbox 3155 5445 3173 5494; x_wconf 79' lang='lat'><strong>,°</strong></span> <span class='ocrx_word' id='word_1_887' title='bbox 3195 5430 3352 5483; x_wconf 72' lang='lat' dir='ltr'><strong>brevis</strong></span> <span class='ocrx_word' id='word_1_888' title='bbox 3395 5429 3674 5484; x_wconf 70' lang='lat' dir='ltr'><strong>exhortatio</strong></span> 
     </span>
    </p>
   </div>
   <div class='ocr_carea' id='block_1_116' title="bbox 2090 5521 3674 5599">
    <p class='ocr_par' dir='ltr' id='par_1_116' title="bbox 2090 5521 3674 5599">
     <span class='ocr_line' id='line_1_116' title="bbox 2090 5521 3674 5599; baseline -0.008 -15"><span class='ocrx_word' id='word_1_889' title='bbox 2090 5539 2136 5584; x_wconf 85' lang='lat' dir='ltr'><strong>et</strong></span> <span class='ocrx_word' id='word_1_890' title='bbox 2163 5527 2494 5599; x_wconf 82' lang='lat' dir='ltr'><strong>quorumdam</strong></span> <span class='ocrx_word' id='word_1_891' title='bbox 2534 5543 2597 5581; x_wconf 82' lang='lat' dir='ltr'><strong>ea:</strong></span> <span class='ocrx_word' id='word_1_892' title='bbox 2635 5526 2781 5580; x_wconf 74' lang='lat' dir='ltr'><strong>dictis</strong></span> <span class='ocrx_word' id='word_1_893' title='bbox 2815 5521 3398 5596; x_wconf 65' lang='lat' dir='ltr'><strong>maritimum—Gratia</strong></span> <span class='ocrx_word' id='word_1_894' title='bbox 3447 5532 3529 5576; x_wconf 87' lang='lat' dir='ltr'><strong>est</strong></span> <span class='ocrx_word' id='word_1_895' title='bbox 3584 5536 3674 5590; x_wconf 78' lang='lat' dir='ltr'><strong>pa-</strong></span> 
     </span>
    </p>
   </div>
   <div class='ocr_carea' id='block_1_117' title="bbox 2092 5613 3672 5693">
    <p class='ocr_par' dir='ltr' id='par_1_117' title="bbox 2092 5613 3672 5693">
     <span class='ocr_line' id='line_1_117' title="bbox 2092 5613 3672 5693; baseline -0.008 -15"><span class='ocrx_word' id='word_1_896' title='bbox 2092 5631 2227 5688; x_wconf 84' lang='lat' dir='ltr'><strong>rata,</strong></span> <span class='ocrx_word' id='word_1_897' title='bbox 2259 5634 2507 5693; x_wconf 61' lang='lat' dir='ltr'><strong>quarens</strong></span> <span class='ocrx_word' id='word_1_898' title='bbox 2533 5635 2627 5678; x_wconf 88' lang='lat' dir='ltr'><strong>eos</strong></span> <span class='ocrx_word' id='word_1_899' title='bbox 2655 5617 2746 5690; x_wconf 91' lang='lat' dir='ltr'><strong>qui</strong></span> <span class='ocrx_word' id='word_1_900' title='bbox 2780 5633 2839 5674; x_wconf 90' lang='lat' dir='ltr'><strong>se</strong></span> <span class='ocrx_word' id='word_1_901' title='bbox 2879 5633 3002 5674; x_wconf 91' lang='lat' dir='ltr'><strong>cum</strong></span> <span class='ocrx_word' id='word_1_902' title='bbox 3040 5616 3316 5672; x_wconf 85' lang='lat' dir='ltr'><strong>alacritate</strong></span> <span class='ocrx_word' id='word_1_903' title='bbox 3357 5613 3672 5684; x_wconf 82' lang='lat' dir='ltr'><strong>suscipiant.</strong></span> 
     </span>
    </p>
   </div>
  </div>
