3752 6246
280 206 345 259 77
1047 201 1105 259 S.
1143 200 1429 258 JOANNIS
1463 196 1948 257 CIIRYSOSTOMI
1974 194 2290 254 ARCIIIEP.
2316 174 2859 255 CONSTANTINOP.
3645 202 3704 259 78

280 320 449 393 αὑτὴν
468 318 913 390 ὑποδεχομένους.
941 317 1190 381 Τοιοῦτος
1214 317 1321 389 γὰρ
1342 319 1371 371 6
1394 318 1669 385 Δεσπότης
1699 318 1727 370 6
1742 315 1941 386 ἡμέτε-

283 427 374 480 ρος
394 425 406 438 ·
436 408 656 462 ἐπειδὰν
677 408 760 479 ίδῃ
782 407 958 477 ψυχὴν
983 406 1411 476 διεγηγερμένην
1434 406 1527 458 καί
1549 406 1712 458 πόθον
1733 404 1943 467 ζέοντα,

279 496 371 548 τὸν
407 498 605 551 οἰκεῖον
638 495 865 548 πλοῦτον
899 493 1039 565 μετὰ
1086 491 1362 562 δαψιλείας
1400 493 1629 564 χορηγεῖ
1683 489 1947 564 ὑπερϐαία

279 600 438 636 νοντα
471 583 569 654 τὴν
597 583 812 653 αἴτησιν
842 583 908 651 τῇ
938 578 1113 652 οἰκείᾳ
1138 578 1443 649 φιλοτιμίᾳ.

353 668 610 740 β’.Ταῦτα
625 668 805 721 τοίνυν
821 667 1039 732 εἰδότες,
1057 666 1354 737 ἀγαπητοὶ,
1370 663 1774 736 ἐκκαθάραντες
1790 662 1944 732 ὑμῶν

280 754 370 807 τὸν
397 754 651 823 λογισμὸν
676 753 783 806 ἀπὸ
807 752 916 806 τῶν
946 751 1213 823 βιωτικῶν
1243 752 1604 822 πραγμάτων,
1658 752 1753 805 καὶ
1781 749 1945 821 εὑρύ-

278 858 465 903 ναντες
494 839 645 911 ὑμῶν
680 839 743 893 τὸ
788 839 987 904 πλάτος
1032 838 1129 909 τῆς
1158 837 1416 904 διανοίας,
1451 836 1588 907 μετά
1616 835 1817 907 πολλῆς
1846 836 1946 906 τῆς

280 927 589 1000 προθυμίας
608 926 830 998 δέχεσθε
850 926 919 980 τὰ
935 927 1084 997 παρά
1104 924 1197 978 τοῦ
1217 925 1530 996 Πνεύματος
1543 923 1944 996 χορηγούμενα,

280 1017 366 1069 ἵνα
396 1015 648 1086 καθάπερ
677 1015 748 1086 γῆ
780 1013 986 1085 λιπαρά
1010 1013 1104 1066 καὶ
1129 1012 1349 1082 γόνιμος
1382 1011 1857 1080 πολυπλασιάσητε
1874 1010 1946 1064 τά

278 1103 743 1174 καταϐαλλόμενα,
778 1102 869 1156 καὶ
893 1102 1159 1171 ποιήσητε
1178 1102 1206 1153 6
1237 1100 1335 1170 μὲν
1354 1098 1567 1163 ἑκατὸν,
1598 1099 1627 1150 6
1649 1098 1705 1151 δέ
1726 1098 1947 1169 ἐξήκον-

278 1209 366 1255 τα,
408 1193 437 1244 6
470 1192 525 1245 δὲ
578 1189 885 1261 τριάκοντα.
962 1186 1259 1241 Ἠκούσατε
1303 1188 1361 1239 ἐν
1394 1188 1514 1250 ταῖς
1547 1184 1946 1257 προλαϐούσαις

278 1278 513 1346 ἡμέραις
544 1277 641 1346 τὴν
668 1276 872 1344 ἄφατον
904 1274 1093 1343 σοφίαν
1122 1272 1214 1327 τοῦ
1265 1273 1332 1326 τά
1364 1271 1616 1342 ὁρώμενα
1658 1271 1832 1325 πάντα
1858 1288 1947 1324 τε-

280 1362 643 1433 κτηναμένου,
698 1361 792 1415 καὶ
836 1361 984 1423 ὅπως
1015 1360 1219 1431 ῥήματι
1271 1358 1429 1429 μόνον
1459 1358 1552 1410 καί
1591 1357 1946 1429 θελήματιτά

283 1450 458 1502 πάντα
488 1451 825 1520 παρήγαγεν.
856 1442 993 1499 Εἷπε
1015 1446 1144 1516 γὰρ,
1178 1444 1516 1513 Γενηθήτω,
1560 1444 1654 1497 καὶ
1708 1444 1944 1512 ἐγένετο,

280 1536 372 1588 καὶ
401 1534 600 1596 εὐθέως
627 1531 880 1604 παρήχθη
917 1531 1131 1585 ἅπαντα
1163 1531 1231 1585 τὰ
1259 1532 1513 1599 στοιχεῖα,
1541 1530 1635 1583 καί⁵
1662 1529 1861 1601 ἤρκεσε
1884 1530 1947 1583 τὸ

198 1607 207 1614 ’
282 1621 431 1691 ῥῆμα
464 1622 598 1692 πρὸς
624 1621 721 1692 τὴν
776 1618 885 1673 τῶν
922 1619 1227 1688 γενομένων
1282 1617 1560 1682 σύστασιν,
1610 1616 1709 1669 οὑκ
1759 1616 1945 1687 ἐπειδὴ

283 1710 435 1780 ῥῆμα
465 1706 531 1780 ἦν
556 1711 768 1774 ἁπλῶς,
800 1708 913 1763 ἀλλ’
938 1707 1124 1778 ἐπειδὴ
1160 1707 1309 1777 ῥῆμα
1334 1706 1491 1760 Θεοῦ.
1524 1706 1818 1777 Μέμνησθε
1838 1705 1947 1759 τῶν

281 1798 403 1850 τότε
426 1798 751 1867 κινηθέντων
781 1798 911 1868 ήμτν
941 1795 1077 1866 πρὸς
1118 1794 1242 1857 τοὺς
1296 1792 1358 1857 ἐξ
1400 1792 1767 1863 ὑποκειμένης
1814 1791 1948 1860 ὑλης

281 1884 536 1953 λέγοντας
559 1884 625 1937 τά
674 1885 801 1939 ὄντα
826 1882 1172 1953 γεγενῆσθαι,
1204 1882 1297 1934 καὶ
1322 1879 1419 1949 τὴν
1452 1880 1655 1933 οἰκείαν
1679 1879 1947 1951 ληρωδίαν

278 1973 706 2045 ἑπεισφέροντας
729 1976 838 2036 τοῖς
862 1973 958 2043 τῆς
1001 1970 1325 2039 Ἐκκλησίας
1361 1968 1642 2038 δόγμασιν.
1684 1966 1948 2037 Ἐμάθετε

282 2061 426 2125 τίνος
449 2063 633 2114 ἕνεκεν
674 2060 768 2112 τὸν
811 2060 907 2129 μὲν
933 2057 1159 2129 οὐρανὸν
1201 2055 1607 2127 ἀπηρτισμένον
1636 2056 1944 2124 παρήγαγε,

284 2148 383 2218 τὴν
420 2149 475 2201 δὲ
495 2149 597 2218 γῆν
636 2146 961 2217 ἀμόρφωτον
988 2145 1084 2198 καὶ
1114 2143 1507 2198 ἀδιατύπωτον.
1543 2142 1652 2195 Καὶ
1700 2142 1811 2213 γὰρ
1854 2141 1948 2194 δύο

286 2235 466 2299 αἰτίας
496 2235 615 2288 τότε
662 2234 981 2303 εἰρήκαμεν,
1042 2231 1170 2301 μίαν
1203 2228 1322 2301 μὲν,
1358 2230 1448 2283 ἵνα
1497 2231 1554 2283 ἐν
1598 2229 1676 2301 τῷ
1723 2228 1950 2299 βελτίονι

283 2318 537 2389 ’στοιχείῳ
566 2316 975 2386 καταμαθόντες
1002 2314 1101 2384 τήν
1129 2312 1355 2382 δύναμιν
1390 2311 1484 2365 τοῦ
1518 2312 1807 2375 Δεσπότου,
1847 2330 1953 2382 μη-

286 2405 405 2459 κέτι
438 2403 864 2475 ἀμφιϐάλλωμεν
894 2400 1203 2472 νομίζοντες
1246 2400 1312 2453 δι’
1359 2399 1642 2453 ἀσθένειαν
1672 2400 1951 2470 δυνάμεως

288 2493 445 2546 τοῦτο
476 2491 762 2561 γενέσθαι·
823 2490 1013 2560 ἑτέραν
1059 2488 1137 2551 δὲ,
1192 2487 1379 2557 ἐπειδὴ
1431 2484 1586 2557 αὑτηὶ
1620 2488 1717 2541 καί.
1770 2488 1955 2558 μήτηρ

290 2580 385 2634 καί
412 2580 609 2652 τροφὸς
625 2579 757 2649 ἡμῖν
782 2577 1096 2649 γεγένηται,
1122 2572 1214 2629 καὶ
1237 2570 1295 2641 ἐξ
1320 2574 1490 2646 αὐτῆς
1506 2576 1598 2629 καὶ
1620 2575 1952 2645 τρεφόμεθα,

290 2670 385 2721 καὶ
418 2669 636 2721 πάντων
658 2665 766 2718 τῶν
800 2662 973 2719 ἀλλων
1016 2662 1358 2733 ἀπολαύομεν
1395 2673 1446 2725 α,
1483 2661 1574 2715 καί
1618 2661 1755 2733 πρὸς
1786 2661 1956 2732 αὑτὴν

292 2758 454 2810 πάλιν
496 2748 755 2824 ἐπάνιμεν
780 2771 792 2784 ο
831 2746 968 2823 αῦτη
997 2746 1106 2822 γάρ
1134 2753 1268 2822 ἡμῖν
1299 2752 1391 2806 καί
1424 2751 1622 2821 πατρὶς
1653 2751 1745 2804 καί
1787 2753 1957 2821 τάφος

292 2845 438 2898 ἐστίν
459 2862 471 2874 ο
492 2836 577 2897 ἶνα
597 2842 725 2910 γοῦν
745 2841 818 2912 μὴ
834 2842 895 2893 τὸ
920 2840 1017 2910 τῆς
1040 2838 1224 2911 χρείας
1252 2840 1544 2907 ἀναγκαῖον
1562 2839 1956 2909 παρασκευάσῃ

300 2930 442 3000 μέγα
456 2950 507 2984 τι
530 2932 623 2984 καὶ
647 2930 773 3000 περί
802 2927 970 2997 αὑτῆς
994 2926 1377 2997 φαντάζεσθαι,
1404 2926 1671 2979 δείκνυσιν
1701 2926 1867 2996 αὑτὴν
1900 2926 1958 2992 ἐξ

294 3020 469 3089 ἀρχῆς
499 3019 819 3089 ἀμόρφωτον
839 3033 852 3047 ·
884 3016 970 3068 ἵνα
1001 3013 1383 3084 παιδευώμεθα
1412 3012 1506 3067 καὶ
1536 3014 1603 3068 δι’
1648 3012 1827 3067 αὑτῶν
1851 3012 1959 3066 τῶν

296 3106 658 3177 πραγμάτων,
712 3102 909 3175 μηκέτι
950 3104 1017 3172 τῇ
1072 3100 1233 3170 φύσει
1261 3101 1360 3169 τῆς
1387 3099 1491 3169 γῆς
1542 3098 1848 3168 λογίζεσθαι
1890 3099 1960 3153 τὰ

297 3192 673 3264 προειρημένα
700 3191 935 3253 ἅπαντα,
973 3188 1108 3241 ἀλλά
1131 3188 1197 3257 τῇ
1225 3185 1451 3255 δυνάμει
1493 3185 1588 3239 τοῦ
1618 3185 1962 3257 παραγαγόν-

297 3297 409 3343 τος.
471 3277 734 3349 Ἑμάθετε
770 3276 935 3330 πάλιν
994 3274 1109 3337 πῶς
1162 3274 1255 3326 τὸν
1292 3271 1569 3344 χωρισμὸν
1618 3272 1726 3325 τῶν
1758 3273 1962 3326 ὑδάτων

298 3366 615 3438 εἰργάσατο,
647 3364 706 3417 τὸ
733 3364 1015 3435 στερέωμα
1039 3361 1195 3415 τοῦτο
1227 3361 1287 3414 τὸ
1310 3360 1590 3431 ὁρώμενον
1616 3359 1963 3430 παραχθῆναι

300 3453 643 3525 προστάξαςο
676 3451 845 3505 εἴδετε
881 3450 950 3503 τά
980 3450 1092 3515 ζῶα
1114 3450 1182 3503 τὰ
1212 3447 1446 3519 ἔμψυχα,
1490 3447 1585 3501 καὶ
1611 3447 1673 3500 ἐκ
1701 3448 1808 3501 τῶν
1838 3446 1965 3501 ὑδά-

301 3560 428 3607 των,
465 3542 558 3594 καί
600 3542 665 3595 ἐκ
712 3539 811 3608 τῆς
864 3538 969 3609 γῆς
1016 3536 1387 3607 ἀναδιδόμενα.
1442 3535 1625 3589 Ταῦτα
1654 3536 1751 3607 οὑχ
1780 3535 1966 3601 ἁπλῶς

303 3629 424 3681 οὑδὲ
464 3628 639 3698 μάτην
685 3626 777 3679 νῦν
807 3624 1187 3694 ἀναγκάζομαι
1215 3622 1685 3693 ἐπαναλαμϐάνειν
1720 3623 1814 3677 καί
1843 3623 1965 3677 δευ-

304 3716 495 3788 τεροῦν
548 3716 635 3769 ἐπὶ
690 3716 787 3785 τῆς
847 3713 1117 3785 ὑμετέρας
1174 3711 1425 3782 ἀγάπης*
1455 3711 1685 3765 ἀλλ’ἵνα
1728 3712 1838 3776 τοῖς
1868 3711 1967 3782 μὲν

306 3806 599 3876 ἀκηκοόσιν
652 3804 904 3867 ὑπόθεσις
952 3802 1200 3873 γένηται,
1233 3801 1325 3855 καὶ
1377 3799 1780 3873 ἀσφαλέστερον
1827 3802 1968 3856 αὑτά

307 3891 676 3946 ἐναποθῶνται
720 3894 786 3962 τῇ
838 3890 1075 3961 διανοίᾳ·
1128 3891 1239 3953 τοίς
1286 3888 1342 3942 δὲ
1393 3888 1514 3942 τότε
1558 3887 1633 3960 μὴ
1668 3905 1971 3960 παραγενο-

312 3980 493 4051 μένοις
537 3978 781 4050 ἀρκοῦσα
818 3978 1041 4050 γένηται
1096 3978 1131 4048 ἡ
1176 3976 1526 4041 διδασκαλία,
1579 3977 1675 4031 καὶ
1704 3978 1971 4050 μηδεμίαν

311 4068 376 4119 ἐκ
421 4067 514 4119 τοῦ
563 4066 636 4136 μὴ
677 4067 929 4135 παρεῖναι
982 4064 1011 4105 δ
1064 4064 1265 4137 ζημίαν
1292 4064 1656 4134 ὑπομένωσιν.
1702 4066 1856 4121 Ἐπεὶ
1877 4067 1971 4121 καὶ

312 4155 497 4226 πατὴρ
554 4154 903 4225 φιλόστοργος
951 4154 1063 4216 τοῖς
1108 4147 1481 4222 ἀπολειφθεῖσι
1514 4153 1670 4207 παισί
1712 4153 1807 4223 τῆς
1834 4171 1971 4226 τρα-

313 4240 488 4310 πέζης
540 4240 609 4294 τὰ
638 4239 894 4309 ’λείψανα
958 4237 1347 4309 διαφυλάττει,
1408 4231 1495 4293 ίνα
1544 4240 1973 4311 παραγενόμενοι

314 4326 665 4398 παραμυθίαν
714 4327 811 4396 τῆς
864 4326 1129 4390 ἀπουσίας
1184 4325 1384 4399 εὑρωσι
1431 4326 1532 4397 τήν
1570 4326 1772 4381 τούτων
1811 4327 1975 4397 φυλα-

315 4415 437 4484 κήν.
492 4413 587 4467 Διά
613 4413 677 4483 δὴ
725 4412 881 4466 τοῦτο
914 4413 1008 4467 καί
1057 4414 1218 4484 ἡμεῖς
1250 4413 1467 4468 πάντων
1512 4413 1745 4468 ἐνταῦθα
1777 4416 1978 4470 συνιόν-

315 4514 422 4556 των
447 4500 521 4563 ὼς
558 4498 768 4554 οἰκείων
816 4500 992 4571 μελῶν
1035 4499 1319 4572 κηδόμενοι
1342 4542 1359 4567 ,
1408 4499 1502 4554 καὶ
1550 4499 1649 4573 τὴν
1706 4501 1973 4574 ὑμετέραν

317 4587 600 4658 προκοπὴν
656 4588 860 4640 οἰκείαν
908 4587 1253 4660 εὑδοκίμησιν
1302 4587 1621 4656 τιθέμενοι,
1671 4587 1973 4659 ἐπιθυμοῦ-

321 4691 419 4745 μεν
444 4674 559 4745 [67]
595 4675 835 4737 ἅπαντας
885 4674 1120 4738 τελείους
1157 4675 1251 4728 καὶ
1282 4673 1718 4745 ἀπηρτισμένους
1759 4675 1974 4729 ἀποδει-

317 4764 513 4833 χθῆναι
539 4764 617 4826 εἰς
643 4762 797 4826 δόξαν
828 4761 985 4825 Θεοῦ,
1010 4765 1104 4815 καί⁵
1124 4763 1203 4826 εἰς
1230 4762 1576 4832 εὐδοκίμησιν
1608 4762 1707 4833 τῆς
1746 4762 1975 4832 Ἐκκλη-

319 4852 481 4917 σίας,
520 4852 615 4904 καὶ
669 4852 749 4914 εἰς
808 4848 1067 4919 καύχημα
1120 4848 1404 4919 ἡμέτερον.
1459 4850 1568 4902 Kal
1611 4850 1660 4901 εἰ
1715 4848 1790 4921 μὴ
1838 4849 1977 4903 δοκῶ

320 4938 698 5009 παρενοχλεῖν,
740 4938 871 5008 φέρε
922 4937 989 4989 δι’
1021 4936 1214 5005 ὀλίγων
1242 4934 1469 4989 καὶτῶν
1502 4935 1627 5006 χθὲς
1666 4936 1798 5007 ἡμῖν
1829 4938 1979 5008 εἰρη-

326 5025 498 5095 μένων
532 5025 932 5096 ὑπομνήσωμεν
961 5023 1114 5094 ὑμῶν
1136 5022 1234 5093 τήν
1268 5020 1509 5092 ἀγάπην.
1537 5021 1721 5076 Είδετε
1742 5023 1841 5094 τὴν
1865 5024 1978 5077 δια-

323 5110 493 5179 φορὰν
528 5109 629 5181 τῆς
664 5109 1024 5181 δημιουργίας
1071 5107 1180 5162 τῶν
1233 5108 1569 5179 κτισμάτων,
1600 5108 1695 5163 καὶ
1741 5110 1840 5181 τῆς
1882 5108 1978 5161 τοῦ

323 5195 607 5265 ἀνθρώπου
626 5198 985 5263 διαπλάσεως·
1024 5196 1295 5268 ἠκούσατε
1323 5197 1455 5267 ὅσης
1476 5197 1640 5267 τιμῆς
1662 5197 1859 5267 ἠξίωσε
1888 5197 1979 5252 τὸν

324 5283 564 5353 ἀρχηγὸν
594 5283 686 5337 τοῦ
719 5284 907 5353 γένους
936 5285 1031 5339 τοῦ
1066 5285 1355 5357 ἡμετέρου,
1392 5285 1486 5338 καὶ
1510 5285 1567 5337 ὲν
1596 5284 1733 5356 αὑτῇ
1764 5288 1827 5356 τῇ
1868 5285 1981 5338 δια-

325 5369 520 5423 πλάσει
544 5370 660 5433 πῶς
689 5371 755 5424 δι’
776 5372 1089 5449 αὐτῶντῶν
1113 5374 1371 5443 ῥημάτων
1399 5372 1491 5425 καὶ
1518 5372 1615 5443 τῆς
1643 5372 1750 5425 τῶν
1782 5371 1979 5437 λέξεων

325 5457 633 5529 παχύτητος
667 5458 895 5530 ἐνέφηνε
920 5460 1017 5531 τὴν
1048 5461 1210 5531 τιμὴν
1240 5460 1339 5531 τὴν
1368 5462 1450 5524 εἰς
1483 5460 1574 5513 τὸν
1602 5460 1859 5530 μέλλοντα
1887 5460 1981 5528 δη-

329 5545 723 5614 μιουργεῖσθαι,
756 5544 947 5614 λέγων,
976 5547 1321 5616 Ποιήσωμεν
1342 5548 1651 5617 ἄνθρωπον
1683 5549 1808 5601 κατ’
1838 5549 1982 5601 εικό-

387 5710 411 5735 ⁸
437 5707 615 5756 Cnislin
656 5706 842 5753 πάντων
865 5708 958 5752 τῶν
979 5707 1163 5765 ἀγαθῶν
1185 5706 1498 5755 ἀπολαύομεν.

396 5769 423 5809 δ
455 5770 585 5819 Luus
604 5768 709 5818 cod.
738 5768 791 5815 ἐκ
806 5772 887 5824 τῆς
907 5767 1178 5827 παρουσίας.

2052 332 2127 369 να
2162 315 2475 385 ἡμετέραν,
2510 314 2610 371 καί
2643 315 2772 368 καθ’
2798 314 3107 383 ὁμοίωσιν.
3138 315 3399 386 Ὲμάθετε
3430 318 3494 371 τί
3515 320 3636 372 ἐστι
3663 323 3714 373 τὸ

2045 393 2183 446 Κατ’
2210 395 2434 457 εἰκόνα,
2484 395 2567 447 ὅτι
2614 394 2716 446 οὑκ
2767 394 2955 457 οὑσίας
3004 394 3153 447 ἐστὶν
3200 395 3346 461 ἀξία,
3384 398 3515 451 ἀλλ’
3552 400 3713 471 ἀρχῆς

2044 471 2321 541 ὁμοιότης,
2355 472 2449 525 καί
2483 473 2565 525 ὅτι
2606 472 2669 524 οὑ
2710 472 2851 525 κατά
2884 472 2983 541 τὴν
3024 471 3126 542 τῆς
3162 478 3377 545 μορφῆς
3424 476 3625 530 εἰκόνα
3654 478 3715 530 εἰσ

2048 567 2166 611 πεν,
2196 550 2332 603 ἀλλά
2361 550 2501 605 κατά
2538 551 2630 604 τὸν
2651 551 2749 619 τῆς
2781 552 2957 623 ἀρχῆς
2984 550 3160 618 λόγον’
3191 553 3271 605 διὸ
3306 554 3399 608 καὶ
3441 556 3712 627 ἐπήγαγε·

2045 630 2153 683 Καὶ
2182 629 2529 699 ἀρχέτωσαν
2552 630 2671 683 τῶν
2706 632 2925 698 ἰχθύων
2955 630 3066 699 τῆς
3092 632 3428 701 θαλάσσης,
3467 636 3579 688 καὶ
3612 637 3718 689 τῶν

2045 707 2333 760 πετεινῶν
2371 708 2476 762 τοῦ
2505 706 2787 775 οὐρανοῦ,
2818 708 2917 761 καί
2947 706 3065 762 τῶν
3092 710 3308 779 θηρίων
3336 712 3437 765 καί
3474 713 3602 766 τῶν
3636 715 3717 782 ἑρ-

2046 784 2242 838 πετῶν
2266 784 2376 852 τῆς
2405 785 2537 855 γῆς.

2116 870 2188 931 γ’.
2230 863 2370 916 Ἀλλ’
2396 862 2630 917 ἐνταῦθα
2652 864 2969 933 ἐπιφύονται
2992 864 3124 936 ἡμῖν
3154 865 3410 939 Ἕλληνες
3439 869 3714 937 λέγοντες,

2045 942 2126 995 ὅτι
2156 942 2256 996 οὑκ
2283 942 2488 1012 ἀληθὴς
2507 944 2535 993 6
2558 941 2715 1009 λόγος
2741 942 3074 1013 εὑρίσκεται·
3101 944 3163 997 οὑ
3192 946 3300 1017 γάρ
3328 948 3588 1017 ἄρχομεν
3614 950 3717 1001 τῶν

2047 1020 2270 1092 θηρίων,
2293 1021 2541 1091 καθάπερ
2570 1021 2856 1089 ὑπέσχετο,
2891 1020 3005 1074 ἀλλ’
3033 1023 3172 1075 αὑτά
3197 1024 3352 1093 ήμῶν
3381 1028 3582 1095 ἀρχει.
3607 1027 3720 1079 Μά-

2046 1099 2202 1153 λιστα
2250 1098 2347 1169 μὲν
2386 1094 2477 1152 οὖν
2510 1099 2630 1151 οὑδὲ
2676 1098 2826 1154 τοῦτο
2867 1100 3085 1170 ἀληθές.
3125 1102 3293 1155 Ἔνθα
3323 1102 3436 1174 γάρ
3472 1104 3548 1157 ἂν
3584 1108 3717 1176 φανῇ

2045 1179 2351 1249 ἄνθρωπος,
2385 1178 2586 1239 εὐθέως
2615 1176 2973 1246 φυγαδεύεται
3011 1180 3081 1233 τά
3110 1180 3295 1251 θηρία.
3332 1182 3393 1234 Εἰ
3428 1182 3491 1234 δέ
3531 1185 3715 1252 ποτεῆ

2045 1257 2203 1329 λιμοῦ
2229 1258 2754 1326 καταναγκάζοντος,
2776 1258 2809 1328 ἢ
2833 1258 2987 1328 ἡμῶν
3009 1261 3191 1324 αὑτ.ἰς
3214 1262 3483 1314 ἐπιόντων
3504 1262 3611 1331 τὴν
3632 1266 3717 1315 ἀπ’

2044 1340 2224 1391 αὑτῶν
2257 1339 2461 1410 βλάϐην
2489 1338 2787 1409 δεξώμεθα,
2817 1339 2974 1392 τοῦτο
2996 1340 3180 1393 λοιπὸν
3210 1342 3270 1394 οὑ
3302 1343 3459 1413 παρά
3494 1343 3561 1395 τὸ
3588 1345 3717 1395 ἐκεῖ·

2044 1436 2109 1470 να
2134 1420 2166 1489 ή
2175 1418 2289 1488 μῶν
2314 1421 2500 1488 ἄρχειν
2518 1419 2748 1486 γίνεται,
2777 1417 2911 1471 ἀλλά
2933 1418 3083 1489 παρὰ
3104 1420 3202 1491 τὴν
3219 1423 3382 1491 ήμετέ
3392 1439 3501 1491 ραν
3518 1422 3716 1478 αἰτίαν.

2058 1496 2211 1548 Ἐπεὶ
2236 1496 2330 1550 καὶ
2356 1496 2569 1567 λῃστῶν
2600 1498 2731 1567 ἡμῖν
2765 1497 3046 1560 ἐπιόντων,
3078 1499 3125 1549 εἰ
3158 1499 3234 1569 μὴ
3265 1500 3715 1571 ῥαθυμήσαιμεν,

2044 1575 2160 1628 ἀλλ’
2204 1574 2578 1645 όπλιζοίμεθα,
2629 1575 2691 1627 οὑ
2736 1576 2833 1644 τῆς
2887 1576 3112 1629 ἐκείνων
3150 1579 3323 1647 ἀρχῆς
3369 1580 3436 1631 τὸ
3486 1581 3719 1651 πρᾶγμά

2046 1655 2212 1716 ἐστιν,
2246 1653 2383 1707 άλλά
2418 1654 2517 1721 τῆς
2547 1653 2753 1716 οἰκείας
2790 1654 3115 1725 σωτηρίαςή
3145 1657 3387 1725 πρόνοια.
3436 1659 3713 1711 Ἀκούσιο-

2048 1750 2147 1803 μεν
2165 1732 2220 1785 δὲ
2235 1733 2370 1795 τέως
2397 1733 2504 1785 τῶν
2534 1732 2857 1803 εἰρημένων.
2884 1732 3253 1801 Ποιήσωμεν,
3277 1737 3469 1805 φησὶν,
3499 1738 3720 1806 ἄνθρω-

2047 1829 2165 1864 πον
2184 1813 2308 1864 κατ’
2336 1812 2538 1889 εἰκόνα
2558 1811 2871 1889 ἡμετέραν,
2896 1811 2995 1889 καί
3025 1812 3153 1889 καθ’
3174 1816 3490 1883 ὁμοίωσιν.
3510 1818 3719 1889 Ὠσπερ

2050 1893 2269 1945 Εἰκόνα
2310 1884 2432 1941 εἶπε
2472 1889 2567 1958 τὴν
2606 1888 2705 1957 τῆς
2749 1888 2924 1958 ἀρχῆς
2970 1888 3143 1959 δηλῶν
3182 1894 3384 1958 εἰκόνα,
3434 1893 3587 1946 οὑτω
3633 1884 3722 1946 καὶ

2060 1968 2395 2037 Ὀμοίωσιν,
2446 1968 2584 2021 ῶστε
2635 1968 2775 2020 κατά
2822 1968 3049 2039 δύναμιν
3097 1970 3445 2042 ἀνθρωπίνην
3501 1974 3721 2043 ὁμοίους

2049 2046 2471 2119 ἡμᾶς’ίγίνεσθαι
2512 2058 2534 2086 ο
2582 2046 2719 2115 Θεῷ,
2757 2047 2893 2099 κατά
2920 2047 2982 2099 τὸ
3002 2049 3208 2120 ἥμερον
3240 2050 3380 2116 λέγω
3419 2054 3519 2105 καὶ
3551 2055 3722 2122 πρᾷον

2048 2125 2421 2197 ἐξομοιοῦσθαι
2446 2123 2616 2194 αὑτῷ,
2641 2126 2732 2177 καί
2759 2124 2899 2177 κατά
2930 2126 3020 2178 τὸν
3038 2130 3136 2197 τῆς
3160 2129 3363 2199 ἀρετῆς
3392 2131 3585 2199 λόγον,
3615 2133 3721 2183 ῶσο

2050 2224 2155 2277 περ
2187 2206 2281 2260 καὶ
2314 2208 2341 2259 6
2371 2206 2601 2277 Χριστός
2632 2223 2784 2275 φησι,
2822 2206 3076 2260 Γίνεσθε
3108 2208 3294 2278 ὅμοιοι
3336 2211 3446 2265 τοῦ
3488 2212 3723 2279 Πατρός

2049 2286 2215 2356 ὑμῶν
2237 2285 2341 2339 τοῦ
2364 2284 2434 2337 ἐν
2462 2283 2585 2347 τοῖς
2609 2284 2904 2352 οὐρανοῖς.
2939 2285 3147 2357 Ὥσπερ
3181 2288 3286 2359 γὰρ
3316 2290 3374 2340 ἐν
3396 2292 3462 2359 τῇ
3493 2289 3725 2359 πλατείᾳ

2048 2366 2219 2435 ταύτῃ
2249 2366 2319 2433 γῇ
2349 2363 2442 2415 καὶ
2474 2360 2768 2434 εὐρυχώρῳ
2796 2364 2903 2415 τῶν
2930 2363 3081 2427 ζώων
3108 2366 3175 2419 τά
3210 2369 3308 2438 μέν
3330 2370 3479 2421 ἐστιν

2050 2461 2205 2514 τερα,
2236 2443 2303 2495 τά
2333 2443 2389 2494 δὲ
2415 2441 2841 2514 θηριωδέστερα,
2878 2442 3018 2495 οὑτω
3052 2445 3145 2497 καί
3180 2447 3236 2498 ἐν
3273 2447 3349 2517 τῷ
3393 2450 3595 2502 πλάτει
3632 2454 3726 2521 τῆς

2051 2524 2227 2593 ψυχῆς
2255 2523 2350 2592 τῆς
2383 2523 2654 2592 ἡμετέρας
2685 2522 2795 2575 τῶν
2822 2522 3096 2594 λογισμῶν
3126 2526 3175 2578 οἰ
3213 2527 3311 2596 μέν
3348 2530 3487 2581 εἰσιν
3515 2529 3727 2598 ἀλογώ-

2052 2619 2199 2673 τεροι
2237 2602 2331 2653 καὶ
2363 2599 2671 2669 κτηνώδεις,
2702 2601 2752 2652 οἰ
2791 2600 2848 2653 δὲ
2878 2601 3293 2677 θηριωδέστεροι
3323 2606 3419 2659 καὶ
3451 2607 3727 2677 ἀγριιὲιτε-

2056 2699 2159 2754 ροι.
2201 2683 2292 2733 Δεῖ
2321 2679 2497 2732 τοίνυν
2529 2683 2749 2751 κρατεῖν
2779 2680 2874 2733 καὶ
2906 2682 3296 2751 περιγίνεσθαι,
3328 2686 3424 2737 καὶ
3466 2687 3554 2756 τῷ
3582 2687 3729 2755 λογι-

2057 2762 2179 2832 σμῷ
2218 2762 2318 2830 τὴν
2357 2760 2530 2830 ἀρχὴν
2563 2759 2768 2813 τούτων
2806 2760 3177 2830 παραδιδόναι.
3228 2764 3337 2815 Καὶ
3377 2764 3497 2827 πῶς
3536 2767 3607 2819 ἀν
3647 2783 3730 2830 τις

2055 2840 2413 2913 περιγένοιτο,
2448 2840 2599 2910 φησί,
2636 2839 2898 2911 λογισμοῦ
2932 2840 3254 2911 θηριώδους
3287 2842 3351 2896 Τί
3383 2844 3593 2912 λέγεις,
3632 2847 3729 2899 av.

2057 2921 2271 2992 θρωπε;
2306 2921 2549 2975 Λεόντων
2597 2921 3010 2992 περιγινόμεθα,
3057 2923 3151 2975 καὶ
3186 2924 3283 2987 τὰς
3327 2923 3506 2995 ψυχὰς
3546 2927 3731 2979 αὐτῶν

2056 2998 2389 3071 ἡμεροῦμεν,
2448 2999 2541 3052 καὶ
2591 2998 2949 3068 ἀμφιϐάλλεις
3010 3002 3057 3054 εἰ
3108 3002 3369 3073 λογισμοῦ
3426 3004 3733 3076 θηριωδίαν

2057 3081 2193 3152 πρὸς
2223 3079 2537 3151 ἡμερότητα
2567 3079 2888 3149 μεταϐαλεῖν
2913 3079 3115 3152 δυνήσῃ
3135 3080 3195 3147 d;
3235 3082 3427 3135 Καίτοι
3449 3084 3529 3155 τῷ
3554 3084 3733 3156 θηρίῳ

2062 3160 2161 3231 μὲν
2190 3158 2329 3213 κατά
2363 3158 2524 3227 φύσιν
2568 3158 2827 3229 πρόσεστι
2857 3160 2917 3213 τὸ
2946 3160 3156 3230 ἄγριον,
3202 3162 3352 3233 παρὰ
3382 3163 3551 3232 φύσιν
3585 3166 3647 3218 δὲ
3676 3168 3735 3218 τὸ

2058 3240 2284 3310 ἦμεροψ
2327 3238 2409 3290 σοί
2437 3238 2495 3290 δὲ
2529 3236 2589 3289 τὸ
2618 3238 2879 3301 ἐναντίον,
2926 3240 3066 3293 κατά
3097 3239 3257 3309 φύσιν
3293 3241 3392 3312 μὲν
3430 3242 3491 3296 τὸ
3519 3244 3735 3314 ἥμερον

2060 3318 2209 3389 παρὰ
2237 3316 2397 3383 φύσιν
2416 3317 2474 3369 δὲ
2491 3316 2553 3369 τὸ
2574 3316 2765 3388 ἄγριον
2790 3318 2883 3371 καί
2903 3318 3181 3389 θηριῶδες.
3221 3319 3281 3374 ’0
3301 3320 3478 3375 τοίνυν
3498 3324 3564 3376 τὸ
3589 3326 3735 3377 κατὰ

2062 3397 2221 3467 φύσιν
2251 3394 2519 3461 ἐκϐαλὼν,
2555 3397 2651 3449 καὶ
2678 3395 2740 3450 τὸ
2763 3397 2913 3468 παρά
2934 3398 3096 3466 φύσιν
3122 3398 3296 3463 ἐνθεὶς
3320 3402 3383 3471 τῇ
3416 3400 3511 3454 τοῦ
3539 3401 3735 3473 θηρίου

2060 3478 2229 3547 ψυχῇ,
2262 3475 2321 3528 τὸ
2348 3474 2490 3529 κατά
2516 3474 2676 3543 φύσιν
2705 3476 2867 3539 αὑτὸς
2893 3477 2954 3529 οὑ
2983 3477 3210 3531 δύνασαι
3240 3478 3572 3550 διατηρῆσαι
3596 3500 3612 3547 ;
3642 3486 3736 3535 καὶ

2062 3554 2236 3625 πόσης
2255 3554 2355 3606 οὑκ
2382 3553 2447 3608 ἀν
2469 3555 2553 3624 εἴη
2582 3552 2739 3607 τοῦτο
2764 3555 3155 3622 καταγνώσεως
3178 3572 3192 3621 ;
3226 3557 3333 3609 Kal
3363 3558 3426 3611 τὸ
3447 3558 3515 3630 δὴ
3539 3560 3734 3613 τούτου

2063 3632 2501 3703 θαυμαστότερον
2537 3632 2629 3685 καί
2664 3643 2687 3671 θ
2724 3634 3172 3706 παραδοξότερον,
3218 3635 3311 3688 ἐπὶ
3343 3636 3444 3707 μὲν
3482 3638 3593 3707 τῆς
3629 3640 3734 3691 τῶν

2062 3712 2291 3765 λεόντων
2332 3711 2545 3781 φύσεως
2584 3712 2676 3764 καί
2709 3712 2869 3783 έτέρα
2907 3713 3164 3767 δυσκολία
3203 3714 3341 3785 μετά
3372 3714 3489 3789 [68]
3524 3716 3734 3787 ταύτης

2064 3790 2200 3845 ἐστί’
2231 3790 2504 3859 λογισμῶν
2540 3790 2650 3861 γάρ
2688 3792 2835 3844 ἐστιν
2863 3791 3069 3863 έρημον
3098 3791 3160 3846 τὸ
3186 3793 3391 3864 θηρίον,
3436 3795 3554 3849 ἀλλ’
3581 3798 3734 3865 ὅμως

2065 3870 2280 3943 ὁρῶμεν
2312 3869 2568 3932 πολλάκις
2600 3869 2820 3932 λέοντας
2852 3870 3091 3941 ἡμέρους
3124 3872 3211 3924 διά
3236 3873 3333 3943 τῆς
3362 3874 3571 3945 ἀγορᾶς
3600 3878 3734 3941 ἀγοθ

2070 3950 2282 4021 μένους’
2307 3946 2491 4001 πολλοὶ
2515 3947 2572 4001 δὲ
2599 3946 2693 4002 καὶ
2717 3948 2827 4002 τῶν
2862 3950 2953 4002 ἐπὶ
2975 3950 3081 4003 τῶν
3103 3951 3477 4024 ἐργαστηρίων
3518 3954 3617 4005 καὶ
3649 3956 3732 4023 ἀρ

2068 4030 2255 4101 γύριον
2307 4026 2563 4090 πολλάκις
2609 4026 2905 4080 κατέϐαλον
2946 4027 3023 4097 τῷ
3069 4030 3348 4099 κατέχοντι
3391 4029 3585 4100 μισθόν
3614 4050 3732 4083 τινα

2067 4108 2167 4177 τῆς
2196 4106 2389 4177 τέχνης
2421 4107 2516 4159 καὶ
2547 4105 2645 4176 τῆς
2677 4106 2884 4174 σοφίας,
2920 4106 2984 4159 δι’
3008 4102 3074 4179 ἧς
3104 4106 3164 4160 τὸ
3201 4108 3386 4177 θηρίον
3418 4108 3732 4178 ἡμέρωσεν⁴

2069 4187 2161 4239 ἐπὶ
2194 4185 2251 4238 δὲ
2282 4188 2379 4256 τῆς
2412 4185 2512 4254 σῆς
2538 4184 2716 4255 ψυχῆς
2750 4187 2842 4237 καὶ
2879 4185 3136 4255 λογισμός
3170 4188 3305 4249 ἐστι,
3348 4187 3440 4239 καὶ
3468 4186 3608 4239 Θεοῦ
3647 4187 3732 4254 φύε

2070 4264 2182 4328 ϐος,
2227 4264 2321 4316 καὶ
2360 4262 2527 4333 πολλὴ
2562 4262 2888 4331 πολλαχόθεν
2922 4265 2954 4333 ή
2994 4262 3230 4333 βοήθεια·
3266 4264 3341 4334 μὴ
3377 4264 3560 4316 τοίνυν
3598 4265 3732 4333 σκή‹

2068 4342 2191 4412 ψεις
2249 4342 2376 4411 λέγε
2424 4343 2519 4397 καὶ
2575 4344 2897 4413 προφάσεις.
2945 4343 3179 4396 Δυνατδν
3234 4344 3363 4415 γάρ,
3420 4344 3515 4396 ἐάν
3572 4344 3730 4414 θέλῃς

2068 4424 2274 4493 ἥμερος
2321 4417 2461 4475 εῖναι
2516 4422 2611 4474 καί
2668 4422 2840 4491 πρᾷος
2891 4421 2987 4475 καί
3040 4422 3307 4493 ἐπιεικής.
3354 4422 3729 4491 Ποιήσωμεν,

2072 4503 2257 4572 φησὶν,
2312 4502 2625 4571 ἄνθρωπον
2670 4500 2797 4555 κατ’
2852 4502 3053 4555 εἰκόνα
3100 4502 3413 4572 ἡμετέραν,
3455 4502 3559 4555 καὶ
3603 4504 3729 4555 ms

2072 4584 2374 4637 όιιοίωσιν.

2100 4603 2374 4715 ψὲῗιῖἷλλζ
2403 4660 2497 4714 ἐπὶ
2519 4659 2577 4713 τὸ
2607 4660 2960 4732 προκείμενον
2984 4657 3201 4731 ζήτημα
3220 4659 3378 4714 πάλιν
3400 4646 3727 4729 ἐπανίωμεν

2073 4740 2354 4793 Δείκνυται
2383 4738 2491 4811 γάρ
2519 4741 2583 4793 ἐκ
2611 4740 2720 4792 τῶν
2747 4740 3069 4811 εἰρημένων,
3099 4738 3180 4792 ὄτι
3215 4740 3273 4804 ἐξ
3317 4741 3491 4811 ἀρχῆς
3533 4740 3633 4792 καὶ
3684 4743 3728 4792 ἐι

2076 4818 2375 4890 προοιμίων
2425 4818 2838 4890 ἀπηρτισμένην
2886 4812 2998 4889 εἶχε
3041 4818 3138 4886 τὴν
3187 4817 3359 4889 ἀρχὴν
3388 4821 3416 4872 ὁ
3450 4819 3728 4887 ἄνθρωποι

2074 4899 2171 4968 τὴν
2216 4897 2357 4950 κατά
2391 4897 2500 4949 τῶν
2549 4898 2771 4967 θηρίων.
2814 4896 3188 4965 Ἀρχέτωσαν
3228 4899 3355 4968 γάρ,
3412 4898 3565 4967 φησι,
3621 4895 3728 4949 τῶι

2076 4978 2297 5044 ἰχθύων
2327 4973 2438 5045 τῆς
2469 4977 2807 5042 θαλάσσης.
2831 4976 2927 5028 καί
2954 4974 3072 5029 τῶν
3102 4976 3389 5030 πετεινῶν
3420 4975 3530 5029 τοῦ
3565 4977 3727 5040 oivpa

2074 5056 2207 5117 νοῦ,
2232 5055 2331 5108 καὶ
2361 5054 2477 5108 τῶν
2504 5056 2726 5122 θηρίων
2754 5054 2851 5107 καί
2876 5054 2995 5109 τῶν
3017 5054 3278 5124 ἑρπετῶν
3308 5053 3419 5123 τῆς
3453 5052 3581 5123 γῆς.
3618 5055 3728 5103 Ὀτ

2075 5134 2132 5187 δὲ
2166 5135 2261 5188 νῦν
2294 5135 2312 5173 ί
2351 5134 2661 5205 φοϐούμεθα
2697 5135 2765 5187 τά
2804 5133 2991 5206 θηρία,
3020 5136 3113 5187 καὶ
3148 5134 3484 5203 δεδοίκαμεν,
3516 5134 3605 5185 καὶ

2078 5214 2251 5285 ἀρχῆς
2275 5214 2729 5285 ἐκπεπτώκαμεν,
2754 5214 2873 5266 οὑδὲ
2896 5214 3058 5277 αὑτὸς
3083 5213 3368 5281 ἀντιλέγωο
3396 5214 3509 5267 ἀλλ’
3530 5214 3587 5264 οὑ
3619 5210 3725 5262 τοῦ

2141 5336 2940 5404 ῗᾼιὶἱγίγερθςενειίίγενέςθει·,
3132 5396 3147 5404 -
3317 5397 3347 5404 _.
3423 5395 3437 5404 .
3558 5392 3570 5404 .
3682 5398 3711 5404 -.

2139 5398 2165 5437 τι
2194 5401 2289 5448 Alii
2317 5395 2370 5447 οὐ
2395 5395 2593 5461 δυνῆσῃ,
2634 5395 2711 5461 γει
2745 5396 3028 5461 μήῄδυνήσῃ,
3059 5396 3147 5461 ιςεὰ
3181 5397 3383 5461 n_egalio
3423 5395 3527 5461 hac
3558 5395 3725 5461 inuﬁ’a‘

2080 5463 2294 5534 videlu‘r.
2325 5458 2778 5534 [:aulo-stE‘Cgisl.
2802 5458 3074 5534 ἀγριονκαί
3093 5459 3523 5534 θηριῶδεςαπαράκ.
3624 5459 3726 5517 ἧμι

2107 5540 2159 5571 ον
2181 5524 2261 5569 καὶ
2274 5527 2440 5584 πρᾷον.
2470 5520 2776 5584 .‘IoirAlb'ldem
2809 5531 2980 5584 pugnas
3004 5520 3132 5584 παρά
3152 5520 3289 5584 φύσιν
3313 5520 3363 5566 δὲ
3396 5522 3450 5566 τὸ
3466 5520 3639 5584 ,ἄγριον
3666 5534 3726 5584 μ

2107 5540 2159 5571 ον
2181 5540 2261 5569 και
2274 5540 2440 5584 πρᾳον.
2470 5540 2565 5569 ὲοι.
2596 5540 2776 5569 10108111
2809 5540 2980 5567 υιιιιιεδ
3004 5540 3132 5581 παρα
3152 5540 3289 5576 φυσιν
3313 5540 3363 5566 ΟΕ
3396 5540 3450 5566 το
3474 5540 3639 5580 αγριυν
3672 5540 3721 5565 κε

2081 5540 2321 5645 Σηριιῖὧες,
2343 5588 2522 5644 praeter
2550 5582 2717 5630 Morel.
2749 5579 2831 5640 qui
2879 5580 3025 5627 habet
3066 5581 3121 5626 τὸ
3148 5580 3379 5641 ἀνήμερον
3402 5582 3481 5627 καὶ
3504 5581 3717 5638 Ungui”):

2160 5649 2181 5672 υ
2213 5644 2261 5690 In
2292 5647 2399 5691 εον.
2428 5651 2479 5691 et
2505 5648 2551 5691 in
2572 5644 2739 5691 mulliq
2761 5656 2873 5688 mss.
2901 5640 3017 5691 haec.
3044 5642 3418 5691 θαυμαστότερον
3438 5642 3721 5691 καί,ι1ιδςιηι

2160 5657 2181 5672 υ
2214 5657 2261 5690 In
2292 5657 2399 5692 δαν.
2428 5657 2479 5691 et
2505 5658 2551 5691 ιη
2572 5657 2739 5691 ηιυιιις
2761 5657 2873 5688 mss.
2902 5657 3017 5695 Haec,
3044 5657 3418 5702 θαυμαστότερον
3438 5657 3721 5693 xum-sun

2154 5702 2179 5781 .'
2208 5707 2288 5772 ξίν
2312 5706 2451 5754 mulli
2480 5719 2591 5754 mss.
2623 5709 2685 5754 At
2714 5705 2831 5752 “ea.
2864 5708 2915 5748 et
2946 5702 3222 5752 Coian.t6
3244 5703 3299 5758 δὴ
3326 5701 3424 5749 νῦν.
3450 5703 3544 5750 Alii
3578 5717 3661 5747 οτι
3716 5710 3724 5749 ι

2092 5783 2169 5813 και
2194 5782 2271 5810 νυν
